  <div class='ocr_page' id='page_1' title='image "/cluster/home/n/w/nwhite01/storage/ocr_20150623/1 (St. Clemens; pt. 1)/nyp.33433019854052/586.png"; bbox 0 0 3872 6352; ppageno 0'>
   <div class='ocr_carea' id='block_1_1' title="bbox 122 334 263 391">
    <p class='ocr_par' dir='ltr' id='par_1_1' title="bbox 122 334 263 391">
     <span class='ocr_line' id='line_1_1' title="bbox 122 334 263 391; baseline 0.007 -1"><span class='ocrx_word' id='word_1_1' title='bbox 122 334 263 391; x_wconf 72' lang='grc'><strong>1155</strong></span> 
     </span>
    </p>
   </div>
   <div class='ocr_carea' id='block_1_2' title="bbox 990 333 2528 394">
    <p class='ocr_par' dir='ltr' id='par_1_2' title="bbox 990 333 2528 394">
     <span class='ocr_line' id='line_1_2' title="bbox 990 333 2528 394; baseline -0.003 -1"><span class='ocrx_word' id='word_1_2' title='bbox 990 334 1585 394; x_wconf 81' lang='lat' dir='ltr'><strong>CONSTITUTIONES</strong></span> <span class='ocrx_word' id='word_1_3' title='bbox 1617 333 2092 392; x_wconf 63' lang='lat' dir='ltr'><strong>APOSTOLICE.</strong></span> <span class='ocrx_word' id='word_1_4' title='bbox 2125 364 2195 375; x_wconf 97' lang='lat'><strong>—</strong></span> <span class='ocrx_word' id='word_1_5' title='bbox 2226 334 2354 391; x_wconf 83' lang='lat' dir='ltr'><strong>LIB.</strong></span> <span class='ocrx_word' id='word_1_6' title='bbox 2392 334 2528 391; x_wconf 77' lang='lat' dir='ltr'><strong>Vill.</strong></span> 
     </span>
    </p>
   </div>
   <div class='ocr_carea' id='block_1_3' title="bbox 3226 330 3361 386">
    <p class='ocr_par' dir='ltr' id='par_1_3' title="bbox 3226 330 3361 386">
     <span class='ocr_line' id='line_1_3' title="bbox 3226 330 3361 386; baseline 0.015 -2"><span class='ocrx_word' id='word_1_7' title='bbox 3226 330 3361 386; x_wconf 65' lang='lat'><strong>1154</strong></span> 
     </span>
    </p>
   </div>
   <div class='ocr_carea' id='block_1_4' title="bbox 117 435 1711 523">
    <p class='ocr_par' dir='ltr' id='par_1_4' title="bbox 117 447 1695 523">
     <span class='ocr_line' id='line_1_4' title="bbox 117 447 1695 523; baseline -0.001 -19"><span class='ocrx_word' id='word_1_8' title='bbox 117 448 209 504; x_wconf 71' lang='grc' dir='ltr'><strong>ὲπὶ</strong></span> <span class='ocrx_word' id='word_1_9' title='bbox 235 447 335 519; x_wconf 83' lang='grc' dir='ltr'>τῆς</span> <span class='ocrx_word' id='word_1_10' title='bbox 365 448 617 521; x_wconf 84' lang='grc' dir='ltr'>κιϐδήλου</span> <span class='ocrx_word' id='word_1_11' title='bbox 665 449 776 504; x_wconf 86' lang='grc' dir='ltr'><strong>τῶν</strong></span> <span class='ocrx_word' id='word_1_12' title='bbox 816 449 1104 522; x_wconf 87' lang='grc' dir='ltr'>δαμάλεων</span> <span class='ocrx_word' id='word_1_13' title='bbox 1139 451 1232 504; x_wconf 75' lang='grc' dir='ltr'><strong>ἐπὶ</strong></span> <span class='ocrx_word' id='word_1_14' title='bbox 1277 451 1373 504; x_wconf 90' lang='grc' dir='ltr'><strong>τοῦ</strong></span> <span class='ocrx_word' id='word_1_15' title='bbox 1415 450 1695 523; x_wconf 84' lang='grc' dir='ltr'>Ἰεροϐοάμ</span> 
     </span>
    </p>
   </div>
   <div class='ocr_carea' id='block_1_5' title="bbox 1800 435 3356 523">
    <p class='ocr_par' dir='ltr' id='par_1_5' title="bbox 1800 435 3356 521">
     <span class='ocr_line' id='line_1_5' title="bbox 1800 435 3356 521; baseline -0.002 -17"><span class='ocrx_word' id='word_1_16' title='bbox 1800 451 1955 505; x_wconf 85' lang='lat' dir='ltr'><strong>nobis</strong></span> <span class='ocrx_word' id='word_1_17' title='bbox 1970 435 2130 521; x_wconf 78' lang='lat' dir='ltr'><strong>prece</strong></span> <span class='ocrx_word' id='word_1_18' title='bbox 2147 464 2212 504; x_wconf 89' lang='lat' dir='ltr'><strong>ac</strong></span> <span class='ocrx_word' id='word_1_19' title='bbox 2242 460 2501 505; x_wconf 86' lang='lat' dir='ltr'><strong>manuum</strong></span> <span class='ocrx_word' id='word_1_20' title='bbox 2516 447 2862 519; x_wconf 82' lang='lat' dir='ltr'><strong>impositione</strong></span> <span class='ocrx_word' id='word_1_21' title='bbox 2878 448 3188 505; x_wconf 78' lang='lat' dir='ltr'><strong>nominatos</strong></span> <span class='ocrx_word' id='word_1_22' title='bbox 3212 459 3356 509; x_wconf 75' lang='lat' dir='ltr'><strong>esse,</strong></span> 
     </span>
    </p>
   </div>
   <div class='ocr_carea' id='block_1_6' title="bbox 118 541 1696 614">
    <p class='ocr_par' dir='ltr' id='par_1_6' title="bbox 118 541 1696 614">
     <span class='ocr_line' id='line_1_6' title="bbox 118 541 1696 614; baseline 0.002 -20"><span class='ocrx_word' id='word_1_23' title='bbox 118 541 621 612; x_wconf 72' lang='grc' dir='ltr'>παρακεκομμένης</span> <span class='ocrx_word' id='word_1_24' title='bbox 666 541 998 614; x_wconf 82' lang='grc' dir='ltr'><strong>ἱερωσύνης,</strong></span> <span class='ocrx_word' id='word_1_25' title='bbox 1032 542 1146 597; x_wconf 86' lang='grc' dir='ltr'>ἀλλ’</span> <span class='ocrx_word' id='word_1_26' title='bbox 1172 543 1202 596; x_wconf 92' lang='lat'><strong>6</strong></span> <span class='ocrx_word' id='word_1_27' title='bbox 1226 541 1556 614; x_wconf 86' lang='grc' dir='ltr'>καλούμενος</span> <span class='ocrx_word' id='word_1_28' title='bbox 1591 544 1696 597; x_wconf 81' lang='grc' dir='ltr'><strong>ὑπὸ</strong></span> 
     </span>
    </p>
   </div>
   <div class='ocr_carea' id='block_1_7' title="bbox 115 630 1695 707">
    <p class='ocr_par' dir='ltr' id='par_1_7' title="bbox 115 630 1695 707">
     <span class='ocr_line' id='line_1_7' title="bbox 115 630 1695 707; baseline 0.001 -21"><span class='ocrx_word' id='word_1_29' title='bbox 115 632 211 686; x_wconf 88' lang='grc' dir='ltr'><strong>τοῦ</strong></span> <span class='ocrx_word' id='word_1_30' title='bbox 242 631 402 685; x_wconf 87' lang='grc' dir='ltr'>Θεοῦ.</span> <span class='ocrx_word' id='word_1_31' title='bbox 433 633 496 685; x_wconf 84' lang='lat' dir='ltr'><strong>El</strong></span> <span class='ocrx_word' id='word_1_32' title='bbox 527 633 623 704; x_wconf 82' lang='grc' dir='ltr'>μὲν</span> <span class='ocrx_word' id='word_1_33' title='bbox 649 632 759 706; x_wconf 82' lang='grc' dir='ltr'><strong>γάρ</strong></span> <span class='ocrx_word' id='word_1_34' title='bbox 801 635 875 707; x_wconf 81' lang='grc' dir='ltr'>μὴ</span> <span class='ocrx_word' id='word_1_35' title='bbox 902 635 1103 705; x_wconf 87' lang='grc' dir='ltr'>θεσμός</span> <span class='ocrx_word' id='word_1_36' title='bbox 1124 652 1209 699; x_wconf 88' lang='grc' dir='ltr'><strong>τις</strong></span> <span class='ocrx_word' id='word_1_37' title='bbox 1240 630 1328 706; x_wconf 76' lang='grc' dir='ltr'>ἦν,</span> <span class='ocrx_word' id='word_1_38' title='bbox 1361 634 1456 688; x_wconf 71' lang='grc' dir='ltr'>καὶ</span> <span class='ocrx_word' id='word_1_39' title='bbox 1490 634 1695 699; x_wconf 81' lang='grc' dir='ltr'><strong>τάξεων</strong></span> 
     </span>
    </p>
   </div>
   <div class='ocr_carea' id='block_1_8' title="bbox 115 724 1691 799">
    <p class='ocr_par' dir='ltr' id='par_1_8' title="bbox 115 724 1691 799">
     <span class='ocr_line' id='line_1_8' title="bbox 115 724 1691 799; baseline 0.001 -20"><span class='ocrx_word' id='word_1_40' title='bbox 115 724 367 796; x_wconf 83' lang='grc' dir='ltr'>διαφορὰ,</span> <span class='ocrx_word' id='word_1_41' title='bbox 396 724 553 796; x_wconf 77' lang='grc' dir='ltr'>ἤρκει</span> <span class='ocrx_word' id='word_1_42' title='bbox 576 724 642 779; x_wconf 80' lang='grc' dir='ltr'>ἂν</span> <span class='ocrx_word' id='word_1_43' title='bbox 669 726 738 779; x_wconf 78' lang='grc' dir='ltr'>δι’</span> <span class='ocrx_word' id='word_1_44' title='bbox 760 727 877 790; x_wconf 80' lang='grc' dir='ltr'>ἑνὸς</span> <span class='ocrx_word' id='word_1_45' title='bbox 895 728 1153 799; x_wconf 84' lang='grc' dir='ltr'>ὀνόματος</span> <span class='ocrx_word' id='word_1_46' title='bbox 1178 726 1250 781; x_wconf 83' lang='grc' dir='ltr'>τὰ</span> <span class='ocrx_word' id='word_1_47' title='bbox 1280 728 1375 781; x_wconf 84' lang='grc' dir='ltr'>ὅλα</span> <span class='ocrx_word' id='word_1_48' title='bbox 1404 726 1691 781; x_wconf 79' lang='grc' dir='ltr'><strong>τελεῖσθαι.</strong></span> 
     </span>
    </p>
   </div>
   <div class='ocr_carea' id='block_1_9' title="bbox 129 817 1697 893">
    <p class='ocr_par' dir='ltr' id='par_1_9' title="bbox 129 817 1697 893">
     <span class='ocr_line' id='line_1_9' title="bbox 129 817 1697 893; baseline 0.002 -23"><span class='ocrx_word' id='word_1_49' title='bbox 129 817 266 870; x_wconf 80' lang='grc' dir='ltr'>Ἀλλ’</span> <span class='ocrx_word' id='word_1_50' title='bbox 298 818 404 872; x_wconf 82' lang='grc' dir='ltr'><strong>ὑπὸ</strong></span> <span class='ocrx_word' id='word_1_51' title='bbox 432 818 525 872; x_wconf 89' lang='grc' dir='ltr'><strong>τοῦ</strong></span> <span class='ocrx_word' id='word_1_52' title='bbox 559 818 765 891; x_wconf 79' lang='grc' dir='ltr'>Κυρίου</span> <span class='ocrx_word' id='word_1_53' title='bbox 794 820 1135 893; x_wconf 78' lang='grc' dir='ltr'><strong>διδαχθέντες</strong></span> <span class='ocrx_word' id='word_1_54' title='bbox 1176 819 1492 874; x_wconf 82' lang='grc' dir='ltr'><strong>ἀκολουθίαν</strong></span> <span class='ocrx_word' id='word_1_55' title='bbox 1519 836 1697 892; x_wconf 81' lang='grc' dir='ltr'>πραγ-</span> 
     </span>
    </p>
   </div>
   <div class='ocr_carea' id='block_1_10' title="bbox 118 909 1697 984">
    <p class='ocr_par' dir='ltr' id='par_1_10' title="bbox 118 909 1697 984">
     <span class='ocr_line' id='line_1_10' title="bbox 118 909 1697 984; baseline 0.001 -21"><span class='ocrx_word' id='word_1_56' title='bbox 118 909 327 980; x_wconf 80' lang='grc' dir='ltr'>μάτων,</span> <span class='ocrx_word' id='word_1_57' title='bbox 355 913 469 974; x_wconf 86' lang='grc' dir='ltr'>τοῖς</span> <span class='ocrx_word' id='word_1_58' title='bbox 499 910 595 981; x_wconf 81' lang='grc' dir='ltr'>μὲν</span> <span class='ocrx_word' id='word_1_59' title='bbox 616 911 930 975; x_wconf 71' lang='grc' dir='ltr'><strong>ἐπισκόποις</strong></span> <span class='ocrx_word' id='word_1_60' title='bbox 950 912 1124 984; x_wconf 83' lang='grc' dir='ltr'>τάτῆς</span> <span class='ocrx_word' id='word_1_61' title='bbox 1142 911 1546 984; x_wconf 82' lang='grc' dir='ltr'><strong>ἀρχιερωσύνης</strong></span> <span class='ocrx_word' id='word_1_62' title='bbox 1569 912 1697 965; x_wconf 81' lang='grc' dir='ltr'>ὲνεί-</span> 
     </span>
    </p>
   </div>
   <div class='ocr_carea' id='block_1_11' title="bbox 118 1001 1696 1077">
    <p class='ocr_par' dir='ltr' id='par_1_11' title="bbox 118 1001 1696 1077">
     <span class='ocr_line' id='line_1_11' title="bbox 118 1001 1696 1077; baseline 0.002 -23"><span class='ocrx_word' id='word_1_63' title='bbox 118 1018 298 1072; x_wconf 87' lang='grc' dir='ltr'>μαμεν</span> <span class='ocrx_word' id='word_1_64' title='bbox 330 1001 463 1073; x_wconf 69' lang='grc'>(94),</span> <span class='ocrx_word' id='word_1_65' title='bbox 487 1004 663 1067; x_wconf 82' lang='grc' dir='ltr'>τοῖςδὲ</span> <span class='ocrx_word' id='word_1_66' title='bbox 675 1003 1062 1077; x_wconf 80' lang='grc' dir='ltr'>πρεσϐυτέροις</span> <span class='ocrx_word' id='word_1_67' title='bbox 1073 1003 1246 1075; x_wconf 82' lang='grc' dir='ltr'>τάτῆς</span> <span class='ocrx_word' id='word_1_68' title='bbox 1260 1004 1573 1076; x_wconf 77' lang='grc' dir='ltr'>ἱερωσύνης,</span> <span class='ocrx_word' id='word_1_69' title='bbox 1586 1008 1696 1069; x_wconf 90' lang='grc' dir='ltr'>τοῖς</span> 
     </span>
    </p>
   </div>
   <div class='ocr_carea' id='block_1_12' title="bbox 111 1086 1700 1170">
    <p class='ocr_par' dir='ltr' id='par_1_12' title="bbox 111 1086 1700 1170">
     <span class='ocr_line' id='line_1_12' title="bbox 111 1086 1700 1170; baseline 0.003 -26"><span class='ocrx_word' id='word_1_70' title='bbox 111 1092 449 1157; x_wconf 82' lang='grc' dir='ltr'>δὲδιακὸνοις</span> <span class='ocrx_word' id='word_1_71' title='bbox 462 1093 532 1147; x_wconf 84' lang='grc' dir='ltr'><strong>τὰ</strong></span> <span class='ocrx_word' id='word_1_72' title='bbox 542 1095 640 1166; x_wconf 81' lang='grc' dir='ltr'>τῆς</span> <span class='ocrx_word' id='word_1_73' title='bbox 662 1094 799 1166; x_wconf 78' lang='grc' dir='ltr'>πρὸς</span> <span class='ocrx_word' id='word_1_74' title='bbox 822 1096 1162 1168; x_wconf 75' lang='grc' dir='ltr'><strong>ἀμφοτέρους</strong></span> <span class='ocrx_word' id='word_1_75' title='bbox 1181 1096 1470 1159; x_wconf 80' lang='grc' dir='ltr'><strong>διακονίας·</strong></span> <span class='ocrx_word' id='word_1_76' title='bbox 1484 1086 1548 1150; x_wconf 39' lang='lat' dir='ltr'><strong>ivi</strong></span> <span class='ocrx_word' id='word_1_77' title='bbox 1606 1113 1700 1149; x_wconf 86' lang='grc' dir='ltr'>κα-</span> 
     </span>
    </p>
   </div>
   <div class='ocr_carea' id='block_1_13' title="bbox 116 1181 1698 1259">
    <p class='ocr_par' dir='ltr' id='par_1_13' title="bbox 116 1181 1698 1259">
     <span class='ocr_line' id='line_1_13' title="bbox 116 1181 1698 1259; baseline 0.005 -26"><span class='ocrx_word' id='word_1_78' title='bbox 116 1181 299 1253; x_wconf 80' lang='grc' dir='ltr'>θαρῶς</span> <span class='ocrx_word' id='word_1_79' title='bbox 318 1183 391 1236; x_wconf 84' lang='grc' dir='ltr'>τὰ</span> <span class='ocrx_word' id='word_1_80' title='bbox 404 1185 503 1255; x_wconf 84' lang='grc' dir='ltr'>τῆς</span> <span class='ocrx_word' id='word_1_81' title='bbox 518 1186 816 1257; x_wconf 82' lang='grc' dir='ltr'>θρησκείας</span> <span class='ocrx_word' id='word_1_82' title='bbox 834 1187 1076 1240; x_wconf 81' lang='grc' dir='ltr'>ὲπιτελού</span> <span class='ocrx_word' id='word_1_83' title='bbox 1084 1204 1238 1258; x_wconf 88' lang='grc' dir='ltr'>μενα.</span> <span class='ocrx_word' id='word_1_84' title='bbox 1255 1188 1390 1241; x_wconf 80' lang='grc' dir='ltr'>Οὔτε</span> <span class='ocrx_word' id='word_1_85' title='bbox 1407 1188 1515 1259; x_wconf 83' lang='grc' dir='ltr'>γὰρ</span> <span class='ocrx_word' id='word_1_86' title='bbox 1528 1188 1698 1241; x_wconf 84' lang='grc' dir='ltr'>διακό-</span> 
     </span>
    </p>
   </div>
   <div class='ocr_carea' id='block_1_14' title="bbox 113 1276 1696 1350">
    <p class='ocr_par' dir='ltr' id='par_1_14' title="bbox 113 1276 1696 1350">
     <span class='ocr_line' id='line_1_14' title="bbox 113 1276 1696 1350; baseline 0.003 -23"><span class='ocrx_word' id='word_1_87' title='bbox 113 1291 187 1344; x_wconf 83' lang='grc' dir='ltr'>νῳ</span> <span class='ocrx_word' id='word_1_88' title='bbox 203 1276 537 1347; x_wconf 76' lang='grc' dir='ltr'>προσφέρειν</span> <span class='ocrx_word' id='word_1_89' title='bbox 567 1276 756 1331; x_wconf 78' lang='grc' dir='ltr'>θυσίαν</span> <span class='ocrx_word' id='word_1_90' title='bbox 768 1277 1051 1349; x_wconf 79' lang='grc' dir='ltr'>θεμιτὸν,ἢ</span> <span class='ocrx_word' id='word_1_91' title='bbox 1070 1278 1372 1348; x_wconf 75' lang='grc' dir='ltr'>βαπτίζειν,</span> <span class='ocrx_word' id='word_1_92' title='bbox 1390 1279 1422 1350; x_wconf 86' lang='grc' dir='ltr'>ἢ</span> <span class='ocrx_word' id='word_1_93' title='bbox 1448 1280 1696 1348; x_wconf 85' lang='grc' dir='ltr'>εὐλογίαν</span> 
     </span>
    </p>
   </div>
   <div class='ocr_carea' id='block_1_15' title="bbox 117 1365 1695 1443">
    <p class='ocr_par' dir='ltr' id='par_1_15' title="bbox 117 1365 1695 1443">
     <span class='ocr_line' id='line_1_15' title="bbox 117 1365 1695 1443; baseline 0.005 -26"><span class='ocrx_word' id='word_1_94' title='bbox 117 1365 326 1437; x_wconf 80' lang='grc' dir='ltr'>μικρὰν</span> <span class='ocrx_word' id='word_1_95' title='bbox 356 1366 388 1436; x_wconf 82' lang='grc' dir='ltr'>ἢ</span> <span class='ocrx_word' id='word_1_96' title='bbox 423 1367 664 1440; x_wconf 85' lang='grc' dir='ltr'>μεγάλην</span> <span class='ocrx_word' id='word_1_97' title='bbox 694 1370 987 1437; x_wconf 89' lang='grc' dir='ltr'>ποιεῖσθαι,</span> <span class='ocrx_word' id='word_1_98' title='bbox 1039 1369 1162 1423; x_wconf 74' lang='grc' dir='ltr'>οὔτε</span> <span class='ocrx_word' id='word_1_99' title='bbox 1208 1369 1571 1443; x_wconf 91' lang='grc' dir='ltr'>πρεσϐύτερον</span> <span class='ocrx_word' id='word_1_100' title='bbox 1604 1371 1695 1433; x_wconf 82' lang='grc'><strong>³²’,</strong></span> 
     </span>
    </p>
   </div>
   <div class='ocr_carea' id='block_1_16' title="bbox 114 1459 1698 1535">
    <p class='ocr_par' dir='ltr' id='par_1_16' title="bbox 114 1459 1698 1535">
     <span class='ocr_line' id='line_1_16' title="bbox 114 1459 1698 1535; baseline 0.005 -25"><span class='ocrx_word' id='word_1_101' title='bbox 114 1459 452 1529; x_wconf 76' lang='grc' dir='ltr'>χειροτονίας</span> <span class='ocrx_word' id='word_1_102' title='bbox 489 1460 784 1514; x_wconf 80' lang='grc' dir='ltr'>ἐπιτελεῖν·</span> <span class='ocrx_word' id='word_1_103' title='bbox 818 1462 879 1515; x_wconf 86' lang='grc' dir='ltr'>ού</span> <span class='ocrx_word' id='word_1_104' title='bbox 896 1462 1004 1534; x_wconf 87' lang='grc' dir='ltr'>γὰρ</span> <span class='ocrx_word' id='word_1_105' title='bbox 1026 1463 1189 1528; x_wconf 84' lang='grc' dir='ltr'>ὅσιον,</span> <span class='ocrx_word' id='word_1_106' title='bbox 1222 1463 1698 1535; x_wconf 78' lang='grc' dir='ltr'>ἐνεστράφθαιτὴν</span> 
     </span>
    </p>
   </div>
   <div class='ocr_carea' id='block_1_17' title="bbox 116 1549 1695 1624">
    <p class='ocr_par' dir='ltr' id='par_1_17' title="bbox 116 1549 1695 1624">
     <span class='ocr_line' id='line_1_17' title="bbox 116 1549 1695 1624; baseline 0.003 -22"><span class='ocrx_word' id='word_1_107' title='bbox 116 1549 273 1615; x_wconf 82' lang='grc' dir='ltr'>τάξιν</span> <span class='ocrx_word' id='word_1_108' title='bbox 296 1568 311 1581; x_wconf 92' lang='grc'><strong>·</strong></span> <span class='ocrx_word' id='word_1_109' title='bbox 350 1570 369 1603; x_wconf 81' lang='grc' dir='ltr'><strong>ι</strong></span> <span class='ocrx_word' id='word_1_110' title='bbox 406 1553 479 1605; x_wconf 86' lang='grc' dir='ltr'><strong>Οὐ</strong></span> <span class='ocrx_word' id='word_1_111' title='bbox 510 1552 621 1624; x_wconf 86' lang='grc' dir='ltr'><strong>γάρ</strong></span> <span class='ocrx_word' id='word_1_112' title='bbox 646 1554 795 1607; x_wconf 79' lang='grc' dir='ltr'>ἐστιν</span> <span class='ocrx_word' id='word_1_113' title='bbox 823 1555 851 1608; x_wconf 95' lang='lat'><strong>6</strong></span> <span class='ocrx_word' id='word_1_114' title='bbox 871 1554 1001 1617; x_wconf 85' lang='grc' dir='ltr'>Θεὸς</span> <span class='ocrx_word' id='word_1_115' title='bbox 1015 1555 1451 1619; x_wconf 88' lang='grc' dir='ltr'>ἀκαταστασίας,</span> <span class='ocrx_word' id='word_1_116' title='bbox 1484 1573 1502 1606; x_wconf 73' lang='grc' dir='ltr'><strong>ι</strong></span> <span class='ocrx_word' id='word_1_117' title='bbox 1532 1555 1621 1609; x_wconf 78' lang='grc' dir='ltr'><strong>ἴνα</strong></span> <span class='ocrx_word' id='word_1_118' title='bbox 1646 1556 1695 1608; x_wconf 90' lang='grc' dir='ltr'>οί</span> 
     </span>
    </p>
   </div>
   <div class='ocr_carea' id='block_1_18' title="bbox 117 1640 1697 1719">
    <p class='ocr_par' dir='ltr' id='par_1_18' title="bbox 117 1640 1697 1719">
     <span class='ocr_line' id='line_1_18' title="bbox 117 1640 1697 1719; baseline 0.003 -24"><span class='ocrx_word' id='word_1_119' title='bbox 117 1640 531 1712; x_wconf 78' lang='grc' dir='ltr'>ὑποϐεϐηκότες</span> <span class='ocrx_word' id='word_1_120' title='bbox 575 1643 646 1698; x_wconf 89' lang='grc' dir='ltr'><strong>τά</strong></span> <span class='ocrx_word' id='word_1_121' title='bbox 684 1644 794 1697; x_wconf 85' lang='grc' dir='ltr'><strong>τῶν</strong></span> <span class='ocrx_word' id='word_1_122' title='bbox 834 1646 1156 1717; x_wconf 84' lang='grc' dir='ltr'>κρειττόνων</span> <span class='ocrx_word' id='word_1_123' title='bbox 1193 1647 1529 1719; x_wconf 81' lang='grc' dir='ltr'>τυραννικῶς</span> <span class='ocrx_word' id='word_1_124' title='bbox 1568 1665 1697 1717; x_wconf 86' lang='grc' dir='ltr'>σφε-</span> 
     </span>
    </p>
   </div>
   <div class='ocr_carea' id='block_1_19' title="bbox 114 1734 1697 1811">
    <p class='ocr_par' dir='ltr' id='par_1_19' title="bbox 114 1734 1697 1811">
     <span class='ocr_line' id='line_1_19' title="bbox 114 1734 1697 1811; baseline 0.004 -24"><span class='ocrx_word' id='word_1_125' title='bbox 114 1734 462 1805; x_wconf 79' lang='grc' dir='ltr'>τερίζωνται,</span> <span class='ocrx_word' id='word_1_126' title='bbox 515 1736 833 1808; x_wconf 84' lang='grc' dir='ltr'>νομοθεσίαν</span> <span class='ocrx_word' id='word_1_127' title='bbox 898 1739 1090 1811; x_wconf 85' lang='grc' dir='ltr'>καινὴν</span> <span class='ocrx_word' id='word_1_128' title='bbox 1137 1739 1563 1803; x_wconf 85' lang='grc' dir='ltr'>ἀναπλάττοντες</span> <span class='ocrx_word' id='word_1_129' title='bbox 1605 1741 1697 1793; x_wconf 77' lang='grc' dir='ltr'><strong>ἐπὶ</strong></span> 
     </span>
    </p>
   </div>
   <div class='ocr_carea' id='block_1_20' title="bbox 115 1825 1696 1904">
    <p class='ocr_par' dir='ltr' id='par_1_20' title="bbox 115 1825 1696 1904">
     <span class='ocr_line' id='line_1_20' title="bbox 115 1825 1696 1904; baseline 0.005 -26"><span class='ocrx_word' id='word_1_130' title='bbox 115 1825 274 1897; x_wconf 87' lang='grc' dir='ltr'><strong>κακῷ</strong></span> <span class='ocrx_word' id='word_1_131' title='bbox 305 1826 385 1898; x_wconf 84' lang='grc' dir='ltr'>τῷ</span> <span class='ocrx_word' id='word_1_132' title='bbox 414 1826 644 1891; x_wconf 78' lang='grc' dir='ltr'>ἑαυτῶν,</span> <span class='ocrx_word' id='word_1_133' title='bbox 690 1828 1010 1899; x_wconf 79' lang='grc' dir='ltr'>ἀγνοοῦντες</span> <span class='ocrx_word' id='word_1_134' title='bbox 1049 1831 1129 1884; x_wconf 83' lang='grc' dir='ltr'>ὅτι</span> <span class='ocrx_word' id='word_1_135' title='bbox 1162 1831 1391 1904; x_wconf 79' lang='grc' dir='ltr'>σκληρὸν</span> <span class='ocrx_word' id='word_1_136' title='bbox 1429 1832 1610 1895; x_wconf 81' lang='grc' dir='ltr'>αὐτοῖς</span> <span class='ocrx_word' id='word_1_137' title='bbox 1635 1832 1696 1885; x_wconf 84' lang='grc' dir='ltr'><strong>τὸ</strong></span> 
     </span>
    </p>
   </div>
   <div class='ocr_carea' id='block_1_21' title="bbox 114 1917 1697 1995">
    <p class='ocr_par' dir='ltr' id='par_1_21' title="bbox 114 1917 1697 1995">
     <span class='ocr_line' id='line_1_21' title="bbox 114 1917 1697 1995; baseline 0.006 -27"><span class='ocrx_word' id='word_1_138' title='bbox 114 1917 256 1988; x_wconf 79' lang='grc' dir='ltr'>πρὸς</span> <span class='ocrx_word' id='word_1_139' title='bbox 277 1918 479 1990; x_wconf 79' lang='grc' dir='ltr'>κέντρα</span> <span class='ocrx_word' id='word_1_140' title='bbox 508 1918 800 1985; x_wconf 80' lang='grc' dir='ltr'>λακτίζειν.</span> <span class='ocrx_word' id='word_1_141' title='bbox 831 1920 906 1975; x_wconf 83' lang='grc' dir='ltr'><strong>Οὐ</strong></span> <span class='ocrx_word' id='word_1_142' title='bbox 932 1921 1040 1993; x_wconf 82' lang='grc' dir='ltr'><strong>γάρ</strong></span> <span class='ocrx_word' id='word_1_143' title='bbox 1062 1923 1227 1993; x_wconf 80' lang='grc' dir='ltr'>ἡμᾶς,</span> <span class='ocrx_word' id='word_1_144' title='bbox 1259 1923 1292 1995; x_wconf 84' lang='grc' dir='ltr'><strong>ἥ</strong></span> <span class='ocrx_word' id='word_1_145' title='bbox 1319 1924 1448 1987; x_wconf 80' lang='grc' dir='ltr'>τοὺς</span> <span class='ocrx_word' id='word_1_146' title='bbox 1477 1923 1697 1977; x_wconf 79' lang='grc' dir='ltr'>ἐπισκό-</span> 
     </span>
    </p>
   </div>
   <div class='ocr_carea' id='block_1_22' title="bbox 120 2010 1697 2081">
    <p class='ocr_par' dir='ltr' id='par_1_22' title="bbox 120 2010 1697 2081">
     <span class='ocr_line' id='line_1_22' title="bbox 120 2010 1697 2081; baseline 0.005 -20"><span class='ocrx_word' id='word_1_147' title='bbox 120 2026 263 2074; x_wconf 90' lang='grc' dir='ltr'>πους</span> <span class='ocrx_word' id='word_1_148' title='bbox 289 2010 615 2081; x_wconf 81' lang='grc' dir='ltr'>πολεμοῦσιν</span> <span class='ocrx_word' id='word_1_149' title='bbox 648 2012 699 2065; x_wconf 75' lang='lat' dir='ltr'><strong>oi</strong></span> <span class='ocrx_word' id='word_1_150' title='bbox 730 2012 982 2081; x_wconf 89' lang='grc' dir='ltr'>τοιοῦτοι,</span> <span class='ocrx_word' id='word_1_151' title='bbox 1028 2014 1164 2068; x_wconf 88' lang='grc' dir='ltr'><strong>ἀλλά</strong></span> <span class='ocrx_word' id='word_1_152' title='bbox 1188 2016 1279 2067; x_wconf 80' lang='grc' dir='ltr'>τὸν</span> <span class='ocrx_word' id='word_1_153' title='bbox 1322 2015 1539 2069; x_wconf 87' lang='grc' dir='ltr'>πάντων</span> <span class='ocrx_word' id='word_1_154' title='bbox 1578 2016 1697 2069; x_wconf 75' lang='grc' dir='ltr'>ἐπί-</span> 
     </span>
    </p>
   </div>
   <div class='ocr_carea' id='block_1_23' title="bbox 120 2103 1696 2179">
    <p class='ocr_par' dir='ltr' id='par_1_23' title="bbox 120 2103 1696 2179">
     <span class='ocr_line' id='line_1_23' title="bbox 120 2103 1696 2179; baseline 0.004 -25"><span class='ocrx_word' id='word_1_155' title='bbox 120 2118 331 2156; x_wconf 90' lang='grc' dir='ltr'>σκοπον</span> <span class='ocrx_word' id='word_1_156' title='bbox 362 2104 457 2156; x_wconf 76' lang='grc' dir='ltr'>καὶ</span> <span class='ocrx_word' id='word_1_157' title='bbox 485 2103 579 2157; x_wconf 92' lang='grc' dir='ltr'><strong>τοῦ</strong></span> <span class='ocrx_word' id='word_1_158' title='bbox 602 2104 813 2176; x_wconf 78' lang='grc' dir='ltr'>Πατρδς</span> <span class='ocrx_word' id='word_1_159' title='bbox 840 2106 1099 2178; x_wconf 85' lang='grc' dir='ltr'>ἀρχιερέα</span> <span class='ocrx_word' id='word_1_160' title='bbox 1124 2107 1359 2179; x_wconf 79' lang='grc' dir='ltr'>Χριστὸν</span> <span class='ocrx_word' id='word_1_161' title='bbox 1385 2107 1587 2179; x_wconf 81' lang='grc' dir='ltr'>Ἰησοῦν</span> <span class='ocrx_word' id='word_1_162' title='bbox 1606 2108 1696 2161; x_wconf 83' lang='grc' dir='ltr'>τὸν</span> 
     </span>
    </p>
   </div>
   <div class='ocr_carea' id='block_1_24' title="bbox 114 2194 1697 2272">
    <p class='ocr_par' dir='ltr' id='par_1_24' title="bbox 114 2194 1697 2272">
     <span class='ocr_line' id='line_1_24' title="bbox 114 2194 1697 2272; baseline 0.005 -25"><span class='ocrx_word' id='word_1_163' title='bbox 114 2194 326 2266; x_wconf 78' lang='grc' dir='ltr'>Κύριον</span> <span class='ocrx_word' id='word_1_164' title='bbox 345 2195 519 2266; x_wconf 80' lang='grc' dir='ltr'>ἡμῶν.</span> <span class='ocrx_word' id='word_1_165' title='bbox 564 2196 700 2251; x_wconf 83' lang='grc' dir='ltr'><strong>Ὑπὸ</strong></span> <span class='ocrx_word' id='word_1_166' title='bbox 728 2198 969 2262; x_wconf 81' lang='grc' dir='ltr'><strong>Μωσέως</strong></span> <span class='ocrx_word' id='word_1_167' title='bbox 991 2200 1088 2270; x_wconf 83' lang='grc' dir='ltr'>μὲν</span> <span class='ocrx_word' id='word_1_168' title='bbox 1112 2199 1220 2272; x_wconf 86' lang='grc' dir='ltr'><strong>γὰρ</strong></span> <span class='ocrx_word' id='word_1_169' title='bbox 1240 2200 1334 2254; x_wconf 80' lang='grc' dir='ltr'><strong>τοῦ</strong></span> <span class='ocrx_word' id='word_1_170' title='bbox 1358 2200 1697 2270; x_wconf 83' lang='grc' dir='ltr'>θεοφιλεστά-</span> 
     </span>
    </p>
   </div>
   <div class='ocr_carea' id='block_1_25' title="bbox 116 2287 1694 2363">
    <p class='ocr_par' dir='ltr' id='par_1_25' title="bbox 116 2287 1694 2363">
     <span class='ocr_line' id='line_1_25' title="bbox 116 2287 1694 2363; baseline 0.004 -24"><span class='ocrx_word' id='word_1_171' title='bbox 116 2303 215 2340; x_wconf 87' lang='grc' dir='ltr'>του</span> <span class='ocrx_word' id='word_1_172' title='bbox 246 2288 523 2359; x_wconf 83' lang='grc' dir='ltr'>ἀρχιερεῖς</span> <span class='ocrx_word' id='word_1_173' title='bbox 542 2287 971 2359; x_wconf 81' lang='grc' dir='ltr'>κατεστάθησαν,</span> <span class='ocrx_word' id='word_1_174' title='bbox 996 2291 1090 2343; x_wconf 82' lang='grc' dir='ltr'>καὶ</span> <span class='ocrx_word' id='word_1_175' title='bbox 1126 2291 1314 2363; x_wconf 85' lang='grc' dir='ltr'>ίερείς,</span> <span class='ocrx_word' id='word_1_176' title='bbox 1332 2292 1425 2345; x_wconf 80' lang='grc' dir='ltr'>καὶ</span> <span class='ocrx_word' id='word_1_177' title='bbox 1466 2291 1694 2359; x_wconf 86' lang='grc' dir='ltr'>λευῖται,</span> 
     </span>
    </p>
   </div>
   <div class='ocr_carea' id='block_1_26' title="bbox 117 2379 1699 2455">
    <p class='ocr_par' dir='ltr' id='par_1_26' title="bbox 117 2379 1699 2455">
     <span class='ocr_line' id='line_1_26' title="bbox 117 2379 1699 2455; baseline 0.004 -24"><span class='ocrx_word' id='word_1_178' title='bbox 117 2380 226 2432; x_wconf 76' lang='grc' dir='ltr'><strong>ὑπὸ</strong></span> <span class='ocrx_word' id='word_1_179' title='bbox 255 2379 315 2433; x_wconf 83' lang='grc' dir='ltr'>δὲ</span> <span class='ocrx_word' id='word_1_180' title='bbox 358 2379 451 2432; x_wconf 90' lang='grc' dir='ltr'><strong>τοῦ</strong></span> <span class='ocrx_word' id='word_1_181' title='bbox 489 2380 739 2451; x_wconf 79' lang='grc' dir='ltr'>Σωτῆρος</span> <span class='ocrx_word' id='word_1_182' title='bbox 775 2381 931 2451; x_wconf 81' lang='grc' dir='ltr'>ἡμῶν</span> <span class='ocrx_word' id='word_1_183' title='bbox 960 2383 1138 2453; x_wconf 81' lang='grc' dir='ltr'>ἡμεῖς,</span> <span class='ocrx_word' id='word_1_184' title='bbox 1173 2383 1222 2436; x_wconf 80' lang='lat' dir='ltr'><strong>oi</strong></span> <span class='ocrx_word' id='word_1_185' title='bbox 1258 2382 1541 2455; x_wconf 85' lang='grc' dir='ltr'>δεκατρεῖς</span> <span class='ocrx_word' id='word_1_186' title='bbox 1565 2384 1699 2437; x_wconf 80' lang='grc' dir='ltr'>ἀπό-</span> 
     </span>
    </p>
   </div>
   <div class='ocr_carea' id='block_1_27' title="bbox 118 2471 1692 2543">
    <p class='ocr_par' dir='ltr' id='par_1_27' title="bbox 118 2471 1692 2543">
     <span class='ocr_line' id='line_1_27' title="bbox 118 2471 1692 2543; baseline 0.001 -17"><span class='ocrx_word' id='word_1_187' title='bbox 118 2474 301 2527; x_wconf 89' lang='grc' dir='ltr'>στολοι</span> <span class='ocrx_word' id='word_1_188' title='bbox 354 2471 501 2543; x_wconf 86' lang='grc'>(95)·</span> <span class='ocrx_word' id='word_1_189' title='bbox 534 2473 638 2526; x_wconf 82' lang='grc' dir='ltr'><strong>ὑπὸ</strong></span> <span class='ocrx_word' id='word_1_190' title='bbox 666 2473 721 2526; x_wconf 82' lang='grc' dir='ltr'>δὲ</span> <span class='ocrx_word' id='word_1_191' title='bbox 753 2472 861 2526; x_wconf 85' lang='grc' dir='ltr'><strong>τῶν</strong></span> <span class='ocrx_word' id='word_1_192' title='bbox 900 2472 1209 2529; x_wconf 85' lang='grc' dir='ltr'>ἀποστόλων</span> <span class='ocrx_word' id='word_1_193' title='bbox 1258 2474 1368 2543; x_wconf 75' lang='grc' dir='ltr'><strong>ἐγὼ</strong></span> <span class='ocrx_word' id='word_1_194' title='bbox 1414 2475 1692 2539; x_wconf 88' lang='grc' dir='ltr'>Ἰάκωϐος·</span> 
     </span>
    </p>
   </div>
   <div class='ocr_carea' id='block_1_28' title="bbox 116 2562 1699 2640">
    <p class='ocr_par' dir='ltr' id='par_1_28' title="bbox 116 2562 1699 2640">
     <span class='ocr_line' id='line_1_28' title="bbox 116 2562 1699 2640; baseline 0.003 -23"><span class='ocrx_word' id='word_1_195' title='bbox 116 2566 215 2618; x_wconf 73' lang='grc' dir='ltr'>καὶ</span> <span class='ocrx_word' id='word_1_196' title='bbox 243 2562 356 2632; x_wconf 73' lang='grc' dir='ltr'><strong>ἐγὼ</strong></span> <span class='ocrx_word' id='word_1_197' title='bbox 384 2564 631 2636; x_wconf 82' lang='grc' dir='ltr'>Κλήμης,</span> <span class='ocrx_word' id='word_1_198' title='bbox 663 2566 756 2618; x_wconf 74' lang='grc' dir='ltr'>καὶ</span> <span class='ocrx_word' id='word_1_199' title='bbox 800 2566 897 2619; x_wconf 79' lang='grc' dir='ltr'><strong>σὺν</strong></span> <span class='ocrx_word' id='word_1_200' title='bbox 936 2566 1065 2637; x_wconf 79' lang='grc' dir='ltr'>ἡμῖν</span> <span class='ocrx_word' id='word_1_201' title='bbox 1105 2566 1310 2638; x_wconf 70' lang='grc' dir='ltr'>ἕτεροι·</span> <span class='ocrx_word' id='word_1_202' title='bbox 1352 2568 1437 2621; x_wconf 83' lang='grc' dir='ltr'>ἵνα</span> <span class='ocrx_word' id='word_1_203' title='bbox 1466 2569 1539 2640; x_wconf 84' lang='grc' dir='ltr'>μὴ</span> <span class='ocrx_word' id='word_1_204' title='bbox 1563 2568 1699 2621; x_wconf 88' lang='grc' dir='ltr'>πάν-</span> 
     </span>
    </p>
   </div>
   <div class='ocr_carea' id='block_1_29' title="bbox 113 2655 1698 2732">
    <p class='ocr_par' dir='ltr' id='par_1_29' title="bbox 113 2655 1698 2732">
     <span class='ocr_line' id='line_1_29' title="bbox 113 2655 1698 2732; baseline 0.004 -24"><span class='ocrx_word' id='word_1_205' title='bbox 113 2673 216 2718; x_wconf 85' lang='grc' dir='ltr'><strong>τας</strong></span> <span class='ocrx_word' id='word_1_206' title='bbox 245 2655 409 2708; x_wconf 88' lang='grc' dir='ltr'>πάλιν</span> <span class='ocrx_word' id='word_1_207' title='bbox 444 2655 827 2725; x_wconf 82' lang='grc' dir='ltr'>καταλέγωμεν</span> <span class='ocrx_word' id='word_1_208' title='bbox 845 2673 859 2686; x_wconf 93' lang='grc'><strong>·</strong></span> <span class='ocrx_word' id='word_1_209' title='bbox 889 2660 1039 2728; x_wconf 79' lang='grc' dir='ltr'>κοινῇ</span> <span class='ocrx_word' id='word_1_210' title='bbox 1081 2657 1137 2711; x_wconf 86' lang='grc' dir='ltr'>δὲ</span> <span class='ocrx_word' id='word_1_211' title='bbox 1166 2658 1269 2711; x_wconf 84' lang='grc' dir='ltr'>ὑπὸ</span> <span class='ocrx_word' id='word_1_212' title='bbox 1298 2658 1512 2712; x_wconf 86' lang='grc' dir='ltr'>πάντων</span> <span class='ocrx_word' id='word_1_213' title='bbox 1542 2660 1698 2732; x_wconf 80' lang='grc' dir='ltr'>ἡμῶν</span> 
     </span>
    </p>
   </div>
   <div class='ocr_carea' id='block_1_30' title="bbox 122 2748 1699 2820">
    <p class='ocr_par' dir='ltr' id='par_1_30' title="bbox 122 2748 1699 2820">
     <span class='ocr_line' id='line_1_30' title="bbox 122 2748 1699 2820; baseline 0.004 -20"><span class='ocrx_word' id='word_1_214' title='bbox 122 2748 515 2820; x_wconf 88' lang='grc' dir='ltr'>πρεσϐύτεροι,</span> <span class='ocrx_word' id='word_1_215' title='bbox 559 2749 654 2802; x_wconf 74' lang='grc' dir='ltr'>καὶ</span> <span class='ocrx_word' id='word_1_216' title='bbox 694 2749 963 2817; x_wconf 89' lang='grc' dir='ltr'>διάκονοι,</span> <span class='ocrx_word' id='word_1_217' title='bbox 1026 2750 1121 2804; x_wconf 77' lang='grc' dir='ltr'>καὶ</span> <span class='ocrx_word' id='word_1_218' title='bbox 1172 2752 1551 2818; x_wconf 86' lang='grc' dir='ltr'>ὑποδιάκονοι,</span> <span class='ocrx_word' id='word_1_219' title='bbox 1605 2755 1699 2807; x_wconf 67' lang='grc' dir='ltr'><strong>κα)⁵</strong></span> 
     </span>
    </p>
   </div>
   <div class='ocr_carea' id='block_1_31' title="bbox 118 2840 1696 2916">
    <p class='ocr_par' dir='ltr' id='par_1_31' title="bbox 118 2840 1696 2916">
     <span class='ocr_line' id='line_1_31' title="bbox 118 2840 1696 2916; baseline 0.003 -23"><span class='ocrx_word' id='word_1_220' title='bbox 118 2840 494 2908; x_wconf 84' lang='grc' dir='ltr'>ἀναγνῶσται.</span> <span class='ocrx_word' id='word_1_221' title='bbox 527 2840 751 2911; x_wconf 83' lang='grc' dir='ltr'>Πρῶτος</span> <span class='ocrx_word' id='word_1_222' title='bbox 778 2841 953 2894; x_wconf 84' lang='grc' dir='ltr'>τοίνυν</span> <span class='ocrx_word' id='word_1_223' title='bbox 988 2845 1055 2913; x_wconf 83' lang='grc' dir='ltr'><strong>τῇ</strong></span> <span class='ocrx_word' id='word_1_224' title='bbox 1084 2842 1243 2911; x_wconf 83' lang='grc' dir='ltr'>φύσει</span> <span class='ocrx_word' id='word_1_225' title='bbox 1274 2844 1561 2915; x_wconf 83' lang='grc' dir='ltr'>ἀρχιερεὺς</span> <span class='ocrx_word' id='word_1_226' title='bbox 1587 2843 1696 2916; x_wconf 83' lang='grc'>(96)</span> 
     </span>
    </p>
   </div>
   <div class='ocr_carea' id='block_1_32' title="bbox 113 2931 1696 3006">
    <p class='ocr_par' dir='ltr' id='par_1_32' title="bbox 113 2931 1696 3006">
     <span class='ocr_line' id='line_1_32' title="bbox 113 2931 1696 3006; baseline 0.003 -23"><span class='ocrx_word' id='word_1_227' title='bbox 113 2931 145 2983; x_wconf 88' lang='lat'><strong>6</strong></span> <span class='ocrx_word' id='word_1_228' title='bbox 172 2931 472 3002; x_wconf 78' lang='grc' dir='ltr'>μονογενὴς</span> <span class='ocrx_word' id='word_1_229' title='bbox 492 2931 561 3003; x_wconf 71' lang='grc' dir='ltr'><strong>Χ(</strong></span> <span class='ocrx_word' id='word_1_230' title='bbox 582 2931 746 2997; x_wconf 84' lang='grc' dir='ltr'>ιστδς,</span> <span class='ocrx_word' id='word_1_231' title='bbox 777 2933 876 3003; x_wconf 80' lang='grc' dir='ltr'>οὐχ</span> <span class='ocrx_word' id='word_1_232' title='bbox 900 2932 1079 3003; x_wconf 81' lang='grc' dir='ltr'>ἑαυτῷ</span> <span class='ocrx_word' id='word_1_233' title='bbox 1105 2934 1203 3004; x_wconf 73' lang='grc' dir='ltr'>τὴν</span> <span class='ocrx_word' id='word_1_234' title='bbox 1232 2934 1396 3005; x_wconf 77' lang='grc' dir='ltr'>τιμὴν</span> <span class='ocrx_word' id='word_1_235' title='bbox 1425 2934 1696 3006; x_wconf 88' lang='grc' dir='ltr'>ἀρπάσας,</span> 
     </span>
    </p>
   </div>
   <div class='ocr_carea' id='block_1_33' title="bbox 116 3022 1699 3097">
    <p class='ocr_par' dir='ltr' id='par_1_33' title="bbox 116 3022 1699 3097">
     <span class='ocr_line' id='line_1_33' title="bbox 116 3022 1699 3097; baseline 0.002 -20"><span class='ocrx_word' id='word_1_236' title='bbox 116 3024 259 3077; x_wconf 88' lang='grc' dir='ltr'><strong>ἀλλά</strong></span> <span class='ocrx_word' id='word_1_237' title='bbox 316 3022 469 3094; x_wconf 85' lang='grc' dir='ltr'><strong>παρά</strong></span> <span class='ocrx_word' id='word_1_238' title='bbox 504 3022 599 3077; x_wconf 81' lang='grc' dir='ltr'><strong>τοῦ</strong></span> <span class='ocrx_word' id='word_1_239' title='bbox 633 3022 846 3095; x_wconf 84' lang='grc' dir='ltr'>Πατρδς</span> <span class='ocrx_word' id='word_1_240' title='bbox 894 3023 1278 3087; x_wconf 86' lang='grc' dir='ltr'>κατασταθείς·</span> <span class='ocrx_word' id='word_1_241' title='bbox 1310 3024 1369 3088; x_wconf 76' lang='grc' dir='ltr'>ὃς</span> <span class='ocrx_word' id='word_1_242' title='bbox 1410 3025 1699 3097; x_wconf 86' lang='grc' dir='ltr'>γενόμενος</span> 
     </span>
    </p>
   </div>
   <div class='ocr_carea' id='block_1_34' title="bbox 1794 539 3360 613">
    <p class='ocr_par' dir='ltr' id='par_1_34' title="bbox 1794 539 3360 613">
     <span class='ocr_line' id='line_1_34' title="bbox 1794 539 3360 613; baseline -0.001 -17"><span class='ocrx_word' id='word_1_243' title='bbox 1794 542 1890 613; x_wconf 87' lang='lat' dir='ltr'><strong>qui</strong></span> <span class='ocrx_word' id='word_1_244' title='bbox 1919 541 2223 597; x_wconf 79' lang='lat' dir='ltr'><strong>diﬁ&#39;erentia</strong></span> <span class='ocrx_word' id='word_1_245' title='bbox 2253 543 2534 596; x_wconf 85' lang='lat' dir='ltr'><strong>nominum</strong></span> <span class='ocrx_word' id='word_1_246' title='bbox 2555 539 2914 595; x_wconf 72' lang='lat' dir='ltr'><strong>differentiam</strong></span> <span class='ocrx_word' id='word_1_247' title='bbox 2932 553 3150 608; x_wconf 91' lang='lat' dir='ltr'><strong>quoque</strong></span> <span class='ocrx_word' id='word_1_248' title='bbox 3177 549 3360 595; x_wconf 82' lang='lat' dir='ltr'><strong>rerum</strong></span> 
     </span>
    </p>
   </div>
   <div class='ocr_carea' id='block_1_35' title="bbox 1794 628 3363 703">
    <p class='ocr_par' dir='ltr' id='par_1_35' title="bbox 1794 628 3363 703">
     <span class='ocr_line' id='line_1_35' title="bbox 1794 628 3363 703; baseline -0.005 -13"><span class='ocrx_word' id='word_1_249' title='bbox 1794 634 2107 690; x_wconf 74' lang='lat' dir='ltr'><strong>ostendant.</strong></span> <span class='ocrx_word' id='word_1_250' title='bbox 2147 633 2268 688; x_wconf 84' lang='lat' dir='ltr'><strong>Non</strong></span> <span class='ocrx_word' id='word_1_251' title='bbox 2303 635 2450 689; x_wconf 92' lang='lat' dir='ltr'><strong>enim</strong></span> <span class='ocrx_word' id='word_1_252' title='bbox 2478 633 2573 703; x_wconf 86' lang='lat' dir='ltr'><strong>qui</strong></span> <span class='ocrx_word' id='word_1_253' title='bbox 2604 632 2839 693; x_wconf 83' lang='lat' dir='ltr'><strong>volebat,</strong></span> <span class='ocrx_word' id='word_1_254' title='bbox 2879 629 3022 700; x_wconf 88' lang='lat' dir='ltr'><strong>apud</strong></span> <span class='ocrx_word' id='word_1_255' title='bbox 3048 644 3149 683; x_wconf 91' lang='lat' dir='ltr'><strong>nos</strong></span> <span class='ocrx_word' id='word_1_256' title='bbox 3170 628 3363 697; x_wconf 78' lang='lat' dir='ltr'><strong>imple-</strong></span> 
     </span>
    </p>
   </div>
   <div class='ocr_carea' id='block_1_36' title="bbox 1795 721 3359 792">
    <p class='ocr_par' dir='ltr' id='par_1_36' title="bbox 1795 721 3359 792">
     <span class='ocr_line' id='line_1_36' title="bbox 1795 721 3359 792; baseline -0.005 -10"><span class='ocrx_word' id='word_1_257' title='bbox 1795 728 1888 783; x_wconf 91' lang='lat' dir='ltr'><strong>bat</strong></span> <span class='ocrx_word' id='word_1_258' title='bbox 1918 742 2141 781; x_wconf 89' lang='lat' dir='ltr'><strong>manum</strong></span> <span class='ocrx_word' id='word_1_259' title='bbox 2159 727 2225 792; x_wconf 77' lang='grc'><strong>³³,</strong></span> <span class='ocrx_word' id='word_1_260' title='bbox 2252 727 2394 781; x_wconf 91' lang='lat' dir='ltr'><strong>sicut</strong></span> <span class='ocrx_word' id='word_1_261' title='bbox 2426 726 2481 779; x_wconf 92' lang='lat' dir='ltr'><strong>in</strong></span> <span class='ocrx_word' id='word_1_262' title='bbox 2508 724 2644 779; x_wconf 83' lang='lat' dir='ltr'><strong>falso</strong></span> <span class='ocrx_word' id='word_1_263' title='bbox 2658 732 2712 779; x_wconf 91' lang='lat' dir='ltr'><strong>et</strong></span> <span class='ocrx_word' id='word_1_264' title='bbox 2732 723 3042 777; x_wconf 85' lang='lat' dir='ltr'><strong>adulterino</strong></span> <span class='ocrx_word' id='word_1_265' title='bbox 3068 721 3359 776; x_wconf 75' lang='lat' dir='ltr'><strong>vitularum</strong></span> 
     </span>
    </p>
   </div>
   <div class='ocr_carea' id='block_1_37' title="bbox 1796 813 3359 888">
    <p class='ocr_par' dir='ltr' id='par_1_37' title="bbox 1796 813 3359 888">
     <span class='ocr_line' id='line_1_37' title="bbox 1796 813 3359 888; baseline -0.007 -12"><span class='ocrx_word' id='word_1_266' title='bbox 1796 820 2106 877; x_wconf 77' lang='lat' dir='ltr'><strong>sacerdotio</strong></span> <span class='ocrx_word' id='word_1_267' title='bbox 2126 859 2141 885; x_wconf 90' lang='lat'><strong>,</strong></span> <span class='ocrx_word' id='word_1_268' title='bbox 2174 828 2418 888; x_wconf 91' lang='lat' dir='ltr'><strong>tempore</strong></span> <span class='ocrx_word' id='word_1_269' title='bbox 2436 817 2784 882; x_wconf 81' lang='lat' dir='ltr'><strong>Jeroboami;</strong></span> <span class='ocrx_word' id='word_1_270' title='bbox 2817 815 2911 870; x_wconf 88' lang='lat' dir='ltr'><strong>sed</strong></span> <span class='ocrx_word' id='word_1_271' title='bbox 2942 815 3035 884; x_wconf 88' lang='lat' dir='ltr'><strong>qui</strong></span> <span class='ocrx_word' id='word_1_272' title='bbox 3061 813 3359 869; x_wconf 82' lang='lat' dir='ltr'><strong>vocabatur</strong></span> 
     </span>
    </p>
   </div>
   <div class='ocr_carea' id='block_1_38' title="bbox 1796 903 3359 978">
    <p class='ocr_par' dir='ltr' id='par_1_38' title="bbox 1796 903 3359 978">
     <span class='ocr_line' id='line_1_38' title="bbox 1796 903 3359 978; baseline -0.006 -13"><span class='ocrx_word' id='word_1_273' title='bbox 1796 928 1827 966; x_wconf 86' lang='lat' dir='ltr'><strong>a</strong></span> <span class='ocrx_word' id='word_1_274' title='bbox 1850 912 1979 969; x_wconf 90' lang='lat' dir='ltr'><strong>Deo.</strong></span> <span class='ocrx_word' id='word_1_275' title='bbox 2002 911 2140 966; x_wconf 88' lang='lat' dir='ltr'><strong>Nam</strong></span> <span class='ocrx_word' id='word_1_276' title='bbox 2172 913 2218 966; x_wconf 86' lang='lat' dir='ltr'><strong>si</strong></span> <span class='ocrx_word' id='word_1_277' title='bbox 2248 912 2397 965; x_wconf 90' lang='lat' dir='ltr'><strong>nulla</strong></span> <span class='ocrx_word' id='word_1_278' title='bbox 2430 911 2513 965; x_wconf 75' lang='lat' dir='ltr'><strong>lex</strong></span> <span class='ocrx_word' id='word_1_279' title='bbox 2543 908 2720 978; x_wconf 75' lang='lat' dir='ltr'><strong>posita</strong></span> <span class='ocrx_word' id='word_1_280' title='bbox 2740 914 2907 972; x_wconf 85' lang='lat' dir='ltr'><strong>esset,</strong></span> <span class='ocrx_word' id='word_1_281' title='bbox 2942 922 3042 961; x_wconf 89' lang='lat' dir='ltr'><strong>nec</strong></span> <span class='ocrx_word' id='word_1_282' title='bbox 3066 906 3175 959; x_wconf 88' lang='lat' dir='ltr'><strong>ulla</strong></span> <span class='ocrx_word' id='word_1_283' title='bbox 3206 903 3359 959; x_wconf 88' lang='lat' dir='ltr'><strong>ordi-</strong></span> 
     </span>
    </p>
   </div>
   <div class='ocr_carea' id='block_1_39' title="bbox 1794 1001 3361 1070">
    <p class='ocr_par' dir='ltr' id='par_1_39' title="bbox 1794 1001 3361 1070">
     <span class='ocr_line' id='line_1_39' title="bbox 1794 1001 3361 1070; baseline -0.007 -10"><span class='ocrx_word' id='word_1_284' title='bbox 1794 1020 1927 1060; x_wconf 86' lang='lat' dir='ltr'><strong>num</strong></span> <span class='ocrx_word' id='word_1_285' title='bbox 1956 1003 2291 1070; x_wconf 77' lang='lat' dir='ltr'><strong>diﬁerentia;</strong></span> <span class='ocrx_word' id='word_1_286' title='bbox 2340 1001 2645 1059; x_wconf 82' lang='lat' dir='ltr'><strong>suﬂ&#39;ecisset</strong></span> <span class='ocrx_word' id='word_1_287' title='bbox 2664 1040 2679 1064; x_wconf 93' lang='lat'><strong>,</strong></span> <span class='ocrx_word' id='word_1_288' title='bbox 2712 1007 2912 1053; x_wconf 91' lang='lat' dir='ltr'><strong>cuncta</strong></span> <span class='ocrx_word' id='word_1_289' title='bbox 2951 1013 3046 1067; x_wconf 88' lang='lat' dir='ltr'><strong>per</strong></span> <span class='ocrx_word' id='word_1_290' title='bbox 3070 1012 3239 1051; x_wconf 90' lang='lat' dir='ltr'><strong>unum</strong></span> <span class='ocrx_word' id='word_1_291' title='bbox 3262 1011 3361 1050; x_wconf 87' lang='lat' dir='ltr'><strong>no-</strong></span> 
     </span>
    </p>
   </div>
   <div class='ocr_carea' id='block_1_40' title="bbox 1795 1091 3362 1167">
    <p class='ocr_par' dir='ltr' id='par_1_40' title="bbox 1795 1091 3362 1167">
     <span class='ocr_line' id='line_1_40' title="bbox 1795 1091 3362 1167; baseline -0.004 -17"><span class='ocrx_word' id='word_1_292' title='bbox 1795 1113 1919 1152; x_wconf 89' lang='lat' dir='ltr'><strong>men</strong></span> <span class='ocrx_word' id='word_1_293' title='bbox 1964 1096 2170 1167; x_wconf 90' lang='lat' dir='ltr'><strong>perﬁci.</strong></span> <span class='ocrx_word' id='word_1_294' title='bbox 2200 1095 2423 1157; x_wconf 80' lang='lat' dir='ltr'><strong>Verum,</strong></span> <span class='ocrx_word' id='word_1_295' title='bbox 2443 1110 2473 1148; x_wconf 89' lang='lat' dir='ltr'><strong>a</strong></span> <span class='ocrx_word' id='word_1_296' title='bbox 2500 1093 2730 1148; x_wconf 89' lang='lat' dir='ltr'><strong>Domino</strong></span> <span class='ocrx_word' id='word_1_297' title='bbox 2751 1091 2928 1147; x_wconf 76' lang='lat' dir='ltr'><strong>edocti</strong></span> <span class='ocrx_word' id='word_1_298' title='bbox 2958 1106 3138 1144; x_wconf 87' lang='lat' dir='ltr'><strong>rerum</strong></span> <span class='ocrx_word' id='word_1_299' title='bbox 3168 1104 3362 1144; x_wconf 84' lang='lat' dir='ltr'><strong>conse—</strong></span> 
     </span>
    </p>
   </div>
   <div class='ocr_carea' id='block_1_41' title="bbox 1797 1182 3361 1259">
    <p class='ocr_par' dir='ltr' id='par_1_41' title="bbox 1797 1182 3361 1259">
     <span class='ocr_line' id='line_1_41' title="bbox 1797 1182 3361 1259; baseline -0.005 -16"><span class='ocrx_word' id='word_1_300' title='bbox 1797 1189 2102 1259; x_wconf 91' lang='lat' dir='ltr'><strong>quentiam,</strong></span> <span class='ocrx_word' id='word_1_301' title='bbox 2131 1188 2403 1256; x_wconf 77' lang='lat' dir='ltr'><strong>episcopis</strong></span> <span class='ocrx_word' id='word_1_302' title='bbox 2448 1185 2665 1256; x_wconf 86' lang='lat' dir='ltr'><strong>quidem</strong></span> <span class='ocrx_word' id='word_1_303' title='bbox 2712 1198 2833 1254; x_wconf 58' lang='lat' dir='ltr'><strong>quae</strong></span> <span class='ocrx_word' id='word_1_304' title='bbox 2873 1183 2940 1235; x_wconf 89' lang='lat' dir='ltr'><strong>ad</strong></span> <span class='ocrx_word' id='word_1_305' title='bbox 2983 1182 3361 1251; x_wconf 85' lang='lat' dir='ltr'><strong>pontiﬁcatum</strong></span> 
     </span>
    </p>
   </div>
   <div class='ocr_carea' id='block_1_42' title="bbox 1797 1272 3361 1351">
    <p class='ocr_par' dir='ltr' id='par_1_42' title="bbox 1797 1272 3361 1351">
     <span class='ocr_line' id='line_1_42' title="bbox 1797 1272 3361 1351; baseline -0.005 -17"><span class='ocrx_word' id='word_1_306' title='bbox 1797 1280 2073 1351; x_wconf 83' lang='lat' dir='ltr'><strong>pertinent</strong></span> <span class='ocrx_word' id='word_1_307' title='bbox 2114 1279 2551 1349; x_wconf 82' lang='lat' dir='ltr'><strong>assignavimus,</strong></span> <span class='ocrx_word' id='word_1_308' title='bbox 2582 1274 2915 1348; x_wconf 85' lang='lat' dir='ltr'><strong>presbyteris</strong></span> <span class='ocrx_word' id='word_1_309' title='bbox 2963 1288 3093 1327; x_wconf 78' lang='lat' dir='ltr'><strong>vero</strong></span> <span class='ocrx_word' id='word_1_310' title='bbox 3130 1289 3251 1343; x_wconf 70' lang='lat' dir='ltr'><strong>qua:</strong></span> <span class='ocrx_word' id='word_1_311' title='bbox 3292 1272 3361 1326; x_wconf 90' lang='lat' dir='ltr'><strong>ad</strong></span> 
     </span>
    </p>
   </div>
   <div class='ocr_carea' id='block_1_43' title="bbox 1798 1365 3361 1439">
    <p class='ocr_par' dir='ltr' id='par_1_43' title="bbox 1798 1365 3361 1439">
     <span class='ocr_line' id='line_1_43' title="bbox 1798 1365 3361 1439; baseline -0.006 -12"><span class='ocrx_word' id='word_1_312' title='bbox 1798 1372 2187 1434; x_wconf 88' lang='lat' dir='ltr'><strong>sacerdotium,</strong></span> <span class='ocrx_word' id='word_1_313' title='bbox 2246 1371 2494 1426; x_wconf 78' lang='lat' dir='ltr'><strong>diaconis</strong></span> <span class='ocrx_word' id='word_1_314' title='bbox 2552 1379 2734 1424; x_wconf 90' lang='lat' dir='ltr'><strong>autem</strong></span> <span class='ocrx_word' id='word_1_315' title='bbox 2782 1384 2903 1439; x_wconf 72' lang='lat' dir='ltr'><strong>qua:</strong></span> <span class='ocrx_word' id='word_1_316' title='bbox 2944 1368 3011 1421; x_wconf 89' lang='lat' dir='ltr'><strong>ad</strong></span> <span class='ocrx_word' id='word_1_317' title='bbox 3057 1365 3361 1421; x_wconf 87' lang='lat' dir='ltr'><strong>ministeria</strong></span> 
     </span>
    </p>
   </div>
   <div class='ocr_carea' id='block_1_44' title="bbox 1796 1459 3363 1533">
    <p class='ocr_par' dir='ltr' id='par_1_44' title="bbox 1796 1459 3363 1533">
     <span class='ocr_line' id='line_1_44' title="bbox 1796 1459 3363 1533; baseline -0.003 -16"><span class='ocrx_word' id='word_1_318' title='bbox 1796 1464 2046 1533; x_wconf 89' lang='lat' dir='ltr'><strong>utrisque</strong></span> <span class='ocrx_word' id='word_1_319' title='bbox 2082 1461 2444 1532; x_wconf 88' lang='lat' dir='ltr'><strong>impendenda</strong></span> <span class='ocrx_word' id='word_1_320' title='bbox 2465 1501 2481 1525; x_wconf 91' lang='lat'><strong>,</strong></span> <span class='ocrx_word' id='word_1_321' title='bbox 2514 1469 2574 1514; x_wconf 92' lang='lat' dir='ltr'><strong>ut</strong></span> <span class='ocrx_word' id='word_1_322' title='bbox 2598 1477 2719 1531; x_wconf 66' lang='lat' dir='ltr'><strong>qua:</strong></span> <span class='ocrx_word' id='word_1_323' title='bbox 2751 1460 2818 1514; x_wconf 87' lang='lat' dir='ltr'><strong>ad</strong></span> <span class='ocrx_word' id='word_1_324' title='bbox 2859 1462 3065 1515; x_wconf 91' lang='lat' dir='ltr'><strong>cultum</strong></span> <span class='ocrx_word' id='word_1_325' title='bbox 3096 1459 3189 1514; x_wconf 86' lang='lat' dir='ltr'><strong>Dei</strong></span> <span class='ocrx_word' id='word_1_326' title='bbox 3238 1476 3363 1529; x_wconf 87' lang='lat' dir='ltr'><strong>spe-</strong></span> 
     </span>
    </p>
   </div>
   <div class='ocr_carea' id='block_1_45' title="bbox 1798 1551 3363 1623">
    <p class='ocr_par' dir='ltr' id='par_1_45' title="bbox 1798 1551 3363 1623">
     <span class='ocr_line' id='line_1_45' title="bbox 1798 1551 3363 1623; baseline -0.002 -14"><span class='ocrx_word' id='word_1_327' title='bbox 1798 1562 1972 1617; x_wconf 89' lang='lat' dir='ltr'><strong>ctant,</strong></span> <span class='ocrx_word' id='word_1_328' title='bbox 2007 1570 2138 1623; x_wconf 89' lang='lat' dir='ltr'><strong>pure</strong></span> <span class='ocrx_word' id='word_1_329' title='bbox 2168 1552 2531 1609; x_wconf 83' lang='lat' dir='ltr'><strong>celebrentur.</strong></span> <span class='ocrx_word' id='word_1_330' title='bbox 2563 1551 2751 1622; x_wconf 88' lang='lat' dir='ltr'><strong>Neque</strong></span> <span class='ocrx_word' id='word_1_331' title='bbox 2791 1554 2937 1607; x_wconf 91' lang='lat' dir='ltr'><strong>enim</strong></span> <span class='ocrx_word' id='word_1_332' title='bbox 2975 1553 3206 1608; x_wconf 88' lang='lat' dir='ltr'><strong>diacono</strong></span> <span class='ocrx_word' id='word_1_333' title='bbox 3236 1555 3363 1607; x_wconf 89' lang='lat' dir='ltr'><strong>licet</strong></span> 
     </span>
    </p>
   </div>
   <div class='ocr_carea' id='block_1_46' title="bbox 1798 1644 3362 1715">
    <p class='ocr_par' dir='ltr' id='par_1_46' title="bbox 1798 1644 3362 1715">
     <span class='ocr_line' id='line_1_46' title="bbox 1798 1644 3362 1715; baseline -0.001 -14"><span class='ocrx_word' id='word_1_334' title='bbox 1798 1647 2133 1701; x_wconf 87' lang='lat' dir='ltr'><strong>sacriﬁcium</strong></span> <span class='ocrx_word' id='word_1_335' title='bbox 2163 1644 2388 1709; x_wconf 77' lang='lat' dir='ltr'><strong>oﬁerre,</strong></span> <span class='ocrx_word' id='word_1_336' title='bbox 2422 1652 2515 1700; x_wconf 90' lang='lat' dir='ltr'><strong>aut</strong></span> <span class='ocrx_word' id='word_1_337' title='bbox 2543 1645 2853 1715; x_wconf 85' lang='lat' dir='ltr'><strong>baptizare,</strong></span> <span class='ocrx_word' id='word_1_338' title='bbox 2895 1653 2989 1699; x_wconf 89' lang='lat' dir='ltr'><strong>aut</strong></span> <span class='ocrx_word' id='word_1_339' title='bbox 3027 1646 3362 1701; x_wconf 79' lang='lat' dir='ltr'><strong>benedictio—</strong></span> 
     </span>
    </p>
   </div>
   <div class='ocr_carea' id='block_1_47' title="bbox 1797 1736 3362 1809">
    <p class='ocr_par' dir='ltr' id='par_1_47' title="bbox 1797 1736 3362 1809">
     <span class='ocr_line' id='line_1_47' title="bbox 1797 1736 3362 1809; baseline 0.001 -17"><span class='ocrx_word' id='word_1_340' title='bbox 1797 1754 1924 1793; x_wconf 89' lang='lat' dir='ltr'><strong>nem</strong></span> <span class='ocrx_word' id='word_1_341' title='bbox 1952 1754 2047 1793; x_wconf 90' lang='lat' dir='ltr'><strong>seu</strong></span> <span class='ocrx_word' id='word_1_342' title='bbox 2073 1753 2317 1809; x_wconf 81' lang='lat' dir='ltr'><strong>parvam,</strong></span> <span class='ocrx_word' id='word_1_343' title='bbox 2353 1753 2449 1793; x_wconf 90' lang='lat' dir='ltr'><strong>seu</strong></span> <span class='ocrx_word' id='word_1_344' title='bbox 2491 1752 2741 1807; x_wconf 90' lang='lat' dir='ltr'><strong>magnam</strong></span> <span class='ocrx_word' id='word_1_345' title='bbox 2779 1736 2999 1800; x_wconf 81' lang='lat' dir='ltr'><strong>facere;</strong></span> <span class='ocrx_word' id='word_1_346' title='bbox 3034 1754 3209 1807; x_wconf 86' lang='lat' dir='ltr'><strong>neque</strong></span> <span class='ocrx_word' id='word_1_347' title='bbox 3238 1754 3362 1808; x_wconf 87' lang='lat' dir='ltr'><strong>pre-</strong></span> 
     </span>
    </p>
   </div>
   <div class='ocr_carea' id='block_1_48' title="bbox 1800 1828 3361 1903">
    <p class='ocr_par' dir='ltr' id='par_1_48' title="bbox 1800 1828 3361 1903">
     <span class='ocr_line' id='line_1_48' title="bbox 1800 1828 3361 1903; baseline -0.003 -16"><span class='ocrx_word' id='word_1_348' title='bbox 1800 1832 2021 1903; x_wconf 86' lang='lat' dir='ltr'><strong>sbytero</strong></span> <span class='ocrx_word' id='word_1_349' title='bbox 2042 1871 2056 1895; x_wconf 94' lang='lat'><strong>,</strong></span> <span class='ocrx_word' id='word_1_350' title='bbox 2088 1830 2463 1885; x_wconf 87' lang='lat' dir='ltr'><strong>ordinationes</strong></span> <span class='ocrx_word' id='word_1_351' title='bbox 2505 1844 2797 1899; x_wconf 79' lang='lat' dir='ltr'><strong>peragere;</strong></span> <span class='ocrx_word' id='word_1_352' title='bbox 2840 1828 2967 1897; x_wconf 85' lang='lat' dir='ltr'><strong>quia</strong></span> <span class='ocrx_word' id='word_1_353' title='bbox 3006 1844 3220 1898; x_wconf 63' lang='lat' dir='ltr'><strong>aequum</strong></span> <span class='ocrx_word' id='word_1_354' title='bbox 3250 1845 3361 1883; x_wconf 90' lang='lat' dir='ltr'><strong>non</strong></span> 
     </span>
    </p>
   </div>
   <div class='ocr_carea' id='block_1_49' title="bbox 1796 1918 3364 1988">
    <p class='ocr_par' dir='ltr' id='par_1_49' title="bbox 1796 1918 3364 1988">
     <span class='ocr_line' id='line_1_49' title="bbox 1796 1918 3364 1988; baseline -0.004 -8"><span class='ocrx_word' id='word_1_355' title='bbox 1796 1931 1903 1988; x_wconf 88' lang='lat' dir='ltr'><strong>est,</strong></span> <span class='ocrx_word' id='word_1_356' title='bbox 1930 1923 2179 1979; x_wconf 88' lang='lat' dir='ltr'><strong>ordinem</strong></span> <span class='ocrx_word' id='word_1_357' title='bbox 2203 1921 2397 1977; x_wconf 82' lang='lat' dir='ltr'><strong>inverti</strong></span> <span class='ocrx_word' id='word_1_358' title='bbox 2431 1939 2444 1976; x_wconf 91' lang='lat'><strong>:</strong></span> <span class='ocrx_word' id='word_1_359' title='bbox 2480 1939 2498 1972; x_wconf 84' lang='grc' dir='ltr'>ι</span> <span class='ocrx_word' id='word_1_360' title='bbox 2529 1920 2649 1975; x_wconf 83' lang='lat' dir='ltr'><strong>Non</strong></span> <span class='ocrx_word' id='word_1_361' title='bbox 2679 1921 2826 1973; x_wconf 84' lang='lat' dir='ltr'><strong>enim</strong></span> <span class='ocrx_word' id='word_1_362' title='bbox 2857 1927 2946 1975; x_wconf 76' lang='lat' dir='ltr'><strong>est</strong></span> <span class='ocrx_word' id='word_1_363' title='bbox 2972 1918 3116 1974; x_wconf 88' lang='lat' dir='ltr'><strong>Deus</strong></span> <span class='ocrx_word' id='word_1_364' title='bbox 3147 1920 3364 1975; x_wconf 89' lang='lat' dir='ltr'><strong>dissen-</strong></span> 
     </span>
    </p>
   </div>
   <div class='ocr_carea' id='block_1_50' title="bbox 1797 2013 3364 2083">
    <p class='ocr_par' dir='ltr' id='par_1_50' title="bbox 1797 2013 3364 2083">
     <span class='ocr_line' id='line_1_50' title="bbox 1797 2013 3364 2083; baseline -0.004 -11"><span class='ocrx_word' id='word_1_365' title='bbox 1797 2016 1972 2072; x_wconf 89' lang='lat' dir='ltr'><strong>sionis</strong></span> <span class='ocrx_word' id='word_1_366' title='bbox 1989 2015 2071 2083; x_wconf 83' lang='grc'><strong>⁸³;</strong></span> <span class='ocrx_word' id='word_1_367' title='bbox 2106 2032 2124 2065; x_wconf 72' lang='grc' dir='ltr'>ι</span> <span class='ocrx_word' id='word_1_368' title='bbox 2160 2030 2230 2070; x_wconf 88' lang='lat' dir='ltr'><strong>ne</strong></span> <span class='ocrx_word' id='word_1_369' title='bbox 2255 2014 2566 2077; x_wconf 83' lang='lat' dir='ltr'><strong>inferiores,</strong></span> <span class='ocrx_word' id='word_1_370' title='bbox 2598 2028 2717 2082; x_wconf 75' lang='lat' dir='ltr'><strong>qua:</strong></span> <span class='ocrx_word' id='word_1_371' title='bbox 2735 2019 2863 2068; x_wconf 89' lang='lat' dir='ltr'><strong>sunt</strong></span> <span class='ocrx_word' id='word_1_372' title='bbox 2894 2013 3364 2082; x_wconf 83' lang='lat' dir='ltr'><strong>superiorum,ty-</strong></span> 
     </span>
    </p>
   </div>
   <div class='ocr_carea' id='block_1_51' title="bbox 1796 2101 3461 2177">
    <p class='ocr_par' dir='ltr' id='par_1_51' title="bbox 1796 2101 3461 2177">
     <span class='ocr_line' id='line_1_51' title="bbox 1796 2101 3461 2177; baseline -0.001 -16"><span class='ocrx_word' id='word_1_373' title='bbox 1796 2109 2024 2163; x_wconf 90' lang='lat' dir='ltr'><strong>rannice</strong></span> <span class='ocrx_word' id='word_1_374' title='bbox 2045 2108 2150 2163; x_wconf 88' lang='lat' dir='ltr'><strong>sibi</strong></span> <span class='ocrx_word' id='word_1_375' title='bbox 2177 2106 2477 2169; x_wconf 82' lang='lat' dir='ltr'><strong>vindicent,</strong></span> <span class='ocrx_word' id='word_1_376' title='bbox 2510 2121 2706 2161; x_wconf 87' lang='lat' dir='ltr'><strong>novam</strong></span> <span class='ocrx_word' id='word_1_377' title='bbox 2726 2106 2905 2177; x_wconf 84' lang='lat' dir='ltr'><strong>legum</strong></span> <span class='ocrx_word' id='word_1_378' title='bbox 2928 2106 3171 2176; x_wconf 85' lang='lat' dir='ltr'><strong>regulam</strong></span> <span class='ocrx_word' id='word_1_379' title='bbox 3198 2105 3364 2160; x_wconf 87' lang='lat' dir='ltr'><strong>reﬁn-</strong></span> <span class='ocrx_word' id='word_1_380' title='bbox 3455 2101 3461 2107; x_wconf 84' lang='grc'><em>’</em></span> 
     </span>
    </p>
   </div>
   <div class='ocr_carea' id='block_1_52' title="bbox 1798 2198 3360 2269">
    <p class='ocr_par' dir='ltr' id='par_1_52' title="bbox 1798 2198 3360 2269">
     <span class='ocr_line' id='line_1_52' title="bbox 1798 2198 3360 2269; baseline -0.001 -15"><span class='ocrx_word' id='word_1_381' title='bbox 1798 2208 1989 2269; x_wconf 79' lang='lat' dir='ltr'><strong>gentes</strong></span> <span class='ocrx_word' id='word_1_382' title='bbox 2020 2200 2072 2254; x_wconf 91' lang='lat' dir='ltr'><strong>in</strong></span> <span class='ocrx_word' id='word_1_383' title='bbox 2102 2200 2303 2253; x_wconf 91' lang='lat' dir='ltr'><strong>malum</strong></span> <span class='ocrx_word' id='word_1_384' title='bbox 2340 2215 2521 2264; x_wconf 91' lang='lat' dir='ltr'><strong>suum,</strong></span> <span class='ocrx_word' id='word_1_385' title='bbox 2551 2200 2865 2269; x_wconf 79' lang='lat' dir='ltr'><strong>ignorantes</strong></span> <span class='ocrx_word' id='word_1_386' title='bbox 2898 2198 3095 2253; x_wconf 89' lang='lat' dir='ltr'><strong>durum</strong></span> <span class='ocrx_word' id='word_1_387' title='bbox 3135 2213 3259 2254; x_wconf 90' lang='lat' dir='ltr'><strong>esse</strong></span> <span class='ocrx_word' id='word_1_388' title='bbox 3284 2199 3360 2252; x_wconf 88' lang='lat' dir='ltr'><strong>si-</strong></span> 
     </span>
    </p>
   </div>
   <div class='ocr_carea' id='block_1_53' title="bbox 1796 2290 3364 2348">
    <p class='ocr_par' dir='ltr' id='par_1_53' title="bbox 1796 2290 3364 2348">
     <span class='ocr_line' id='line_1_53' title="bbox 1796 2290 3364 2348; baseline -0.002 -1"><span class='ocrx_word' id='word_1_389' title='bbox 1796 2291 1851 2347; x_wconf 84' lang='lat' dir='ltr'><strong>bi</strong></span> <span class='ocrx_word' id='word_1_390' title='bbox 1886 2299 2076 2347; x_wconf 90' lang='lat' dir='ltr'><strong>contra</strong></span> <span class='ocrx_word' id='word_1_391' title='bbox 2110 2292 2392 2348; x_wconf 89' lang='lat' dir='ltr'><strong>stimulum</strong></span> <span class='ocrx_word' id='word_1_392' title='bbox 2414 2292 2703 2347; x_wconf 88' lang='lat' dir='ltr'><strong>calcitrare</strong></span> <span class='ocrx_word' id='word_1_393' title='bbox 2724 2291 2788 2346; x_wconf 73' lang='grc'><strong>³⁵.</strong></span> <span class='ocrx_word' id='word_1_394' title='bbox 2814 2290 2880 2344; x_wconf 90' lang='lat' dir='ltr'><strong>Et</strong></span> <span class='ocrx_word' id='word_1_395' title='bbox 2901 2306 3029 2346; x_wconf 82' lang='lat' dir='ltr'><strong>vero</strong></span> <span class='ocrx_word' id='word_1_396' title='bbox 3065 2291 3155 2345; x_wconf 90' lang='lat' dir='ltr'><strong>isti</strong></span> <span class='ocrx_word' id='word_1_397' title='bbox 3187 2290 3364 2344; x_wconf 85' lang='lat' dir='ltr'><strong>homi-</strong></span> 
     </span>
    </p>
   </div>
   <div class='ocr_carea' id='block_1_54' title="bbox 1796 2381 3360 2455">
    <p class='ocr_par' dir='ltr' id='par_1_54' title="bbox 1796 2381 3360 2455">
     <span class='ocr_line' id='line_1_54' title="bbox 1796 2381 3360 2455; baseline -0.001 -17"><span class='ocrx_word' id='word_1_398' title='bbox 1796 2398 1895 2438; x_wconf 86' lang='lat' dir='ltr'><strong>nes</strong></span> <span class='ocrx_word' id='word_1_399' title='bbox 1911 2399 2019 2438; x_wconf 88' lang='lat' dir='ltr'><strong>non</strong></span> <span class='ocrx_word' id='word_1_400' title='bbox 2048 2391 2362 2455; x_wconf 77' lang='lat' dir='ltr'><strong>oppugnant</strong></span> <span class='ocrx_word' id='word_1_401' title='bbox 2392 2398 2514 2445; x_wconf 90' lang='lat' dir='ltr'><strong>nos,</strong></span> <span class='ocrx_word' id='word_1_402' title='bbox 2533 2390 2626 2437; x_wconf 87' lang='lat' dir='ltr'><strong>aut</strong></span> <span class='ocrx_word' id='word_1_403' title='bbox 2643 2382 2964 2452; x_wconf 89' lang='lat' dir='ltr'><strong>episcopos;</strong></span> <span class='ocrx_word' id='word_1_404' title='bbox 2996 2381 3091 2436; x_wconf 88' lang='lat' dir='ltr'><strong>sed</strong></span> <span class='ocrx_word' id='word_1_405' title='bbox 3112 2383 3360 2437; x_wconf 87' lang='lat' dir='ltr'><strong>omnium</strong></span> 
     </span>
    </p>
   </div>
   <div class='ocr_carea' id='block_1_55' title="bbox 1796 2471 3354 2547">
    <p class='ocr_par' dir='ltr' id='par_1_55' title="bbox 1796 2471 3354 2547">
     <span class='ocr_line' id='line_1_55' title="bbox 1796 2471 3354 2547; baseline -0.001 -18"><span class='ocrx_word' id='word_1_406' title='bbox 1796 2477 2145 2547; x_wconf 89' lang='lat' dir='ltr'><strong>episcopum,</strong></span> <span class='ocrx_word' id='word_1_407' title='bbox 2184 2474 2472 2544; x_wconf 87' lang='lat' dir='ltr'><strong>Patrisque</strong></span> <span class='ocrx_word' id='word_1_408' title='bbox 2501 2473 2812 2545; x_wconf 90' lang='lat' dir='ltr'><strong>pontiﬁcem</strong></span> <span class='ocrx_word' id='word_1_409' title='bbox 2847 2473 3125 2527; x_wconf 90' lang='lat' dir='ltr'><strong>Christum</strong></span> <span class='ocrx_word' id='word_1_410' title='bbox 3165 2471 3354 2527; x_wconf 85' lang='lat' dir='ltr'><strong>Jesum</strong></span> 
     </span>
    </p>
   </div>
   <div class='ocr_carea' id='block_1_56' title="bbox 1798 2563 3364 2636">
    <p class='ocr_par' dir='ltr' id='par_1_56' title="bbox 1798 2563 3364 2636">
     <span class='ocr_line' id='line_1_56' title="bbox 1798 2563 3364 2636; baseline -0.001 -17"><span class='ocrx_word' id='word_1_411' title='bbox 1798 2565 2088 2621; x_wconf 90' lang='lat' dir='ltr'><strong>Dominum</strong></span> <span class='ocrx_word' id='word_1_412' title='bbox 2114 2576 2381 2622; x_wconf 90' lang='lat' dir='ltr'><strong>nostrum.</strong></span> <span class='ocrx_word' id='word_1_413' title='bbox 2416 2564 2695 2636; x_wconf 89' lang='lat' dir='ltr'><strong>Siquidem</strong></span> <span class='ocrx_word' id='word_1_414' title='bbox 2726 2581 2821 2635; x_wconf 90' lang='lat' dir='ltr'><strong>per</strong></span> <span class='ocrx_word' id='word_1_415' title='bbox 2854 2564 3054 2620; x_wconf 81' lang='lat' dir='ltr'><strong>Mosem</strong></span> <span class='ocrx_word' id='word_1_416' title='bbox 3088 2563 3197 2617; x_wconf 90' lang='lat' dir='ltr'><strong>Deo</strong></span> <span class='ocrx_word' id='word_1_417' title='bbox 3231 2563 3364 2618; x_wconf 90' lang='lat' dir='ltr'><strong>cha-</strong></span> 
     </span>
    </p>
   </div>
   <div class='ocr_carea' id='block_1_57' title="bbox 1798 2656 3363 2727">
    <p class='ocr_par' dir='ltr' id='par_1_57' title="bbox 1798 2656 3363 2727">
     <span class='ocr_line' id='line_1_57' title="bbox 1798 2656 3363 2727; baseline -0.001 -16"><span class='ocrx_word' id='word_1_418' title='bbox 1798 2658 2080 2713; x_wconf 91' lang='lat' dir='ltr'><strong>rissimum</strong></span> <span class='ocrx_word' id='word_1_419' title='bbox 2116 2658 2400 2713; x_wconf 89' lang='lat' dir='ltr'><strong>constituti</strong></span> <span class='ocrx_word' id='word_1_420' title='bbox 2431 2666 2558 2713; x_wconf 92' lang='lat' dir='ltr'><strong>sunt</strong></span> <span class='ocrx_word' id='word_1_421' title='bbox 2598 2656 2918 2727; x_wconf 87' lang='lat' dir='ltr'><strong>pontiﬁces,</strong></span> <span class='ocrx_word' id='word_1_422' title='bbox 2952 2657 3266 2711; x_wconf 86' lang='lat' dir='ltr'><strong>sacerdotes</strong></span> <span class='ocrx_word' id='word_1_423' title='bbox 3297 2670 3363 2710; x_wconf 91' lang='lat' dir='ltr'><strong>ac</strong></span> 
     </span>
    </p>
   </div>
   <div class='ocr_carea' id='block_1_58' title="bbox 1798 2748 3361 2819">
    <p class='ocr_par' dir='ltr' id='par_1_58' title="bbox 1798 2748 3361 2819">
     <span class='ocr_line' id='line_1_58' title="bbox 1798 2748 3361 2819; baseline -0.001 -15"><span class='ocrx_word' id='word_1_424' title='bbox 1798 2750 1976 2806; x_wconf 70' lang='lat' dir='ltr'><strong>levita:</strong></span> <span class='ocrx_word' id='word_1_425' title='bbox 1994 2751 2073 2819; x_wconf 87' lang='grc'><strong>³⁸;</strong></span> <span class='ocrx_word' id='word_1_426' title='bbox 2110 2767 2140 2805; x_wconf 91' lang='lat' dir='ltr'><strong>a</strong></span> <span class='ocrx_word' id='word_1_427' title='bbox 2182 2759 2374 2807; x_wconf 90' lang='lat' dir='ltr'><strong>nostro</strong></span> <span class='ocrx_word' id='word_1_428' title='bbox 2422 2760 2602 2806; x_wconf 89' lang='lat' dir='ltr'><strong>autem</strong></span> <span class='ocrx_word' id='word_1_429' title='bbox 2642 2751 2920 2805; x_wconf 88' lang='lat' dir='ltr'><strong>Salvatore</strong></span> <span class='ocrx_word' id='word_1_430' title='bbox 2969 2765 3068 2805; x_wconf 89' lang='lat' dir='ltr'><strong>nos</strong></span> <span class='ocrx_word' id='word_1_431' title='bbox 3103 2748 3361 2804; x_wconf 88' lang='lat' dir='ltr'><strong>tredecim</strong></span> 
     </span>
    </p>
   </div>
   <div class='ocr_carea' id='block_1_59' title="bbox 1798 2840 3364 2914">
    <p class='ocr_par' dir='ltr' id='par_1_59' title="bbox 1798 2840 3364 2914">
     <span class='ocr_line' id='line_1_59' title="bbox 1798 2840 3364 2914; baseline -0.001 -18"><span class='ocrx_word' id='word_1_432' title='bbox 1798 2844 2028 2913; x_wconf 91' lang='lat' dir='ltr'><strong>apostoli</strong></span> <span class='ocrx_word' id='word_1_433' title='bbox 2053 2861 2067 2911; x_wconf 90' lang='lat'>;</span> <span class='ocrx_word' id='word_1_434' title='bbox 2099 2844 2167 2898; x_wconf 90' lang='lat' dir='ltr'><strong>ab</strong></span> <span class='ocrx_word' id='word_1_435' title='bbox 2194 2844 2456 2914; x_wconf 86' lang='lat' dir='ltr'><strong>apostolis</strong></span> <span class='ocrx_word' id='word_1_436' title='bbox 2482 2860 2610 2899; x_wconf 85' lang='lat' dir='ltr'><strong>vero</strong></span> <span class='ocrx_word' id='word_1_437' title='bbox 2637 2860 2736 2914; x_wconf 88' lang='lat' dir='ltr'><strong>ego</strong></span> <span class='ocrx_word' id='word_1_438' title='bbox 2762 2842 3018 2906; x_wconf 68' lang='lat' dir='ltr'><strong>Iacobus,</strong></span> <span class='ocrx_word' id='word_1_439' title='bbox 3041 2849 3095 2895; x_wconf 93' lang='lat' dir='ltr'><strong>et</strong></span> <span class='ocrx_word' id='word_1_440' title='bbox 3117 2856 3216 2911; x_wconf 86' lang='lat' dir='ltr'><strong>ego</strong></span> <span class='ocrx_word' id='word_1_441' title='bbox 3236 2840 3364 2895; x_wconf 88' lang='lat' dir='ltr'><strong>Cle-</strong></span> 
     </span>
    </p>
   </div>
   <div class='ocr_carea' id='block_1_60' title="bbox 1798 2935 3359 3003">
    <p class='ocr_par' dir='ltr' id='par_1_60' title="bbox 1798 2935 3359 3003">
     <span class='ocr_line' id='line_1_60' title="bbox 1798 2935 3359 3003; baseline -0.002 -14"><span class='ocrx_word' id='word_1_442' title='bbox 1798 2949 1952 2989; x_wconf 88' lang='lat' dir='ltr'><strong>mens</strong></span> <span class='ocrx_word' id='word_1_443' title='bbox 1982 2943 2035 2989; x_wconf 91' lang='lat' dir='ltr'><strong>et</strong></span> <span class='ocrx_word' id='word_1_444' title='bbox 2057 2936 2146 2989; x_wconf 89' lang='lat' dir='ltr'><strong>alii</strong></span> <span class='ocrx_word' id='word_1_445' title='bbox 2182 2935 2469 2991; x_wconf 90' lang='lat' dir='ltr'><strong>nobiscum</strong></span> <span class='ocrx_word' id='word_1_446' title='bbox 2492 2937 2573 3003; x_wconf 82' lang='lat'><strong>“;</strong></span> <span class='ocrx_word' id='word_1_447' title='bbox 2601 2952 2668 2991; x_wconf 91' lang='lat' dir='ltr'><strong>ne</strong></span> <span class='ocrx_word' id='word_1_448' title='bbox 2695 2952 2885 2991; x_wconf 90' lang='lat' dir='ltr'><strong>omnes</strong></span> <span class='ocrx_word' id='word_1_449' title='bbox 2929 2936 3124 2989; x_wconf 87' lang='lat' dir='ltr'><strong>iterum</strong></span> <span class='ocrx_word' id='word_1_450' title='bbox 3165 2948 3359 2987; x_wconf 86' lang='lat' dir='ltr'><strong>recen-</strong></span> 
     </span>
    </p>
   </div>
   <div class='ocr_carea' id='block_1_61' title="bbox 1799 3027 3362 3095">
    <p class='ocr_par' dir='ltr' id='par_1_61' title="bbox 1799 3027 3362 3095">
     <span class='ocr_line' id='line_1_61' title="bbox 1799 3027 3362 3095; baseline 0 -14"><span class='ocrx_word' id='word_1_451' title='bbox 1799 3041 2050 3091; x_wconf 88' lang='lat' dir='ltr'><strong>seamus;</strong></span> <span class='ocrx_word' id='word_1_452' title='bbox 2074 3028 2436 3083; x_wconf 87' lang='lat' dir='ltr'><strong>communiter</strong></span> <span class='ocrx_word' id='word_1_453' title='bbox 2464 3038 2641 3081; x_wconf 90' lang='lat' dir='ltr'><strong>autem</strong></span> <span class='ocrx_word' id='word_1_454' title='bbox 2673 3028 2742 3081; x_wconf 88' lang='lat' dir='ltr'><strong>ab</strong></span> <span class='ocrx_word' id='word_1_455' title='bbox 2770 3027 3027 3083; x_wconf 88' lang='lat' dir='ltr'><strong>omnibus</strong></span> <span class='ocrx_word' id='word_1_456' title='bbox 3052 3027 3209 3081; x_wconf 91' lang='lat' dir='ltr'><strong>nobis</strong></span> <span class='ocrx_word' id='word_1_457' title='bbox 3234 3039 3362 3095; x_wconf 83' lang='lat' dir='ltr'><strong>pre-</strong></span> 
     </span>
    </p>
   </div>
   <div class='ocr_carea' id='block_1_62' title="bbox 125 3116 1711 3202">
    <p class='ocr_par' dir='ltr' id='par_1_62' title="bbox 125 3117 1695 3190">
     <span class='ocr_line' id='line_1_62' title="bbox 125 3117 1695 3190; baseline 0.001 -19"><span class='ocrx_word' id='word_1_458' title='bbox 125 3118 417 3189; x_wconf 83' lang='grc' dir='ltr'>ἀνθρωπος</span> <span class='ocrx_word' id='word_1_459' title='bbox 474 3117 539 3169; x_wconf 87' lang='grc' dir='ltr'><strong>δι’</strong></span> <span class='ocrx_word' id='word_1_460' title='bbox 568 3117 734 3187; x_wconf 81' lang='grc' dir='ltr'>ἡμᾶς,</span> <span class='ocrx_word' id='word_1_461' title='bbox 793 3117 888 3170; x_wconf 85' lang='grc' dir='ltr'>καὶ</span> <span class='ocrx_word' id='word_1_462' title='bbox 929 3117 1028 3188; x_wconf 82' lang='grc' dir='ltr'>τὴν</span> <span class='ocrx_word' id='word_1_463' title='bbox 1081 3118 1452 3190; x_wconf 78' lang='grc' dir='ltr'>πνευματικὴν</span> <span class='ocrx_word' id='word_1_464' title='bbox 1506 3119 1695 3174; x_wconf 88' lang='grc' dir='ltr'>θυσίαν</span> 
     </span>
    </p>
   </div>
   <div class='ocr_carea' id='block_1_63' title="bbox 1800 3116 3362 3202">
    <p class='ocr_par' dir='ltr' id='par_1_63' title="bbox 1800 3116 3362 3188">
     <span class='ocr_line' id='line_1_63' title="bbox 1800 3116 3362 3188; baseline 0.002 -18"><span class='ocrx_word' id='word_1_465' title='bbox 1800 3116 2003 3188; x_wconf 87' lang='lat' dir='ltr'><strong>sbyleri</strong></span> <span class='ocrx_word' id='word_1_466' title='bbox 2025 3158 2040 3183; x_wconf 94' lang='lat'><strong>,</strong></span> <span class='ocrx_word' id='word_1_467' title='bbox 2071 3118 2285 3174; x_wconf 90' lang='lat' dir='ltr'><strong>dia&#39;coni</strong></span> <span class='ocrx_word' id='word_1_468' title='bbox 2309 3161 2325 3187; x_wconf 92' lang='lat'><strong>,</strong></span> <span class='ocrx_word' id='word_1_469' title='bbox 2358 3119 2677 3176; x_wconf 88' lang='lat' dir='ltr'><strong>subdiaconi</strong></span> <span class='ocrx_word' id='word_1_470' title='bbox 2706 3127 2761 3174; x_wconf 91' lang='lat' dir='ltr'><strong>et</strong></span> <span class='ocrx_word' id='word_1_471' title='bbox 2803 3120 3054 3175; x_wconf 88' lang='lat' dir='ltr'><strong>lectores.</strong></span> <span class='ocrx_word' id='word_1_472' title='bbox 3073 3119 3116 3151; x_wconf 83' lang='grc'><strong>⁸⁷</strong></span> <span class='ocrx_word' id='word_1_473' title='bbox 3144 3118 3362 3173; x_wconf 82' lang='lat' dir='ltr'><strong>Primus</strong></span> 
     </span>
    </p>
   </div>
   <div class='ocr_carea' id='block_1_64' title="bbox 118 3207 1692 3282">
    <p class='ocr_par' dir='ltr' id='par_1_64' title="bbox 118 3207 1692 3282">
     <span class='ocr_line' id='line_1_64' title="bbox 118 3207 1692 3282; baseline 0.002 -21"><span class='ocrx_word' id='word_1_474' title='bbox 118 3209 449 3280; x_wconf 83' lang='grc' dir='ltr'>προσφέρων</span> <span class='ocrx_word' id='word_1_475' title='bbox 465 3208 543 3280; x_wconf 83' lang='grc' dir='ltr'>τῷ</span> <span class='ocrx_word' id='word_1_476' title='bbox 569 3208 685 3280; x_wconf 86' lang='grc' dir='ltr'><strong>Θεῴ</strong></span> <span class='ocrx_word' id='word_1_477' title='bbox 705 3207 873 3261; x_wconf 83' lang='grc' dir='ltr'>αὑτοῦ</span> <span class='ocrx_word' id='word_1_478' title='bbox 896 3208 990 3262; x_wconf 80' lang='grc' dir='ltr'>καὶ</span> <span class='ocrx_word' id='word_1_479' title='bbox 1009 3210 1202 3281; x_wconf 72' lang='grc' dir='ltr'>Πατρὶ,</span> <span class='ocrx_word' id='word_1_480' title='bbox 1227 3210 1334 3282; x_wconf 80' lang='grc' dir='ltr'>πρὸ</span> <span class='ocrx_word' id='word_1_481' title='bbox 1356 3210 1448 3263; x_wconf 88' lang='grc' dir='ltr'><strong>τοῦ</strong></span> <span class='ocrx_word' id='word_1_482' title='bbox 1467 3212 1692 3280; x_wconf 83' lang='grc' dir='ltr'>πάθους,</span> 
     </span>
    </p>
   </div>
   <div class='ocr_carea' id='block_1_65' title="bbox 118 3299 1695 3371">
    <p class='ocr_par' dir='ltr' id='par_1_65' title="bbox 118 3299 1695 3371">
     <span class='ocr_line' id='line_1_65' title="bbox 118 3299 1695 3371; baseline 0.003 -18"><span class='ocrx_word' id='word_1_483' title='bbox 118 3302 253 3371; x_wconf 73' lang='grc' dir='ltr'>ἡμῖν</span> <span class='ocrx_word' id='word_1_484' title='bbox 297 3299 578 3364; x_wconf 86' lang='grc' dir='ltr'>διετάξατο</span> <span class='ocrx_word' id='word_1_485' title='bbox 613 3300 793 3371; x_wconf 78' lang='grc' dir='ltr'>μόνοις</span> <span class='ocrx_word' id='word_1_486' title='bbox 836 3300 996 3354; x_wconf 91' lang='grc' dir='ltr'>τοῦτο</span> <span class='ocrx_word' id='word_1_487' title='bbox 1028 3305 1228 3355; x_wconf 85' lang='grc' dir='ltr'>ποιεῖν·</span> <span class='ocrx_word' id='word_1_488' title='bbox 1270 3303 1363 3356; x_wconf 89' lang='grc' dir='ltr'><strong>καί</strong></span> <span class='ocrx_word' id='word_1_489' title='bbox 1407 3321 1487 3356; x_wconf 91' lang='grc' dir='ltr'>τοι</span> <span class='ocrx_word' id='word_1_490' title='bbox 1528 3304 1695 3357; x_wconf 76' lang='grc' dir='ltr'>ὄντων</span> 
     </span>
    </p>
   </div>
   <div class='ocr_carea' id='block_1_66' title="bbox 121 3374 1692 3464">
    <p class='ocr_par' dir='ltr' id='par_1_66' title="bbox 121 3374 1692 3464">
     <span class='ocr_line' id='line_1_66' title="bbox 121 3374 1692 3464; baseline 0.004 -21"><span class='ocrx_word' id='word_1_491' title='bbox 121 3393 221 3444; x_wconf 73' lang='grc' dir='ltr'>σὺν</span> <span class='ocrx_word' id='word_1_492' title='bbox 254 3393 386 3463; x_wconf 78' lang='grc' dir='ltr'>ἡμῖν</span> <span class='ocrx_word' id='word_1_493' title='bbox 416 3393 512 3445; x_wconf 77' lang='grc' dir='ltr'>καὶ</span> <span class='ocrx_word' id='word_1_494' title='bbox 551 3392 752 3464; x_wconf 77' lang='grc' dir='ltr'>ἑτέρων</span> <span class='ocrx_word' id='word_1_495' title='bbox 786 3393 892 3445; x_wconf 89' lang='grc' dir='ltr'><strong>τῶν</strong></span> <span class='ocrx_word' id='word_1_496' title='bbox 927 3394 1008 3456; x_wconf 89' lang='grc' dir='ltr'><strong>είς</strong></span> <span class='ocrx_word' id='word_1_497' title='bbox 1039 3394 1198 3447; x_wconf 83' lang='grc' dir='ltr'>αὐτὸν</span> <span class='ocrx_word' id='word_1_498' title='bbox 1229 3374 1692 3449; x_wconf 72' lang='grc' dir='ltr'>πεπιστευκότων·</span> 
     </span>
    </p>
   </div>
   <div class='ocr_carea' id='block_1_67' title="bbox 119 3484 1698 3559">
    <p class='ocr_par' dir='ltr' id='par_1_67' title="bbox 119 3484 1698 3559">
     <span class='ocr_line' id='line_1_67' title="bbox 119 3484 1698 3559; baseline 0.004 -23"><span class='ocrx_word' id='word_1_499' title='bbox 119 3484 236 3537; x_wconf 79' lang='grc' dir='ltr'>ἀλλ’</span> <span class='ocrx_word' id='word_1_500' title='bbox 265 3485 329 3537; x_wconf 84' lang='grc' dir='ltr'>ού</span> <span class='ocrx_word' id='word_1_501' title='bbox 358 3484 573 3547; x_wconf 89' lang='grc' dir='ltr'>πάντως</span> <span class='ocrx_word' id='word_1_502' title='bbox 598 3486 628 3537; x_wconf 87' lang='lat'><strong>6</strong></span> <span class='ocrx_word' id='word_1_503' title='bbox 655 3484 949 3548; x_wconf 85' lang='grc' dir='ltr'>πιστεύσας</span> <span class='ocrx_word' id='word_1_504' title='bbox 973 3484 1211 3557; x_wconf 74' lang='grc' dir='ltr'>(97),ἧδη</span> <span class='ocrx_word' id='word_1_505' title='bbox 1236 3488 1326 3540; x_wconf 76' lang='grc' dir='ltr'>καὶ</span> <span class='ocrx_word' id='word_1_506' title='bbox 1360 3488 1541 3559; x_wconf 76' lang='grc' dir='ltr'>ἱερεὺς</span> <span class='ocrx_word' id='word_1_507' title='bbox 1566 3505 1698 3541; x_wconf 86' lang='grc' dir='ltr'>κατ-</span> 
     </span>
    </p>
   </div>
   <div class='ocr_carea' id='block_1_68' title="bbox 121 3574 1695 3651">
    <p class='ocr_par' dir='ltr' id='par_1_68' title="bbox 121 3574 1695 3651">
     <span class='ocr_line' id='line_1_68' title="bbox 121 3574 1695 3651; baseline 0.001 -22"><span class='ocrx_word' id='word_1_508' title='bbox 121 3577 283 3647; x_wconf 77' lang='grc' dir='ltr'>ἑστη,</span> <span class='ocrx_word' id='word_1_509' title='bbox 334 3575 367 3645; x_wconf 74' lang='grc' dir='ltr'><strong>ἢ</strong></span> <span class='ocrx_word' id='word_1_510' title='bbox 425 3576 814 3647; x_wconf 81' lang='grc' dir='ltr'>ἀρχιερατικῆς</span> <span class='ocrx_word' id='word_1_511' title='bbox 869 3574 1025 3641; x_wconf 83' lang='grc' dir='ltr'>ἀξίας</span> <span class='ocrx_word' id='word_1_512' title='bbox 1081 3578 1258 3648; x_wconf 75' lang='grc' dir='ltr'>ἔτυχε.</span> <span class='ocrx_word' id='word_1_513' title='bbox 1300 3577 1455 3631; x_wconf 89' lang='grc' dir='ltr'>Μετά</span> <span class='ocrx_word' id='word_1_514' title='bbox 1504 3578 1560 3632; x_wconf 77' lang='grc' dir='ltr'>δὲ</span> <span class='ocrx_word' id='word_1_515' title='bbox 1598 3579 1695 3651; x_wconf 82' lang='grc' dir='ltr'>τὴν</span> 
     </span>
    </p>
   </div>
   <div class='ocr_carea' id='block_1_69' title="bbox 118 3667 1696 3741">
    <p class='ocr_par' dir='ltr' id='par_1_69' title="bbox 118 3667 1696 3741">
     <span class='ocr_line' id='line_1_69' title="bbox 118 3667 1696 3741; baseline -0.001 -19"><span class='ocrx_word' id='word_1_516' title='bbox 118 3668 389 3740; x_wconf 70' lang='grc' dir='ltr'>ἀνάληψιν</span> <span class='ocrx_word' id='word_1_517' title='bbox 447 3667 629 3731; x_wconf 77' lang='grc' dir='ltr'>αὑτοῦ,</span> <span class='ocrx_word' id='word_1_518' title='bbox 685 3668 845 3738; x_wconf 79' lang='grc' dir='ltr'>ἡμεῖς</span> <span class='ocrx_word' id='word_1_519' title='bbox 897 3669 1353 3740; x_wconf 88' lang='grc' dir='ltr'>προσενεγκόντες</span> <span class='ocrx_word' id='word_1_520' title='bbox 1408 3668 1551 3722; x_wconf 89' lang='grc' dir='ltr'><strong>κατά</strong></span> <span class='ocrx_word' id='word_1_521' title='bbox 1596 3668 1696 3741; x_wconf 83' lang='grc' dir='ltr'>τὴν</span> 
     </span>
    </p>
   </div>
   <div class='ocr_carea' id='block_1_70' title="bbox 128 3760 1693 3832">
    <p class='ocr_par' dir='ltr' id='par_1_70' title="bbox 128 3760 1693 3832">
     <span class='ocr_line' id='line_1_70' title="bbox 128 3760 1693 3832; baseline 0.001 -18"><span class='ocrx_word' id='word_1_522' title='bbox 128 3761 376 3825; x_wconf 77' lang='grc' dir='ltr'>διάταξιν</span> <span class='ocrx_word' id='word_1_523' title='bbox 432 3760 595 3815; x_wconf 84' lang='grc' dir='ltr'>αὑτοῦ</span> <span class='ocrx_word' id='word_1_524' title='bbox 644 3760 835 3814; x_wconf 87' lang='grc' dir='ltr'>θυσίαν</span> <span class='ocrx_word' id='word_1_525' title='bbox 900 3760 1145 3832; x_wconf 77' lang='grc' dir='ltr'>καθαρὰν</span> <span class='ocrx_word' id='word_1_526' title='bbox 1195 3761 1290 3815; x_wconf 77' lang='grc' dir='ltr'>καὶ</span> <span class='ocrx_word' id='word_1_527' title='bbox 1339 3762 1693 3831; x_wconf 84' lang='grc' dir='ltr'>ἀναίμακτον,</span> 
     </span>
    </p>
   </div>
   <div class='ocr_carea' id='block_1_71' title="bbox 119 3852 1693 3925">
    <p class='ocr_par' dir='ltr' id='par_1_71' title="bbox 119 3852 1693 3925">
     <span class='ocr_line' id='line_1_71' title="bbox 119 3852 1693 3925; baseline -0.001 -18"><span class='ocrx_word' id='word_1_528' title='bbox 119 3852 621 3925; x_wconf 86' lang='grc' dir='ltr'>προεχειρισάμεθα</span> <span class='ocrx_word' id='word_1_529' title='bbox 692 3852 1041 3917; x_wconf 78' lang='grc' dir='ltr'>ἐπισκόπους,</span> <span class='ocrx_word' id='word_1_530' title='bbox 1112 3853 1209 3907; x_wconf 65' lang='grc' dir='ltr'><strong>κα)¹</strong></span> <span class='ocrx_word' id='word_1_531' title='bbox 1270 3854 1693 3925; x_wconf 83' lang='grc' dir='ltr'>πρεσϐυτέρους,</span> 
     </span>
    </p>
   </div>
   <div class='ocr_carea' id='block_1_72' title="bbox 118 3936 1694 4016">
    <p class='ocr_par' dir='ltr' id='par_1_72' title="bbox 118 3936 1694 4016">
     <span class='ocr_line' id='line_1_72' title="bbox 118 3936 1694 4016; baseline -0.001 -18"><span class='ocrx_word' id='word_1_532' title='bbox 118 3946 219 3999; x_wconf 69' lang='grc' dir='ltr'><strong>καὶ</strong></span> <span class='ocrx_word' id='word_1_533' title='bbox 273 3945 553 4008; x_wconf 84' lang='grc' dir='ltr'>διακόνους</span> <span class='ocrx_word' id='word_1_534' title='bbox 603 3943 743 3997; x_wconf 76' lang='grc' dir='ltr'>ἑπτά</span> <span class='ocrx_word' id='word_1_535' title='bbox 791 3944 883 3998; x_wconf 81' lang='grc' dir='ltr'>τὸν</span> <span class='ocrx_word' id='word_1_536' title='bbox 924 3944 1188 4016; x_wconf 89' lang='grc' dir='ltr'>ἀριθμόν·</span> <span class='ocrx_word' id='word_1_537' title='bbox 1241 3936 1316 3999; x_wconf 82' lang='grc' dir='ltr'>ὧν</span> <span class='ocrx_word' id='word_1_538' title='bbox 1358 3942 1436 4007; x_wconf 78' lang='grc' dir='ltr'>εἷς</span> <span class='ocrx_word' id='word_1_539' title='bbox 1471 3939 1538 4015; x_wconf 83' lang='grc' dir='ltr'>ἦν</span> <span class='ocrx_word' id='word_1_540' title='bbox 1565 3944 1694 3996; x_wconf 83' lang='grc' dir='ltr'><strong>Στέ-</strong></span> 
     </span>
    </p>
   </div>
   <div class='ocr_carea' id='block_1_73' title="bbox 118 4036 1694 4110">
    <p class='ocr_par' dir='ltr' id='par_1_73' title="bbox 118 4036 1694 4110">
     <span class='ocr_line' id='line_1_73' title="bbox 118 4036 1694 4110; baseline -0.01 -7"><span class='ocrx_word' id='word_1_541' title='bbox 118 4055 295 4107; x_wconf 77' lang='grc' dir='ltr'>φανος</span> <span class='ocrx_word' id='word_1_542' title='bbox 340 4037 450 4110; x_wconf 83' lang='grc'>(98)</span> <span class='ocrx_word' id='word_1_543' title='bbox 493 4040 523 4092; x_wconf 83' lang='grc' dir='ltr'>ὁ</span> <span class='ocrx_word' id='word_1_544' title='bbox 571 4036 839 4110; x_wconf 82' lang='grc' dir='ltr'>μακάριος</span> <span class='ocrx_word' id='word_1_545' title='bbox 877 4038 1105 4110; x_wconf 89' lang='grc' dir='ltr'>μάρτυς,</span> <span class='ocrx_word' id='word_1_546' title='bbox 1143 4039 1243 4093; x_wconf 81' lang='grc' dir='ltr'>οὐκ</span> <span class='ocrx_word' id='word_1_547' title='bbox 1269 4037 1694 4107; x_wconf 88' lang='grc' dir='ltr'>ἀπολειπόμενος</span> 
     </span>
    </p>
   </div>
   <div class='ocr_carea' id='block_1_74' title="bbox 190 4210 1315 4315">
    <p class='ocr_par' dir='ltr' id='par_1_74' title="bbox 190 4210 1315 4315">
     <span class='ocr_line' id='line_1_74' title="bbox 190 4210 1315 4315; baseline 0.003 -50"><span class='ocrx_word' id='word_1_548' title='bbox 190 4215 241 4246; x_wconf 77' lang='grc'><strong>³⁸</strong></span> <span class='ocrx_word' id='word_1_549' title='bbox 280 4212 348 4266; x_wconf 86' lang='lat' dir='ltr'><strong>Ill</strong></span> <span class='ocrx_word' id='word_1_550' title='bbox 377 4210 512 4283; x_wconf 83' lang='lat' dir='ltr'><strong>Reg.</strong></span> <span class='ocrx_word' id='word_1_551' title='bbox 545 4228 669 4314; x_wconf 48' lang='lat' dir='ltr'><strong>sui;</strong></span> <span class='ocrx_word' id='word_1_552' title='bbox 696 4213 930 4315; x_wconf 39' lang='grc' dir='ltr'><strong>ξόἱολίν</strong></span> <span class='ocrx_word' id='word_1_553' title='bbox 960 4214 1315 4315; x_wconf 49' lang='grc' dir='ltr'>πρεσξιέτέριὶζ</span> 
     </span>
    </p>
   </div>
   <div class='ocr_carea' id='block_1_75' title="bbox 118 4284 1324 4350">
    <p class='ocr_par' dir='ltr' id='par_1_75' title="bbox 118 4284 1324 4350">
     <span class='ocr_line' id='line_1_75' title="bbox 118 4284 1324 4350; baseline -0.002 -10"><span class='ocrx_word' id='word_1_554' title='bbox 118 4299 330 4347; x_wconf 74' lang='lat' dir='ltr'><strong>xxvm,</strong></span> <span class='ocrx_word' id='word_1_555' title='bbox 380 4298 532 4338; x_wconf 78' lang='lat' dir='ltr'><strong>xm.</strong></span> <span class='ocrx_word' id='word_1_556' title='bbox 622 4284 669 4314; x_wconf 83' lang='lat'>“</span> <span class='ocrx_word' id='word_1_557' title='bbox 702 4284 741 4338; x_wconf 87' lang='grc' dir='ltr'>ι.</span> <span class='ocrx_word' id='word_1_558' title='bbox 773 4284 868 4339; x_wconf 90' lang='lat' dir='ltr'><strong>lib.</strong></span> <span class='ocrx_word' id='word_1_559' title='bbox 897 4284 1074 4350; x_wconf 30' lang='lat' dir='ltr'><strong>vn,‘c.</strong></span> <span class='ocrx_word' id='word_1_560' title='bbox 1106 4284 1198 4341; x_wconf 73' lang='grc'>46.</span> <span class='ocrx_word' id='word_1_561' title='bbox 1239 4284 1248 4286; x_wconf 59' lang='grc'><em>’</em></span> <span class='ocrx_word' id='word_1_562' title='bbox 1282 4284 1324 4316; x_wconf 82' lang='grc'>³⁷</span> 
     </span>
    </p>
   </div>
   <div class='ocr_carea' id='block_1_76' title="bbox 1357 4212 3011 4282">
    <p class='ocr_par' dir='ltr' id='par_1_76' title="bbox 1357 4212 3011 4282">
     <span class='ocr_line' id='line_1_76' title="bbox 1357 4212 3011 4282; baseline 0 -14"><span class='ocrx_word' id='word_1_563' title='bbox 1357 4214 1562 4269; x_wconf 88' lang='lat' dir='ltr'><strong>rectius</strong></span> <span class='ocrx_word' id='word_1_564' title='bbox 1614 4213 1884 4282; x_wconf 81' lang='lat' dir='ltr'><strong>legeretur</strong></span> <span class='ocrx_word' id='word_1_565' title='bbox 1983 4213 2028 4245; x_wconf 85' lang='grc'><strong>³³</strong></span> <span class='ocrx_word' id='word_1_566' title='bbox 2067 4212 2226 4268; x_wconf 91' lang='lat' dir='ltr'><strong>lCor.</strong></span> <span class='ocrx_word' id='word_1_567' title='bbox 2259 4230 2368 4272; x_wconf 78' lang='lat' dir='ltr'><strong>xw.</strong></span> <span class='ocrx_word' id='word_1_568' title='bbox 2400 4214 2491 4269; x_wconf 77' lang='lat'><strong>33.</strong></span> <span class='ocrx_word' id='word_1_569' title='bbox 2582 4213 2629 4245; x_wconf 74' lang='lat'>“</span> <span class='ocrx_word' id='word_1_570' title='bbox 2664 4214 2782 4269; x_wconf 79' lang='lat' dir='ltr'><strong>Act.</strong></span> <span class='ocrx_word' id='word_1_571' title='bbox 2815 4230 2896 4277; x_wconf 78' lang='lat' dir='ltr'><strong>Ix,</strong></span> 
     </span>
    </p>
   </div>
   <div class='ocr_carea' id='block_1_77' title="bbox 1365 4282 1711 4355">
    <p class='ocr_par' dir='ltr' id='par_1_77' title="bbox 1365 4283 1711 4355">
     <span class='ocr_line' id='line_1_77' title="bbox 1365 4283 1711 4355; baseline -0.003 -17"><span class='ocrx_word' id='word_1_572' title='bbox 1365 4285 1535 4355; x_wconf 85' lang='lat' dir='ltr'><strong>lgnat.</strong></span> <span class='ocrx_word' id='word_1_573' title='bbox 1562 4283 1711 4338; x_wconf 81' lang='lat' dir='ltr'><strong>inter</strong></span> 
     </span>
    </p>
   </div>
   <div class='ocr_carea' id='block_1_78' title="bbox 1800 4282 3358 4355">
    <p class='ocr_par' dir='ltr' id='par_1_78' title="bbox 1806 4282 3358 4355">
     <span class='ocr_line' id='line_1_78' title="bbox 1806 4282 3358 4355; baseline 0.001 -16"><span class='ocrx_word' id='word_1_574' title='bbox 1806 4326 1821 4339; x_wconf 90' lang='lat'><strong>.</strong></span> <span class='ocrx_word' id='word_1_575' title='bbox 1847 4283 1914 4338; x_wconf 93' lang='lat' dir='ltr'><strong>ad</strong></span> <span class='ocrx_word' id='word_1_576' title='bbox 1942 4284 2120 4355; x_wconf 81' lang='lat' dir='ltr'><strong>Magn.</strong></span> <span class='ocrx_word' id='word_1_577' title='bbox 2148 4286 2201 4351; x_wconf 74' lang='lat'><strong>3;</strong></span> <span class='ocrx_word' id='word_1_578' title='bbox 2233 4284 2299 4338; x_wconf 89' lang='lat' dir='ltr'><strong>ad</strong></span> <span class='ocrx_word' id='word_1_579' title='bbox 2331 4282 2444 4339; x_wconf 89' lang='lat' dir='ltr'><strong>Sm.</strong></span> <span class='ocrx_word' id='word_1_580' title='bbox 2479 4284 2533 4340; x_wconf 91' lang='lat'><strong>9.</strong></span> <span class='ocrx_word' id='word_1_581' title='bbox 2608 4284 2654 4317; x_wconf 84' lang='grc'><strong>³⁸</strong></span> <span class='ocrx_word' id='word_1_582' title='bbox 2693 4283 2826 4339; x_wconf 83' lang='lat' dir='ltr'><strong>Heb.</strong></span> <span class='ocrx_word' id='word_1_583' title='bbox 2851 4301 2903 4339; x_wconf 80' lang='grc' dir='ltr'><strong>ν.</strong></span> <span class='ocrx_word' id='word_1_584' title='bbox 2988 4286 3032 4316; x_wconf 86' lang='grc'>³⁹</span> <span class='ocrx_word' id='word_1_585' title='bbox 3062 4284 3193 4340; x_wconf 89' lang='lat' dir='ltr'><strong>Luc.</strong></span> <span class='ocrx_word' id='word_1_586' title='bbox 3227 4304 3358 4342; x_wconf 65' lang='grc' dir='ltr'>χχιι.</span> 
     </span>
    </p>
   </div>
   <div class='ocr_carea' id='block_1_79' title="bbox 1786 3213 3359 3292">
    <p class='ocr_par' dir='ltr' id='par_1_79' title="bbox 1786 3213 3359 3292">
     <span class='ocr_line' id='line_1_79' title="bbox 1786 3213 3359 3292; baseline -0.004 -17"><span class='ocrx_word' id='word_1_587' title='bbox 1786 3219 1953 3292; x_wconf 81' lang='lat' dir='ltr'><strong>igitur</strong></span> <span class='ocrx_word' id='word_1_588' title='bbox 1982 3228 2180 3273; x_wconf 87' lang='lat' dir='ltr'><strong>natura</strong></span> <span class='ocrx_word' id='word_1_589' title='bbox 2208 3215 2449 3288; x_wconf 79' lang='lat' dir='ltr'><strong>pontifex</strong></span> <span class='ocrx_word' id='word_1_590' title='bbox 2480 3214 2791 3285; x_wconf 87' lang='lat' dir='ltr'><strong>umgenitus</strong></span> <span class='ocrx_word' id='word_1_591' title='bbox 2819 3213 3092 3275; x_wconf 87' lang='lat' dir='ltr'><strong>Christus,</strong></span> <span class='ocrx_word' id='word_1_592' title='bbox 3116 3228 3221 3267; x_wconf 93' lang='lat' dir='ltr'><strong>non</strong></span> <span class='ocrx_word' id='word_1_593' title='bbox 3255 3214 3359 3268; x_wconf 88' lang='lat' dir='ltr'><strong>sibi</strong></span> 
     </span>
    </p>
   </div>
   <div class='ocr_carea' id='block_1_80' title="bbox 1788 3303 3362 3382">
    <p class='ocr_par' dir='ltr' id='par_1_80' title="bbox 1788 3303 3362 3382">
     <span class='ocr_line' id='line_1_80' title="bbox 1788 3303 3362 3382; baseline -0.004 -14"><span class='ocrx_word' id='word_1_594' title='bbox 1788 3313 2059 3368; x_wconf 85' lang='lat' dir='ltr'><strong>honorem</strong></span> <span class='ocrx_word' id='word_1_595' title='bbox 2088 3312 2290 3382; x_wconf 87' lang='lat' dir='ltr'><strong>rapuit,</strong></span> <span class='ocrx_word' id='word_1_596' title='bbox 2324 3307 2416 3363; x_wconf 89' lang='lat' dir='ltr'><strong>sed</strong></span> <span class='ocrx_word' id='word_1_597' title='bbox 2443 3324 2471 3361; x_wconf 93' lang='lat' dir='ltr'><strong>a</strong></span> <span class='ocrx_word' id='word_1_598' title='bbox 2496 3306 2657 3361; x_wconf 87' lang='lat' dir='ltr'><strong>Patre</strong></span> <span class='ocrx_word' id='word_1_599' title='bbox 2687 3306 3019 3360; x_wconf 88' lang='lat' dir='ltr'><strong>constitutus</strong></span> <span class='ocrx_word' id='word_1_600' title='bbox 3046 3314 3130 3360; x_wconf 89' lang='lat' dir='ltr'><strong>est</strong></span> <span class='ocrx_word' id='word_1_601' title='bbox 3153 3306 3197 3336; x_wconf 81' lang='grc'>⁸⁸</span> <span class='ocrx_word' id='word_1_602' title='bbox 3228 3303 3241 3359; x_wconf 81' lang='grc' dir='ltr'>Ξ</span> <span class='ocrx_word' id='word_1_603' title='bbox 3272 3305 3362 3361; x_wconf 87' lang='lat' dir='ltr'><strong>ille</strong></span> 
     </span>
    </p>
   </div>
   <div class='ocr_carea' id='block_1_81' title="bbox 1786 3396 3361 3477">
    <p class='ocr_par' dir='ltr' id='par_1_81' title="bbox 1786 3396 3361 3477">
     <span class='ocr_line' id='line_1_81' title="bbox 1786 3396 3361 3477; baseline -0.004 -18"><span class='ocrx_word' id='word_1_604' title='bbox 1786 3414 2010 3477; x_wconf 81' lang='lat' dir='ltr'><strong>propter</strong></span> <span class='ocrx_word' id='word_1_605' title='bbox 2046 3419 2148 3459; x_wconf 91' lang='lat' dir='ltr'><strong>nos</strong></span> <span class='ocrx_word' id='word_1_606' title='bbox 2187 3403 2362 3456; x_wconf 81' lang='lat' dir='ltr'><strong>factus</strong></span> <span class='ocrx_word' id='word_1_607' title='bbox 2402 3401 2585 3463; x_wconf 85' lang='lat' dir='ltr'><strong>homo,</strong></span> <span class='ocrx_word' id='word_1_608' title='bbox 2625 3406 2679 3453; x_wconf 88' lang='lat' dir='ltr'><strong>et</strong></span> <span class='ocrx_word' id='word_1_609' title='bbox 2715 3398 2997 3467; x_wconf 84' lang='lat' dir='ltr'><strong>spirituale</strong></span> <span class='ocrx_word' id='word_1_610' title='bbox 3035 3396 3361 3452; x_wconf 84' lang='lat' dir='ltr'><strong>sacriﬁcium</strong></span> 
     </span>
    </p>
   </div>
   <div class='ocr_carea' id='block_1_82' title="bbox 1788 3489 3363 3558">
    <p class='ocr_par' dir='ltr' id='par_1_82' title="bbox 1788 3489 3363 3558">
     <span class='ocr_line' id='line_1_82' title="bbox 1788 3489 3363 3558; baseline -0.006 -5"><span class='ocrx_word' id='word_1_611' title='bbox 1788 3498 2018 3553; x_wconf 78' lang='lat' dir='ltr'><strong>offerens</strong></span> <span class='ocrx_word' id='word_1_612' title='bbox 2050 3495 2162 3549; x_wconf 86' lang='lat' dir='ltr'><strong>Deo</strong></span> <span class='ocrx_word' id='word_1_613' title='bbox 2210 3508 2311 3548; x_wconf 92' lang='lat' dir='ltr'><strong>suo</strong></span> <span class='ocrx_word' id='word_1_614' title='bbox 2354 3507 2419 3546; x_wconf 90' lang='lat' dir='ltr'><strong>ac</strong></span> <span class='ocrx_word' id='word_1_615' title='bbox 2462 3491 2630 3553; x_wconf 88' lang='lat' dir='ltr'><strong>Patri,</strong></span> <span class='ocrx_word' id='word_1_616' title='bbox 2681 3500 2806 3544; x_wconf 91' lang='lat' dir='ltr'><strong>ante</strong></span> <span class='ocrx_word' id='word_1_617' title='bbox 2838 3489 3167 3558; x_wconf 85' lang='lat' dir='ltr'><strong>passionem,</strong></span> <span class='ocrx_word' id='word_1_618' title='bbox 3202 3490 3363 3544; x_wconf 77' lang='lat' dir='ltr'><strong>nobis</strong></span> 
     </span>
    </p>
   </div>
   <div class='ocr_carea' id='block_1_83' title="bbox 1788 3582 3364 3650">
    <p class='ocr_par' dir='ltr' id='par_1_83' title="bbox 1788 3582 3364 3650">
     <span class='ocr_line' id='line_1_83' title="bbox 1788 3582 3364 3650; baseline -0.009 -2"><span class='ocrx_word' id='word_1_619' title='bbox 1788 3589 2076 3649; x_wconf 89' lang='lat' dir='ltr'><strong>constituit</strong></span> <span class='ocrx_word' id='word_1_620' title='bbox 2105 3585 2259 3650; x_wconf 82' lang='lat' dir='ltr'><strong>solis,</strong></span> <span class='ocrx_word' id='word_1_621' title='bbox 2292 3586 2396 3639; x_wconf 84' lang='lat' dir='ltr'><strong>hoc</strong></span> <span class='ocrx_word' id='word_1_622' title='bbox 2418 3582 2595 3638; x_wconf 80' lang='lat' dir='ltr'><strong>facere</strong></span> <span class='ocrx_word' id='word_1_623' title='bbox 2616 3582 2692 3645; x_wconf 86' lang='grc'><strong>⁸⁹;</strong></span> <span class='ocrx_word' id='word_1_624' title='bbox 2729 3582 2850 3634; x_wconf 82' lang='lat' dir='ltr'><strong>licet</strong></span> <span class='ocrx_word' id='word_1_625' title='bbox 2874 3582 3153 3636; x_wconf 89' lang='lat' dir='ltr'><strong>uobiscum</strong></span> <span class='ocrx_word' id='word_1_626' title='bbox 3178 3588 3364 3634; x_wconf 86' lang='lat' dir='ltr'><strong>essent</strong></span> 
     </span>
    </p>
   </div>
   <div class='ocr_carea' id='block_1_84' title="bbox 1799 3670 3360 3743">
    <p class='ocr_par' dir='ltr' id='par_1_84' title="bbox 1799 3670 3360 3743">
     <span class='ocr_line' id='line_1_84' title="bbox 1799 3670 3360 3743; baseline -0.001 -17"><span class='ocrx_word' id='word_1_627' title='bbox 1799 3674 1891 3727; x_wconf 89' lang='lat' dir='ltr'><strong>alii</strong></span> <span class='ocrx_word' id='word_1_628' title='bbox 1940 3689 2156 3743; x_wconf 90' lang='lat' dir='ltr'><strong>quoque</strong></span> <span class='ocrx_word' id='word_1_629' title='bbox 2203 3672 2297 3742; x_wconf 91' lang='lat' dir='ltr'><strong>qui</strong></span> <span class='ocrx_word' id='word_1_630' title='bbox 2344 3672 2399 3725; x_wconf 94' lang='lat' dir='ltr'><strong>in</strong></span> <span class='ocrx_word' id='word_1_631' title='bbox 2445 3687 2570 3726; x_wconf 89' lang='lat' dir='ltr'><strong>eum</strong></span> <span class='ocrx_word' id='word_1_632' title='bbox 2606 3670 2950 3725; x_wconf 87' lang='lat' dir='ltr'><strong>crediderant</strong></span> <span class='ocrx_word' id='word_1_633' title='bbox 2984 3689 2995 3724; x_wconf 93' lang='lat'><strong>:</strong></span> <span class='ocrx_word' id='word_1_634' title='bbox 3034 3686 3221 3724; x_wconf 80' lang='lat' dir='ltr'><strong>verum</strong></span> <span class='ocrx_word' id='word_1_635' title='bbox 3250 3685 3360 3724; x_wconf 91' lang='lat' dir='ltr'><strong>non</strong></span> 
     </span>
    </p>
   </div>
   <div class='ocr_carea' id='block_1_85' title="bbox 1796 3760 3359 3833">
    <p class='ocr_par' dir='ltr' id='par_1_85' title="bbox 1796 3760 3359 3833">
     <span class='ocr_line' id='line_1_85' title="bbox 1796 3760 3359 3833; baseline -0.003 -13"><span class='ocrx_word' id='word_1_636' title='bbox 1796 3766 1979 3820; x_wconf 84' lang='lat' dir='ltr'><strong>statim</strong></span> <span class='ocrx_word' id='word_1_637' title='bbox 2007 3780 2070 3818; x_wconf 91' lang='lat' dir='ltr'><strong>ac</strong></span> <span class='ocrx_word' id='word_1_638' title='bbox 2104 3764 2304 3833; x_wconf 86' lang='lat' dir='ltr'><strong>aliquis</strong></span> <span class='ocrx_word' id='word_1_639' title='bbox 2333 3763 2597 3826; x_wconf 85' lang='lat' dir='ltr'><strong>credidit,</strong></span> <span class='ocrx_word' id='word_1_640' title='bbox 2622 3762 2733 3832; x_wconf 89' lang='lat' dir='ltr'><strong>jam</strong></span> <span class='ocrx_word' id='word_1_641' title='bbox 2767 3770 2819 3816; x_wconf 89' lang='lat' dir='ltr'><strong>et</strong></span> <span class='ocrx_word' id='word_1_642' title='bbox 2850 3760 3110 3816; x_wconf 88' lang='lat' dir='ltr'><strong>sacerdos</strong></span> <span class='ocrx_word' id='word_1_643' title='bbox 3150 3763 3359 3817; x_wconf 80' lang='lat' dir='ltr'><strong>consti-</strong></span> 
     </span>
    </p>
   </div>
   <div class='ocr_carea' id='block_1_86' title="bbox 1800 3852 3356 3925">
    <p class='ocr_par' dir='ltr' id='par_1_86' title="bbox 1800 3852 3356 3925">
     <span class='ocr_line' id='line_1_86' title="bbox 1800 3852 3356 3925; baseline -0.001 -16"><span class='ocrx_word' id='word_1_644' title='bbox 1800 3863 1951 3911; x_wconf 92' lang='lat' dir='ltr'><strong>tutus</strong></span> <span class='ocrx_word' id='word_1_645' title='bbox 1972 3856 2095 3918; x_wconf 82' lang='lat' dir='ltr'><strong>fuit,</strong></span> <span class='ocrx_word' id='word_1_646' title='bbox 2140 3863 2234 3909; x_wconf 91' lang='lat' dir='ltr'><strong>aut</strong></span> <span class='ocrx_word' id='word_1_647' title='bbox 2295 3854 2617 3925; x_wconf 87' lang='lat' dir='ltr'><strong>dignitatem</strong></span> <span class='ocrx_word' id='word_1_648' title='bbox 2678 3852 3045 3922; x_wconf 87' lang='lat' dir='ltr'><strong>pontiﬁcalem</strong></span> <span class='ocrx_word' id='word_1_649' title='bbox 3094 3852 3356 3908; x_wconf 89' lang='lat' dir='ltr'><strong>obtinuit.</strong></span> 
     </span>
    </p>
   </div>
   <div class='ocr_carea' id='block_1_87' title="bbox 1796 3944 3357 4015">
    <p class='ocr_par' dir='ltr' id='par_1_87' title="bbox 1796 3944 3357 4015">
     <span class='ocr_line' id='line_1_87' title="bbox 1796 3944 3357 4015; baseline -0.002 -14"><span class='ocrx_word' id='word_1_650' title='bbox 1796 3946 1926 4002; x_wconf 82' lang='lat' dir='ltr'><strong>Post</strong></span> <span class='ocrx_word' id='word_1_651' title='bbox 1956 3947 2101 4004; x_wconf 91' lang='lat' dir='ltr'><strong>illius</strong></span> <span class='ocrx_word' id='word_1_652' title='bbox 2142 3963 2270 4001; x_wconf 83' lang='lat' dir='ltr'><strong>vero</strong></span> <span class='ocrx_word' id='word_1_653' title='bbox 2306 3946 2754 4015; x_wconf 88' lang='lat' dir='ltr'><strong>assumptionem,</strong></span> <span class='ocrx_word' id='word_1_654' title='bbox 2793 3960 2892 3998; x_wconf 92' lang='lat' dir='ltr'><strong>nos</strong></span> <span class='ocrx_word' id='word_1_655' title='bbox 2925 3945 3079 4012; x_wconf 79' lang='lat' dir='ltr'><strong>juxta</strong></span> <span class='ocrx_word' id='word_1_656' title='bbox 3114 3944 3357 4011; x_wconf 83' lang='lat' dir='ltr'><strong>ejusdem</strong></span> 
     </span>
    </p>
   </div>
   <div class='ocr_carea' id='block_1_88' title="bbox 1799 4035 3359 4094">
    <p class='ocr_par' dir='ltr' id='par_1_88' title="bbox 1799 4035 3359 4094">
     <span class='ocr_line' id='line_1_88' title="bbox 1799 4035 3359 4094; baseline -0.002 0"><span class='ocrx_word' id='word_1_657' title='bbox 1799 4039 2248 4094; x_wconf 91' lang='lat' dir='ltr'><strong>constitutionem</strong></span> <span class='ocrx_word' id='word_1_658' title='bbox 2301 4037 2591 4093; x_wconf 82' lang='lat' dir='ltr'><strong>ollerentes</strong></span> <span class='ocrx_word' id='word_1_659' title='bbox 2627 4035 2958 4093; x_wconf 86' lang='lat' dir='ltr'><strong>sacriﬁcium</strong></span> <span class='ocrx_word' id='word_1_660' title='bbox 2996 4037 3257 4091; x_wconf 88' lang='lat' dir='ltr'><strong>mundum</strong></span> <span class='ocrx_word' id='word_1_661' title='bbox 3295 4050 3359 4091; x_wconf 92' lang='lat' dir='ltr'><strong>ac</strong></span> 
     </span>
    </p>
   </div>
   <div class='ocr_carea' id='block_1_89' title="bbox 3113 4214 3358 4272">
    <p class='ocr_par' dir='ltr' id='par_1_89' title="bbox 3113 4214 3358 4272">
     <span class='ocr_line' id='line_1_89' title="bbox 3113 4214 3358 4272; baseline 0.016 -4"><span class='ocrx_word' id='word_1_662' title='bbox 3113 4215 3157 4247; x_wconf 85' lang='grc'><strong>³⁸</strong></span> <span class='ocrx_word' id='word_1_663' title='bbox 3188 4214 3358 4272; x_wconf 77' lang='lat' dir='ltr'><strong>Exod.</strong></span> 
     </span>
    </p>
   </div>
   <div class='ocr_carea' id='block_1_90' title="bbox 1398 4393 2037 4455">
    <p class='ocr_par' dir='ltr' id='par_1_90' title="bbox 1398 4393 2037 4455">
     <span class='ocr_line' id='line_1_90' title="bbox 1398 4393 2037 4455; baseline 0.003 -2"><span class='ocrx_word' id='word_1_664' title='bbox 1398 4396 1753 4454; x_wconf 77' lang='lat' dir='ltr'><strong>VARIORUM</strong></span> <span class='ocrx_word' id='word_1_665' title='bbox 1802 4393 2037 4455; x_wconf 71' lang='grc' dir='ltr'><strong>ΝΟΤᾸΞ.</strong></span> 
     </span>
    </p>
   </div>
   <div class='ocr_carea' id='block_1_91' title="bbox 116 4514 1711 4645">
    <p class='ocr_par' dir='ltr' id='par_1_91' title="bbox 116 4521 1695 4645">
     <span class='ocr_line' id='line_1_91' title="bbox 192 4521 1695 4645; baseline 0.002 -68"><span class='ocrx_word' id='word_1_666' title='bbox 192 4521 317 4645; x_wconf 41' lang='grc' dir='ltr'><strong>ψὰρ</strong></span> <span class='ocrx_word' id='word_1_667' title='bbox 361 4522 728 4592; x_wconf 73' lang='grc' dir='ltr'>Ἐνειμαμεν.</span> <span class='ocrx_word' id='word_1_668' title='bbox 762 4523 985 4578; x_wconf 77' lang='lat' dir='ltr'><strong>Auctior</strong></span> <span class='ocrx_word' id='word_1_669' title='bbox 1031 4533 1115 4580; x_wconf 90' lang='lat' dir='ltr'><strong>est</strong></span> <span class='ocrx_word' id='word_1_670' title='bbox 1146 4523 1288 4579; x_wconf 92' lang='lat' dir='ltr'><strong>idem</strong></span> <span class='ocrx_word' id='word_1_671' title='bbox 1337 4524 1509 4590; x_wconf 89' lang='lat' dir='ltr'><strong>liber,</strong></span> <span class='ocrx_word' id='word_1_672' title='bbox 1564 4540 1695 4580; x_wconf 81' lang='lat' dir='ltr'><strong>voce</strong></span> 
     </span>
     <span class='ocr_line' id='line_1_92' title="bbox 116 4593 583 4645; baseline 0 0"><span class='ocrx_word' id='word_1_673' title='bbox 116 4610 232 4645; x_wconf 78' lang='grc' dir='ltr'><strong>πρε</strong></span> <span class='ocrx_word' id='word_1_674' title='bbox 313 4596 415 4645; x_wconf 88' lang='grc' dir='ltr'>εῖα.</span> <span class='ocrx_word' id='word_1_675' title='bbox 446 4593 583 4645; x_wconf 72' lang='lat' dir='ltr'><strong>Co&#39;r.</strong></span> 
     </span>
    </p>
   </div>
   <div class='ocr_carea' id='block_1_92' title="bbox 1800 4514 3357 4645">
    <p class='ocr_par' dir='ltr' id='par_1_92' title="bbox 1800 4514 3357 4645">
     <span class='ocr_line' id='line_1_93' title="bbox 1800 4514 3357 4588; baseline -0.004 -11"><span class='ocrx_word' id='word_1_676' title='bbox 1800 4524 1867 4578; x_wconf 90' lang='lat' dir='ltr'><strong>ab</strong></span> <span class='ocrx_word' id='word_1_677' title='bbox 1905 4531 2129 4578; x_wconf 87' lang='lat' dir='ltr'><strong>auctore</strong></span> <span class='ocrx_word' id='word_1_678' title='bbox 2157 4522 2430 4577; x_wconf 89' lang='lat' dir='ltr'><strong>sermonis</strong></span> <span class='ocrx_word' id='word_1_679' title='bbox 2464 4520 2538 4575; x_wconf 88' lang='lat' dir='ltr'><strong>De</strong></span> <span class='ocrx_word' id='word_1_680' title='bbox 2557 4537 2663 4575; x_wconf 86' lang='lat' dir='ltr'><strong>uno</strong></span> <span class='ocrx_word' id='word_1_681' title='bbox 2698 4518 3020 4588; x_wconf 82' lang='lat' dir='ltr'><strong>legislatore,</strong></span> <span class='ocrx_word' id='word_1_682' title='bbox 3050 4524 3181 4570; x_wconf 89' lang='lat' dir='ltr'><strong>tom.</strong></span> <span class='ocrx_word' id='word_1_683' title='bbox 3206 4514 3271 4568; x_wconf 78' lang='lat' dir='ltr'><strong>Vl</strong></span> <span class='ocrx_word' id='word_1_684' title='bbox 3300 4519 3357 4575; x_wconf 73' lang='grc' dir='ltr'>Β,</span> 
     </span>
     <span class='ocr_line' id='line_1_94' title="bbox 1801 4588 3357 4645; baseline -0.004 0"><span class='ocrx_word' id='word_1_685' title='bbox 1801 4593 2211 4645; x_wconf 80' lang='lat' dir='ltr'><strong>Chrvsostorni:</strong></span> <span class='ocrx_word' id='word_1_686' title='bbox 2244 4592 2338 4645; x_wconf 91' lang='lat' dir='ltr'><strong>sed</strong></span> <span class='ocrx_word' id='word_1_687' title='bbox 2367 4608 2463 4645; x_wconf 83' lang='lat' dir='ltr'><strong>uer</strong></span> <span class='ocrx_word' id='word_1_688' title='bbox 2484 4606 2726 4645; x_wconf 88' lang='lat' dir='ltr'><strong>carnem.</strong></span> <span class='ocrx_word' id='word_1_689' title='bbox 2759 4598 2816 4641; x_wconf 90' lang='lat' dir='ltr'><strong>ut</strong></span> <span class='ocrx_word' id='word_1_690' title='bbox 2843 4589 2917 4640; x_wconf 92' lang='lat' dir='ltr'><strong>ait</strong></span> <span class='ocrx_word' id='word_1_691' title='bbox 2942 4588 3081 4640; x_wconf 89' lang='lat' dir='ltr'><strong>idem</strong></span> <span class='ocrx_word' id='word_1_692' title='bbox 3103 4588 3357 4645; x_wconf 82' lang='lat' dir='ltr'><strong>scriptor.</strong></span> 
     </span>
    </p>
   </div>
   <div class='ocr_carea' id='block_1_93' title="bbox 205 4593 583 4648">
    <p class='ocr_par' dir='ltr' id='par_1_93' title="bbox 205 4593 583 4648">
     <span class='ocr_line' id='line_1_95' title="bbox 205 4593 583 4648; baseline 0.005 -3"><span class='ocrx_word' id='word_1_693' title='bbox 205 4593 415 4646; x_wconf 80' lang='grc' dir='ltr'>ὲσϐεῖα.</span> <span class='ocrx_word' id='word_1_694' title='bbox 446 4593 583 4648; x_wconf 73' lang='lat' dir='ltr'><strong>Cor.</strong></span> 
     </span>
    </p>
   </div>
   <div class='ocr_carea' id='block_1_94' title="bbox 166 4610 1693 4733">
    <p class='ocr_par' dir='ltr' id='par_1_94' title="bbox 166 4610 1693 4733">
     <span class='ocr_line' id='line_1_96' title="bbox 166 4610 583 4665; baseline 0.007 -21"><span class='ocrx_word' id='word_1_695' title='bbox 166 4610 415 4665; x_wconf 87' lang='grc' dir='ltr'>ρεσοεια.</span> <span class='ocrx_word' id='word_1_696' title='bbox 446 4610 583 4648; x_wconf 61' lang='grc' dir='ltr'>υοτ.</span> 
     </span>
     <span class='ocr_line' id='line_1_97' title="bbox 196 4662 1693 4733; baseline 0.002 -18"><span class='ocrx_word' id='word_1_697' title='bbox 196 4662 317 4733; x_wconf 86' lang='grc'>(95)</span> <span class='ocrx_word' id='word_1_698' title='bbox 354 4665 418 4715; x_wconf 83' lang='grc' dir='ltr'><strong>οι</strong></span> <span class='ocrx_word' id='word_1_699' title='bbox 466 4662 764 4731; x_wconf 81' lang='grc' dir='ltr'>δεκατρεῖς</span> <span class='ocrx_word' id='word_1_700' title='bbox 793 4664 1139 4733; x_wconf 74' lang='grc' dir='ltr'>ἀπόστολοι.</span> <span class='ocrx_word' id='word_1_701' title='bbox 1192 4662 1390 4718; x_wconf 89' lang='lat' dir='ltr'><strong>Eodem</strong></span> <span class='ocrx_word' id='word_1_702' title='bbox 1415 4663 1591 4733; x_wconf 60' lang='lat' dir='ltr'><strong>~modo</strong></span> <span class='ocrx_word' id='word_1_703' title='bbox 1635 4662 1693 4719; x_wconf 94' lang='lat' dir='ltr'><strong>S.</strong></span> 
     </span>
    </p>
   </div>
   <div class='ocr_carea' id='block_1_95' title="bbox 117 4732 1696 4801">
    <p class='ocr_par' dir='ltr' id='par_1_95' title="bbox 117 4732 1696 4801">
     <span class='ocr_line' id='line_1_98' title="bbox 117 4732 1696 4801; baseline 0.001 -16"><span class='ocrx_word' id='word_1_704' title='bbox 117 4732 458 4801; x_wconf 82' lang='lat' dir='ltr'><strong>Ambrosius</strong></span> <span class='ocrx_word' id='word_1_705' title='bbox 489 4733 645 4786; x_wconf 91' lang='lat' dir='ltr'><strong>initio</strong></span> <span class='ocrx_word' id='word_1_706' title='bbox 690 4732 814 4788; x_wconf 89' lang='lat' dir='ltr'><strong>libri</strong></span> <span class='ocrx_word' id='word_1_707' title='bbox 866 4732 939 4787; x_wconf 88' lang='lat' dir='ltr'><strong>De</strong></span> <span class='ocrx_word' id='word_1_708' title='bbox 980 4732 1431 4788; x_wconf 71' lang='lat' dir='ltr'><strong>benedictionibus</strong></span> <span class='ocrx_word' id='word_1_709' title='bbox 1462 4734 1696 4801; x_wconf 81' lang='lat' dir='ltr'><strong>patriar-</strong></span> 
     </span>
    </p>
   </div>
   <div class='ocr_carea' id='block_1_96' title="bbox 116 4800 1693 4873">
    <p class='ocr_par' dir='ltr' id='par_1_96' title="bbox 116 4800 1693 4873">
     <span class='ocr_line' id='line_1_99' title="bbox 116 4800 1693 4873; baseline 0.002 -19"><span class='ocrx_word' id='word_1_710' title='bbox 116 4802 373 4873; x_wconf 76' lang='lat' dir='ltr'><strong>charum,</strong></span> <span class='ocrx_word' id='word_1_711' title='bbox 399 4800 893 4873; x_wconf 76' lang='lat' dir='ltr'><strong>Paulumappellat</strong></span> <span class='ocrx_word' id='word_1_712' title='bbox 922 4803 1142 4873; x_wconf 79' lang='lat' dir='ltr'><strong>tertium</strong></span> <span class='ocrx_word' id='word_1_713' title='bbox 1176 4803 1444 4857; x_wconf 86' lang='lat' dir='ltr'><strong>decimum</strong></span> <span class='ocrx_word' id='word_1_714' title='bbox 1466 4800 1693 4873; x_wconf 79' lang='lat' dir='ltr'><strong>aposto-</strong></span> 
     </span>
    </p>
   </div>
   <div class='ocr_carea' id='block_1_97' title="bbox 118 4871 1695 4943">
    <p class='ocr_par' dir='ltr' id='par_1_97' title="bbox 118 4871 1695 4943">
     <span class='ocr_line' id='line_1_100' title="bbox 118 4871 1695 4943; baseline 0.002 -19"><span class='ocrx_word' id='word_1_715' title='bbox 118 4872 265 4925; x_wconf 90' lang='lat' dir='ltr'><strong>lum.</strong></span> <span class='ocrx_word' id='word_1_716' title='bbox 301 4872 371 4943; x_wconf 79' lang='lat' dir='ltr'><strong>_At</strong></span> <span class='ocrx_word' id='word_1_717' title='bbox 395 4871 743 4943; x_wconf 78' lang='lat' dir='ltr'><strong>quibusdam</strong></span> <span class='ocrx_word' id='word_1_718' title='bbox 768 4913 783 4943; x_wconf 82' lang='lat'><strong>,</strong></span> <span class='ocrx_word' id='word_1_719' title='bbox 814 4872 955 4941; x_wconf 89' lang='lat' dir='ltr'><strong>apud</strong></span> <span class='ocrx_word' id='word_1_720' title='bbox 987 4872 1370 4943; x_wconf 72' lang='lat' dir='ltr'><strong>Hieronymum</strong></span> <span class='ocrx_word' id='word_1_721' title='bbox 1415 4872 1483 4943; x_wconf 75' lang='lat' dir='ltr'><strong>ad</strong></span> <span class='ocrx_word' id='word_1_722' title='bbox 1508 4871 1695 4943; x_wconf 42' lang='lat' dir='ltr'><strong>‘caput</strong></span> 
     </span>
    </p>
   </div>
   <div class='ocr_carea' id='block_1_98' title="bbox 116 4938 1694 5012">
    <p class='ocr_par' dir='ltr' id='par_1_98' title="bbox 116 4938 1694 5012">
     <span class='ocr_line' id='line_1_101' title="bbox 116 4938 1694 5012; baseline 0.004 -20"><span class='ocrx_word' id='word_1_723' title='bbox 116 4956 245 5012; x_wconf 58' lang='grc' dir='ltr'>κνιι</span> <span class='ocrx_word' id='word_1_724' title='bbox 301 4938 456 5012; x_wconf 62' lang='lat' dir='ltr'><strong>Isaiae</strong></span> <span class='ocrx_word' id='word_1_725' title='bbox 481 4980 497 5004; x_wconf 96' lang='lat'><strong>,</strong></span> <span class='ocrx_word' id='word_1_726' title='bbox 528 4942 723 5012; x_wconf 85' lang='lat' dir='ltr'><strong>tertius</strong></span> <span class='ocrx_word' id='word_1_727' title='bbox 752 4938 999 4997; x_wconf 84' lang='lat' dir='ltr'><strong>decimus</strong></span> <span class='ocrx_word' id='word_1_728' title='bbox 1034 4938 1313 5012; x_wconf 83' lang='lat' dir='ltr'><strong>apostolus</strong></span> <span class='ocrx_word' id='word_1_729' title='bbox 1346 4951 1430 4997; x_wconf 88' lang='lat' dir='ltr'><strong>est</strong></span> <span class='ocrx_word' id='word_1_730' title='bbox 1457 4938 1694 4998; x_wconf 82' lang='lat' dir='ltr'><strong>Jacobus</strong></span> 
     </span>
    </p>
   </div>
   <div class='ocr_carea' id='block_1_99' title="bbox 117 5008 1697 5083">
    <p class='ocr_par' dir='ltr' id='par_1_99' title="bbox 117 5008 1697 5083">
     <span class='ocr_line' id='line_1_102' title="bbox 117 5008 1697 5083; baseline 0.002 -19"><span class='ocrx_word' id='word_1_731' title='bbox 117 5008 570 5083; x_wconf 28' lang='lat' dir='ltr'><strong>fraterADomini,</strong></span> <span class='ocrx_word' id='word_1_732' title='bbox 601 5011 848 5083; x_wconf 82' lang='lat' dir='ltr'><strong>decimus</strong></span> <span class='ocrx_word' id='word_1_733' title='bbox 878 5008 1105 5083; x_wconf 76' lang='lat' dir='ltr'><strong>quartus</strong></span> <span class='ocrx_word' id='word_1_734' title='bbox 1136 5011 1371 5083; x_wconf 80' lang='lat' dir='ltr'><strong>Paulus:</strong></span> <span class='ocrx_word' id='word_1_735' title='bbox 1404 5028 1509 5083; x_wconf 90' lang='lat' dir='ltr'><strong>qua</strong></span> <span class='ocrx_word' id='word_1_736' title='bbox 1540 5014 1605 5067; x_wconf 86' lang='lat' dir='ltr'><strong>de</strong></span> <span class='ocrx_word' id='word_1_737' title='bbox 1641 5029 1697 5083; x_wconf 82' lang='lat' dir='ltr'><strong>re</strong></span> 
     </span>
    </p>
   </div>
   <div class='ocr_carea' id='block_1_100' title="bbox 118 5079 1697 5153">
    <p class='ocr_par' dir='ltr' id='par_1_100' title="bbox 118 5079 1697 5153">
     <span class='ocr_line' id='line_1_103' title="bbox 118 5079 1697 5153; baseline 0.003 -20"><span class='ocrx_word' id='word_1_738' title='bbox 118 5080 404 5153; x_wconf 55' lang='lat' dir='ltr'><strong>Iidendus</strong></span> <span class='ocrx_word' id='word_1_739' title='bbox 445 5079 743 5153; x_wconf 79' lang='lat' dir='ltr'><strong>Procopius</strong></span> <span class='ocrx_word' id='word_1_740' title='bbox 781 5079 1031 5153; x_wconf 71' lang='lat' dir='ltr'><strong>adidem</strong></span> <span class='ocrx_word' id='word_1_741' title='bbox 1065 5091 1246 5151; x_wconf 89' lang='lat' dir='ltr'><strong>caput.</strong></span> <span class='ocrx_word' id='word_1_742' title='bbox 1282 5079 1437 5153; x_wconf 74' lang='lat' dir='ltr'><strong>Mitto</strong></span> <span class='ocrx_word' id='word_1_743' title='bbox 1462 5083 1602 5153; x_wconf 84' lang='lat' dir='ltr'><strong>quod</strong></span> <span class='ocrx_word' id='word_1_744' title='bbox 1639 5082 1697 5137; x_wconf 85' lang='lat' dir='ltr'><strong>S.</strong></span> 
     </span>
    </p>
   </div>
   <div class='ocr_carea' id='block_1_101' title="bbox 119 5150 1701 5223">
    <p class='ocr_par' dir='ltr' id='par_1_101' title="bbox 119 5150 1701 5223">
     <span class='ocr_line' id='line_1_104' title="bbox 119 5150 1701 5223; baseline 0.003 -20"><span class='ocrx_word' id='word_1_745' title='bbox 119 5150 375 5205; x_wconf 78' lang='lat' dir='ltr'><strong>Basilius</strong></span> <span class='ocrx_word' id='word_1_746' title='bbox 414 5150 589 5223; x_wconf 79' lang='lat' dir='ltr'><strong>elogio</strong></span> <span class='ocrx_word' id='word_1_747' title='bbox 624 5150 1085 5223; x_wconf 74' lang='grc' dir='ltr'>τρισκαιδεκάτου</span> <span class='ocrx_word' id='word_1_748' title='bbox 1107 5150 1403 5205; x_wconf 78' lang='grc' dir='ltr'>ἀποστόλου</span> <span class='ocrx_word' id='word_1_749' title='bbox 1429 5150 1701 5207; x_wconf 80' lang='lat' dir='ltr'><strong>invenitur</strong></span> 
     </span>
    </p>
   </div>
   <div class='ocr_carea' id='block_1_102' title="bbox 120 5222 749 5289">
    <p class='ocr_par' dir='ltr' id='par_1_102' title="bbox 120 5222 749 5289">
     <span class='ocr_line' id='line_1_105' title="bbox 120 5222 749 5289; baseline 0 -14"><span class='ocrx_word' id='word_1_750' title='bbox 120 5226 387 5289; x_wconf 85' lang='lat' dir='ltr'><strong>ornatus.</strong></span> <span class='ocrx_word' id='word_1_751' title='bbox 417 5222 637 5289; x_wconf 88' lang='lat' dir='ltr'><strong>aliique.</strong></span> <span class='ocrx_word' id='word_1_752' title='bbox 677 5222 749 5276; x_wconf 75' lang='grc' dir='ltr'><strong>ω.</strong></span> 
     </span>
    </p>
   </div>
   <div class='ocr_carea' id='block_1_103' title="bbox 196 5288 1705 5371">
    <p class='ocr_par' dir='ltr' id='par_1_103' title="bbox 196 5288 1705 5371">
     <span class='ocr_line' id='line_1_106' title="bbox 196 5288 1705 5371; baseline 0.002 -28"><span class='ocrx_word' id='word_1_753' title='bbox 196 5288 323 5371; x_wconf 72' lang='grc'>(96)</span> <span class='ocrx_word' id='word_1_754' title='bbox 362 5289 441 5357; x_wconf 77' lang='grc' dir='ltr'><strong>Τῇ</strong></span> <span class='ocrx_word' id='word_1_755' title='bbox 471 5288 651 5371; x_wconf 54' lang='grc' dir='ltr'>φύσει</span> <span class='ocrx_word' id='word_1_756' title='bbox 683 5288 1307 5371; x_wconf 43' lang='grc' dir='ltr'>ἀρχιερεύς-Ἀβρώνιθε</span> <span class='ocrx_word' id='word_1_757' title='bbox 1336 5291 1507 5361; x_wconf 86' lang='lat' dir='ltr'><strong>gratia</strong></span> <span class='ocrx_word' id='word_1_758' title='bbox 1536 5291 1629 5346; x_wconf 89' lang='lat' dir='ltr'><strong>Dei</strong></span> <span class='ocrx_word' id='word_1_759' title='bbox 1649 5299 1705 5346; x_wconf 89' lang='lat' dir='ltr'><strong>et</strong></span> 
     </span>
    </p>
   </div>
   <div class='ocr_carea' id='block_1_104' title="bbox 121 5357 1703 5429">
    <p class='ocr_par' dir='ltr' id='par_1_104' title="bbox 121 5357 1703 5429">
     <span class='ocr_line' id='line_1_107' title="bbox 121 5357 1703 5429; baseline 0.001 -15"><span class='ocrx_word' id='word_1_760' title='bbox 121 5357 437 5429; x_wconf 84' lang='lat' dir='ltr'><strong>adoptione</strong></span> <span class='ocrx_word' id='word_1_761' title='bbox 467 5357 974 5428; x_wconf 9' lang='lat' dir='ltr'><strong>pontiﬁces&#39;rﬁunt:</strong></span> <span class='ocrx_word' id='word_1_762' title='bbox 1005 5357 1259 5414; x_wconf 86' lang='lat' dir='ltr'><strong>Christus</strong></span> <span class='ocrx_word' id='word_1_763' title='bbox 1303 5357 1482 5414; x_wconf 79' lang='lat' dir='ltr'><strong>autem</strong></span> <span class='ocrx_word' id='word_1_764' title='bbox 1516 5377 1703 5417; x_wconf 78' lang='lat' dir='ltr'><strong>vocari</strong></span> 
     </span>
    </p>
   </div>
   <div class='ocr_carea' id='block_1_105' title="bbox 118 5429 1700 5500">
    <p class='ocr_par' dir='ltr' id='par_1_105' title="bbox 118 5429 1700 5500">
     <span class='ocr_line' id='line_1_108' title="bbox 118 5429 1700 5500; baseline 0.001 -17"><span class='ocrx_word' id='word_1_765' title='bbox 118 5438 317 5499; x_wconf 86' lang='lat' dir='ltr'><strong>potest</strong></span> <span class='ocrx_word' id='word_1_766' title='bbox 348 5438 545 5483; x_wconf 89' lang='lat' dir='ltr'><strong>natura</strong></span> <span class='ocrx_word' id='word_1_767' title='bbox 576 5429 837 5500; x_wconf 65' lang='lat' dir='ltr'><strong>pontifex,</strong></span> <span class='ocrx_word' id='word_1_768' title='bbox 857 5430 962 5483; x_wconf 86' lang='lat' dir='ltr'><strong>hoc</strong></span> <span class='ocrx_word' id='word_1_769' title='bbox 985 5436 1069 5500; x_wconf 86' lang='lat' dir='ltr'><strong>est</strong></span> <span class='ocrx_word' id='word_1_770' title='bbox 1088 5430 1499 5500; x_wconf 73' lang='lat' dir='ltr'><strong>proprietateac</strong></span> <span class='ocrx_word' id='word_1_771' title='bbox 1513 5441 1700 5485; x_wconf 85' lang='lat' dir='ltr'><strong>aucto-</strong></span> 
     </span>
    </p>
   </div>
   <div class='ocr_carea' id='block_1_106' title="bbox 118 5498 1697 5568">
    <p class='ocr_par' dir='ltr' id='par_1_106' title="bbox 118 5498 1697 5568">
     <span class='ocr_line' id='line_1_109' title="bbox 118 5498 1697 5568; baseline 0.001 -14"><span class='ocrx_word' id='word_1_772' title='bbox 118 5498 319 5561; x_wconf 72' lang='lat' dir='ltr'><strong>ritate,</strong></span> <span class='ocrx_word' id='word_1_773' title='bbox 348 5500 505 5568; x_wconf 78' lang='lat' dir='ltr'><strong>juxta</strong></span> <span class='ocrx_word' id='word_1_774' title='bbox 534 5498 665 5553; x_wconf 82' lang='lat' dir='ltr'><strong>illud</strong></span> <span class='ocrx_word' id='word_1_775' title='bbox 691 5499 1007 5554; x_wconf 83' lang='lat' dir='ltr'><strong>Tertulliani</strong></span> <span class='ocrx_word' id='word_1_776' title='bbox 1028 5498 1352 5552; x_wconf 56' lang='lat' dir='ltr'><strong>“adversus</strong></span> <span class='ocrx_word' id='word_1_777' title='bbox 1376 5498 1697 5555; x_wconf 79' lang='lat' dir='ltr'><strong>Marcionem</strong></span> 
     </span>
    </p>
   </div>
   <div class='ocr_carea' id='block_1_107' title="bbox 120 5568 1694 5639">
    <p class='ocr_par' dir='ltr' id='par_1_107' title="bbox 120 5568 1694 5639">
     <span class='ocr_line' id='line_1_110' title="bbox 120 5568 1694 5639; baseline -0.001 -14"><span class='ocrx_word' id='word_1_778' title='bbox 120 5571 197 5624; x_wconf 76' lang='lat'><strong>35</strong></span> <span class='ocrx_word' id='word_1_779' title='bbox 217 5589 231 5623; x_wconf 91' lang='lat'><strong>:</strong></span> <span class='ocrx_word' id='word_1_780' title='bbox 253 5569 597 5622; x_wconf 73' lang='lat' dir='ltr'><strong>Aulhenticus</strong></span> <span class='ocrx_word' id='word_1_781' title='bbox 621 5569 961 5637; x_wconf 74' lang='lat' dir='ltr'><strong>pontifexDei</strong></span> <span class='ocrx_word' id='word_1_782' title='bbox 984 5568 1188 5629; x_wconf 85' lang='lat' dir='ltr'><strong>Patris,</strong></span> <span class='ocrx_word' id='word_1_783' title='bbox 1214 5570 1443 5632; x_wconf 86' lang='lat' dir='ltr'><strong>etlib.v,</strong></span> <span class='ocrx_word' id='word_1_784' title='bbox 1472 5586 1589 5639; x_wconf 89' lang='lat' dir='ltr'><strong>cap.</strong></span> <span class='ocrx_word' id='word_1_785' title='bbox 1620 5573 1652 5626; x_wconf 89' lang='lat'><strong>9</strong></span> <span class='ocrx_word' id='word_1_786' title='bbox 1681 5591 1694 5626; x_wconf 87' lang='lat'><strong>:</strong></span> 
     </span>
    </p>
   </div>
   <div class='ocr_carea' id='block_1_108' title="bbox 118 5638 1694 5710">
    <p class='ocr_par' dir='ltr' id='par_1_108' title="bbox 118 5638 1694 5710">
     <span class='ocr_line' id='line_1_111' title="bbox 118 5638 1694 5710; baseline 0.002 -18"><span class='ocrx_word' id='word_1_787' title='bbox 118 5640 381 5710; x_wconf 78' lang='lat' dir='ltr'><strong>Christus</strong></span> <span class='ocrx_word' id='word_1_788' title='bbox 393 5640 632 5707; x_wconf 73' lang='lat' dir='ltr'><strong>proprius</strong></span> <span class='ocrx_word' id='word_1_789' title='bbox 644 5650 692 5693; x_wconf 83' lang='lat' dir='ltr'><strong>et</strong></span> <span class='ocrx_word' id='word_1_790' title='bbox 714 5640 973 5708; x_wconf 84' lang='lat' dir='ltr'><strong>legitimus</strong></span> <span class='ocrx_word' id='word_1_791' title='bbox 986 5638 1331 5710; x_wconf 76' lang='lat' dir='ltr'><strong>Deiautistcs,</strong></span> <span class='ocrx_word' id='word_1_792' title='bbox 1352 5655 1458 5694; x_wconf 90' lang='lat' dir='ltr'><strong>non</strong></span> <span class='ocrx_word' id='word_1_793' title='bbox 1474 5638 1694 5710; x_wconf 86' lang='lat' dir='ltr'><strong>quidem</strong></span> 
     </span>
    </p>
   </div>
   <div class='ocr_carea' id='block_1_109' title="bbox 197 5707 1697 5777">
    <p class='ocr_par' dir='ltr' id='par_1_109' title="bbox 197 5707 1697 5777">
     <span class='ocr_line' id='line_1_112' title="bbox 197 5707 1697 5777; baseline 0.003 -15"><span class='ocrx_word' id='word_1_794' title='bbox 197 5724 229 5762; x_wconf 90' lang='lat' dir='ltr'><strong>r</strong></span> <span class='ocrx_word' id='word_1_795' title='bbox 250 5707 616 5777; x_wconf 82' lang='lat' dir='ltr'><strong>divinitatem.</strong></span> <span class='ocrx_word' id='word_1_796' title='bbox 641 5707 856 5777; x_wconf 83' lang='lat' dir='ltr'><strong>proprie</strong></span> <span class='ocrx_word' id='word_1_797' title='bbox 868 5708 1137 5777; x_wconf 87' lang='lat' dir='ltr'><strong>loquendo</strong></span> <span class='ocrx_word' id='word_1_798' title='bbox 1164 5727 1175 5763; x_wconf 93' lang='lat'><strong>:</strong></span> <span class='ocrx_word' id='word_1_799' title='bbox 1208 5710 1351 5777; x_wconf 86' lang='lat' dir='ltr'><strong>quod</strong></span> <span class='ocrx_word' id='word_1_800' title='bbox 1366 5707 1616 5765; x_wconf 82' lang='lat' dir='ltr'><strong>Arianiee</strong></span> <span class='ocrx_word' id='word_1_801' title='bbox 1630 5713 1697 5766; x_wconf 90' lang='lat' dir='ltr'><strong>ab</strong></span> 
     </span>
    </p>
   </div>
   <div class='ocr_carea' id='block_1_110' title="bbox 148 5775 1690 5851">
    <p class='ocr_par' dir='ltr' id='par_1_110' title="bbox 148 5775 1690 5851">
     <span class='ocr_line' id='line_1_113' title="bbox 148 5775 1690 5851; baseline 0.003 -19"><span class='ocrx_word' id='word_1_802' title='bbox 148 5778 371 5835; x_wconf 64' lang='lat' dir='ltr'><strong>Eusebio</strong></span> <span class='ocrx_word' id='word_1_803' title='bbox 396 5786 520 5847; x_wconf 83' lang='lat' dir='ltr'><strong>post</strong></span> <span class='ocrx_word' id='word_1_804' title='bbox 552 5775 835 5848; x_wconf 58' lang='lat' dir='ltr'><strong>Origen&#39;em</strong></span> <span class='ocrx_word' id='word_1_805' title='bbox 859 5775 1145 5845; x_wconf 81' lang='lat' dir='ltr'><strong>asseritur,</strong></span> <span class='ocrx_word' id='word_1_806' title='bbox 1166 5775 1443 5837; x_wconf 79' lang='lat' dir='ltr'><strong>Catholice</strong></span> <span class='ocrx_word' id='word_1_807' title='bbox 1463 5790 1690 5851; x_wconf 79' lang='lat' dir='ltr'><strong>negatur</strong></span> 
     </span>
    </p>
   </div>
   <div class='ocr_carea' id='block_1_111' title="bbox 1801 4588 3357 4665">
    <p class='ocr_par' dir='ltr' id='par_1_111' title="bbox 1801 4588 3357 4665">
     <span class='ocr_line' id='line_1_114' title="bbox 1801 4588 3357 4665; baseline -0.006 -17"><span class='ocrx_word' id='word_1_808' title='bbox 1801 4593 2211 4665; x_wconf 68' lang='lat' dir='ltr'><strong>Chrysostorni;</strong></span> <span class='ocrx_word' id='word_1_809' title='bbox 2244 4592 2338 4647; x_wconf 91' lang='lat' dir='ltr'><strong>sed</strong></span> <span class='ocrx_word' id='word_1_810' title='bbox 2367 4608 2463 4665; x_wconf 80' lang='lat' dir='ltr'><strong>per</strong></span> <span class='ocrx_word' id='word_1_811' title='bbox 2484 4606 2726 4665; x_wconf 60' lang='lat' dir='ltr'><strong>carnem,</strong></span> <span class='ocrx_word' id='word_1_812' title='bbox 2759 4598 2816 4641; x_wconf 90' lang='lat' dir='ltr'><strong>ut</strong></span> <span class='ocrx_word' id='word_1_813' title='bbox 2843 4589 2917 4640; x_wconf 92' lang='lat' dir='ltr'><strong>ait</strong></span> <span class='ocrx_word' id='word_1_814' title='bbox 2942 4588 3081 4665; x_wconf 80' lang='lat' dir='ltr'><strong>idem</strong></span> <span class='ocrx_word' id='word_1_815' title='bbox 3103 4588 3357 4665; x_wconf 68' lang='lat' dir='ltr'><strong>scriptor,</strong></span> 
     </span>
    </p>
   </div>
   <div class='ocr_carea' id='block_1_112' title="bbox 1802 4656 3357 4724">
    <p class='ocr_par' dir='ltr' id='par_1_112' title="bbox 1802 4656 3357 4724">
     <span class='ocr_line' id='line_1_115' title="bbox 1802 4656 3357 4724; baseline -0.006 -6"><span class='ocrx_word' id='word_1_816' title='bbox 1802 4656 2022 4719; x_wconf 74' lang='lat' dir='ltr'><strong>secutus</strong></span> <span class='ocrx_word' id='word_1_817' title='bbox 2044 4662 2103 4718; x_wconf 89' lang='lat' dir='ltr'><strong>S.</strong></span> <span class='ocrx_word' id='word_1_818' title='bbox 2135 4656 2489 4717; x_wconf 76' lang='lat' dir='ltr'><strong>Athanasium</strong></span> <span class='ocrx_word' id='word_1_819' title='bbox 2521 4661 2575 4715; x_wconf 92' lang='lat' dir='ltr'><strong>in</strong></span> <span class='ocrx_word' id='word_1_820' title='bbox 2604 4660 2811 4722; x_wconf 87' lang='lat' dir='ltr'><strong>majore</strong></span> <span class='ocrx_word' id='word_1_821' title='bbox 2847 4658 3093 4711; x_wconf 89' lang='lat' dir='ltr'><strong>oratione</strong></span> <span class='ocrx_word' id='word_1_822' title='bbox 3130 4656 3203 4708; x_wconf 85' lang='lat' dir='ltr'><strong>De</strong></span> <span class='ocrx_word' id='word_1_823' title='bbox 3231 4657 3357 4724; x_wconf 81' lang='lat' dir='ltr'><strong>ﬁde,</strong></span> 
     </span>
    </p>
   </div>
   <div class='ocr_carea' id='block_1_113' title="bbox 1801 4726 3353 4802">
    <p class='ocr_par' dir='ltr' id='par_1_113' title="bbox 1801 4726 3353 4802">
     <span class='ocr_line' id='line_1_116' title="bbox 1801 4726 3353 4802; baseline -0.006 -16"><span class='ocrx_word' id='word_1_824' title='bbox 1801 4734 1942 4802; x_wconf 90' lang='lat' dir='ltr'><strong>apud</strong></span> <span class='ocrx_word' id='word_1_825' title='bbox 1957 4733 2367 4797; x_wconf 87' lang='lat' dir='ltr'><strong>Theodoritum,</strong></span> <span class='ocrx_word' id='word_1_826' title='bbox 2387 4732 2598 4802; x_wconf 88' lang='lat' dir='ltr'><strong>dialogo</strong></span> <span class='ocrx_word' id='word_1_827' title='bbox 2612 4730 2666 4783; x_wconf 73' lang='lat'><strong>2.</strong></span> <span class='ocrx_word' id='word_1_828' title='bbox 2690 4728 2805 4782; x_wconf 77' lang='lat' dir='ltr'><strong>Dixi</strong></span> <span class='ocrx_word' id='word_1_829' title='bbox 2824 4726 3353 4802; x_wconf 61' lang='lat' dir='ltr'><strong>proprieloquemlo;</strong></span> 
     </span>
    </p>
   </div>
   <div class='ocr_carea' id='block_1_114' title="bbox 1801 4793 3357 4877">
    <p class='ocr_par' dir='ltr' id='par_1_114' title="bbox 1801 4793 3357 4877">
     <span class='ocr_line' id='line_1_117' title="bbox 1801 4793 3357 4877; baseline -0.004 -21"><span class='ocrx_word' id='word_1_830' title='bbox 1801 4793 1947 4877; x_wconf 75' lang='lat' dir='ltr'><strong>quia,</strong></span> <span class='ocrx_word' id='word_1_831' title='bbox 1979 4803 2143 4877; x_wconf 80' lang='lat' dir='ltr'><strong>latius</strong></span> <span class='ocrx_word' id='word_1_832' title='bbox 2164 4793 2463 4877; x_wconf 68' lang='lat' dir='ltr'><strong>acceptum</strong></span> <span class='ocrx_word' id='word_1_833' title='bbox 2488 4793 2683 4877; x_wconf 61' lang='lat' dir='ltr'><strong>nomen</strong></span> <span class='ocrx_word' id='word_1_834' title='bbox 2716 4793 3015 4877; x_wconf 68' lang='lat' dir='ltr'><strong>pontiﬁcis,</strong></span> <span class='ocrx_word' id='word_1_835' title='bbox 3047 4793 3227 4877; x_wconf 71' lang='lat' dir='ltr'><strong>_Verbo</strong></span> <span class='ocrx_word' id='word_1_836' title='bbox 3263 4794 3357 4877; x_wconf 82' lang='lat' dir='ltr'><strong>Dei</strong></span> 
     </span>
    </p>
   </div>
   <div class='ocr_carea' id='block_1_115' title="bbox 1802 4866 3393 4942">
    <p class='ocr_par' dir='ltr' id='par_1_115' title="bbox 1802 4866 3393 4942">
     <span class='ocr_line' id='line_1_118' title="bbox 1802 4866 3393 4942; baseline -0.006 -16"><span class='ocrx_word' id='word_1_837' title='bbox 1802 4866 1909 4928; x_wconf 78' lang='lat' dir='ltr'><strong>non</strong></span> <span class='ocrx_word' id='word_1_838' title='bbox 1934 4866 2460 4942; x_wconf 62' lang='lat' dir='ltr'><strong>impietribuefetur,</strong></span> <span class='ocrx_word' id='word_1_839' title='bbox 2479 4866 2763 4942; x_wconf 73' lang='lat' dir='ltr'><strong>etChristo</strong></span> <span class='ocrx_word' id='word_1_840' title='bbox 2793 4866 3354 4942; x_wconf 75' lang='lat' dir='ltr'><strong>nondum_in_carnato,</strong></span> <span class='ocrx_word' id='word_1_841' title='bbox 3386 4909 3393 4917; x_wconf 87' lang='lat'><strong>.</strong></span> 
     </span>
    </p>
   </div>
   <div class='ocr_carea' id='block_1_116' title="bbox 1803 4934 3356 5012">
    <p class='ocr_par' dir='ltr' id='par_1_116' title="bbox 1803 4934 3356 5012">
     <span class='ocr_line' id='line_1_119' title="bbox 1803 4934 3356 5012; baseline -0.006 -15"><span class='ocrx_word' id='word_1_842' title='bbox 1803 4951 1863 4997; x_wconf 90' lang='lat' dir='ltr'><strong>ut</strong></span> <span class='ocrx_word' id='word_1_843' title='bbox 1892 4934 2282 4998; x_wconf 72' lang='lat' dir='ltr'><strong>charismatum</strong></span> <span class='ocrx_word' id='word_1_844' title='bbox 2308 4952 2655 5012; x_wconf 77' lang='lat' dir='ltr'><strong>paternorum</strong></span> <span class='ocrx_word' id='word_1_845' title='bbox 2677 4977 2692 5002; x_wconf 90' lang='lat'><strong>,</strong></span> <span class='ocrx_word' id='word_1_846' title='bbox 2718 4938 2983 5012; x_wconf 67' lang='lat' dir='ltr'><strong>donorum</strong></span> <span class='ocrx_word' id='word_1_847' title='bbox 3014 4934 3106 5012; x_wconf 76' lang='lat' dir='ltr'><strong>Dei</strong></span> <span class='ocrx_word' id='word_1_848' title='bbox 3139 4936 3356 4990; x_wconf 78' lang='lat' dir='ltr'><strong>univer-</strong></span> 
     </span>
    </p>
   </div>
   <div class='ocr_carea' id='block_1_117' title="bbox 1802 5004 3356 5075">
    <p class='ocr_par' dir='ltr' id='par_1_117' title="bbox 1802 5004 3356 5075">
     <span class='ocr_line' id='line_1_120' title="bbox 1802 5004 3356 5075; baseline -0.008 -6"><span class='ocrx_word' id='word_1_849' title='bbox 1802 5014 1904 5069; x_wconf 90' lang='lat' dir='ltr'><strong>sali</strong></span> <span class='ocrx_word' id='word_1_850' title='bbox 1939 5004 2669 5067; x_wconf 46' lang='lat' dir='ltr'><strong>distributorifCatholicum</strong></span> <span class='ocrx_word' id='word_1_851' title='bbox 2710 5006 2892 5059; x_wconf 77' lang='lat' dir='ltr'><strong>Patris</strong></span> <span class='ocrx_word' id='word_1_852' title='bbox 2916 5004 3234 5059; x_wconf 77' lang='lat' dir='ltr'><strong>sacerdotem</strong></span> <span class='ocrx_word' id='word_1_853' title='bbox 3260 5020 3356 5075; x_wconf 86' lang='lat' dir='ltr'><strong>ap—</strong></span> 
     </span>
    </p>
   </div>
   <div class='ocr_carea' id='block_1_118' title="bbox 1802 5076 3355 5152">
    <p class='ocr_par' dir='ltr' id='par_1_118' title="bbox 1802 5076 3355 5152">
     <span class='ocr_line' id='line_1_121' title="bbox 1802 5076 3355 5152; baseline -0.007 -15"><span class='ocrx_word' id='word_1_854' title='bbox 1802 5084 1965 5152; x_wconf 88' lang='lat' dir='ltr'><strong>pellat</strong></span> <span class='ocrx_word' id='word_1_855' title='bbox 1994 5082 2361 5152; x_wconf 73' lang='lat' dir='ltr'><strong>Tertulliantus</strong></span> <span class='ocrx_word' id='word_1_856' title='bbox 2390 5080 2608 5134; x_wconf 75' lang='lat' dir='ltr'><strong>ivcitati</strong></span> <span class='ocrx_word' id='word_1_857' title='bbox 2638 5077 2830 5152; x_wconf 83' lang='lat' dir='ltr'><strong>Operis</strong></span> <span class='ocrx_word' id='word_1_858' title='bbox 2851 5076 2941 5152; x_wconf 79' lang='lat' dir='ltr'><strong>lib.</strong></span> <span class='ocrx_word' id='word_1_859' title='bbox 2969 5090 3088 5152; x_wconf 69' lang='lat' dir='ltr'><strong>cap.</strong></span> <span class='ocrx_word' id='word_1_860' title='bbox 3114 5076 3355 5152; x_wconf 44' lang='lat' dir='ltr'><strong>9;_(1erte</strong></span> 
     </span>
    </p>
   </div>
   <div class='ocr_carea' id='block_1_119' title="bbox 1803 5144 3352 5224">
    <p class='ocr_par' dir='ltr' id='par_1_119' title="bbox 1803 5144 3352 5224">
     <span class='ocr_line' id='line_1_122' title="bbox 1803 5144 3352 5224; baseline -0.006 -16"><span class='ocrx_word' id='word_1_861' title='bbox 1803 5144 2037 5224; x_wconf 66' lang='lat' dir='ltr'><strong>Cyrinus</strong></span> <span class='ocrx_word' id='word_1_862' title='bbox 2062 5150 2616 5224; x_wconf 77' lang='lat' dir='ltr'><strong>Hierosolymitanus.</strong></span> <span class='ocrx_word' id='word_1_863' title='bbox 2655 5144 2989 5224; x_wconf 78' lang='lat' dir='ltr'><strong>incateehesi</strong></span> <span class='ocrx_word' id='word_1_864' title='bbox 3146 5144 3352 5224; x_wconf 64' lang='lat' dir='ltr'><strong>Christi</strong></span> 
     </span>
    </p>
   </div>
   <div class='ocr_carea' id='block_1_120' title="bbox 1806 5215 3351 5285">
    <p class='ocr_par' dir='ltr' id='par_1_120' title="bbox 1806 5215 3351 5285">
     <span class='ocr_line' id='line_1_123' title="bbox 1806 5215 3351 5285; baseline -0.004 -9"><span class='ocrx_word' id='word_1_865' title='bbox 1806 5215 2169 5277; x_wconf 77' lang='lat' dir='ltr'><strong>sacerdotium</strong></span> <span class='ocrx_word' id='word_1_866' title='bbox 2187 5222 2299 5275; x_wconf 84' lang='lat' dir='ltr'><strong>vult</strong></span> <span class='ocrx_word' id='word_1_867' title='bbox 2313 5215 2433 5274; x_wconf 74' lang='lat' dir='ltr'><strong>esse</strong></span> <span class='ocrx_word' id='word_1_868' title='bbox 2449 5230 2732 5280; x_wconf 68' lang='lat' dir='ltr'><strong>aeternum,</strong></span> <span class='ocrx_word' id='word_1_869' title='bbox 2747 5218 2951 5285; x_wconf 84' lang='lat' dir='ltr'><strong>absque</strong></span> <span class='ocrx_word' id='word_1_870' title='bbox 2968 5216 3123 5268; x_wconf 90' lang='lat' dir='ltr'><strong>initio</strong></span> <span class='ocrx_word' id='word_1_871' title='bbox 3140 5230 3202 5268; x_wconf 86' lang='lat' dir='ltr'><strong>ac</strong></span> <span class='ocrx_word' id='word_1_872' title='bbox 3227 5215 3351 5271; x_wconf 88' lang='lat' dir='ltr'><strong>ﬁne.</strong></span> 
     </span>
    </p>
   </div>
   <div class='ocr_carea' id='block_1_121' title="bbox 1805 5285 3353 5359">
    <p class='ocr_par' dir='ltr' id='par_1_121' title="bbox 1805 5285 3353 5359">
     <span class='ocr_line' id='line_1_124' title="bbox 1805 5285 3353 5359; baseline -0.005 -13"><span class='ocrx_word' id='word_1_873' title='bbox 1805 5291 1865 5346; x_wconf 86' lang='lat' dir='ltr'><strong>In</strong></span> <span class='ocrx_word' id='word_1_874' title='bbox 1892 5292 2168 5346; x_wconf 80' lang='lat' dir='ltr'><strong>Anastasii</strong></span> <span class='ocrx_word' id='word_1_875' title='bbox 2199 5290 2541 5345; x_wconf 82' lang='lat' dir='ltr'><strong>Callectaneis</strong></span> <span class='ocrx_word' id='word_1_876' title='bbox 2564 5305 2617 5359; x_wconf 90' lang='lat' dir='ltr'><strong>p.</strong></span> <span class='ocrx_word' id='word_1_877' title='bbox 2640 5287 2774 5341; x_wconf 66' lang='grc' dir='ltr'><strong>ηδε</strong></span> <span class='ocrx_word' id='word_1_878' title='bbox 2801 5287 2966 5359; x_wconf 67' lang='lat' dir='ltr'><strong>Unius</strong></span> <span class='ocrx_word' id='word_1_879' title='bbox 2995 5297 3186 5338; x_wconf 84' lang='lat' dir='ltr'><strong>natura</strong></span> <span class='ocrx_word' id='word_1_880' title='bbox 3217 5285 3353 5356; x_wconf 79' lang='lat' dir='ltr'><strong>regis</strong></span> 
     </span>
    </p>
   </div>
   <div class='ocr_carea' id='block_1_122' title="bbox 1808 5356 3353 5425">
    <p class='ocr_par' dir='ltr' id='par_1_122' title="bbox 1808 5356 3353 5425">
     <span class='ocr_line' id='line_1_125' title="bbox 1808 5356 3353 5425; baseline -0.006 -9"><span class='ocrx_word' id='word_1_881' title='bbox 1808 5374 2115 5416; x_wconf 84' lang='lat' dir='ltr'><strong>cunctorum</strong></span> <span class='ocrx_word' id='word_1_882' title='bbox 2174 5360 2304 5425; x_wconf 90' lang='lat' dir='ltr'><strong>Dei,</strong></span> <span class='ocrx_word' id='word_1_883' title='bbox 2338 5370 2528 5413; x_wconf 86' lang='lat' dir='ltr'><strong>natura</strong></span> <span class='ocrx_word' id='word_1_884' title='bbox 2566 5356 2739 5413; x_wconf 67' lang='lat' dir='ltr'><strong>etiam</strong></span> <span class='ocrx_word' id='word_1_885' title='bbox 2769 5358 2830 5411; x_wconf 86' lang='lat' dir='ltr'><strong>ob</strong></span> <span class='ocrx_word' id='word_1_886' title='bbox 2862 5356 3087 5409; x_wconf 79' lang='lat' dir='ltr'><strong>salutem</strong></span> <span class='ocrx_word' id='word_1_887' title='bbox 3116 5366 3353 5425; x_wconf 66' lang='lat' dir='ltr'><strong>nostram</strong></span> 
     </span>
    </p>
   </div>
   <div class='ocr_carea' id='block_1_123' title="bbox 1797 5422 3351 5500">
    <p class='ocr_par' dir='ltr' id='par_1_123' title="bbox 1797 5422 3351 5500">
     <span class='ocr_line' id='line_1_126' title="bbox 1797 5422 3351 5500; baseline -0.004 -14"><span class='ocrx_word' id='word_1_888' title='bbox 1797 5432 2061 5500; x_wconf 79' lang='lat' dir='ltr'><strong>pontiﬁcis</strong></span> <span class='ocrx_word' id='word_1_889' title='bbox 2112 5431 2262 5500; x_wconf 78' lang='lat' dir='ltr'><strong>facti,</strong></span> <span class='ocrx_word' id='word_1_890' title='bbox 2291 5422 2428 5484; x_wconf 68' lang='lat' dir='ltr'><strong>unus</strong></span> <span class='ocrx_word' id='word_1_891' title='bbox 2470 5438 2582 5500; x_wconf 30' lang='lat' dir='ltr'><strong>erAat</strong></span> <span class='ocrx_word' id='word_1_892' title='bbox 2607 5439 2772 5500; x_wconf 54' lang='lat' dir='ltr'><strong>typus</strong></span> <span class='ocrx_word' id='word_1_893' title='bbox 2815 5425 3207 5500; x_wconf 51' lang='lat' dir='ltr'><strong>Melchisedech.</strong></span> <span class='ocrx_word' id='word_1_894' title='bbox 3273 5422 3351 5500; x_wconf 69' lang='lat' dir='ltr'><strong>In.</strong></span> 
     </span>
    </p>
   </div>
   <div class='ocr_carea' id='block_1_124' title="bbox 1870 5493 3353 5572">
    <p class='ocr_par' dir='ltr' id='par_1_124' title="bbox 1870 5493 3353 5572">
     <span class='ocr_line' id='line_1_127' title="bbox 1870 5493 3353 5572; baseline -0.005 -17"><span class='ocrx_word' id='word_1_895' title='bbox 1870 5493 1981 5572; x_wconf 76' lang='lat'><strong>(97)</strong></span> <span class='ocrx_word' id='word_1_896' title='bbox 2028 5505 2087 5554; x_wconf 90' lang='lat'><strong>&#39;0</strong></span> <span class='ocrx_word' id='word_1_897' title='bbox 2112 5493 2464 5567; x_wconf 62' lang='grc' dir='ltr'>πιστεύσας.</span> <span class='ocrx_word' id='word_1_898' title='bbox 2508 5493 2864 5553; x_wconf 59' lang='grc' dir='ltr'>ϐοᾶῘῪίῐιό.</span> <span class='ocrx_word' id='word_1_899' title='bbox 2918 5496 3025 5557; x_wconf 79' lang='grc' dir='ltr'>πᾶς</span> <span class='ocrx_word' id='word_1_900' title='bbox 3063 5499 3091 5550; x_wconf 89' lang='lat'><strong>6</strong></span> <span class='ocrx_word' id='word_1_901' title='bbox 3130 5493 3353 5548; x_wconf 89' lang='grc' dir='ltr'>πιστεύ-</span> 
     </span>
    </p>
   </div>
   <div class='ocr_carea' id='block_1_125' title="bbox 1799 5572 2112 5634">
    <p class='ocr_par' dir='ltr' id='par_1_125' title="bbox 1799 5572 2112 5634">
     <span class='ocr_line' id='line_1_128' title="bbox 1799 5572 2112 5634; baseline 0 -9"><span class='ocrx_word' id='word_1_902' title='bbox 1799 5590 1916 5634; x_wconf 86' lang='grc' dir='ltr'>σας.</span> <span class='ocrx_word' id='word_1_903' title='bbox 1946 5572 2112 5625; x_wconf 71' lang='lat' dir='ltr'><strong>CLI-In.</strong></span> 
     </span>
    </p>
   </div>
   <div class='ocr_carea' id='block_1_126' title="bbox 1870 5636 3354 5711">
    <p class='ocr_par' dir='ltr' id='par_1_126' title="bbox 1870 5636 3354 5711">
     <span class='ocr_line' id='line_1_129' title="bbox 1870 5636 3354 5711; baseline -0.005 -16"><span class='ocrx_word' id='word_1_904' title='bbox 1870 5642 1984 5711; x_wconf 88' lang='grc'>(98)</span> <span class='ocrx_word' id='word_1_905' title='bbox 2015 5640 2336 5709; x_wconf 62' lang='grc' dir='ltr'>Στέφανος,</span> <span class='ocrx_word' id='word_1_906' title='bbox 2370 5638 2625 5711; x_wconf 71' lang='lat' dir='ltr'><strong>Scholion</strong></span> <span class='ocrx_word' id='word_1_907' title='bbox 2656 5637 3029 5711; x_wconf 29' lang='lat' dir='ltr'><strong>bic_additur‘:</strong></span> <span class='ocrx_word' id='word_1_908' title='bbox 3052 5638 3220 5690; x_wconf 89' lang='grc' dir='ltr'>Ποίαν</span> <span class='ocrx_word' id='word_1_909' title='bbox 3224 5636 3354 5711; x_wconf 48' lang='grc' dir='ltr'>δια-</span> 
     </span>
    </p>
   </div>
   <div class='ocr_carea' id='block_1_127' title="bbox 1798 5703 3352 5834">
    <p class='ocr_par' dir='ltr' id='par_1_127' title="bbox 1798 5703 3352 5834">
     <span class='ocr_line' id='line_1_130' title="bbox 1798 5703 3352 5834; baseline -0.006 -68"><span class='ocrx_word' id='word_1_910' title='bbox 1798 5703 1980 5766; x_wconf 75' lang='grc' dir='ltr'>κονίαν</span> <span class='ocrx_word' id='word_1_911' title='bbox 2008 5703 2153 5834; x_wconf 49' lang='grc' dir='ltr'>λέγει</span> <span class='ocrx_word' id='word_1_912' title='bbox 2180 5703 2580 5782; x_wconf 76' lang='grc' dir='ltr'>ἐγχειρισθῆναι</span> <span class='ocrx_word' id='word_1_913' title='bbox 2624 5708 2714 5762; x_wconf 87' lang='grc' dir='ltr'>τὸν</span> <span class='ocrx_word' id='word_1_914' title='bbox 2743 5707 2897 5777; x_wconf 79' lang='grc' dir='ltr'>ἀγιον</span> <span class='ocrx_word' id='word_1_915' title='bbox 2937 5706 3188 5778; x_wconf 72' lang='grc' dir='ltr'>μάρτυρα</span> <span class='ocrx_word' id='word_1_916' title='bbox 3223 5703 3352 5757; x_wconf 76' lang='grc' dir='ltr'><strong>Στέ-</strong></span> 
     </span>
     <span class='ocr_line' id='line_1_131' title="bbox 1798 5798 2085 5834; baseline 0 0"><span class='ocrx_word' id='word_1_917' title='bbox 1798 5799 1976 5834; x_wconf 69' lang='grc' dir='ltr'>φανον.</span> <span class='ocrx_word' id='word_1_918' title='bbox 2031 5798 2085 5834; x_wconf 80' lang='lat' dir='ltr'><strong>o.</strong></span> 
     </span>
    </p>
   </div>
   <div class='ocr_carea' id='block_1_128' title="bbox 1796 5798 2085 5852">
    <p class='ocr_par' dir='ltr' id='par_1_128' title="bbox 1796 5798 2085 5852">
     <span class='ocr_line' id='line_1_132' title="bbox 1796 5798 2085 5852; baseline 0.007 -17"><span class='ocrx_word' id='word_1_919' title='bbox 1796 5799 1976 5852; x_wconf 73' lang='grc' dir='ltr'>φανόν.</span> <span class='ocrx_word' id='word_1_920' title='bbox 2011 5798 2085 5837; x_wconf 80' lang='grc' dir='ltr'><strong>ω.</strong></span> 
     </span>
    </p>
   </div>
  </div>
