  <div class='ocr_page' id='page_1' title='image "/cluster/home/n/w/nwhite01/storage/ocr_20150623/1 (St. Clemens; pt. 1)/nyp.33433019854052/589.png"; bbox 0 0 3872 6388; ppageno 0'>
   <div class='ocr_carea' id='block_1_1' title="bbox 433 322 571 380">
    <p class='ocr_par' dir='ltr' id='par_1_1' title="bbox 433 322 571 380">
     <span class='ocr_line' id='line_1_1' title="bbox 433 322 571 380; baseline 0 0"><span class='ocrx_word' id='word_1_1' title='bbox 433 322 571 380; x_wconf 81' lang='grc'>1159</span> 
     </span>
    </p>
   </div>
   <div class='ocr_carea' id='block_1_2' title="bbox 497 529 1471 602">
    <p class='ocr_par' dir='ltr' id='par_1_2' title="bbox 497 529 1471 602">
     <span class='ocr_line' id='line_1_2' title="bbox 497 529 1471 602; baseline -0.003 -18"><span class='ocrx_word' id='word_1_2' title='bbox 497 530 730 599; x_wconf 74' lang='lat' dir='ltr'><strong>Quidam</strong></span> <span class='ocrx_word' id='word_1_3' title='bbox 764 545 929 602; x_wconf 90' lang='lat' dir='ltr'><strong>porro</strong></span> <span class='ocrx_word' id='word_1_4' title='bbox 969 530 1073 585; x_wconf 88' lang='lat' dir='ltr'><strong>alia</strong></span> <span class='ocrx_word' id='word_1_5' title='bbox 1106 529 1269 582; x_wconf 76' lang='lat' dir='ltr'><strong>etiam</strong></span> <span class='ocrx_word' id='word_1_6' title='bbox 1304 542 1471 598; x_wconf 80' lang='lat' dir='ltr'><strong>Opera</strong></span> 
     </span>
    </p>
   </div>
   <div class='ocr_carea' id='block_1_3' title="bbox 429 619 1472 694">
    <p class='ocr_par' dir='ltr' id='par_1_3' title="bbox 429 619 1472 694">
     <span class='ocr_line' id='line_1_3' title="bbox 429 619 1472 694; baseline -0.003 -17"><span class='ocrx_word' id='word_1_7' title='bbox 429 623 642 694; x_wconf 89' lang='lat' dir='ltr'><strong>prolixa</strong></span> <span class='ocrx_word' id='word_1_8' title='bbox 690 630 746 678; x_wconf 92' lang='lat' dir='ltr'><strong>et</strong></span> <span class='ocrx_word' id='word_1_9' title='bbox 790 624 1015 693; x_wconf 87' lang='lat' dir='ltr'><strong>copiosa</strong></span> <span class='ocrx_word' id='word_1_10' title='bbox 1064 620 1168 676; x_wconf 87' lang='lat' dir='ltr'><strong>sub</strong></span> <span class='ocrx_word' id='word_1_11' title='bbox 1196 619 1319 690; x_wconf 87' lang='lat' dir='ltr'><strong>ejus</strong></span> <span class='ocrx_word' id='word_1_12' title='bbox 1367 635 1472 675; x_wconf 84' lang='lat' dir='ltr'><strong>no—</strong></span> 
     </span>
    </p>
   </div>
   <div class='ocr_carea' id='block_1_4' title="bbox 429 712 1472 771">
    <p class='ocr_par' dir='ltr' id='par_1_4' title="bbox 429 712 1472 771">
     <span class='ocr_line' id='line_1_4' title="bbox 429 712 1472 771; baseline -0.002 0"><span class='ocrx_word' id='word_1_13' title='bbox 429 716 577 771; x_wconf 80' lang='lat' dir='ltr'><strong>mine</strong></span> <span class='ocrx_word' id='word_1_14' title='bbox 605 714 719 769; x_wconf 90' lang='lat' dir='ltr'><strong>beri</strong></span> <span class='ocrx_word' id='word_1_15' title='bbox 749 729 815 769; x_wconf 91' lang='lat' dir='ltr'><strong>ac</strong></span> <span class='ocrx_word' id='word_1_16' title='bbox 848 713 1247 769; x_wconf 74' lang='lat' dir='ltr'><strong>nudiustertius</strong></span> <span class='ocrx_word' id='word_1_17' title='bbox 1284 713 1341 768; x_wconf 90' lang='lat' dir='ltr'><strong>in</strong></span> <span class='ocrx_word' id='word_1_18' title='bbox 1389 712 1472 769; x_wconf 89' lang='lat' dir='ltr'><strong>lu-</strong></span> 
     </span>
    </p>
   </div>
   <div class='ocr_carea' id='block_1_5' title="bbox 430 799 1470 874">
    <p class='ocr_par' dir='ltr' id='par_1_5' title="bbox 430 799 1470 874">
     <span class='ocr_line' id='line_1_5' title="bbox 430 799 1470 874; baseline -0.002 -17"><span class='ocrx_word' id='word_1_19' title='bbox 430 818 548 859; x_wconf 88' lang='lat' dir='ltr'><strong>cem</strong></span> <span class='ocrx_word' id='word_1_20' title='bbox 606 803 989 874; x_wconf 89' lang='lat' dir='ltr'><strong>protulerunt:</strong></span> <span class='ocrx_word' id='word_1_21' title='bbox 1044 809 1174 872; x_wconf 90' lang='lat' dir='ltr'><strong>puta</strong></span> <span class='ocrx_word' id='word_1_22' title='bbox 1222 799 1367 855; x_wconf 84' lang='lat' dir='ltr'><strong>Petri</strong></span> <span class='ocrx_word' id='word_1_23' title='bbox 1414 808 1470 857; x_wconf 89' lang='lat' dir='ltr'><strong>et</strong></span> 
     </span>
    </p>
   </div>
   <div class='ocr_carea' id='block_1_6' title="bbox 430 892 1468 965">
    <p class='ocr_par' dir='ltr' id='par_1_6' title="bbox 430 892 1468 965">
     <span class='ocr_line' id='line_1_6' title="bbox 430 892 1468 965; baseline -0.003 -18"><span class='ocrx_word' id='word_1_24' title='bbox 430 894 659 965; x_wconf 84' lang='lat' dir='ltr'><strong>Apionis</strong></span> <span class='ocrx_word' id='word_1_25' title='bbox 724 892 1175 963; x_wconf 71' lang='lat' dir='ltr'><strong>disputationes;</strong></span> <span class='ocrx_word' id='word_1_26' title='bbox 1233 907 1468 961; x_wconf 74' lang='lat' dir='ltr'><strong>Quorum</strong></span> 
     </span>
    </p>
   </div>
   <div class='ocr_carea' id='block_1_7' title="bbox 431 983 1471 1056">
    <p class='ocr_par' dir='ltr' id='par_1_7' title="bbox 431 983 1471 1056">
     <span class='ocr_line' id='line_1_7' title="bbox 431 983 1471 1056; baseline 0 -19"><span class='ocrx_word' id='word_1_27' title='bbox 431 985 575 1056; x_wconf 88' lang='lat' dir='ltr'><strong>apud</strong></span> <span class='ocrx_word' id='word_1_28' title='bbox 620 983 878 1055; x_wconf 87' lang='lat' dir='ltr'><strong>antiquos</strong></span> <span class='ocrx_word' id='word_1_29' title='bbox 925 983 1073 1037; x_wconf 91' lang='lat' dir='ltr'><strong>nulla</strong></span> <span class='ocrx_word' id='word_1_30' title='bbox 1121 983 1346 1037; x_wconf 86' lang='lat' dir='ltr'><strong>omnino</strong></span> <span class='ocrx_word' id='word_1_31' title='bbox 1375 997 1471 1037; x_wconf 81' lang='lat' dir='ltr'><strong>ex—</strong></span> 
     </span>
    </p>
   </div>
   <div class='ocr_carea' id='block_1_8' title="bbox 430 1074 1471 1146">
    <p class='ocr_par' dir='ltr' id='par_1_8' title="bbox 430 1074 1471 1146">
     <span class='ocr_line' id='line_1_8' title="bbox 430 1074 1471 1146; baseline -0.006 -13"><span class='ocrx_word' id='word_1_32' title='bbox 430 1084 539 1133; x_wconf 89' lang='lat' dir='ltr'><strong>stat</strong></span> <span class='ocrx_word' id='word_1_33' title='bbox 577 1078 801 1131; x_wconf 86' lang='lat' dir='ltr'><strong>mentio.</strong></span> <span class='ocrx_word' id='word_1_34' title='bbox 832 1075 1017 1146; x_wconf 84' lang='lat' dir='ltr'><strong>Neque</strong></span> <span class='ocrx_word' id='word_1_35' title='bbox 1058 1075 1204 1130; x_wconf 89' lang='lat' dir='ltr'><strong>enim</strong></span> <span class='ocrx_word' id='word_1_36' title='bbox 1256 1074 1471 1129; x_wconf 88' lang='lat' dir='ltr'><strong>sincera</strong></span> 
     </span>
    </p>
   </div>
   <div class='ocr_carea' id='block_1_9' title="bbox 428 1164 1472 1236">
    <p class='ocr_par' dir='ltr' id='par_1_9' title="bbox 428 1164 1472 1236">
     <span class='ocr_line' id='line_1_9' title="bbox 428 1164 1472 1236; baseline -0.004 -14"><span class='ocrx_word' id='word_1_37' title='bbox 428 1175 594 1222; x_wconf 70' lang='lat' dir='ltr'><strong>rectae</strong></span> <span class='ocrx_word' id='word_1_38' title='bbox 645 1166 770 1221; x_wconf 90' lang='lat' dir='ltr'><strong>ﬁdei</strong></span> <span class='ocrx_word' id='word_1_39' title='bbox 820 1166 889 1219; x_wconf 85' lang='lat' dir='ltr'><strong>ab</strong></span> <span class='ocrx_word' id='word_1_40' title='bbox 942 1166 1205 1236; x_wconf 85' lang='lat' dir='ltr'><strong>apostolis</strong></span> <span class='ocrx_word' id='word_1_41' title='bbox 1258 1164 1472 1219; x_wconf 75' lang='lat' dir='ltr'><strong>traditae</strong></span> 
     </span>
    </p>
   </div>
   <div class='ocr_carea' id='block_1_10' title="bbox 430 1255 1463 1326">
    <p class='ocr_par' dir='ltr' id='par_1_10' title="bbox 430 1255 1463 1326">
     <span class='ocr_line' id='line_1_10' title="bbox 430 1255 1463 1326; baseline 0 -15"><span class='ocrx_word' id='word_1_42' title='bbox 430 1262 559 1311; x_wconf 93' lang='lat' dir='ltr'><strong>nota</strong></span> <span class='ocrx_word' id='word_1_43' title='bbox 602 1255 655 1309; x_wconf 91' lang='lat' dir='ltr'><strong>in</strong></span> <span class='ocrx_word' id='word_1_44' title='bbox 703 1255 812 1311; x_wconf 90' lang='lat' dir='ltr'><strong>illis</strong></span> <span class='ocrx_word' id='word_1_45' title='bbox 866 1270 1125 1325; x_wconf 87' lang='lat' dir='ltr'><strong>expressa</strong></span> <span class='ocrx_word' id='word_1_46' title='bbox 1172 1255 1463 1326; x_wconf 89' lang='lat' dir='ltr'><strong>reperitur.</strong></span> 
     </span>
    </p>
   </div>
   <div class='ocr_carea' id='block_1_11' title="bbox 430 1344 1468 1418">
    <p class='ocr_par' dir='ltr' id='par_1_11' title="bbox 430 1344 1468 1418">
     <span class='ocr_line' id='line_1_11' title="bbox 430 1344 1468 1418; baseline 0.001 -18"><span class='ocrx_word' id='word_1_47' title='bbox 430 1345 564 1417; x_wconf 84' lang='lat' dir='ltr'><strong>Lege</strong></span> <span class='ocrx_word' id='word_1_48' title='bbox 600 1345 819 1401; x_wconf 79' lang='lat' dir='ltr'><strong>Maximi</strong></span> <span class='ocrx_word' id='word_1_49' title='bbox 863 1346 1153 1418; x_wconf 87' lang='lat' dir='ltr'><strong>Prologum</strong></span> <span class='ocrx_word' id='word_1_50' title='bbox 1191 1347 1248 1400; x_wconf 82' lang='lat' dir='ltr'><strong>in</strong></span> <span class='ocrx_word' id='word_1_51' title='bbox 1292 1344 1468 1416; x_wconf 85' lang='lat' dir='ltr'><strong>Opera</strong></span> 
     </span>
    </p>
   </div>
   <div class='ocr_carea' id='block_1_12' title="bbox 430 1431 841 1509">
    <p class='ocr_par' dir='ltr' id='par_1_12' title="bbox 430 1431 841 1509">
     <span class='ocr_line' id='line_1_12' title="bbox 430 1431 841 1509; baseline 0.007 -19"><span class='ocrx_word' id='word_1_52' title='bbox 430 1436 696 1509; x_wconf 75' lang='lat' dir='ltr'><strong>Dionysii.</strong></span> <span class='ocrx_word' id='word_1_53' title='bbox 820 1431 841 1434; x_wconf 9' lang='grc' dir='ltr'><strong>γ’</strong></span> 
     </span>
    </p>
   </div>
   <div class='ocr_carea' id='block_1_13' title="bbox 1249 309 2757 378">
    <p class='ocr_par' dir='ltr' id='par_1_13' title="bbox 1249 309 2757 378">
     <span class='ocr_line' id='line_1_13' title="bbox 1249 309 2757 378; baseline -0.001 -2"><span class='ocrx_word' id='word_1_54' title='bbox 1249 319 1308 377; x_wconf 89' lang='lat' dir='ltr'><strong>S.</strong></span> <span class='ocrx_word' id='word_1_55' title='bbox 1342 316 1738 377; x_wconf 73' lang='lat' dir='ltr'><strong>CLEMENTIS</strong></span> <span class='ocrx_word' id='word_1_56' title='bbox 1769 309 1799 375; x_wconf 36' lang='lat' dir='ltr'><strong>I.</strong></span> <span class='ocrx_word' id='word_1_57' title='bbox 1821 320 1990 377; x_wconf 77' lang='lat' dir='ltr'><strong>ROM.</strong></span> <span class='ocrx_word' id='word_1_58' title='bbox 2027 319 2232 377; x_wconf 81' lang='lat' dir='ltr'><strong>PONT.</strong></span> <span class='ocrx_word' id='word_1_59' title='bbox 2267 320 2495 378; x_wconf 77' lang='lat' dir='ltr'><strong>OPERA</strong></span> <span class='ocrx_word' id='word_1_60' title='bbox 2532 320 2757 377; x_wconf 76' lang='lat' dir='ltr'><strong>DUBIA.</strong></span> 
     </span>
    </p>
   </div>
   <div class='ocr_carea' id='block_1_14' title="bbox 1587 431 2546 504">
    <p class='ocr_par' dir='ltr' id='par_1_14' title="bbox 1587 431 2546 504">
     <span class='ocr_line' id='line_1_14' title="bbox 1587 431 2546 504; baseline 0.001 -17"><span class='ocrx_word' id='word_1_61' title='bbox 1587 433 1735 487; x_wconf 91' lang='lat' dir='ltr'><strong>Idem</strong></span> <span class='ocrx_word' id='word_1_62' title='bbox 1761 431 2045 496; x_wconf 79' lang='lat' dir='ltr'><strong>Eossmus,</strong></span> <span class='ocrx_word' id='word_1_63' title='bbox 2081 433 2181 487; x_wconf 90' lang='lat' dir='ltr'><strong>lib.</strong></span> <span class='ocrx_word' id='word_1_64' title='bbox 2214 448 2298 496; x_wconf 87' lang='lat' dir='ltr'><strong>III,</strong></span> <span class='ocrx_word' id='word_1_65' title='bbox 2327 447 2430 504; x_wconf 88' lang='lat' dir='ltr'><strong>cap</strong></span> <span class='ocrx_word' id='word_1_66' title='bbox 2453 433 2546 489; x_wconf 79' lang='lat'><strong>&#39;58.</strong></span> 
     </span>
    </p>
   </div>
   <div class='ocr_carea' id='block_1_15' title="bbox 1619 522 2589 597">
    <p class='ocr_par' dir='ltr' id='par_1_15' title="bbox 1619 522 2589 597">
     <span class='ocr_line' id='line_1_15' title="bbox 1619 522 2589 597; baseline 0.003 -21"><span class='ocrx_word' id='word_1_67' title='bbox 1619 523 1757 596; x_wconf 85' lang='grc' dir='ltr'><strong>Ἤδη</strong></span> <span class='ocrx_word' id='word_1_68' title='bbox 1789 524 1847 577; x_wconf 73' lang='grc' dir='ltr'>δὲ</span> <span class='ocrx_word' id='word_1_69' title='bbox 1885 524 1978 577; x_wconf 87' lang='grc' dir='ltr'><strong>καί</strong></span> <span class='ocrx_word' id='word_1_70' title='bbox 2014 522 2179 596; x_wconf 70' lang='grc' dir='ltr'>ἔτερα</span> <span class='ocrx_word' id='word_1_71' title='bbox 2211 524 2455 597; x_wconf 84' lang='grc' dir='ltr'>πολυεπῆ</span> <span class='ocrx_word' id='word_1_72' title='bbox 2493 525 2589 579; x_wconf 74' lang='grc' dir='ltr'><strong>καὶ</strong></span> 
     </span>
    </p>
   </div>
   <div class='ocr_carea' id='block_1_16' title="bbox 1547 616 2585 689">
    <p class='ocr_par' dir='ltr' id='par_1_16' title="bbox 1547 616 2585 689">
     <span class='ocr_line' id='line_1_16' title="bbox 1547 616 2585 689; baseline 0 -19"><span class='ocrx_word' id='word_1_73' title='bbox 1547 616 1738 689; x_wconf 84' lang='grc' dir='ltr'>μακρὰ</span> <span class='ocrx_word' id='word_1_74' title='bbox 1775 616 2212 689; x_wconf 83' lang='grc' dir='ltr'>συγγράμματα,</span> <span class='ocrx_word' id='word_1_75' title='bbox 2244 618 2320 681; x_wconf 85' lang='grc' dir='ltr'>ὡς</span> <span class='ocrx_word' id='word_1_76' title='bbox 2355 617 2451 671; x_wconf 80' lang='grc' dir='ltr'>τοῦ</span> <span class='ocrx_word' id='word_1_77' title='bbox 2484 618 2585 671; x_wconf 82' lang='grc' dir='ltr'><strong>αὐ-</strong></span> 
     </span>
    </p>
   </div>
   <div class='ocr_carea' id='block_1_17' title="bbox 1542 707 2587 781">
    <p class='ocr_par' dir='ltr' id='par_1_17' title="bbox 1542 707 2587 781">
     <span class='ocr_line' id='line_1_17' title="bbox 1542 707 2587 781; baseline -0.001 -18"><span class='ocrx_word' id='word_1_78' title='bbox 1542 709 1659 772; x_wconf 73' lang='grc' dir='ltr'>τοῦ,</span> <span class='ocrx_word' id='word_1_79' title='bbox 1680 709 1807 780; x_wconf 82' lang='grc' dir='ltr'>χθὲς</span> <span class='ocrx_word' id='word_1_80' title='bbox 1838 710 1930 762; x_wconf 74' lang='grc' dir='ltr'>καὶ</span> <span class='ocrx_word' id='word_1_81' title='bbox 1957 707 2149 780; x_wconf 84' lang='grc' dir='ltr'>πρώην</span> <span class='ocrx_word' id='word_1_82' title='bbox 2168 708 2315 772; x_wconf 83' lang='grc' dir='ltr'>τινὲς</span> <span class='ocrx_word' id='word_1_83' title='bbox 2341 710 2587 781; x_wconf 88' lang='grc' dir='ltr'>προήγα-</span> 
     </span>
    </p>
   </div>
   <div class='ocr_carea' id='block_1_18' title="bbox 1539 800 2590 874">
    <p class='ocr_par' dir='ltr' id='par_1_18' title="bbox 1539 800 2590 874">
     <span class='ocr_line' id='line_1_18' title="bbox 1539 800 2590 874; baseline 0 -19"><span class='ocrx_word' id='word_1_84' title='bbox 1539 820 1656 873; x_wconf 93' lang='grc' dir='ltr'>γον,</span> <span class='ocrx_word' id='word_1_85' title='bbox 1686 803 1892 874; x_wconf 83' lang='grc' dir='ltr'><strong>Πέτρου</strong></span> <span class='ocrx_word' id='word_1_86' title='bbox 1918 802 1982 874; x_wconf 80' lang='grc' dir='ltr'>δὴ</span> <span class='ocrx_word' id='word_1_87' title='bbox 2007 804 2102 856; x_wconf 76' lang='grc' dir='ltr'>καὶ</span> <span class='ocrx_word' id='word_1_88' title='bbox 2116 800 2377 865; x_wconf 81' lang='grc' dir='ltr'><strong>Ἀπίωνος</strong></span> <span class='ocrx_word' id='word_1_89' title='bbox 2410 802 2590 856; x_wconf 86' lang='grc' dir='ltr'>διαλό-</span> 
     </span>
    </p>
   </div>
   <div class='ocr_carea' id='block_1_19' title="bbox 1541 885 2588 965">
    <p class='ocr_par' dir='ltr' id='par_1_19' title="bbox 1541 885 2588 965">
     <span class='ocr_line' id='line_1_19' title="bbox 1541 885 2588 965; baseline 0 -19"><span class='ocrx_word' id='word_1_90' title='bbox 1541 910 1671 962; x_wconf 84' lang='grc' dir='ltr'>γους</span> <span class='ocrx_word' id='word_1_91' title='bbox 1735 892 2086 965; x_wconf 77' lang='grc' dir='ltr'>περιέχονταο</span> <span class='ocrx_word' id='word_1_92' title='bbox 2141 885 2217 946; x_wconf 81' lang='grc' dir='ltr'>ὧν</span> <span class='ocrx_word' id='word_1_93' title='bbox 2271 892 2389 945; x_wconf 71' lang='grc' dir='ltr'>οὐδ’</span> <span class='ocrx_word' id='word_1_94' title='bbox 2451 892 2588 955; x_wconf 84' lang='grc' dir='ltr'><strong>ὅλως</strong></span> 
     </span>
    </p>
   </div>
   <div class='ocr_carea' id='block_1_20' title="bbox 1547 982 2585 1056">
    <p class='ocr_par' dir='ltr' id='par_1_20' title="bbox 1547 982 2585 1056">
     <span class='ocr_line' id='line_1_20' title="bbox 1547 982 2585 1056; baseline -0.002 -19"><span class='ocrx_word' id='word_1_95' title='bbox 1547 986 1731 1056; x_wconf 82' lang='grc' dir='ltr'><strong>μνήμη</strong></span> <span class='ocrx_word' id='word_1_96' title='bbox 1767 1002 1849 1047; x_wconf 86' lang='grc' dir='ltr'><strong>τις</strong></span> <span class='ocrx_word' id='word_1_97' title='bbox 1881 982 2034 1055; x_wconf 76' lang='grc' dir='ltr'>παρὰ</span> <span class='ocrx_word' id='word_1_98' title='bbox 2065 984 2179 1047; x_wconf 86' lang='grc' dir='ltr'>τοῖς</span> <span class='ocrx_word' id='word_1_99' title='bbox 2214 982 2461 1047; x_wconf 83' lang='grc' dir='ltr'><strong>παλαιοῖς</strong></span> <span class='ocrx_word' id='word_1_100' title='bbox 2489 983 2585 1053; x_wconf 83' lang='grc' dir='ltr'>φέ-</span> 
     </span>
    </p>
   </div>
   <div class='ocr_carea' id='block_1_21' title="bbox 1547 1072 2583 1148">
    <p class='ocr_par' dir='ltr' id='par_1_21' title="bbox 1547 1072 2583 1148">
     <span class='ocr_line' id='line_1_21' title="bbox 1547 1072 2583 1148; baseline 0 -20"><span class='ocrx_word' id='word_1_101' title='bbox 1547 1093 1716 1148; x_wconf 86' lang='grc' dir='ltr'>ρεται.</span> <span class='ocrx_word' id='word_1_102' title='bbox 1751 1074 1886 1128; x_wconf 55' lang='lat' dir='ltr'><strong>osse</strong></span> <span class='ocrx_word' id='word_1_103' title='bbox 1908 1074 2015 1146; x_wconf 83' lang='grc' dir='ltr'>γὰρ</span> <span class='ocrx_word' id='word_1_104' title='bbox 2048 1072 2287 1146; x_wconf 78' lang='grc' dir='ltr'>καθαρὸν</span> <span class='ocrx_word' id='word_1_105' title='bbox 2318 1075 2417 1145; x_wconf 84' lang='grc' dir='ltr'><strong>τῆς</strong></span> <span class='ocrx_word' id='word_1_106' title='bbox 2443 1075 2583 1128; x_wconf 83' lang='grc' dir='ltr'>ἀπο-</span> 
     </span>
    </p>
   </div>
   <div class='ocr_carea' id='block_1_22' title="bbox 1544 1166 2585 1240">
    <p class='ocr_par' dir='ltr' id='par_1_22' title="bbox 1544 1166 2585 1240">
     <span class='ocr_line' id='line_1_22' title="bbox 1544 1166 2585 1240; baseline 0 -19"><span class='ocrx_word' id='word_1_107' title='bbox 1544 1167 1793 1238; x_wconf 71' lang='grc' dir='ltr'>πολικῆς</span> <span class='ocrx_word' id='word_1_108' title='bbox 1836 1166 2144 1240; x_wconf 81' lang='grc' dir='ltr'>ὀρθοδοξίας</span> <span class='ocrx_word' id='word_1_109' title='bbox 2182 1166 2456 1233; x_wconf 72' lang='grc' dir='ltr'><strong>ἀποσώζει</strong></span> <span class='ocrx_word' id='word_1_110' title='bbox 2493 1167 2585 1222; x_wconf 81' lang='grc' dir='ltr'>τὸν</span> 
     </span>
    </p>
   </div>
   <div class='ocr_carea' id='block_1_23' title="bbox 1541 1258 1885 1332">
    <p class='ocr_par' dir='ltr' id='par_1_23' title="bbox 1541 1258 1885 1332">
     <span class='ocr_line' id='line_1_23' title="bbox 1541 1258 1885 1332; baseline 0 -20"><span class='ocrx_word' id='word_1_111' title='bbox 1541 1258 1885 1332; x_wconf 79' lang='grc' dir='ltr'><strong>χαρακτῆρα.</strong></span> 
     </span>
    </p>
   </div>
   <div class='ocr_carea' id='block_1_24' title="bbox 3557 327 3698 383">
    <p class='ocr_par' dir='ltr' id='par_1_24' title="bbox 3557 327 3698 383">
     <span class='ocr_line' id='line_1_24' title="bbox 3557 327 3698 383; baseline 0 -1"><span class='ocrx_word' id='word_1_112' title='bbox 3557 327 3698 383; x_wconf 81' lang='grc'>1160</span> 
     </span>
    </p>
   </div>
   <div class='ocr_carea' id='block_1_25' title="bbox 2890 434 3452 507">
    <p class='ocr_par' dir='ltr' id='par_1_25' title="bbox 2890 434 3452 507">
     <span class='ocr_line' id='line_1_25' title="bbox 2890 434 3452 507; baseline 0.005 -18"><span class='ocrx_word' id='word_1_113' title='bbox 2890 434 2968 489; x_wconf 78' lang='lat' dir='ltr'><strong>Ea:</strong></span> <span class='ocrx_word' id='word_1_114' title='bbox 2991 435 3210 507; x_wconf 78' lang='lat' dir='ltr'><strong>interpr.</strong></span> <span class='ocrx_word' id='word_1_115' title='bbox 3244 435 3452 507; x_wconf 78' lang='lat' dir='ltr'><strong>Ruﬁni.</strong></span> 
     </span>
    </p>
   </div>
   <div class='ocr_carea' id='block_1_26' title="bbox 2732 525 3697 598">
    <p class='ocr_par' dir='ltr' id='par_1_26' title="bbox 2732 525 3697 598">
     <span class='ocr_line' id='line_1_26' title="bbox 2732 525 3697 598; baseline 0.003 -15"><span class='ocrx_word' id='word_1_116' title='bbox 2732 525 2839 583; x_wconf 86' lang='lat' dir='ltr'><strong>Sed</strong></span> <span class='ocrx_word' id='word_1_117' title='bbox 2872 536 2927 584; x_wconf 89' lang='lat' dir='ltr'><strong>et</strong></span> <span class='ocrx_word' id='word_1_118' title='bbox 2958 530 3064 583; x_wconf 91' lang='lat' dir='ltr'><strong>alia</strong></span> <span class='ocrx_word' id='word_1_119' title='bbox 3109 529 3231 598; x_wconf 88' lang='lat' dir='ltr'><strong>ejus</strong></span> <span class='ocrx_word' id='word_1_120' title='bbox 3277 529 3541 598; x_wconf 80' lang='lat' dir='ltr'><strong>apuscula</strong></span> <span class='ocrx_word' id='word_1_121' title='bbox 3590 546 3697 586; x_wconf 89' lang='lat' dir='ltr'><strong>non</strong></span> 
     </span>
    </p>
   </div>
   <div class='ocr_carea' id='block_1_27' title="bbox 2657 620 3699 691">
    <p class='ocr_par' dir='ltr' id='par_1_27' title="bbox 2657 620 3699 691">
     <span class='ocr_line' id='line_1_27' title="bbox 2657 620 3699 691; baseline 0.003 -17"><span class='ocrx_word' id='word_1_122' title='bbox 2657 620 2883 675; x_wconf 90' lang='lat' dir='ltr'><strong>minima</strong></span> <span class='ocrx_word' id='word_1_123' title='bbox 2918 635 2947 673; x_wconf 91' lang='lat' dir='ltr'><strong>a</strong></span> <span class='ocrx_word' id='word_1_124' title='bbox 2976 622 3256 676; x_wconf 85' lang='lat' dir='ltr'><strong>nonnullis</strong></span> <span class='ocrx_word' id='word_1_125' title='bbox 3287 622 3476 685; x_wconf 82' lang='lat' dir='ltr'><strong>haberi</strong></span> <span class='ocrx_word' id='word_1_126' title='bbox 3520 623 3699 691; x_wconf 82' lang='lat' dir='ltr'><strong>perhi-</strong></span> 
     </span>
    </p>
   </div>
   <div class='ocr_carea' id='block_1_28' title="bbox 2656 710 3698 784">
    <p class='ocr_par' dir='ltr' id='par_1_28' title="bbox 2656 710 3698 784">
     <span class='ocr_line' id='line_1_28' title="bbox 2656 710 3698 784; baseline 0.004 -19"><span class='ocrx_word' id='word_1_127' title='bbox 2656 710 2890 778; x_wconf 83' lang='lat' dir='ltr'><strong>bentur;</strong></span> <span class='ocrx_word' id='word_1_128' title='bbox 2918 712 3069 766; x_wconf 84' lang='lat' dir='ltr'><strong>velut</strong></span> <span class='ocrx_word' id='word_1_129' title='bbox 3092 711 3239 767; x_wconf 89' lang='lat' dir='ltr'><strong>Petri</strong></span> <span class='ocrx_word' id='word_1_130' title='bbox 3255 723 3309 767; x_wconf 91' lang='lat' dir='ltr'><strong>et</strong></span> <span class='ocrx_word' id='word_1_131' title='bbox 3333 713 3561 784; x_wconf 81' lang='lat' dir='ltr'><strong>Apionis</strong></span> <span class='ocrx_word' id='word_1_132' title='bbox 3583 714 3698 769; x_wconf 54' lang='lat' dir='ltr'><strong>disp</strong></span> 
     </span>
    </p>
   </div>
   <div class='ocr_carea' id='block_1_29' title="bbox 2663 802 3697 877">
    <p class='ocr_par' dir='ltr' id='par_1_29' title="bbox 2663 802 3697 877">
     <span class='ocr_line' id='line_1_29' title="bbox 2663 802 3697 877; baseline 0.002 -21"><span class='ocrx_word' id='word_1_133' title='bbox 2663 802 2905 873; x_wconf 87' lang='lat' dir='ltr'><strong>putatio;</strong></span> <span class='ocrx_word' id='word_1_134' title='bbox 2960 817 3079 872; x_wconf 66' lang='lat' dir='ltr'><strong>quae</strong></span> <span class='ocrx_word' id='word_1_135' title='bbox 3111 803 3166 856; x_wconf 90' lang='lat' dir='ltr'><strong>in</strong></span> <span class='ocrx_word' id='word_1_136' title='bbox 3214 818 3318 858; x_wconf 91' lang='lat' dir='ltr'><strong>usu</strong></span> <span class='ocrx_word' id='word_1_137' title='bbox 3363 817 3393 877; x_wconf 56' lang='grc' dir='ltr'>ξ</span> <span class='ocrx_word' id='word_1_138' title='bbox 3427 803 3697 858; x_wconf 79' lang='lat' dir='ltr'><strong>veteribus</strong></span> 
     </span>
    </p>
   </div>
   <div class='ocr_carea' id='block_1_30' title="bbox 2660 894 3697 965">
    <p class='ocr_par' dir='ltr' id='par_1_30' title="bbox 2660 894 3697 965">
     <span class='ocr_line' id='line_1_30' title="bbox 2660 894 3697 965; baseline -0.002 -16"><span class='ocrx_word' id='word_1_139' title='bbox 2660 894 2847 949; x_wconf 82' lang='lat' dir='ltr'><strong>habita</strong></span> <span class='ocrx_word' id='word_1_140' title='bbox 2894 894 3116 948; x_wconf 90' lang='lat' dir='ltr'><strong>minime</strong></span> <span class='ocrx_word' id='word_1_141' title='bbox 3172 894 3514 964; x_wconf 89' lang='lat' dir='ltr'><strong>reperimus;</strong></span> <span class='ocrx_word' id='word_1_142' title='bbox 3570 896 3697 965; x_wconf 85' lang='lat' dir='ltr'><strong>quia</strong></span> 
     </span>
    </p>
   </div>
   <div class='ocr_carea' id='block_1_31' title="bbox 2656 986 3698 1058">
    <p class='ocr_par' dir='ltr' id='par_1_31' title="bbox 2656 986 3698 1058">
     <span class='ocr_line' id='line_1_31' title="bbox 2656 986 3698 1058; baseline -0.003 -16"><span class='ocrx_word' id='word_1_143' title='bbox 2656 1002 2757 1043; x_wconf 90' lang='lat' dir='ltr'><strong>nec</strong></span> <span class='ocrx_word' id='word_1_144' title='bbox 2786 1003 2920 1058; x_wconf 89' lang='lat' dir='ltr'><strong>pura</strong></span> <span class='ocrx_word' id='word_1_145' title='bbox 2962 986 3018 1041; x_wconf 91' lang='lat' dir='ltr'><strong>in</strong></span> <span class='ocrx_word' id='word_1_146' title='bbox 3043 987 3124 1043; x_wconf 89' lang='lat' dir='ltr'><strong>eis</strong></span> <span class='ocrx_word' id='word_1_147' title='bbox 3148 995 3202 1042; x_wconf 91' lang='lat' dir='ltr'><strong>et</strong></span> <span class='ocrx_word' id='word_1_148' title='bbox 3228 989 3545 1056; x_wconf 89' lang='lat' dir='ltr'><strong>incorrupta</strong></span> <span class='ocrx_word' id='word_1_149' title='bbox 3568 1003 3698 1056; x_wconf 85' lang='lat' dir='ltr'><strong>apo—</strong></span> 
     </span>
    </p>
   </div>
   <div class='ocr_carea' id='block_1_32' title="bbox 2657 1075 3697 1148">
    <p class='ocr_par' dir='ltr' id='par_1_32' title="bbox 2657 1075 3697 1148">
     <span class='ocr_line' id='line_1_32' title="bbox 2657 1075 3697 1148; baseline -0.004 -14"><span class='ocrx_word' id='word_1_150' title='bbox 2657 1079 2863 1134; x_wconf 64' lang='lat' dir='ltr'><strong>stolicae</strong></span> <span class='ocrx_word' id='word_1_151' title='bbox 2905 1078 3030 1133; x_wconf 88' lang='lat' dir='ltr'><strong>ﬁdei</strong></span> <span class='ocrx_word' id='word_1_152' title='bbox 3071 1078 3257 1148; x_wconf 79' lang='lat' dir='ltr'><strong>regula</strong></span> <span class='ocrx_word' id='word_1_153' title='bbox 3307 1077 3580 1131; x_wconf 87' lang='lat' dir='ltr'><strong>mansisse</strong></span> <span class='ocrx_word' id='word_1_154' title='bbox 3605 1075 3697 1131; x_wconf 86' lang='lat' dir='ltr'><strong>de-</strong></span> 
     </span>
    </p>
   </div>
   <div class='ocr_carea' id='block_1_33' title="bbox 2656 1168 3694 1241">
    <p class='ocr_par' dir='ltr' id='par_1_33' title="bbox 2656 1168 3694 1241">
     <span class='ocr_line' id='line_1_33' title="bbox 2656 1168 3694 1241; baseline -0.001 -17"><span class='ocrx_word' id='word_1_155' title='bbox 2656 1171 3035 1241; x_wconf 89' lang='lat' dir='ltr'><strong>prehenditur.</strong></span> <span class='ocrx_word' id='word_1_156' title='bbox 3066 1170 3199 1241; x_wconf 80' lang='lat' dir='ltr'><strong>Lege</strong></span> <span class='ocrx_word' id='word_1_157' title='bbox 3222 1169 3453 1240; x_wconf 84' lang='lat' dir='ltr'><strong>Niceph.</strong></span> <span class='ocrx_word' id='word_1_158' title='bbox 3489 1168 3583 1223; x_wconf 91' lang='lat' dir='ltr'><strong>lib.</strong></span> <span class='ocrx_word' id='word_1_159' title='bbox 3610 1184 3694 1234; x_wconf 84' lang='lat' dir='ltr'><strong>III,</strong></span> 
     </span>
    </p>
   </div>
   <div class='ocr_carea' id='block_1_34' title="bbox 2654 1263 2900 1333">
    <p class='ocr_par' dir='ltr' id='par_1_34' title="bbox 2654 1263 2900 1333">
     <span class='ocr_line' id='line_1_34' title="bbox 2654 1263 2900 1333; baseline 0.004 -16"><span class='ocrx_word' id='word_1_160' title='bbox 2654 1277 2776 1333; x_wconf 88' lang='lat' dir='ltr'><strong>cap.</strong></span> <span class='ocrx_word' id='word_1_161' title='bbox 2808 1263 2900 1318; x_wconf 83' lang='grc'>18.</span> 
     </span>
    </p>
   </div>
   <div class='ocr_carea' id='block_1_35' title="bbox 431 1539 3690 1635">
    <p class='ocr_par' dir='ltr' id='par_1_35' title="bbox 431 1539 3690 1635">
     <span class='ocr_line' id='line_1_35' title="bbox 431 1539 3690 1635; baseline -0.004 -24"><span class='ocrx_word' id='word_1_162' title='bbox 431 1554 509 1611; x_wconf 90' lang='lat' dir='ltr'><strong>De</strong></span> <span class='ocrx_word' id='word_1_163' title='bbox 558 1553 1117 1635; x_wconf 85' lang='lat' dir='ltr'><strong>Disputatione_P_etri</strong></span> <span class='ocrx_word' id='word_1_164' title='bbox 1162 1564 1230 1635; x_wconf 59' lang='lat' dir='ltr'><strong>et</strong></span> <span class='ocrx_word' id='word_1_165' title='bbox 1263 1554 1525 1635; x_wconf 40' lang='lat' dir='ltr'><strong>Apion-is,</strong></span> <span class='ocrx_word' id='word_1_166' title='bbox 1546 1568 1664 1635; x_wconf 66' lang='lat' dir='ltr'><strong>qua:</strong></span> <span class='ocrx_word' id='word_1_167' title='bbox 1689 1552 1907 1635; x_wconf 49' lang='lat' dir='ltr'><strong>pit-igtur</strong></span> <span class='ocrx_word' id='word_1_168' title='bbox 1935 1552 2103 1622; x_wconf 81' lang='lat' dir='ltr'><strong>fuisse</strong></span> <span class='ocrx_word' id='word_1_169' title='bbox 2241 1566 2367 1635; x_wconf 59' lang='lat' dir='ltr'><strong>pur:</strong></span> <span class='ocrx_word' id='word_1_170' title='bbox 2398 1550 2484 1635; x_wconf 35' lang='lat' dir='ltr'><strong>‘v&#39;e&#39;l</strong></span> <span class='ocrx_word' id='word_1_171' title='bbox 2533 1549 2793 1635; x_wconf 61' lang='lat' dir='ltr'><strong>appendix</strong></span> <span class='ocrx_word' id='word_1_172' title='bbox 2840 1546 3124 1635; x_wconf 60' lang='lat' dir='ltr'><strong>Clementis</strong></span> <span class='ocrx_word' id='word_1_173' title='bbox 3157 1539 3611 1630; x_wconf 56' lang='lat' dir='ltr'><strong>ﬁecognitionum</strong></span> <span class='ocrx_word' id='word_1_174' title='bbox 3642 1554 3690 1597; x_wconf 77' lang='grc' dir='ltr'>ιι</span> 
     </span>
    </p>
   </div>
   <div class='ocr_carea' id='block_1_36' title="bbox 751 1618 3206 1695">
    <p class='ocr_par' dir='ltr' id='par_1_36' title="bbox 751 1618 3206 1695">
     <span class='ocr_line' id='line_1_36' title="bbox 751 1618 3206 1695; baseline -0.004 -15"><span class='ocrx_word' id='word_1_175' title='bbox 751 1638 755 1642; x_wconf 82' lang='grc'><strong>’</strong></span> <span class='ocrx_word' id='word_1_176' title='bbox 928 1626 1162 1680; x_wconf 81' lang='lat' dir='ltr'><strong>Actuum</strong></span> <span class='ocrx_word' id='word_1_177' title='bbox 1194 1618 1336 1680; x_wconf 78' lang='lat' dir='ltr'><strong>Petri</strong></span> <span class='ocrx_word' id='word_1_178' title='bbox 1364 1625 1478 1681; x_wconf 74' lang='lat' dir='ltr'><strong>vide</strong></span> <span class='ocrx_word' id='word_1_179' title='bbox 1503 1618 1653 1693; x_wconf 72' lang='lat' dir='ltr'><strong>infra</strong></span> <span class='ocrx_word' id='word_1_180' title='bbox 1682 1626 1736 1677; x_wconf 86' lang='lat' dir='ltr'><strong>in</strong></span> <span class='ocrx_word' id='word_1_181' title='bbox 1758 1618 2111 1695; x_wconf 80' lang='lat' dir='ltr'><strong>Hieronymo,</strong></span> <span class='ocrx_word' id='word_1_182' title='bbox 2144 1618 2339 1677; x_wconf 77' lang='lat' dir='ltr'><strong>PhOtio</strong></span> <span class='ocrx_word' id='word_1_183' title='bbox 2361 1628 2416 1677; x_wconf 91' lang='lat' dir='ltr'><strong>et</strong></span> <span class='ocrx_word' id='word_1_184' title='bbox 2432 1620 2676 1675; x_wconf 84' lang='lat' dir='ltr'><strong>Honorio</strong></span> <span class='ocrx_word' id='word_1_185' title='bbox 2703 1618 3206 1691; x_wconf 78' lang='lat' dir='ltr'><strong>Augustodunensi.</strong></span> 
     </span>
    </p>
   </div>
   <div class='ocr_carea' id='block_1_37' title="bbox 2018 1844 2113 1900">
    <p class='ocr_par' dir='ltr' id='par_1_37' title="bbox 2018 1844 2113 1900">
     <span class='ocr_line' id='line_1_37' title="bbox 2018 1844 2113 1900; baseline 0 -1"><span class='ocrx_word' id='word_1_186' title='bbox 2018 1844 2113 1900; x_wconf 92' lang='lat' dir='ltr'><strong>III.</strong></span> 
     </span>
    </p>
   </div>
   <div class='ocr_carea' id='block_1_38' title="bbox 1386 1999 2745 2071">
    <p class='ocr_par' dir='ltr' id='par_1_38' title="bbox 1386 1999 2745 2071">
     <span class='ocr_line' id='line_1_38' title="bbox 1386 1999 2745 2071; baseline -0.004 -13"><span class='ocrx_word' id='word_1_187' title='bbox 1386 2004 1445 2060; x_wconf 89' lang='lat' dir='ltr'><strong>S.</strong></span> <span class='ocrx_word' id='word_1_188' title='bbox 1480 2003 1855 2068; x_wconf 66' lang='lat' dir='ltr'><strong>Arnamsws,</strong></span> <span class='ocrx_word' id='word_1_189' title='bbox 1884 2001 1940 2055; x_wconf 91' lang='lat' dir='ltr'><strong>in</strong></span> <span class='ocrx_word' id='word_1_190' title='bbox 1968 1999 2200 2071; x_wconf 73' lang='lat' dir='ltr'><strong>Synopsi</strong></span> <span class='ocrx_word' id='word_1_191' title='bbox 2228 2016 2400 2056; x_wconf 77' lang='lat' dir='ltr'><strong>sacra:</strong></span> <span class='ocrx_word' id='word_1_192' title='bbox 2428 1999 2745 2068; x_wconf 72' lang='lat' dir='ltr'><strong>Scriptum.</strong></span> 
     </span>
    </p>
   </div>
   <div class='ocr_carea' id='block_1_39' title="bbox 503 2133 2074 2210">
    <p class='ocr_par' dir='ltr' id='par_1_39' title="bbox 503 2139 2074 2210">
     <span class='ocr_line' id='line_1_39' title="bbox 503 2139 2074 2210; baseline -0.001 -15"><span class='ocrx_word' id='word_1_193' title='bbox 503 2141 703 2197; x_wconf 86' lang='lat' dir='ltr'><strong>Iterum</strong></span> <span class='ocrx_word' id='word_1_194' title='bbox 734 2140 860 2197; x_wconf 83' lang='lat' dir='ltr'><strong>libri</strong></span> <span class='ocrx_word' id='word_1_195' title='bbox 890 2139 1025 2195; x_wconf 81' lang='lat' dir='ltr'><strong>Novi</strong></span> <span class='ocrx_word' id='word_1_196' title='bbox 1064 2139 1402 2196; x_wconf 89' lang='lat' dir='ltr'><strong>&#39;I‘cstamenti</strong></span> <span class='ocrx_word' id='word_1_197' title='bbox 1431 2140 1636 2210; x_wconf 91' lang='lat' dir='ltr'><strong>quibus</strong></span> <span class='ocrx_word' id='word_1_198' title='bbox 1667 2139 2004 2196; x_wconf 78' lang='lat' dir='ltr'><strong>contradici-</strong></span> <span class='ocrx_word' id='word_1_199' title='bbox 2034 2143 2074 2200; x_wconf 81' lang='grc' dir='ltr'><strong>Α</strong></span> 
     </span>
    </p>
   </div>
   <div class='ocr_carea' id='block_1_40' title="bbox 2121 2133 3667 2210">
    <p class='ocr_par' dir='ltr' id='par_1_40' title="bbox 2178 2133 3667 2209">
     <span class='ocr_line' id='line_1_40' title="bbox 2178 2133 3667 2209; baseline -0.001 -20"><span class='ocrx_word' id='word_1_200' title='bbox 2178 2136 2290 2209; x_wconf 84' lang='grc' dir='ltr'><strong>Τῆς</strong></span> <span class='ocrx_word' id='word_1_201' title='bbox 2336 2137 2483 2200; x_wconf 83' lang='grc' dir='ltr'><strong>Νέας</strong></span> <span class='ocrx_word' id='word_1_202' title='bbox 2525 2137 2687 2190; x_wconf 80' lang='grc' dir='ltr'>πάλιν</span> <span class='ocrx_word' id='word_1_203' title='bbox 2734 2136 3011 2208; x_wconf 86' lang='grc' dir='ltr'>Διαθήκης</span> <span class='ocrx_word' id='word_1_204' title='bbox 3062 2133 3457 2205; x_wconf 82' lang='grc' dir='ltr'>ἀντιλεγόμενα</span> <span class='ocrx_word' id='word_1_205' title='bbox 3499 2133 3667 2188; x_wconf 79' lang='grc' dir='ltr'>ταῦτα</span> 
     </span>
    </p>
   </div>
   <div class='ocr_carea' id='block_1_41' title="bbox 429 2223 2074 2302">
    <p class='ocr_par' dir='ltr' id='par_1_41' title="bbox 429 2231 2008 2302">
     <span class='ocr_line' id='line_1_41' title="bbox 429 2231 2008 2302; baseline -0.003 -12"><span class='ocrx_word' id='word_1_206' title='bbox 429 2241 542 2301; x_wconf 91' lang='lat' dir='ltr'><strong>tur,</strong></span> <span class='ocrx_word' id='word_1_207' title='bbox 570 2242 697 2289; x_wconf 88' lang='lat' dir='ltr'><strong>sunt</strong></span> <span class='ocrx_word' id='word_1_208' title='bbox 729 2254 741 2289; x_wconf 91' lang='lat'><strong>:</strong></span> <span class='ocrx_word' id='word_1_209' title='bbox 777 2232 1056 2290; x_wconf 89' lang='lat' dir='ltr'><strong>Circuitus</strong></span> <span class='ocrx_word' id='word_1_210' title='bbox 1084 2232 1268 2297; x_wconf 85' lang='lat' dir='ltr'><strong>Petri,</strong></span> <span class='ocrx_word' id='word_1_211' title='bbox 1302 2241 1412 2287; x_wconf 89' lang='lat' dir='ltr'><strong>etc.</strong></span> <span class='ocrx_word' id='word_1_212' title='bbox 1446 2231 1524 2287; x_wconf 88' lang='lat' dir='ltr'><strong>Ex</strong></span> <span class='ocrx_word' id='word_1_213' title='bbox 1552 2232 1755 2302; x_wconf 85' lang='lat' dir='ltr'><strong>quibus</strong></span> <span class='ocrx_word' id='word_1_214' title='bbox 1790 2232 2008 2287; x_wconf 83' lang='lat' dir='ltr'><strong>veriora</strong></span> 
     </span>
    </p>
   </div>
   <div class='ocr_carea' id='block_1_42' title="bbox 2121 2223 3692 2302">
    <p class='ocr_par' dir='ltr' id='par_1_42' title="bbox 2121 2223 3692 2301">
     <span class='ocr_line' id='line_1_42' title="bbox 2121 2223 3692 2301; baseline -0.001 -20"><span class='ocrx_word' id='word_1_215' title='bbox 2121 2228 2357 2301; x_wconf 78' lang='grc' dir='ltr'><strong>Περίοδοι</strong></span> <span class='ocrx_word' id='word_1_216' title='bbox 2393 2228 2623 2301; x_wconf 80' lang='grc' dir='ltr'><strong>Πέτρου,</strong></span> <span class='ocrx_word' id='word_1_217' title='bbox 2654 2237 2761 2285; x_wconf 85' lang='lat' dir='ltr'><strong>etc.</strong></span> <span class='ocrx_word' id='word_1_218' title='bbox 2810 2228 2898 2296; x_wconf 82' lang='grc' dir='ltr'><strong>Ἐξ</strong></span> <span class='ocrx_word' id='word_1_219' title='bbox 2928 2223 3005 2283; x_wconf 82' lang='grc' dir='ltr'><strong>ὧν</strong></span> <span class='ocrx_word' id='word_1_220' title='bbox 3042 2226 3500 2299; x_wconf 75' lang='grc' dir='ltr'>μετεφράσθησαν</span> <span class='ocrx_word' id='word_1_221' title='bbox 3544 2225 3692 2279; x_wconf 78' lang='grc' dir='ltr'>ἐκλε-</span> 
     </span>
    </p>
   </div>
   <div class='ocr_carea' id='block_1_43' title="bbox 427 2318 2074 2394">
    <p class='ocr_par' dir='ltr' id='par_1_43' title="bbox 427 2322 2008 2394">
     <span class='ocr_line' id='line_1_43' title="bbox 427 2322 2008 2394; baseline -0.003 -12"><span class='ocrx_word' id='word_1_222' title='bbox 427 2336 485 2382; x_wconf 85' lang='lat' dir='ltr'><strong>ct</strong></span> <span class='ocrx_word' id='word_1_223' title='bbox 522 2341 552 2379; x_wconf 90' lang='lat' dir='ltr'><strong>a</strong></span> <span class='ocrx_word' id='word_1_224' title='bbox 596 2326 707 2381; x_wconf 91' lang='lat' dir='ltr'><strong>Deo</strong></span> <span class='ocrx_word' id='word_1_225' title='bbox 749 2325 1045 2394; x_wconf 86' lang='lat' dir='ltr'><strong>inspirata,</strong></span> <span class='ocrx_word' id='word_1_226' title='bbox 1077 2324 1251 2379; x_wconf 87' lang='lat' dir='ltr'><strong>electa</strong></span> <span class='ocrx_word' id='word_1_227' title='bbox 1280 2329 1409 2379; x_wconf 91' lang='lat' dir='ltr'><strong>sunt</strong></span> <span class='ocrx_word' id='word_1_228' title='bbox 1455 2338 1519 2377; x_wconf 90' lang='lat' dir='ltr'><strong>ac</strong></span> <span class='ocrx_word' id='word_1_229' title='bbox 1558 2323 1849 2379; x_wconf 89' lang='lat' dir='ltr'><strong>translata.</strong></span> <span class='ocrx_word' id='word_1_230' title='bbox 1883 2322 2008 2378; x_wconf 66' lang='lat' dir='ltr'><strong>Haec</strong></span> 
     </span>
    </p>
   </div>
   <div class='ocr_carea' id='block_1_44' title="bbox 2121 2318 3689 2394">
    <p class='ocr_par' dir='ltr' id='par_1_44' title="bbox 2121 2318 3689 2394">
     <span class='ocr_line' id='line_1_44' title="bbox 2121 2318 3689 2394; baseline -0.003 -19"><span class='ocrx_word' id='word_1_231' title='bbox 2121 2322 2283 2392; x_wconf 88' lang='grc' dir='ltr'>γέντα</span> <span class='ocrx_word' id='word_1_232' title='bbox 2306 2321 2375 2374; x_wconf 79' lang='grc' dir='ltr'>τὰ</span> <span class='ocrx_word' id='word_1_233' title='bbox 2406 2320 2741 2394; x_wconf 86' lang='grc' dir='ltr'>ἀληθέστερα</span> <span class='ocrx_word' id='word_1_234' title='bbox 2766 2322 2861 2378; x_wconf 64' lang='grc' dir='ltr'><strong>καὶ</strong></span> <span class='ocrx_word' id='word_1_235' title='bbox 2879 2320 3234 2375; x_wconf 84' lang='grc' dir='ltr'>Θεόπνευστα.</span> <span class='ocrx_word' id='word_1_236' title='bbox 3257 2318 3447 2373; x_wconf 79' lang='grc' dir='ltr'>Ταῦτα</span> <span class='ocrx_word' id='word_1_237' title='bbox 3465 2318 3532 2371; x_wconf 79' lang='grc' dir='ltr'>τὰ</span> <span class='ocrx_word' id='word_1_238' title='bbox 3557 2318 3689 2371; x_wconf 79' lang='grc' dir='ltr'>ἀνα-</span> 
     </span>
    </p>
   </div>
   <div class='ocr_carea' id='block_1_45' title="bbox 429 2413 2074 2489">
    <p class='ocr_par' dir='ltr' id='par_1_45' title="bbox 429 2416 1136 2489">
     <span class='ocr_line' id='line_1_45' title="bbox 429 2416 1136 2489; baseline -0.008 -14"><span class='ocrx_word' id='word_1_239' title='bbox 429 2426 559 2475; x_wconf 81' lang='lat' dir='ltr'><strong>sunt</strong></span> <span class='ocrx_word' id='word_1_240' title='bbox 583 2432 705 2489; x_wconf 74' lang='lat' dir='ltr'><strong>quae</strong></span> <span class='ocrx_word' id='word_1_241' title='bbox 732 2416 1005 2487; x_wconf 81' lang='lat' dir='ltr'><strong>leguntur,</strong></span> <span class='ocrx_word' id='word_1_242' title='bbox 1028 2423 1136 2472; x_wconf 90' lang='lat' dir='ltr'><strong>etc.</strong></span> 
     </span>
    </p>
   </div>
   <div class='ocr_carea' id='block_1_46' title="bbox 2121 2413 2651 2489">
    <p class='ocr_par' dir='ltr' id='par_1_46' title="bbox 2121 2413 2651 2484">
     <span class='ocr_line' id='line_1_46' title="bbox 2121 2413 2651 2484; baseline 0.004 -17"><span class='ocrx_word' id='word_1_243' title='bbox 2121 2413 2510 2484; x_wconf 79' lang='grc' dir='ltr'><strong>γινωσκόμενα,</strong></span> <span class='ocrx_word' id='word_1_244' title='bbox 2544 2421 2651 2470; x_wconf 88' lang='lat' dir='ltr'><strong>etc.</strong></span> 
     </span>
    </p>
   </div>
   <div class='ocr_carea' id='block_1_47' title="bbox 2022 2614 2111 2671">
    <p class='ocr_par' dir='ltr' id='par_1_47' title="bbox 2022 2614 2111 2671">
     <span class='ocr_line' id='line_1_47' title="bbox 2022 2614 2111 2671; baseline 0.022 -3"><span class='ocrx_word' id='word_1_245' title='bbox 2022 2614 2111 2671; x_wconf 83' lang='lat' dir='ltr'><strong>IV.</strong></span> 
     </span>
    </p>
   </div>
   <div class='ocr_carea' id='block_1_48' title="bbox 1286 2771 2828 2840">
    <p class='ocr_par' dir='ltr' id='par_1_48' title="bbox 1286 2771 2828 2840">
     <span class='ocr_line' id='line_1_48' title="bbox 1286 2771 2828 2840; baseline -0.002 -9"><span class='ocrx_word' id='word_1_246' title='bbox 1286 2774 1345 2831; x_wconf 94' lang='lat' dir='ltr'><strong>S.</strong></span> <span class='ocrx_word' id='word_1_247' title='bbox 1379 2773 1725 2838; x_wconf 70' lang='lat' dir='ltr'><strong>EPIPIIANIUS,</strong></span> <span class='ocrx_word' id='word_1_248' title='bbox 1750 2772 1939 2827; x_wconf 68' lang='lat' dir='ltr'><strong>hazresi</strong></span> <span class='ocrx_word' id='word_1_249' title='bbox 1967 2788 2095 2840; x_wconf 81' lang='lat' dir='ltr'><strong>xxx,</strong></span> <span class='ocrx_word' id='word_1_250' title='bbox 2130 2771 2526 2838; x_wconf 76' lang='lat' dir='ltr'><strong>Ebionworum,</strong></span> <span class='ocrx_word' id='word_1_251' title='bbox 2558 2790 2712 2830; x_wconf 91' lang='lat' dir='ltr'><strong>num.</strong></span> <span class='ocrx_word' id='word_1_252' title='bbox 2746 2775 2828 2830; x_wconf 86' lang='grc'><strong>15.</strong></span> 
     </span>
    </p>
   </div>
   <div class='ocr_carea' id='block_1_49' title="bbox 494 2907 2006 2980">
    <p class='ocr_par' dir='ltr' id='par_1_49' title="bbox 494 2907 2006 2980">
     <span class='ocr_line' id='line_1_49' title="bbox 494 2907 2006 2980; baseline -0.009 -6"><span class='ocrx_word' id='word_1_253' title='bbox 494 2917 739 2974; x_wconf 88' lang='lat' dir='ltr'><strong>Utuntur</strong></span> <span class='ocrx_word' id='word_1_254' title='bbox 766 2920 946 2968; x_wconf 92' lang='lat' dir='ltr'><strong>autem</strong></span> <span class='ocrx_word' id='word_1_255' title='bbox 982 2919 1037 2967; x_wconf 88' lang='lat' dir='ltr'><strong>et</strong></span> <span class='ocrx_word' id='word_1_256' title='bbox 1075 2911 1198 2967; x_wconf 89' lang='lat' dir='ltr'><strong>aliis</strong></span> <span class='ocrx_word' id='word_1_257' title='bbox 1225 2908 1557 2980; x_wconf 88' lang='lat' dir='ltr'><strong>quibusdam</strong></span> <span class='ocrx_word' id='word_1_258' title='bbox 1592 2907 1771 2973; x_wconf 86' lang='lat' dir='ltr'><strong>libris,</strong></span> <span class='ocrx_word' id='word_1_259' title='bbox 1810 2922 2006 2976; x_wconf 87' lang='lat' dir='ltr'><strong>nempe</strong></span> 
     </span>
    </p>
   </div>
   <div class='ocr_carea' id='block_1_50' title="bbox 432 3000 2010 3081">
    <p class='ocr_par' dir='ltr' id='par_1_50' title="bbox 432 3000 2010 3081">
     <span class='ocr_line' id='line_1_50' title="bbox 432 3000 2010 3081; baseline -0.009 -16"><span class='ocrx_word' id='word_1_260' title='bbox 432 3011 502 3065; x_wconf 89' lang='lat' dir='ltr'><strong>iis</strong></span> <span class='ocrx_word' id='word_1_261' title='bbox 537 3009 633 3081; x_wconf 87' lang='lat' dir='ltr'><strong>qui</strong></span> <span class='ocrx_word' id='word_1_262' title='bbox 663 3014 927 3062; x_wconf 82' lang='lat' dir='ltr'><strong>vocantur</strong></span> <span class='ocrx_word' id='word_1_263' title='bbox 969 3004 1247 3059; x_wconf 87' lang='lat' dir='ltr'><strong>Circuitus</strong></span> <span class='ocrx_word' id='word_1_264' title='bbox 1288 3002 1457 3067; x_wconf 88' lang='lat' dir='ltr'><strong>Petri,</strong></span> <span class='ocrx_word' id='word_1_265' title='bbox 1491 3017 1521 3055; x_wconf 91' lang='lat' dir='ltr'><strong>a</strong></span> <span class='ocrx_word' id='word_1_266' title='bbox 1550 3000 1828 3057; x_wconf 85' lang='lat' dir='ltr'><strong>Clemente</strong></span> <span class='ocrx_word' id='word_1_267' title='bbox 1874 3015 2010 3054; x_wconf 87' lang='lat' dir='ltr'><strong>con--</strong></span> 
     </span>
    </p>
   </div>
   <div class='ocr_carea' id='block_1_51' title="bbox 430 3092 2011 3172">
    <p class='ocr_par' dir='ltr' id='par_1_51' title="bbox 430 3092 2011 3172">
     <span class='ocr_line' id='line_1_51' title="bbox 430 3092 2011 3172; baseline -0.009 -14"><span class='ocrx_word' id='word_1_268' title='bbox 430 3101 620 3172; x_wconf 86' lang='lat' dir='ltr'><strong>scripti</strong></span> <span class='ocrx_word' id='word_1_269' title='bbox 656 3119 669 3155; x_wconf 92' lang='lat'><strong>:</strong></span> <span class='ocrx_word' id='word_1_270' title='bbox 708 3109 872 3169; x_wconf 86' lang='lat' dir='ltr'><strong>atque</strong></span> <span class='ocrx_word' id='word_1_271' title='bbox 899 3111 963 3152; x_wconf 89' lang='lat' dir='ltr'><strong>ea</strong></span> <span class='ocrx_word' id='word_1_272' title='bbox 1011 3096 1230 3166; x_wconf 89' lang='lat' dir='ltr'><strong>quidem</strong></span> <span class='ocrx_word' id='word_1_273' title='bbox 1263 3111 1385 3166; x_wconf 70' lang='lat' dir='ltr'><strong>qua:</strong></span> <span class='ocrx_word' id='word_1_274' title='bbox 1423 3095 1477 3148; x_wconf 93' lang='lat' dir='ltr'><strong>in</strong></span> <span class='ocrx_word' id='word_1_275' title='bbox 1518 3094 1625 3148; x_wconf 90' lang='lat' dir='ltr'><strong>illis</strong></span> <span class='ocrx_word' id='word_1_276' title='bbox 1654 3092 2011 3148; x_wconf 89' lang='lat' dir='ltr'><strong>continentur</strong></span> 
     </span>
    </p>
   </div>
   <div class='ocr_carea' id='block_1_52' title="bbox 428 3184 2009 3260">
    <p class='ocr_par' dir='ltr' id='par_1_52' title="bbox 428 3184 2009 3260">
     <span class='ocr_line' id='line_1_52' title="bbox 428 3184 2009 3260; baseline -0.009 -12"><span class='ocrx_word' id='word_1_277' title='bbox 428 3195 817 3260; x_wconf 85' lang='lat' dir='ltr'><strong>corruperunt,</strong></span> <span class='ocrx_word' id='word_1_278' title='bbox 844 3201 1015 3257; x_wconf 86' lang='lat' dir='ltr'><strong>pauca</strong></span> <span class='ocrx_word' id='word_1_279' title='bbox 1047 3193 1228 3240; x_wconf 90' lang='lat' dir='ltr'><strong>autem</strong></span> <span class='ocrx_word' id='word_1_280' title='bbox 1253 3199 1380 3238; x_wconf 85' lang='lat' dir='ltr'><strong>vera</strong></span> <span class='ocrx_word' id='word_1_281' title='bbox 1403 3184 1744 3252; x_wconf 86' lang='lat' dir='ltr'><strong>reliquerunt</strong></span> <span class='ocrx_word' id='word_1_282' title='bbox 1778 3201 1791 3235; x_wconf 89' lang='lat'><strong>:</strong></span> <span class='ocrx_word' id='word_1_283' title='bbox 1816 3196 2009 3251; x_wconf 74' lang='lat' dir='ltr'><strong>quem~</strong></span> 
     </span>
    </p>
   </div>
   <div class='ocr_carea' id='block_1_53' title="bbox 432 3270 2007 3348">
    <p class='ocr_par' dir='ltr' id='par_1_53' title="bbox 432 3270 2007 3348">
     <span class='ocr_line' id='line_1_53' title="bbox 432 3270 2007 3348; baseline -0.008 -11"><span class='ocrx_word' id='word_1_284' title='bbox 432 3280 725 3337; x_wconf 88' lang='lat' dir='ltr'><strong>admodum</strong></span> <span class='ocrx_word' id='word_1_285' title='bbox 758 3294 855 3333; x_wconf 91' lang='lat' dir='ltr'><strong>eos</strong></span> <span class='ocrx_word' id='word_1_286' title='bbox 898 3277 1015 3348; x_wconf 90' lang='lat' dir='ltr'><strong>ipse</strong></span> <span class='ocrx_word' id='word_1_287' title='bbox 1048 3276 1303 3330; x_wconf 88' lang='lat' dir='ltr'><strong>Clemens</strong></span> <span class='ocrx_word' id='word_1_288' title='bbox 1331 3274 1586 3328; x_wconf 89' lang='lat' dir='ltr'><strong>omnibus</strong></span> <span class='ocrx_word' id='word_1_289' title='bbox 1614 3271 1792 3327; x_wconf 91' lang='lat' dir='ltr'><strong>modis</strong></span> <span class='ocrx_word' id='word_1_290' title='bbox 1818 3270 2007 3326; x_wconf 54' lang='lat' dir='ltr'><strong>redarw</strong></span> 
     </span>
    </p>
   </div>
   <div class='ocr_carea' id='block_1_54' title="bbox 432 3362 2007 3445">
    <p class='ocr_par' dir='ltr' id='par_1_54' title="bbox 432 3362 2007 3445">
     <span class='ocr_line' id='line_1_54' title="bbox 432 3362 2007 3445; baseline -0.008 -17"><span class='ocrx_word' id='word_1_291' title='bbox 432 3374 567 3445; x_wconf 78' lang='lat' dir='ltr'><strong>guit,</strong></span> <span class='ocrx_word' id='word_1_292' title='bbox 598 3387 695 3443; x_wconf 89' lang='lat' dir='ltr'><strong>per</strong></span> <span class='ocrx_word' id='word_1_293' title='bbox 716 3370 979 3441; x_wconf 85' lang='lat' dir='ltr'><strong>epistolas</strong></span> <span class='ocrx_word' id='word_1_294' title='bbox 1005 3367 1304 3422; x_wconf 84' lang='lat' dir='ltr'><strong>circulares</strong></span> <span class='ocrx_word' id='word_1_295' title='bbox 1334 3381 1477 3437; x_wconf 66' lang='lat' dir='ltr'><strong>quae,</strong></span> <span class='ocrx_word' id='word_1_296' title='bbox 1502 3365 1570 3419; x_wconf 92' lang='lat' dir='ltr'><strong>ab</strong></span> <span class='ocrx_word' id='word_1_297' title='bbox 1598 3380 1663 3421; x_wconf 90' lang='lat' dir='ltr'><strong>eo</strong></span> <span class='ocrx_word' id='word_1_298' title='bbox 1692 3362 1930 3433; x_wconf 82' lang='lat' dir='ltr'><strong>scriptae,</strong></span> <span class='ocrx_word' id='word_1_299' title='bbox 1951 3362 2007 3417; x_wconf 90' lang='lat' dir='ltr'><strong>in</strong></span> 
     </span>
    </p>
   </div>
   <div class='ocr_carea' id='block_1_55' title="bbox 2168 2907 3686 2981">
    <p class='ocr_par' dir='ltr' id='par_1_55' title="bbox 2168 2907 3686 2981">
     <span class='ocr_line' id='line_1_55' title="bbox 2168 2907 3686 2981; baseline 0.001 -20"><span class='ocrx_word' id='word_1_300' title='bbox 2168 2907 2434 2979; x_wconf 68' lang='lat' dir='ltr'><strong>Xpd&#39;w‘rat</strong></span> <span class='ocrx_word' id='word_1_301' title='bbox 2456 2907 2515 2961; x_wconf 81' lang='grc' dir='ltr'>δὲ</span> <span class='ocrx_word' id='word_1_302' title='bbox 2544 2909 2638 2962; x_wconf 77' lang='grc' dir='ltr'>καὶ</span> <span class='ocrx_word' id='word_1_303' title='bbox 2666 2908 2853 2973; x_wconf 81' lang='grc' dir='ltr'>ἄλλαις</span> <span class='ocrx_word' id='word_1_304' title='bbox 2878 2909 2990 2963; x_wconf 78' lang='grc' dir='ltr'>τισὶ</span> <span class='ocrx_word' id='word_1_305' title='bbox 3014 2908 3235 2979; x_wconf 77' lang='grc' dir='ltr'>βίϐλοις,</span> <span class='ocrx_word' id='word_1_306' title='bbox 3260 2910 3422 2981; x_wconf 77' lang='grc' dir='ltr'>δῆθεν</span> <span class='ocrx_word' id='word_1_307' title='bbox 3438 2913 3557 2973; x_wconf 77' lang='grc' dir='ltr'>ταῖς</span> <span class='ocrx_word' id='word_1_308' title='bbox 3581 2911 3686 2963; x_wconf 82' lang='grc' dir='ltr'><strong>Πε-</strong></span> 
     </span>
    </p>
   </div>
   <div class='ocr_carea' id='block_1_56' title="bbox 2113 2998 3689 3073">
    <p class='ocr_par' dir='ltr' id='par_1_56' title="bbox 2113 2998 3689 3073">
     <span class='ocr_line' id='line_1_56' title="bbox 2113 2998 3689 3073; baseline 0.002 -21"><span class='ocrx_word' id='word_1_309' title='bbox 2113 2998 2307 3069; x_wconf 87' lang='grc' dir='ltr'>ριόδοις</span> <span class='ocrx_word' id='word_1_310' title='bbox 2338 2998 2700 3071; x_wconf 80' lang='grc' dir='ltr'><strong>καλουμέναις</strong></span> <span class='ocrx_word' id='word_1_311' title='bbox 2716 3001 2944 3073; x_wconf 86' lang='grc' dir='ltr'>Πέτρου,</span> <span class='ocrx_word' id='word_1_312' title='bbox 2965 3005 3085 3065; x_wconf 84' lang='grc' dir='ltr'>ταῖς</span> <span class='ocrx_word' id='word_1_313' title='bbox 3108 3001 3198 3054; x_wconf 85' lang='grc' dir='ltr'><strong>διὰ</strong></span> <span class='ocrx_word' id='word_1_314' title='bbox 3218 3001 3537 3072; x_wconf 82' lang='grc' dir='ltr'>Κλήμεντος</span> <span class='ocrx_word' id='word_1_315' title='bbox 3559 3019 3689 3072; x_wconf 83' lang='grc' dir='ltr'>γρα-</span> 
     </span>
    </p>
   </div>
   <div class='ocr_carea' id='block_1_57' title="bbox 2112 3090 3689 3164">
    <p class='ocr_par' dir='ltr' id='par_1_57' title="bbox 2112 3090 3689 3164">
     <span class='ocr_line' id='line_1_57' title="bbox 2112 3090 3689 3164; baseline 0.002 -20"><span class='ocrx_word' id='word_1_316' title='bbox 2112 3090 2329 3160; x_wconf 77' lang='grc' dir='ltr'>φείσαις</span> <span class='ocrx_word' id='word_1_317' title='bbox 2352 3108 2363 3119; x_wconf 84' lang='grc'><strong>·</strong></span> <span class='ocrx_word' id='word_1_318' title='bbox 2391 3090 2739 3156; x_wconf 83' lang='grc' dir='ltr'>νοθεύσαντες</span> <span class='ocrx_word' id='word_1_319' title='bbox 2763 3094 2864 3164; x_wconf 87' lang='grc' dir='ltr'><strong>μὲν</strong></span> <span class='ocrx_word' id='word_1_320' title='bbox 2892 3093 2961 3147; x_wconf 86' lang='grc' dir='ltr'><strong>τὰ</strong></span> <span class='ocrx_word' id='word_1_321' title='bbox 2978 3095 3036 3147; x_wconf 83' lang='grc' dir='ltr'>ἐν</span> <span class='ocrx_word' id='word_1_322' title='bbox 3063 3095 3272 3158; x_wconf 81' lang='grc' dir='ltr'>αὑταῖς,</span> <span class='ocrx_word' id='word_1_323' title='bbox 3304 3094 3463 3163; x_wconf 80' lang='grc' dir='ltr'>ὀλίγα</span> <span class='ocrx_word' id='word_1_324' title='bbox 3486 3095 3546 3147; x_wconf 85' lang='grc' dir='ltr'>δὲ</span> <span class='ocrx_word' id='word_1_325' title='bbox 3563 3095 3689 3164; x_wconf 81' lang='grc' dir='ltr'>ἅλη-</span> 
     </span>
    </p>
   </div>
   <div class='ocr_carea' id='block_1_58' title="bbox 2112 3182 3686 3259">
    <p class='ocr_par' dir='ltr' id='par_1_58' title="bbox 2112 3182 3686 3259">
     <span class='ocr_line' id='line_1_58' title="bbox 2112 3182 3686 3259; baseline 0.001 -20"><span class='ocrx_word' id='word_1_326' title='bbox 2112 3182 2236 3239; x_wconf 75' lang='grc' dir='ltr'>οινὰ</span> <span class='ocrx_word' id='word_1_327' title='bbox 2263 3184 2551 3248; x_wconf 74' lang='grc' dir='ltr'><strong>ἐάσαντες·</strong></span> <span class='ocrx_word' id='word_1_328' title='bbox 2583 3184 2660 3249; x_wconf 79' lang='grc' dir='ltr'>ὡς</span> <span class='ocrx_word' id='word_1_329' title='bbox 2686 3185 2848 3250; x_wconf 79' lang='grc' dir='ltr'>αὐτὸς</span> <span class='ocrx_word' id='word_1_330' title='bbox 2867 3187 3097 3259; x_wconf 82' lang='grc' dir='ltr'><strong>Κλήμης</strong></span> <span class='ocrx_word' id='word_1_331' title='bbox 3117 3188 3317 3251; x_wconf 80' lang='grc' dir='ltr'>αὐτοὺς</span> <span class='ocrx_word' id='word_1_332' title='bbox 3350 3188 3495 3240; x_wconf 82' lang='grc' dir='ltr'>κατὰ</span> <span class='ocrx_word' id='word_1_333' title='bbox 3518 3188 3686 3241; x_wconf 73' lang='grc' dir='ltr'>πάντα</span> 
     </span>
    </p>
   </div>
   <div class='ocr_carea' id='block_1_59' title="bbox 2115 3271 3687 3350">
    <p class='ocr_par' dir='ltr' id='par_1_59' title="bbox 2115 3271 3687 3350">
     <span class='ocr_line' id='line_1_59' title="bbox 2115 3271 3687 3350; baseline 0 -18"><span class='ocrx_word' id='word_1_334' title='bbox 2115 3277 2349 3350; x_wconf 66' lang='grc' dir='ltr'>ιλέγχει,</span> <span class='ocrx_word' id='word_1_335' title='bbox 2383 3278 2492 3348; x_wconf 82' lang='grc' dir='ltr'><strong>ἀφ’</strong></span> <span class='ocrx_word' id='word_1_336' title='bbox 2524 3271 2598 3330; x_wconf 84' lang='grc' dir='ltr'><strong>ὧν</strong></span> <span class='ocrx_word' id='word_1_337' title='bbox 2627 3278 2865 3349; x_wconf 79' lang='grc' dir='ltr'>ἔγραψεν</span> <span class='ocrx_word' id='word_1_338' title='bbox 2908 3280 3237 3333; x_wconf 84' lang='grc' dir='ltr'><strong>Ἐπιστολῶν</strong></span> <span class='ocrx_word' id='word_1_339' title='bbox 3265 3279 3569 3348; x_wconf 75' lang='grc' dir='ltr'><strong>ἐγκυκλίων</strong></span> <span class='ocrx_word' id='word_1_340' title='bbox 3586 3280 3687 3333; x_wconf 85' lang='grc' dir='ltr'>τῶν</span> 
     </span>
    </p>
   </div>
   <div class='ocr_carea' id='block_1_60' title="bbox 2114 3370 3685 3444">
    <p class='ocr_par' dir='ltr' id='par_1_60' title="bbox 2114 3370 3685 3444">
     <span class='ocr_line' id='line_1_60' title="bbox 2114 3370 3685 3444; baseline 0.003 -21"><span class='ocrx_word' id='word_1_341' title='bbox 2114 3372 2173 3424; x_wconf 85' lang='grc' dir='ltr'>ὲν</span> <span class='ocrx_word' id='word_1_342' title='bbox 2202 3373 2323 3434; x_wconf 83' lang='grc' dir='ltr'>ταῖς</span> <span class='ocrx_word' id='word_1_343' title='bbox 2355 3371 2535 3440; x_wconf 82' lang='grc' dir='ltr'>ἁγίαις</span> <span class='ocrx_word' id='word_1_344' title='bbox 2565 3370 2880 3444; x_wconf 80' lang='grc' dir='ltr'>ἐκκλησίαις</span> <span class='ocrx_word' id='word_1_345' title='bbox 2908 3372 3461 3442; x_wconf 86' lang='grc' dir='ltr'>ἀναγινωσκομένων·</span> <span class='ocrx_word' id='word_1_346' title='bbox 3493 3373 3573 3425; x_wconf 75' lang='grc' dir='ltr'>ὅτι</span> <span class='ocrx_word' id='word_1_347' title='bbox 3600 3372 3685 3427; x_wconf 78' lang='grc' dir='ltr'><strong>ἆλ-</strong></span> 
     </span>
    </p>
   </div>
   <div class='ocr_carea' id='block_1_61' title="bbox 432 3455 2074 3535">
    <p class='ocr_par' dir='ltr' id='par_1_61' title="bbox 432 3455 2074 3531">
     <span class='ocr_line' id='line_1_61' title="bbox 432 3455 2074 3531; baseline -0.009 -10"><span class='ocrx_word' id='word_1_348' title='bbox 432 3465 640 3522; x_wconf 88' lang='lat' dir='ltr'><strong>sanctis</strong></span> <span class='ocrx_word' id='word_1_349' title='bbox 672 3463 922 3519; x_wconf 89' lang='lat' dir='ltr'><strong>ecclesiis</strong></span> <span class='ocrx_word' id='word_1_350' title='bbox 948 3462 1225 3531; x_wconf 84' lang='lat' dir='ltr'><strong>leguntur.</strong></span> <span class='ocrx_word' id='word_1_351' title='bbox 1262 3458 1399 3526; x_wconf 84' lang='lat' dir='ltr'><strong>Quia</strong></span> <span class='ocrx_word' id='word_1_352' title='bbox 1424 3458 1591 3511; x_wconf 91' lang='lat' dir='ltr'><strong>alium</strong></span> <span class='ocrx_word' id='word_1_353' title='bbox 1632 3456 1796 3511; x_wconf 84' lang='lat' dir='ltr'><strong>habet</strong></span> <span class='ocrx_word' id='word_1_354' title='bbox 1817 3455 2013 3510; x_wconf 88' lang='lat' dir='ltr'><strong>chara-</strong></span> <span class='ocrx_word' id='word_1_355' title='bbox 2044 3462 2074 3517; x_wconf 77' lang='grc' dir='ltr'><strong><em>Ε</em></strong></span> 
     </span>
    </p>
   </div>
   <div class='ocr_carea' id='block_1_62' title="bbox 2121 3455 3684 3535">
    <p class='ocr_par' dir='ltr' id='par_1_62' title="bbox 2121 3462 3684 3535">
     <span class='ocr_line' id='line_1_62' title="bbox 2121 3462 3684 3535; baseline 0.001 -19"><span class='ocrx_word' id='word_1_356' title='bbox 2121 3463 2203 3516; x_wconf 82' lang='grc' dir='ltr'>λον</span> <span class='ocrx_word' id='word_1_357' title='bbox 2252 3462 2365 3533; x_wconf 80' lang='grc' dir='ltr'>ἔχει</span> <span class='ocrx_word' id='word_1_358' title='bbox 2402 3463 2723 3535; x_wconf 81' lang='grc' dir='ltr'>χαρακτῆρα</span> <span class='ocrx_word' id='word_1_359' title='bbox 2767 3465 2800 3534; x_wconf 83' lang='grc' dir='ltr'><strong>ή</strong></span> <span class='ocrx_word' id='word_1_360' title='bbox 2842 3464 3036 3518; x_wconf 79' lang='grc' dir='ltr'>ἑαυτοῦ</span> <span class='ocrx_word' id='word_1_361' title='bbox 3077 3464 3260 3526; x_wconf 73' lang='grc' dir='ltr'>πίστις</span> <span class='ocrx_word' id='word_1_362' title='bbox 3311 3464 3404 3516; x_wconf 76' lang='grc' dir='ltr'>καὶ</span> <span class='ocrx_word' id='word_1_363' title='bbox 3450 3467 3480 3517; x_wconf 89' lang='grc' dir='ltr'>ὁ</span> <span class='ocrx_word' id='word_1_364' title='bbox 3520 3464 3684 3533; x_wconf 76' lang='grc' dir='ltr'>λόγος,</span> 
     </span>
    </p>
   </div>
   <div class='ocr_carea' id='block_1_63' title="bbox 432 3548 2011 3619">
    <p class='ocr_par' dir='ltr' id='par_1_63' title="bbox 432 3548 2011 3619">
     <span class='ocr_line' id='line_1_63' title="bbox 432 3548 2011 3619; baseline -0.006 -7"><span class='ocrx_word' id='word_1_365' title='bbox 432 3567 636 3612; x_wconf 88' lang='lat' dir='ltr'><strong>cterem</strong></span> <span class='ocrx_word' id='word_1_366' title='bbox 663 3555 795 3611; x_wconf 90' lang='lat' dir='ltr'><strong>ﬁdes</strong></span> <span class='ocrx_word' id='word_1_367' title='bbox 825 3554 974 3609; x_wconf 90' lang='lat' dir='ltr'><strong>illius</strong></span> <span class='ocrx_word' id='word_1_368' title='bbox 1001 3568 1066 3607; x_wconf 92' lang='lat' dir='ltr'><strong>ac</strong></span> <span class='ocrx_word' id='word_1_369' title='bbox 1095 3551 1294 3614; x_wconf 87' lang='lat' dir='ltr'><strong>oratio,</strong></span> <span class='ocrx_word' id='word_1_370' title='bbox 1317 3551 1386 3605; x_wconf 90' lang='lat' dir='ltr'><strong>ab</strong></span> <span class='ocrx_word' id='word_1_371' title='bbox 1420 3550 1488 3605; x_wconf 90' lang='lat' dir='ltr'><strong>iis</strong></span> <span class='ocrx_word' id='word_1_372' title='bbox 1518 3566 1639 3619; x_wconf 71' lang='lat' dir='ltr'><strong>qua:</strong></span> <span class='ocrx_word' id='word_1_373' title='bbox 1668 3548 1772 3605; x_wconf 91' lang='lat' dir='ltr'><strong>sub</strong></span> <span class='ocrx_word' id='word_1_374' title='bbox 1789 3548 2011 3603; x_wconf 90' lang='lat' dir='ltr'><strong>nomine</strong></span> 
     </span>
    </p>
   </div>
   <div class='ocr_carea' id='block_1_64' title="bbox 431 3638 2013 3720">
    <p class='ocr_par' dir='ltr' id='par_1_64' title="bbox 431 3638 2013 3720">
     <span class='ocr_line' id='line_1_64' title="bbox 431 3638 2013 3720; baseline -0.009 -14"><span class='ocrx_word' id='word_1_375' title='bbox 431 3650 553 3720; x_wconf 87' lang='lat' dir='ltr'><strong>ejus</strong></span> <span class='ocrx_word' id='word_1_376' title='bbox 583 3648 675 3704; x_wconf 87' lang='lat' dir='ltr'><strong>isti</strong></span> <span class='ocrx_word' id='word_1_377' title='bbox 696 3648 753 3702; x_wconf 88' lang='lat' dir='ltr'><strong>in</strong></span> <span class='ocrx_word' id='word_1_378' title='bbox 782 3646 1118 3701; x_wconf 84' lang='lat' dir='ltr'><strong>Circuitibus</strong></span> <span class='ocrx_word' id='word_1_379' title='bbox 1146 3649 1578 3714; x_wconf 88' lang='lat' dir='ltr'><strong>supposuerunt.</strong></span> <span class='ocrx_word' id='word_1_380' title='bbox 1616 3638 1709 3695; x_wconf 91' lang='lat' dir='ltr'><strong>Ille</strong></span> <span class='ocrx_word' id='word_1_381' title='bbox 1740 3641 1885 3694; x_wconf 90' lang='lat' dir='ltr'><strong>enim</strong></span> <span class='ocrx_word' id='word_1_382' title='bbox 1907 3639 2013 3693; x_wconf 85' lang='lat' dir='ltr'><strong>vir-</strong></span> 
     </span>
    </p>
   </div>
   <div class='ocr_carea' id='block_1_65' title="bbox 434 3731 2013 3811">
    <p class='ocr_par' dir='ltr' id='par_1_65' title="bbox 434 3731 2013 3811">
     <span class='ocr_line' id='line_1_65' title="bbox 434 3731 2013 3811; baseline -0.008 -14"><span class='ocrx_word' id='word_1_383' title='bbox 434 3743 714 3811; x_wconf 68' lang='lat' dir='ltr'><strong>ginitatem</strong></span> <span class='ocrx_word' id='word_1_384' title='bbox 738 3741 931 3805; x_wconf 85' lang='lat' dir='ltr'><strong>docet;</strong></span> <span class='ocrx_word' id='word_1_385' title='bbox 958 3746 1014 3792; x_wconf 90' lang='lat' dir='ltr'><strong>at</strong></span> <span class='ocrx_word' id='word_1_386' title='bbox 1045 3738 1137 3792; x_wconf 89' lang='lat' dir='ltr'><strong>isti</strong></span> <span class='ocrx_word' id='word_1_387' title='bbox 1168 3735 1482 3807; x_wconf 83' lang='lat' dir='ltr'><strong>repudiant.</strong></span> <span class='ocrx_word' id='word_1_388' title='bbox 1507 3732 1601 3789; x_wconf 90' lang='lat' dir='ltr'><strong>Ille</strong></span> <span class='ocrx_word' id='word_1_389' title='bbox 1625 3732 1819 3797; x_wconf 87' lang='lat' dir='ltr'><strong>Eliam,</strong></span> <span class='ocrx_word' id='word_1_390' title='bbox 1858 3731 2013 3786; x_wconf 84' lang='lat' dir='ltr'><strong>Davi-</strong></span> 
     </span>
    </p>
   </div>
   <div class='ocr_carea' id='block_1_66' title="bbox 433 3825 2009 3903">
    <p class='ocr_par' dir='ltr' id='par_1_66' title="bbox 433 3825 2009 3903">
     <span class='ocr_line' id='line_1_66' title="bbox 433 3825 2009 3903; baseline -0.008 -14"><span class='ocrx_word' id='word_1_391' title='bbox 433 3834 579 3899; x_wconf 88' lang='lat' dir='ltr'><strong>dem,</strong></span> <span class='ocrx_word' id='word_1_392' title='bbox 605 3831 962 3903; x_wconf 88' lang='lat' dir='ltr'><strong>Sampsonem</strong></span> <span class='ocrx_word' id='word_1_393' title='bbox 994 3845 1292 3899; x_wconf 84' lang='lat' dir='ltr'><strong>omnesque</strong></span> <span class='ocrx_word' id='word_1_394' title='bbox 1317 3827 1614 3899; x_wconf 88' lang='lat' dir='ltr'><strong>pr0pbetas</strong></span> <span class='ocrx_word' id='word_1_395' title='bbox 1641 3825 2009 3891; x_wconf 90' lang='lat' dir='ltr'><strong>commendat;</strong></span> 
     </span>
    </p>
   </div>
   <div class='ocr_carea' id='block_1_67' title="bbox 432 3918 2012 3996">
    <p class='ocr_par' dir='ltr' id='par_1_67' title="bbox 432 3918 2012 3996">
     <span class='ocr_line' id='line_1_67' title="bbox 432 3918 2012 3996; baseline -0.005 -17"><span class='ocrx_word' id='word_1_396' title='bbox 432 3940 574 3996; x_wconf 80' lang='lat' dir='ltr'><strong>quos</strong></span> <span class='ocrx_word' id='word_1_397' title='bbox 603 3925 695 3980; x_wconf 90' lang='lat' dir='ltr'><strong>isti</strong></span> <span class='ocrx_word' id='word_1_398' title='bbox 727 3924 1095 3979; x_wconf 90' lang='lat' dir='ltr'><strong>detestantur.</strong></span> <span class='ocrx_word' id='word_1_399' title='bbox 1128 3920 1318 3992; x_wconf 89' lang='lat' dir='ltr'><strong>Itaque</strong></span> <span class='ocrx_word' id='word_1_400' title='bbox 1354 3921 1408 3975; x_wconf 92' lang='lat' dir='ltr'><strong>in</strong></span> <span class='ocrx_word' id='word_1_401' title='bbox 1451 3918 1789 3973; x_wconf 88' lang='lat' dir='ltr'><strong>Circuitibus</strong></span> <span class='ocrx_word' id='word_1_402' title='bbox 1827 3918 2012 3973; x_wconf 92' lang='lat' dir='ltr'><strong>omnia</strong></span> 
     </span>
    </p>
   </div>
   <div class='ocr_carea' id='block_1_68' title="bbox 434 4009 2013 4074">
    <p class='ocr_par' dir='ltr' id='par_1_68' title="bbox 434 4009 2013 4074">
     <span class='ocr_line' id='line_1_68' title="bbox 434 4009 2013 4074; baseline -0.005 -3"><span class='ocrx_word' id='word_1_403' title='bbox 434 4018 503 4072; x_wconf 85' lang='lat' dir='ltr'><strong>ad</strong></span> <span class='ocrx_word' id='word_1_404' title='bbox 535 4033 694 4072; x_wconf 88' lang='lat' dir='ltr'><strong>suum</strong></span> <span class='ocrx_word' id='word_1_405' title='bbox 726 4016 1038 4071; x_wconf 89' lang='lat' dir='ltr'><strong>institutum</strong></span> <span class='ocrx_word' id='word_1_406' title='bbox 1084 4012 1569 4069; x_wconf 88' lang='lat' dir='ltr'><strong>accommodarunt</strong></span> <span class='ocrx_word' id='word_1_407' title='bbox 1593 4049 1610 4074; x_wconf 90' lang='lat'><strong>,</strong></span> <span class='ocrx_word' id='word_1_408' title='bbox 1650 4025 1714 4065; x_wconf 91' lang='lat' dir='ltr'><strong>ac</strong></span> <span class='ocrx_word' id='word_1_409' title='bbox 1744 4010 1812 4066; x_wconf 92' lang='lat' dir='ltr'><strong>de</strong></span> <span class='ocrx_word' id='word_1_410' title='bbox 1850 4009 2013 4063; x_wconf 87' lang='lat' dir='ltr'><strong>Petro</strong></span> 
     </span>
    </p>
   </div>
   <div class='ocr_carea' id='block_1_69' title="bbox 434 4098 2014 4171">
    <p class='ocr_par' dir='ltr' id='par_1_69' title="bbox 434 4098 2014 4171">
     <span class='ocr_line' id='line_1_69' title="bbox 434 4098 2014 4171; baseline -0.006 -10"><span class='ocrx_word' id='word_1_411' title='bbox 434 4109 606 4161; x_wconf 89' lang='lat' dir='ltr'><strong>multa</strong></span> <span class='ocrx_word' id='word_1_412' title='bbox 631 4105 915 4161; x_wconf 90' lang='lat' dir='ltr'><strong>mendacia</strong></span> <span class='ocrx_word' id='word_1_413' title='bbox 936 4102 1322 4159; x_wconf 88' lang='lat' dir='ltr'><strong>conﬁnxerunt</strong></span> <span class='ocrx_word' id='word_1_414' title='bbox 1354 4121 1369 4157; x_wconf 90' lang='lat'><strong>:</strong></span> <span class='ocrx_word' id='word_1_415' title='bbox 1402 4100 1560 4171; x_wconf 90' lang='lat' dir='ltr'><strong>quasi</strong></span> <span class='ocrx_word' id='word_1_416' title='bbox 1585 4100 1633 4155; x_wconf 91' lang='lat' dir='ltr'><strong>is</strong></span> <span class='ocrx_word' id='word_1_417' title='bbox 1655 4098 1901 4169; x_wconf 88' lang='lat' dir='ltr'><strong>quotidie</strong></span> <span class='ocrx_word' id='word_1_418' title='bbox 1920 4114 2014 4153; x_wconf 85' lang='lat' dir='ltr'><strong>ca-</strong></span> 
     </span>
    </p>
   </div>
   <div class='ocr_carea' id='block_1_70' title="bbox 432 4188 2014 4256">
    <p class='ocr_par' dir='ltr' id='par_1_70' title="bbox 432 4188 2014 4256">
     <span class='ocr_line' id='line_1_70' title="bbox 432 4188 2014 4256; baseline -0.006 -4"><span class='ocrx_word' id='word_1_419' title='bbox 432 4196 708 4252; x_wconf 68' lang='lat' dir='ltr'><strong>stimonia:</strong></span> <span class='ocrx_word' id='word_1_420' title='bbox 739 4209 906 4249; x_wconf 89' lang='lat' dir='ltr'><strong>causa</strong></span> <span class='ocrx_word' id='word_1_421' title='bbox 937 4192 1164 4256; x_wconf 83' lang='lat' dir='ltr'><strong>laverit,</strong></span> <span class='ocrx_word' id='word_1_422' title='bbox 1200 4192 1344 4247; x_wconf 90' lang='lat' dir='ltr'><strong>sicut</strong></span> <span class='ocrx_word' id='word_1_423' title='bbox 1371 4199 1426 4245; x_wconf 90' lang='lat' dir='ltr'><strong>et</strong></span> <span class='ocrx_word' id='word_1_424' title='bbox 1456 4191 1546 4246; x_wconf 89' lang='lat' dir='ltr'><strong>isti</strong></span> <span class='ocrx_word' id='word_1_425' title='bbox 1583 4188 1811 4244; x_wconf 80' lang='lat' dir='ltr'><strong>faciunt.</strong></span> <span class='ocrx_word' id='word_1_426' title='bbox 1847 4188 2014 4243; x_wconf 83' lang='lat' dir='ltr'><strong>Eum-</strong></span> 
     </span>
    </p>
   </div>
   <div class='ocr_carea' id='block_1_71' title="bbox 437 4280 2015 4342">
    <p class='ocr_par' dir='ltr' id='par_1_71' title="bbox 437 4280 2015 4342">
     <span class='ocr_line' id='line_1_71' title="bbox 437 4280 2015 4342; baseline -0.005 0"><span class='ocrx_word' id='word_1_427' title='bbox 437 4287 561 4342; x_wconf 90' lang='lat' dir='ltr'><strong>dem</strong></span> <span class='ocrx_word' id='word_1_428' title='bbox 593 4286 758 4341; x_wconf 87' lang='lat' dir='ltr'><strong>etiam</strong></span> <span class='ocrx_word' id='word_1_429' title='bbox 792 4286 949 4339; x_wconf 90' lang='lat' dir='ltr'><strong>aiunt</strong></span> <span class='ocrx_word' id='word_1_430' title='bbox 981 4283 1319 4339; x_wconf 81' lang='lat' dir='ltr'><strong>abstinuisse</strong></span> <span class='ocrx_word' id='word_1_431' title='bbox 1348 4283 1416 4336; x_wconf 90' lang='lat' dir='ltr'><strong>ab</strong></span> <span class='ocrx_word' id='word_1_432' title='bbox 1446 4282 1704 4335; x_wconf 88' lang='lat' dir='ltr'><strong>animatis</strong></span> <span class='ocrx_word' id='word_1_433' title='bbox 1734 4288 1789 4336; x_wconf 89' lang='lat' dir='ltr'><strong>et</strong></span> <span class='ocrx_word' id='word_1_434' title='bbox 1831 4280 2015 4336; x_wconf 87' lang='lat' dir='ltr'><strong>carni-</strong></span> 
     </span>
    </p>
   </div>
   <div class='ocr_carea' id='block_1_72' title="bbox 434 4373 2015 4448">
    <p class='ocr_par' dir='ltr' id='par_1_72' title="bbox 434 4373 2015 4448">
     <span class='ocr_line' id='line_1_72' title="bbox 434 4373 2015 4448; baseline -0.004 -13"><span class='ocrx_word' id='word_1_435' title='bbox 434 4380 563 4444; x_wconf 87' lang='lat' dir='ltr'><strong>bus,</strong></span> <span class='ocrx_word' id='word_1_436' title='bbox 590 4386 651 4432; x_wconf 92' lang='lat' dir='ltr'><strong>ut</strong></span> <span class='ocrx_word' id='word_1_437' title='bbox 674 4378 777 4448; x_wconf 90' lang='lat' dir='ltr'><strong>ipsi</strong></span> <span class='ocrx_word' id='word_1_438' title='bbox 807 4377 1005 4443; x_wconf 90' lang='lat' dir='ltr'><strong>solent;</strong></span> <span class='ocrx_word' id='word_1_439' title='bbox 1036 4382 1090 4431; x_wconf 90' lang='lat' dir='ltr'><strong>et</strong></span> <span class='ocrx_word' id='word_1_440' title='bbox 1130 4375 1200 4429; x_wconf 88' lang='lat' dir='ltr'><strong>ab</strong></span> <span class='ocrx_word' id='word_1_441' title='bbox 1229 4373 1378 4428; x_wconf 89' lang='lat' dir='ltr'><strong>omni</strong></span> <span class='ocrx_word' id='word_1_442' title='bbox 1406 4375 1515 4427; x_wconf 82' lang='lat' dir='ltr'><strong>alio</strong></span> <span class='ocrx_word' id='word_1_443' title='bbox 1547 4373 1673 4427; x_wconf 89' lang='lat' dir='ltr'><strong>cibo</strong></span> <span class='ocrx_word' id='word_1_444' title='bbox 1714 4373 1807 4442; x_wconf 87' lang='lat' dir='ltr'><strong>qui</strong></span> <span class='ocrx_word' id='word_1_445' title='bbox 1847 4387 2015 4428; x_wconf 86' lang='lat' dir='ltr'><strong>carne</strong></span> 
     </span>
    </p>
   </div>
   <div class='ocr_carea' id='block_1_73' title="bbox 432 4464 2015 4541">
    <p class='ocr_par' dir='ltr' id='par_1_73' title="bbox 432 4464 2015 4541">
     <span class='ocr_line' id='line_1_73' title="bbox 432 4464 2015 4541; baseline -0.004 -14"><span class='ocrx_word' id='word_1_446' title='bbox 432 4478 685 4536; x_wconf 86' lang='lat' dir='ltr'><strong>constet;</strong></span> <span class='ocrx_word' id='word_1_447' title='bbox 710 4467 1159 4541; x_wconf 87' lang='lat' dir='ltr'><strong>quandoquidem</strong></span> <span class='ocrx_word' id='word_1_448' title='bbox 1186 4476 1240 4523; x_wconf 87' lang='lat' dir='ltr'><strong>et</strong></span> <span class='ocrx_word' id='word_1_449' title='bbox 1281 4468 1396 4538; x_wconf 90' lang='lat' dir='ltr'><strong>ipse</strong></span> <span class='ocrx_word' id='word_1_450' title='bbox 1430 4465 1604 4521; x_wconf 84' lang='lat' dir='ltr'><strong>Ebiou</strong></span> <span class='ocrx_word' id='word_1_451' title='bbox 1624 4506 1640 4530; x_wconf 92' lang='lat'><strong>,</strong></span> <span class='ocrx_word' id='word_1_452' title='bbox 1669 4475 1721 4520; x_wconf 93' lang='lat' dir='ltr'><strong>et</strong></span> <span class='ocrx_word' id='word_1_453' title='bbox 1751 4464 2015 4522; x_wconf 77' lang='lat' dir='ltr'><strong>Ebionita:</strong></span> 
     </span>
    </p>
   </div>
   <div class='ocr_carea' id='block_1_74' title="bbox 437 4567 2010 4639">
    <p class='ocr_par' dir='ltr' id='par_1_74' title="bbox 437 4567 2010 4639">
     <span class='ocr_line' id='line_1_74' title="bbox 437 4567 2010 4639; baseline -0.004 -12"><span class='ocrx_word' id='word_1_454' title='bbox 437 4571 666 4627; x_wconf 87' lang='lat' dir='ltr'><strong>omnino</strong></span> <span class='ocrx_word' id='word_1_455' title='bbox 692 4571 762 4625; x_wconf 87' lang='lat' dir='ltr'><strong>ab</strong></span> <span class='ocrx_word' id='word_1_456' title='bbox 786 4571 854 4626; x_wconf 91' lang='lat' dir='ltr'><strong>iis</strong></span> <span class='ocrx_word' id='word_1_457' title='bbox 875 4571 1171 4625; x_wconf 91' lang='lat' dir='ltr'><strong>abstinent.</strong></span> <span class='ocrx_word' id='word_1_458' title='bbox 1197 4568 1330 4639; x_wconf 87' lang='lat' dir='ltr'><strong>Lege</strong></span> <span class='ocrx_word' id='word_1_459' title='bbox 1348 4567 1633 4639; x_wconf 80' lang='lat' dir='ltr'><strong>Recognit.</strong></span> <span class='ocrx_word' id='word_1_460' title='bbox 1656 4568 1751 4622; x_wconf 92' lang='lat' dir='ltr'><strong>lib.</strong></span> <span class='ocrx_word' id='word_1_461' title='bbox 1783 4581 1859 4631; x_wconf 84' lang='lat' dir='ltr'><strong>Iv,</strong></span> <span class='ocrx_word' id='word_1_462' title='bbox 1888 4581 2010 4636; x_wconf 91' lang='lat' dir='ltr'><strong>cap.</strong></span> 
     </span>
    </p>
   </div>
   <div class='ocr_carea' id='block_1_75' title="bbox 436 4660 2014 4736">
    <p class='ocr_par' dir='ltr' id='par_1_75' title="bbox 436 4660 2014 4736">
     <span class='ocr_line' id='line_1_75' title="bbox 436 4660 2014 4736; baseline -0.001 -17"><span class='ocrx_word' id='word_1_463' title='bbox 436 4666 506 4729; x_wconf 68' lang='grc' dir='ltr'><strong>ὃς</strong></span> <span class='ocrx_word' id='word_1_464' title='bbox 532 4665 626 4721; x_wconf 81' lang='lat' dir='ltr'><strong>lib.</strong></span> <span class='ocrx_word' id='word_1_465' title='bbox 646 4682 700 4731; x_wconf 74' lang='grc' dir='ltr'><strong>ν,</strong></span> <span class='ocrx_word' id='word_1_466' title='bbox 730 4679 853 4736; x_wconf 91' lang='lat' dir='ltr'><strong>cap.</strong></span> <span class='ocrx_word' id='word_1_467' title='bbox 877 4662 986 4729; x_wconf 78' lang='lat'><strong>36;</strong></span> <span class='ocrx_word' id='word_1_468' title='bbox 1021 4662 1114 4718; x_wconf 89' lang='lat' dir='ltr'><strong>lib.</strong></span> <span class='ocrx_word' id='word_1_469' title='bbox 1149 4680 1245 4729; x_wconf 87' lang='lat' dir='ltr'><strong>vu,</strong></span> <span class='ocrx_word' id='word_1_470' title='bbox 1278 4678 1401 4732; x_wconf 90' lang='lat' dir='ltr'><strong>cap.</strong></span> <span class='ocrx_word' id='word_1_471' title='bbox 1429 4661 1485 4730; x_wconf 72' lang='lat'><strong>6,</strong></span> <span class='ocrx_word' id='word_1_472' title='bbox 1510 4669 1564 4717; x_wconf 92' lang='lat' dir='ltr'><strong>et</strong></span> <span class='ocrx_word' id='word_1_473' title='bbox 1604 4660 1701 4715; x_wconf 87' lang='lat' dir='ltr'><strong>lib.</strong></span> <span class='ocrx_word' id='word_1_474' title='bbox 1733 4677 1856 4726; x_wconf 86' lang='lat' dir='ltr'><strong>vm,</strong></span> <span class='ocrx_word' id='word_1_475' title='bbox 1888 4675 2014 4730; x_wconf 88' lang='lat' dir='ltr'><strong>cap.</strong></span> 
     </span>
    </p>
   </div>
   <div class='ocr_carea' id='block_1_76' title="bbox 440 4755 645 4810">
    <p class='ocr_par' dir='ltr' id='par_1_76' title="bbox 440 4755 645 4810">
     <span class='ocr_line' id='line_1_76' title="bbox 440 4755 645 4810; baseline 0.005 -1"><span class='ocrx_word' id='word_1_476' title='bbox 440 4756 467 4809; x_wconf 88' lang='grc'><strong>1</strong></span> <span class='ocrx_word' id='word_1_477' title='bbox 509 4763 563 4810; x_wconf 92' lang='lat' dir='ltr'><strong>et</strong></span> <span class='ocrx_word' id='word_1_478' title='bbox 591 4755 645 4810; x_wconf 73' lang='lat'><strong>2.</strong></span> 
     </span>
    </p>
   </div>
   <div class='ocr_carea' id='block_1_77' title="bbox 2112 3554 3687 3628">
    <p class='ocr_par' dir='ltr' id='par_1_77' title="bbox 2112 3554 3687 3628">
     <span class='ocr_line' id='line_1_77' title="bbox 2112 3554 3687 3628; baseline 0.001 -20"><span class='ocrx_word' id='word_1_479' title='bbox 2112 3555 2267 3627; x_wconf 84' lang='grc' dir='ltr'>παρὰ</span> <span class='ocrx_word' id='word_1_480' title='bbox 2290 3555 2360 3608; x_wconf 82' lang='grc' dir='ltr'>τὰ</span> <span class='ocrx_word' id='word_1_481' title='bbox 2386 3554 2491 3608; x_wconf 81' lang='grc' dir='ltr'>ὑπὸ</span> <span class='ocrx_word' id='word_1_482' title='bbox 2522 3555 2730 3609; x_wconf 86' lang='grc' dir='ltr'>τούτων</span> <span class='ocrx_word' id='word_1_483' title='bbox 2763 3559 2843 3619; x_wconf 70' lang='grc' dir='ltr'>εἰς</span> <span class='ocrx_word' id='word_1_484' title='bbox 2871 3556 3041 3628; x_wconf 69' lang='grc' dir='ltr'>ὄνομα</span> <span class='ocrx_word' id='word_1_485' title='bbox 3074 3556 3239 3608; x_wconf 78' lang='grc' dir='ltr'>αὑτοῦ</span> <span class='ocrx_word' id='word_1_486' title='bbox 3268 3557 3327 3608; x_wconf 82' lang='grc' dir='ltr'>ὲν</span> <span class='ocrx_word' id='word_1_487' title='bbox 3356 3559 3480 3620; x_wconf 82' lang='grc' dir='ltr'>ταῖς</span> <span class='ocrx_word' id='word_1_488' title='bbox 3502 3557 3687 3628; x_wconf 82' lang='grc' dir='ltr'>Περιό-</span> 
     </span>
    </p>
   </div>
   <div class='ocr_carea' id='block_1_78' title="bbox 2112 3647 3687 3721">
    <p class='ocr_par' dir='ltr' id='par_1_78' title="bbox 2112 3647 3687 3721">
     <span class='ocr_line' id='line_1_78' title="bbox 2112 3647 3687 3721; baseline 0 -20"><span class='ocrx_word' id='word_1_489' title='bbox 2112 3647 2223 3712; x_wconf 88' lang='grc' dir='ltr'>δοις</span> <span class='ocrx_word' id='word_1_490' title='bbox 2253 3648 2630 3719; x_wconf 84' lang='grc' dir='ltr'>νενοθευμένα.</span> <span class='ocrx_word' id='word_1_491' title='bbox 2664 3650 2835 3712; x_wconf 81' lang='grc' dir='ltr'>Αὐτὸς</span> <span class='ocrx_word' id='word_1_492' title='bbox 2868 3648 2977 3721; x_wconf 85' lang='grc' dir='ltr'><strong>γὰρ</strong></span> <span class='ocrx_word' id='word_1_493' title='bbox 2996 3647 3293 3720; x_wconf 82' lang='grc' dir='ltr'>παρθενίαν</span> <span class='ocrx_word' id='word_1_494' title='bbox 3309 3648 3575 3711; x_wconf 76' lang='grc' dir='ltr'>διδάσκει,</span> <span class='ocrx_word' id='word_1_495' title='bbox 3602 3649 3687 3701; x_wconf 82' lang='grc' dir='ltr'>καὶ</span> 
     </span>
    </p>
   </div>
   <div class='ocr_carea' id='block_1_79' title="bbox 2113 3738 3687 3813">
    <p class='ocr_par' dir='ltr' id='par_1_79' title="bbox 2113 3738 3687 3813">
     <span class='ocr_line' id='line_1_79' title="bbox 2113 3738 3687 3813; baseline 0 -20"><span class='ocrx_word' id='word_1_496' title='bbox 2113 3741 2266 3793; x_wconf 80' lang='grc' dir='ltr'>αὐτοὶ</span> <span class='ocrx_word' id='word_1_497' title='bbox 2297 3741 2357 3793; x_wconf 86' lang='grc' dir='ltr'><strong>οὺ</strong></span> <span class='ocrx_word' id='word_1_498' title='bbox 2388 3740 2832 3810; x_wconf 79' lang='grc' dir='ltr'>δέχονται.Αὐτὸς</span> <span class='ocrx_word' id='word_1_499' title='bbox 2863 3741 2972 3813; x_wconf 84' lang='grc' dir='ltr'>γὰρ</span> <span class='ocrx_word' id='word_1_500' title='bbox 3003 3738 3339 3811; x_wconf 73' lang='grc' dir='ltr'><strong>ἐγκωμιάζει</strong></span> <span class='ocrx_word' id='word_1_501' title='bbox 3372 3739 3580 3803; x_wconf 76' lang='grc' dir='ltr'>Ἠλίαν,</span> <span class='ocrx_word' id='word_1_502' title='bbox 3603 3742 3687 3793; x_wconf 74' lang='grc' dir='ltr'>καὶ</span> 
     </span>
    </p>
   </div>
   <div class='ocr_carea' id='block_1_80' title="bbox 2112 3829 3687 3903">
    <p class='ocr_par' dir='ltr' id='par_1_80' title="bbox 2112 3829 3687 3903">
     <span class='ocr_line' id='line_1_80' title="bbox 2112 3829 3687 3903; baseline -0.001 -19"><span class='ocrx_word' id='word_1_503' title='bbox 2112 3831 2296 3895; x_wconf 73' lang='grc' dir='ltr'>Δαϐὶδ,</span> <span class='ocrx_word' id='word_1_504' title='bbox 2337 3833 2433 3886; x_wconf 73' lang='grc' dir='ltr'><strong>καὶ</strong></span> <span class='ocrx_word' id='word_1_505' title='bbox 2464 3831 2724 3903; x_wconf 80' lang='grc' dir='ltr'>Σαμψὼν,</span> <span class='ocrx_word' id='word_1_506' title='bbox 2754 3832 2849 3885; x_wconf 72' lang='grc' dir='ltr'>καὶ</span> <span class='ocrx_word' id='word_1_507' title='bbox 2883 3831 3090 3895; x_wconf 83' lang='grc' dir='ltr'>πάντας</span> <span class='ocrx_word' id='word_1_508' title='bbox 3116 3834 3243 3895; x_wconf 83' lang='grc' dir='ltr'>τοὺς</span> <span class='ocrx_word' id='word_1_509' title='bbox 3265 3833 3573 3903; x_wconf 83' lang='grc' dir='ltr'>προφήτας,</span> <span class='ocrx_word' id='word_1_510' title='bbox 3602 3829 3687 3894; x_wconf 76' lang='grc' dir='ltr'>οὓς</span> 
     </span>
    </p>
   </div>
   <div class='ocr_carea' id='block_1_81' title="bbox 2113 3916 3687 3997">
    <p class='ocr_par' dir='ltr' id='par_1_81' title="bbox 2113 3916 3687 3997">
     <span class='ocr_line' id='line_1_81' title="bbox 2113 3916 3687 3997; baseline -0.001 -20"><span class='ocrx_word' id='word_1_511' title='bbox 2113 3916 2259 3977; x_wconf 72' lang='grc' dir='ltr'>οὗτοι</span> <span class='ocrx_word' id='word_1_512' title='bbox 2290 3923 2678 3994; x_wconf 83' lang='grc' dir='ltr'>βδελύττονται.</span> <span class='ocrx_word' id='word_1_513' title='bbox 2723 3925 2810 3978; x_wconf 87' lang='grc' dir='ltr'><strong>Ἐν</strong></span> <span class='ocrx_word' id='word_1_514' title='bbox 2836 3928 2958 3989; x_wconf 87' lang='grc' dir='ltr'>ταῖς</span> <span class='ocrx_word' id='word_1_515' title='bbox 2985 3922 3077 3977; x_wconf 77' lang='grc' dir='ltr'><strong>οὖν</strong></span> <span class='ocrx_word' id='word_1_516' title='bbox 3095 3924 3373 3997; x_wconf 86' lang='grc' dir='ltr'>Περιόδοις</span> <span class='ocrx_word' id='word_1_517' title='bbox 3407 3923 3472 3976; x_wconf 80' lang='grc' dir='ltr'>τὸ</span> <span class='ocrx_word' id='word_1_518' title='bbox 3496 3924 3601 3976; x_wconf 80' lang='grc' dir='ltr'><strong>πᾶν</strong></span> <span class='ocrx_word' id='word_1_519' title='bbox 3615 3924 3687 3985; x_wconf 87' lang='grc' dir='ltr'>εἰς</span> 
     </span>
    </p>
   </div>
   <div class='ocr_carea' id='block_1_82' title="bbox 2114 4015 3687 4090">
    <p class='ocr_par' dir='ltr' id='par_1_82' title="bbox 2114 4015 3687 4090">
     <span class='ocr_line' id='line_1_82' title="bbox 2114 4015 3687 4090; baseline -0.001 -20"><span class='ocrx_word' id='word_1_520' title='bbox 2114 4017 2344 4081; x_wconf 79' lang='grc' dir='ltr'>ἑαυτοὺς</span> <span class='ocrx_word' id='word_1_521' title='bbox 2395 4018 2753 4090; x_wconf 81' lang='grc' dir='ltr'><strong>μετήνεγκαν,</strong></span> <span class='ocrx_word' id='word_1_522' title='bbox 2794 4018 3268 4087; x_wconf 76' lang='grc' dir='ltr'>καταψευσάμενοι</span> <span class='ocrx_word' id='word_1_523' title='bbox 3316 4017 3526 4087; x_wconf 80' lang='grc' dir='ltr'>Πέτρου</span> <span class='ocrx_word' id='word_1_524' title='bbox 3558 4015 3687 4069; x_wconf 77' lang='grc' dir='ltr'>κατὰ</span> 
     </span>
    </p>
   </div>
   <div class='ocr_carea' id='block_1_83' title="bbox 2114 4107 3685 4181">
    <p class='ocr_par' dir='ltr' id='par_1_83' title="bbox 2114 4107 3685 4181">
     <span class='ocr_line' id='line_1_83' title="bbox 2114 4107 3685 4181; baseline 0.001 -20"><span class='ocrx_word' id='word_1_525' title='bbox 2114 4108 2345 4173; x_wconf 82' lang='grc' dir='ltr'>πολλοὺς</span> <span class='ocrx_word' id='word_1_526' title='bbox 2375 4109 2612 4181; x_wconf 87' lang='grc' dir='ltr'>τρόπους</span> <span class='ocrx_word' id='word_1_527' title='bbox 2634 4126 2648 4140; x_wconf 78' lang='grc'><em>’</em></span> <span class='ocrx_word' id='word_1_528' title='bbox 2684 4109 2761 4173; x_wconf 84' lang='grc' dir='ltr'><strong>ὡς</strong></span> <span class='ocrx_word' id='word_1_529' title='bbox 2787 4109 2954 4163; x_wconf 78' lang='grc' dir='ltr'>αὑτοῦ</span> <span class='ocrx_word' id='word_1_530' title='bbox 3004 4109 3140 4162; x_wconf 83' lang='grc' dir='ltr'>καθ’</span> <span class='ocrx_word' id='word_1_531' title='bbox 3176 4109 3389 4180; x_wconf 83' lang='grc' dir='ltr'>ἡμέραν</span> <span class='ocrx_word' id='word_1_532' title='bbox 3440 4107 3685 4177; x_wconf 75' lang='grc' dir='ltr'>βαπτιζο·</span> 
     </span>
    </p>
   </div>
   <div class='ocr_carea' id='block_1_84' title="bbox 2119 4194 3685 4275">
    <p class='ocr_par' dir='ltr' id='par_1_84' title="bbox 2119 4194 3685 4275">
     <span class='ocr_line' id='line_1_84' title="bbox 2119 4194 3685 4275; baseline -0.005 -18"><span class='ocrx_word' id='word_1_533' title='bbox 2119 4203 2280 4275; x_wconf 83' lang='grc' dir='ltr'>μένου</span> <span class='ocrx_word' id='word_1_534' title='bbox 2312 4202 2579 4273; x_wconf 79' lang='grc' dir='ltr'>ἁγνισμοῦ</span> <span class='ocrx_word' id='word_1_535' title='bbox 2606 4202 2823 4266; x_wconf 72' lang='grc' dir='ltr'>ἕνεκεν,</span> <span class='ocrx_word' id='word_1_536' title='bbox 2860 4202 3111 4273; x_wconf 83' lang='grc' dir='ltr'>καθάπερ</span> <span class='ocrx_word' id='word_1_537' title='bbox 3150 4202 3244 4254; x_wconf 76' lang='grc' dir='ltr'><strong>καὶ</strong></span> <span class='ocrx_word' id='word_1_538' title='bbox 3278 4194 3446 4253; x_wconf 73' lang='grc' dir='ltr'>οὗτοι.</span> <span class='ocrx_word' id='word_1_539' title='bbox 3495 4198 3685 4269; x_wconf 68' lang='grc' dir='ltr'><strong>Ἐμψὺ-</strong></span> 
     </span>
    </p>
   </div>
   <div class='ocr_carea' id='block_1_85' title="bbox 2115 4286 3678 4368">
    <p class='ocr_par' dir='ltr' id='par_1_85' title="bbox 2115 4286 3678 4368">
     <span class='ocr_line' id='line_1_85' title="bbox 2115 4286 3678 4368; baseline -0.006 -17"><span class='ocrx_word' id='word_1_540' title='bbox 2115 4316 2226 4368; x_wconf 85' lang='grc' dir='ltr'>χων</span> <span class='ocrx_word' id='word_1_541' title='bbox 2250 4315 2311 4349; x_wconf 89' lang='grc' dir='ltr'><strong>τε</strong></span> <span class='ocrx_word' id='word_1_542' title='bbox 2338 4295 2429 4350; x_wconf 76' lang='grc' dir='ltr'>τὸν</span> <span class='ocrx_word' id='word_1_543' title='bbox 2456 4295 2616 4348; x_wconf 77' lang='grc' dir='ltr'>αὐτὸν</span> <span class='ocrx_word' id='word_1_544' title='bbox 2638 4294 2938 4365; x_wconf 73' lang='grc' dir='ltr'>ἀπέχεσθαι</span> <span class='ocrx_word' id='word_1_545' title='bbox 2958 4295 3052 4348; x_wconf 73' lang='grc' dir='ltr'><strong>καὶ</strong></span> <span class='ocrx_word' id='word_1_546' title='bbox 3073 4292 3271 4365; x_wconf 78' lang='grc' dir='ltr'>κρεῶν,</span> <span class='ocrx_word' id='word_1_547' title='bbox 3300 4294 3377 4356; x_wconf 78' lang='grc' dir='ltr'>ὡς</span> <span class='ocrx_word' id='word_1_548' title='bbox 3400 4293 3493 4345; x_wconf 68' lang='grc' dir='ltr'><strong>καὶ</strong></span> <span class='ocrx_word' id='word_1_549' title='bbox 3524 4286 3678 4353; x_wconf 71' lang='grc' dir='ltr'>οὗτοι,</span> 
     </span>
    </p>
   </div>
   <div class='ocr_carea' id='block_1_86' title="bbox 2116 4383 3677 4461">
    <p class='ocr_par' dir='ltr' id='par_1_86' title="bbox 2116 4383 3677 4461">
     <span class='ocr_line' id='line_1_86' title="bbox 2116 4383 3677 4461; baseline -0.006 -17"><span class='ocrx_word' id='word_1_550' title='bbox 2116 4391 2211 4444; x_wconf 74' lang='grc' dir='ltr'><strong>καὶ</strong></span> <span class='ocrx_word' id='word_1_551' title='bbox 2241 4388 2424 4461; x_wconf 79' lang='grc' dir='ltr'>πάσης</span> <span class='ocrx_word' id='word_1_552' title='bbox 2454 4388 2619 4460; x_wconf 75' lang='grc' dir='ltr'>ἄλλης</span> <span class='ocrx_word' id='word_1_553' title='bbox 2644 4388 2842 4457; x_wconf 77' lang='grc' dir='ltr'>ἐδωδῆς</span> <span class='ocrx_word' id='word_1_554' title='bbox 2872 4387 2971 4457; x_wconf 82' lang='grc' dir='ltr'>τῆς</span> <span class='ocrx_word' id='word_1_555' title='bbox 2998 4386 3106 4438; x_wconf 79' lang='grc' dir='ltr'><strong>ἀπὸ</strong></span> <span class='ocrx_word' id='word_1_556' title='bbox 3150 4386 3369 4457; x_wconf 85' lang='grc' dir='ltr'>σαρκῶν</span> <span class='ocrx_word' id='word_1_557' title='bbox 3398 4383 3677 4453; x_wconf 77' lang='grc' dir='ltr'>πεποιημέ-</span> 
     </span>
    </p>
   </div>
   <div class='ocr_carea' id='block_1_87' title="bbox 2115 4475 3685 4553">
    <p class='ocr_par' dir='ltr' id='par_1_87' title="bbox 2115 4475 3685 4553">
     <span class='ocr_line' id='line_1_87' title="bbox 2115 4475 3685 4553; baseline -0.005 -18"><span class='ocrx_word' id='word_1_558' title='bbox 2115 4499 2214 4553; x_wconf 89' lang='grc' dir='ltr'><strong>νης</strong></span> <span class='ocrx_word' id='word_1_559' title='bbox 2239 4480 2506 4550; x_wconf 89' lang='grc' dir='ltr'>λέγουσιν,</span> <span class='ocrx_word' id='word_1_560' title='bbox 2529 4480 2824 4551; x_wconf 73' lang='grc' dir='ltr'>ἐπειδήπερ</span> <span class='ocrx_word' id='word_1_561' title='bbox 2851 4480 2944 4533; x_wconf 73' lang='grc' dir='ltr'>καὶ</span> <span class='ocrx_word' id='word_1_562' title='bbox 2976 4478 3136 4541; x_wconf 83' lang='grc' dir='ltr'>αὐτὸς</span> <span class='ocrx_word' id='word_1_563' title='bbox 3159 4476 3349 4531; x_wconf 79' lang='grc' dir='ltr'>Ἐδίων</span> <span class='ocrx_word' id='word_1_564' title='bbox 3379 4478 3476 4530; x_wconf 77' lang='grc' dir='ltr'>καὶ</span> <span class='ocrx_word' id='word_1_565' title='bbox 3510 4475 3685 4529; x_wconf 78' lang='grc' dir='ltr'><strong>Ἐϐιω-</strong></span> 
     </span>
    </p>
   </div>
   <div class='ocr_carea' id='block_1_88' title="bbox 2118 4571 3135 4644">
    <p class='ocr_par' dir='ltr' id='par_1_88' title="bbox 2118 4571 3135 4644">
     <span class='ocr_line' id='line_1_88' title="bbox 2118 4571 3135 4644; baseline -0.005 -15"><span class='ocrx_word' id='word_1_566' title='bbox 2118 4579 2258 4629; x_wconf 88' lang='grc' dir='ltr'>νῖται</span> <span class='ocrx_word' id='word_1_567' title='bbox 2284 4573 2563 4638; x_wconf 85' lang='grc' dir='ltr'>παντελῶς</span> <span class='ocrx_word' id='word_1_568' title='bbox 2596 4571 2888 4644; x_wconf 83' lang='grc' dir='ltr'>ἀπέχονται</span> <span class='ocrx_word' id='word_1_569' title='bbox 2915 4571 3135 4625; x_wconf 81' lang='grc' dir='ltr'>τούτων.</span> 
     </span>
    </p>
   </div>
   <div class='ocr_carea' id='block_1_89' title="bbox 1451 5002 2659 5076">
    <p class='ocr_par' dir='ltr' id='par_1_89' title="bbox 1451 5002 2659 5076">
     <span class='ocr_line' id='line_1_89' title="bbox 1451 5002 2659 5076; baseline -0.001 -14"><span class='ocrx_word' id='word_1_570' title='bbox 1451 5006 1509 5062; x_wconf 82' lang='grc'><strong>8.</strong></span> <span class='ocrx_word' id='word_1_571' title='bbox 1550 5002 1921 5071; x_wconf 61' lang='grc' dir='ltr'>Ηιειιοιιγιωε,</span> <span class='ocrx_word' id='word_1_572' title='bbox 1959 5003 2036 5058; x_wconf 87' lang='lat' dir='ltr'><strong>De</strong></span> <span class='ocrx_word' id='word_1_573' title='bbox 2065 5005 2165 5059; x_wconf 82' lang='lat' dir='ltr'><strong>vir.</strong></span> <span class='ocrx_word' id='word_1_574' title='bbox 2198 5002 2425 5072; x_wconf 79' lang='lat' dir='ltr'><strong>illustr.,</strong></span> <span class='ocrx_word' id='word_1_575' title='bbox 2448 5021 2570 5076; x_wconf 89' lang='lat' dir='ltr'><strong>cap.</strong></span> <span class='ocrx_word' id='word_1_576' title='bbox 2606 5006 2659 5061; x_wconf 90' lang='grc'><strong>1.</strong></span> 
     </span>
    </p>
   </div>
   <div class='ocr_carea' id='block_1_90' title="bbox 513 5210 2015 5283">
    <p class='ocr_par' dir='ltr' id='par_1_90' title="bbox 513 5210 2015 5283">
     <span class='ocr_line' id='line_1_90' title="bbox 513 5210 2015 5283; baseline -0.005 -11"><span class='ocrx_word' id='word_1_577' title='bbox 513 5216 660 5273; x_wconf 75' lang='lat' dir='ltr'><strong>Libri</strong></span> <span class='ocrx_word' id='word_1_578' title='bbox 691 5223 895 5283; x_wconf 89' lang='lat' dir='ltr'><strong>autem,</strong></span> <span class='ocrx_word' id='word_1_579' title='bbox 931 5230 962 5268; x_wconf 91' lang='lat' dir='ltr'><strong>e</strong></span> <span class='ocrx_word' id='word_1_580' title='bbox 980 5214 1182 5283; x_wconf 86' lang='lat' dir='ltr'><strong>quibus</strong></span> <span class='ocrx_word' id='word_1_581' title='bbox 1208 5228 1351 5270; x_wconf 89' lang='lat' dir='ltr'><strong>unus</strong></span> <span class='ocrx_word' id='word_1_582' title='bbox 1379 5212 1639 5267; x_wconf 83' lang='lat' dir='ltr'><strong>Actorum</strong></span> <span class='ocrx_word' id='word_1_583' title='bbox 1670 5212 1791 5281; x_wconf 88' lang='lat' dir='ltr'><strong>ejus</strong></span> <span class='ocrx_word' id='word_1_584' title='bbox 1820 5210 2015 5283; x_wconf 82' lang='lat' dir='ltr'><strong>(Petri)</strong></span> 
     </span>
    </p>
   </div>
   <div class='ocr_carea' id='block_1_91' title="bbox 444 5304 2011 5378">
    <p class='ocr_par' dir='ltr' id='par_1_91' title="bbox 444 5304 2011 5378">
     <span class='ocr_line' id='line_1_91' title="bbox 444 5304 2011 5378; baseline -0.003 -14"><span class='ocrx_word' id='word_1_585' title='bbox 444 5310 784 5375; x_wconf 86' lang='lat' dir='ltr'><strong>inscribitur,</strong></span> <span class='ocrx_word' id='word_1_586' title='bbox 814 5309 955 5363; x_wconf 91' lang='lat' dir='ltr'><strong>alius</strong></span> <span class='ocrx_word' id='word_1_587' title='bbox 985 5307 1297 5378; x_wconf 81' lang='lat' dir='ltr'><strong>Evangelii,</strong></span> <span class='ocrx_word' id='word_1_588' title='bbox 1328 5308 1522 5363; x_wconf 89' lang='lat' dir='ltr'><strong>tertius</strong></span> <span class='ocrx_word' id='word_1_589' title='bbox 1562 5304 1977 5360; x_wconf 56' lang='lat' dir='ltr'><strong>Praedicationis</strong></span> <span class='ocrx_word' id='word_1_590' title='bbox 1996 5348 2011 5371; x_wconf 84' lang='lat'><strong>,</strong></span> 
     </span>
    </p>
   </div>
   <div class='ocr_carea' id='block_1_92' title="bbox 2602 5119 3230 5191">
    <p class='ocr_par' dir='ltr' id='par_1_92' title="bbox 2602 5119 3230 5191">
     <span class='ocr_line' id='line_1_92' title="bbox 2602 5119 3230 5191; baseline -0.002 -17"><span class='ocrx_word' id='word_1_591' title='bbox 2602 5119 2689 5174; x_wconf 76' lang='lat' dir='ltr'><strong>Ea:</strong></span> <span class='ocrx_word' id='word_1_592' title='bbox 2728 5120 2948 5191; x_wconf 86' lang='lat' dir='ltr'><strong>antiqua</strong></span> <span class='ocrx_word' id='word_1_593' title='bbox 2981 5120 3230 5173; x_wconf 79' lang='lat' dir='ltr'><strong>rersione.</strong></span> 
     </span>
    </p>
   </div>
   <div class='ocr_carea' id='block_1_93' title="bbox 2191 5207 3687 5285">
    <p class='ocr_par' dir='ltr' id='par_1_93' title="bbox 2191 5207 3687 5285">
     <span class='ocr_line' id='line_1_93' title="bbox 2191 5207 3687 5285; baseline -0.005 -16"><span class='ocrx_word' id='word_1_594' title='bbox 2191 5216 2273 5269; x_wconf 82' lang='grc' dir='ltr'><strong>Τὰ</strong></span> <span class='ocrx_word' id='word_1_595' title='bbox 2304 5215 2361 5268; x_wconf 83' lang='grc' dir='ltr'>δὲ</span> <span class='ocrx_word' id='word_1_596' title='bbox 2402 5214 2831 5285; x_wconf 84' lang='grc' dir='ltr'>συγγράμματα,</span> <span class='ocrx_word' id='word_1_597' title='bbox 2869 5212 3014 5265; x_wconf 77' lang='grc' dir='ltr'>τοῦτ’</span> <span class='ocrx_word' id='word_1_598' title='bbox 3048 5213 3162 5265; x_wconf 74' lang='grc' dir='ltr'>ἔστι</span> <span class='ocrx_word' id='word_1_599' title='bbox 3192 5211 3428 5282; x_wconf 79' lang='grc' dir='ltr'>πρῶτον,</span> <span class='ocrx_word' id='word_1_600' title='bbox 3464 5209 3491 5263; x_wconf 86' lang='grc' dir='ltr'><strong>ὃ</strong></span> <span class='ocrx_word' id='word_1_601' title='bbox 3522 5207 3687 5275; x_wconf 80' lang='grc' dir='ltr'>ἐπιγέ-</span> 
     </span>
    </p>
   </div>
   <div class='ocr_carea' id='block_1_94' title="bbox 2124 5300 3685 5381">
    <p class='ocr_par' dir='ltr' id='par_1_94' title="bbox 2124 5300 3685 5381">
     <span class='ocr_line' id='line_1_94' title="bbox 2124 5300 3685 5381; baseline -0.006 -18"><span class='ocrx_word' id='word_1_602' title='bbox 2124 5326 2390 5381; x_wconf 87' lang='grc' dir='ltr'>γραπται,</span> <span class='ocrx_word' id='word_1_603' title='bbox 2425 5306 2661 5378; x_wconf 82' lang='grc' dir='ltr'>ῐῐράξεις</span> <span class='ocrx_word' id='word_1_604' title='bbox 2693 5306 2878 5360; x_wconf 77' lang='grc' dir='ltr'>αὐτοῦ’</span> <span class='ocrx_word' id='word_1_605' title='bbox 2911 5304 3181 5376; x_wconf 80' lang='grc' dir='ltr'>δεύτερον,</span> <span class='ocrx_word' id='word_1_606' title='bbox 3204 5304 3560 5371; x_wconf 83' lang='grc' dir='ltr'>Εὐαγγέλιον·</span> <span class='ocrx_word' id='word_1_607' title='bbox 3583 5300 3685 5373; x_wconf 75' lang='grc' dir='ltr'>τρε-</span> 
     </span>
    </p>
   </div>
   <div class='ocr_carea' id='block_1_95' title="bbox 442 5396 2074 5472">
    <p class='ocr_par' dir='ltr' id='par_1_95' title="bbox 442 5396 2019 5472">
     <span class='ocr_line' id='line_1_95' title="bbox 442 5396 2019 5472; baseline -0.004 -15"><span class='ocrx_word' id='word_1_608' title='bbox 442 5410 674 5472; x_wconf 81' lang='lat' dir='ltr'><strong>quartus</strong></span> <span class='ocrx_word' id='word_1_609' title='bbox 708 5400 1137 5472; x_wconf 70' lang='lat' dir='ltr'><strong>Apocalypseos,</strong></span> <span class='ocrx_word' id='word_1_610' title='bbox 1176 5398 1403 5469; x_wconf 88' lang='lat' dir='ltr'><strong>quintus</strong></span> <span class='ocrx_word' id='word_1_611' title='bbox 1438 5396 1672 5459; x_wconf 83' lang='lat' dir='ltr'><strong>Judicii,</strong></span> <span class='ocrx_word' id='word_1_612' title='bbox 1706 5397 1852 5452; x_wconf 86' lang='lat' dir='ltr'><strong>inter</strong></span> <span class='ocrx_word' id='word_1_613' title='bbox 1892 5411 2019 5467; x_wconf 82' lang='lat' dir='ltr'><strong>apo-</strong></span> 
     </span>
    </p>
   </div>
   <div class='ocr_carea' id='block_1_96' title="bbox 2121 5396 3685 5472">
    <p class='ocr_par' dir='ltr' id='par_1_96' title="bbox 2122 5396 3685 5472">
     <span class='ocr_line' id='line_1_96' title="bbox 2122 5396 3685 5472; baseline -0.005 -18"><span class='ocrx_word' id='word_1_614' title='bbox 2122 5419 2235 5465; x_wconf 91' lang='grc' dir='ltr'>τον,</span> <span class='ocrx_word' id='word_1_615' title='bbox 2284 5403 2589 5472; x_wconf 68' lang='grc' dir='ltr'>Κήρυγμα*</span> <span class='ocrx_word' id='word_1_616' title='bbox 2635 5398 2916 5471; x_wconf 87' lang='grc' dir='ltr'>τέταρτον,</span> <span class='ocrx_word' id='word_1_617' title='bbox 2982 5396 3383 5465; x_wconf 72' lang='grc' dir='ltr'>Ἀποκάλυψις·</span> <span class='ocrx_word' id='word_1_618' title='bbox 3438 5396 3685 5463; x_wconf 72' lang='grc' dir='ltr'>πέμπτον,</span> 
     </span>
    </p>
   </div>
   <div class='ocr_carea' id='block_1_97' title="bbox 445 5485 2013 5564">
    <p class='ocr_par' dir='ltr' id='par_1_97' title="bbox 445 5485 2013 5564">
     <span class='ocr_line' id='line_1_97' title="bbox 445 5485 2013 5564; baseline -0.004 -18"><span class='ocrx_word' id='word_1_619' title='bbox 445 5491 679 5564; x_wconf 84' lang='lat' dir='ltr'><strong>cryphas</strong></span> <span class='ocrx_word' id='word_1_620' title='bbox 698 5489 1001 5561; x_wconf 86' lang='lat' dir='ltr'><strong>scripturas</strong></span> <span class='ocrx_word' id='word_1_621' title='bbox 1028 5495 1352 5561; x_wconf 89' lang='lat' dir='ltr'><strong>reputantur</strong></span> <span class='ocrx_word' id='word_1_622' title='bbox 1382 5488 1484 5559; x_wconf 75' lang='grc' dir='ltr'><strong>(ὃ).</strong></span> <span class='ocrx_word' id='word_1_623' title='bbox 1520 5486 1651 5558; x_wconf 83' lang='lat' dir='ltr'><strong>Lege</strong></span> <span class='ocrx_word' id='word_1_624' title='bbox 1673 5485 2013 5554; x_wconf 87' lang='lat' dir='ltr'><strong>Frecullum,</strong></span> 
     </span>
    </p>
   </div>
   <div class='ocr_carea' id='block_1_98' title="bbox 445 5579 2016 5654">
    <p class='ocr_par' dir='ltr' id='par_1_98' title="bbox 445 5579 2016 5654">
     <span class='ocr_line' id='line_1_98' title="bbox 445 5579 2016 5654; baseline -0.003 -16"><span class='ocrx_word' id='word_1_625' title='bbox 445 5593 574 5639; x_wconf 91' lang='lat' dir='ltr'><strong>tom.</strong></span> <span class='ocrx_word' id='word_1_626' title='bbox 640 5590 706 5649; x_wconf 81' lang='grc' dir='ltr'>Π,</span> <span class='ocrx_word' id='word_1_627' title='bbox 751 5584 849 5640; x_wconf 91' lang='lat' dir='ltr'><strong>lib.</strong></span> <span class='ocrx_word' id='word_1_628' title='bbox 897 5599 953 5649; x_wconf 82' lang='grc' dir='ltr'><strong>ι,</strong></span> <span class='ocrx_word' id='word_1_629' title='bbox 996 5598 1118 5654; x_wconf 90' lang='lat' dir='ltr'><strong>cap.</strong></span> <span class='ocrx_word' id='word_1_630' title='bbox 1151 5584 1243 5648; x_wconf 74' lang='lat'><strong>20,</strong></span> <span class='ocrx_word' id='word_1_631' title='bbox 1319 5588 1374 5638; x_wconf 90' lang='lat' dir='ltr'><strong>et</strong></span> <span class='ocrx_word' id='word_1_632' title='bbox 1414 5581 1711 5636; x_wconf 86' lang='lat' dir='ltr'><strong>Honorium</strong></span> <span class='ocrx_word' id='word_1_633' title='bbox 1762 5579 2016 5652; x_wconf 82' lang='lat' dir='ltr'><strong>August.,</strong></span> 
     </span>
    </p>
   </div>
   <div class='ocr_carea' id='block_1_99' title="bbox 444 5678 647 5749">
    <p class='ocr_par' dir='ltr' id='par_1_99' title="bbox 444 5678 647 5749">
     <span class='ocr_line' id='line_1_99' title="bbox 444 5678 647 5749; baseline -0.025 -13"><span class='ocrx_word' id='word_1_634' title='bbox 444 5694 562 5749; x_wconf 80' lang='lat' dir='ltr'><strong>cap.</strong></span> <span class='ocrx_word' id='word_1_635' title='bbox 598 5678 647 5732; x_wconf 87' lang='grc'><strong>1.</strong></span> 
     </span>
    </p>
   </div>
   <div class='ocr_carea' id='block_1_100' title="bbox 514 5811 1483 5891">
    <p class='ocr_par' dir='ltr' id='par_1_100' title="bbox 514 5811 1483 5891">
     <span class='ocr_line' id='line_1_100' title="bbox 514 5811 1483 5891; baseline -0.006 -20"><span class='ocrx_word' id='word_1_636' title='bbox 514 5817 592 5891; x_wconf 65' lang='grc' dir='ltr'><strong>(ὃ)</strong></span> <span class='ocrx_word' id='word_1_637' title='bbox 627 5815 972 5885; x_wconf 80' lang='lat' dir='ltr'><strong>Reputautur.</strong></span> <span class='ocrx_word' id='word_1_638' title='bbox 1006 5813 1088 5867; x_wconf 76' lang='lat' dir='ltr'><strong>Al.</strong></span> <span class='ocrx_word' id='word_1_639' title='bbox 1122 5811 1483 5882; x_wconf 78' lang='lat' dir='ltr'><strong>repudiantur.</strong></span> 
     </span>
    </p>
   </div>
   <div class='ocr_carea' id='block_1_101' title="bbox 2123 5488 3450 5567">
    <p class='ocr_par' dir='ltr' id='par_1_101' title="bbox 2123 5488 3450 5567">
     <span class='ocr_line' id='line_1_101' title="bbox 2123 5488 3450 5567; baseline -0.005 -20"><span class='ocrx_word' id='word_1_640' title='bbox 2123 5493 2320 5567; x_wconf 79' lang='grc' dir='ltr'>Κρίσις</span> <span class='ocrx_word' id='word_1_641' title='bbox 2342 5510 2357 5524; x_wconf 80' lang='grc'><strong>’</strong></span> <span class='ocrx_word' id='word_1_642' title='bbox 2389 5493 2466 5557; x_wconf 81' lang='grc' dir='ltr'>ὡς</span> <span class='ocrx_word' id='word_1_643' title='bbox 2490 5492 2786 5565; x_wconf 75' lang='grc' dir='ltr'>ἁπόκρυφα</span> <span class='ocrx_word' id='word_1_644' title='bbox 2814 5492 2942 5546; x_wconf 81' lang='grc' dir='ltr'>ὅντα</span> <span class='ocrx_word' id='word_1_645' title='bbox 2973 5488 3450 5561; x_wconf 77' lang='grc' dir='ltr'>ἀποδοκιμάζεται.</span> 
     </span>
    </p>
   </div>
  </div>
