3806 6232
155 252 257 312 "Si

1094 276 1097 279 -
1144 240 1781 300 RECOGNITIONES.——
1810 240 2159 297 PROGJMIA.

3154 233 3284 303 ne;

1388 354 1516 409 ιυειι
1552 351 1704 418 ibid.,
1730 369 1851 427 cap.
1890 355 1974 408 15.

206 511 297 566 Καὶ
332 511 575 579 Διάλογος
610 511 815 582 Πέτρου
859 512 952 564 καὶ
994 509 1250 571 Ἀπίωνος
1283 506 1474 578 μακρῷ
1514 505 1653 576 λόγῳ

1824 500 1893 554 Et
1940 499 2239 569 Disputatio
2294 498 2432 554 Petri
2482 510 2535 554 et
2582 499 2804 570 Apionis
2841 500 3000 571 longo
3042 511 3288 555 sermone

153 605 466 667 συνταγεῐσα,
498 602 564 669 ἦν
614 619 734 654 τινα
763 601 1011 663 Εὐσέϐιος
1039 598 1263 659 εὐθύνει,
1291 600 1347 651 ὲν
1383 594 1460 668 τῷ
1484 598 1646 668 τρίτῳ

148 690 230 757 τῆς
267 689 781 758 Ἐκκλησιαστικῆς
809 690 1068 758 ἱστορίας
1096 687 1290 756 τεύχει.

1755 589 2075 657 conscripta,
2099 604 2257 657 quam
2292 587 2556 645 Eusebius
2588 589 2639 643 in
2673 590 2828 644 tertio
2858 589 3109 644 Historia:
3138 589 3289 642 cccle-

1754 682 1981 737 siasticte
1998 684 2266 737 volumine
2285 684 2548 753 coarguit.
2571 682 2702 754 Lege
2723 683 3045 749 Freculfum,
3072 693 3199 739 tom.
3228 682 3288 746 ll,

1758 770 1851 825 lib.
1880 785 1942 825 ιι.
1963 785 2080 825 can.
2112 770 2196 823 l0.
2532 815 2536 823 .

1777 771 1851 825 ib.
1880 785 1942 834 ιι,
1963 785 2080 839 cap.
2112 770 2196 823 l0.

1108 904 1233 961 lout
1259 906 1353 961 lib.
1378 922 1397 960 I
1426 908 1670 963 adversus
1691 906 2050 973 Iovinianum,
2079 922 2197 977 cap.
2229 905 2313 961 14.

193 1053 466 1112 Possumus
496 1064 676 1112 autem
710 1059 779 1115 de
802 1060 960 1117 Petro
989 1063 1188 1127 dicere,
1216 1062 1360 1132 quod
1389 1061 1641 1116 habuerit

137 1154 326 1195 socrum
366 1158 430 1197 eo
474 1153 720 1216 tempore
746 1164 857 1219 quo
901 1151 1149 1213 credidit,
1196 1159 1250 1204 et
1277 1164 1497 1205 uxorem
1536 1150 1647 1220 jam

138 1243 226 1283 non
270 1230 509 1287 habuerit
542 1253 557 1289 :
590 1250 901 1307 quanquam
950 1240 1157 1310 legatur
1182 1238 1237 1293 in
1266 1238 1558 1309 Περιόδοις,
1596 1244 1651 1292 et

135 1332 253 1371 uror
275 1319 407 1389 ejus,
430 1330 482 1378 et
509 1323 638 1381 tilia.
676 1325 786 1383 Sed
814 1343 959 1383 nunc
987 1328 1146 1385 nobis
1172 1329 1238 1384 de
1264 1342 1471 1383 canone
1492 1342 1651 1383 omne

1751 1070 2024 1116 certamen
2053 1068 2154 1116 est.
2201 1059 2265 1113 In
2304 1052 2794 1126 llecognitionibuS.
2831 1072 2965 1111 uxor
3003 1055 3150 1109 Petri
3187 1072 3290 1110 me-

1751 1160 1988 1203 moratur
2011 1148 2104 1203 lib.
2126 1164 2225 1211 vn,
2256 1162 2379 1217 cap.
2410 1146 2621 1212 εἴη-26,
2647 1154 2701 1201 et
2722 1146 2815 1201 lib.
2846 1161 2923 1211 lx,
2955 1159 3072 1214 cap.
3100 1144 3198 1209 58',
3227 1146 3291 1212 ﬁ-

1753 1238 1827 1291 lia
1855 1252 1993 1301 vero,
2028 1251 2299 1306 nusquam.

783 1506 788 1513 ·
822 1482 948 1538 [DEI
974 1483 1069 1538 lib.
1090 1496 1110 1536 ι
1136 1481 1638 1537 Commentariorum
1662 1481 1716 1533 in
1740 1477 2034 1548 Epistolam
2056 1477 2130 1532 ad
2157 1474 2400 1539 Galatas,
2433 1488 2472 1539 t,
2500 1473 2587 1539 18,.

188 1642 290 1699 Non
309 1653 364 1699 ut
392 1649 601 1714 oculos,
632 1666 803 1721 genas
830 1653 1145 1723 vultumque
1171 1651 1290 1720 ejus
1310 1649 1476 1721 (Petri
1504 1649 1644 1704 Pau-

130 1734 219 1804 1⁸³⁵)
245 1739 496 1808 aspiceret
525 1756 539 1791 :
581 1750 765 1797 utrum
796 1743 1141 1809 macilentus,
1174 1757 1241 1795 an
1281 1741 1517 1809 pinguis,
1550 1740 1645 1793 ad-

1748 1660 1829 1707 ret
1856 1666 2051 1717 coma;
2086 1667 2187 1715 an,
2225 1660 2285 1705 ut
2313 1649 2561 1705 Clemens
2593 1647 2646 1701 in
2680 1645 2925 1702 Periodis
2957 1645 3077 1714 ejus
3108 1643 3291 1711 refert,

1752 1741 2017 1795 calvitiem
2040 1740 2258 1794 haberet
2286 1738 2342 1793 in
2356 1738 2549 1808 capite.
2586 1735 2695 1789 Hoc
2715 1751 2848 1789 nunc
2879 1736 2932 1789 in
2956 1730 3294 1801 Recognitio-

131 1841 250 1882 unco
268 1845 393 1885 naso
418 1840 585 1898 esset,
615 1847 686 1887 an
713 1841 867 1890 recto
891 1853 904 1888 :
927 1841 983 1889 et
1012 1841 1192 1888 utrum
1225 1831 1457 1886 frontem
1487 1830 1651 1886 vesti-
1684 1824 1727 1881 Β
1758 1824 1917 1881 nibus
1936 1843 2041 1881 non
2062 1826 2336 1881 invenitur.

1656 1981 1743 2037 Vl.

1035 2135 1280 2202 eruws,
1314 2133 1385 2189 De
1416 2132 1794 2188 adulteratione
1809 2132 2060 2186 librorum
2089 2128 2345 2199 Origem's.

183 2304 450 2377 Clemens,
481 2312 860 2383 apostolorum
898 2311 1226 2381 discipulus,
1275 2311 1366 2382 qui
1395 2310 1652 2367 Romana:

128 2391 353 2455 Ecclesia:
400 2408 522 2467 post
574 2402 881 2469 apostolos,
925 2407 980 2455 et
1020 2400 1305 2469 episcopus
1358 2407 1412 2455 et
1452 2406 1655 2471 martyr

128 2486 333 2552 praefuit.
352 2489 520 2545 libros
542 2492 722 2547 edidit.
740 2491 833 2563 qui
856 2489 1038 2547 Graece
1056 2491 1396 2561 appellantur
1414 2490 1655 2558 ἀναγνω-

131 2576 317 2645 μισμός,
361 2578 413 2633 id
442 2590 525 2636 est
552 2579 914 2652 Recognitio:
948 2580 1003 2634 in
1039 2580 1402 2649 quibus,-cum
1427 2592 1494 2632 ex
1542 2592 1658 2646 per-

129 2678 245 2717 sona
270 2664 409 2723 Petri
441 2672 676 2739 apostoli
724 2671 973 2725 doctrina
1009 2669 1163 2740 quasi
1204 2685 1330 2725 vere
1359 2668 1654 2739 apostolica

130 2752 179 2807 in
204 2760 600 2829 quamplurimis
619 2769 926 2833 exponatur
945 2800 963 2828 ,
993 2762 1048 2815 in
1083 2762 1353 2831 aliquibus
1379 2761 1453 2815 ita
1484 2760 1657 2815 Euno-

130 2843 212 2896 mii
236 2845 417 2917 dogma
454 2851 723 2907 scribitur
758 2851 835 2922 (4)
883 2858 943 2905 ιιι
971 2850 1105 2904 nihil
1152 2849 1299 2904 aliud
1346 2864 1507 2919 quam
1539 2850 1656 2918 ipse

132 2928 402 2992 Eunomius
427 2938 716 3011 disputare
743 2940 1014 3000 credatur,
1055 2936 1249 2993 Filium
1278 2937 1373 2993 Dei
1415 2946 1655 2993 creatum

129 3036 186 3075 cx
204 3025 354 3081 nullis
370 3031 719 3087 exstantibus
743 3046 1082 3086 asseverans.
1116 3029 1252 3084 Tum
1273 3029 1471 3085 deinde
1489 3028 1654 3084 etiam

133 3110 246 3166 illud
272 3115 518 3173 adulterii
556 3119 822 3177 inseritur
849 3136 1040 3190 genus,
1072 3127 1131 3174 ut
1160 3128 1407 3173 naturam
1430 3117 1651 3182 diaboli,

129 3204 529 3274 ceterorumque
569 3207 1014 3273 dmmonummon
1044 3205 1306 3276 propositi
1343 3204 1655 3259 voluntatis-

129 3301 219 3354 que
245 3293 461 3359 malitia,
486 3297 586 3352 sed
621 3303 848 3367 excepta
874 3310 937 3349 ac
977 3302 1221 3365 separata
1245 3300 1506 3359 creaturae
1533 3307 1652 3362 pro-

129 3377 320 3435 duxerit
347 3388 614 3456 qualitas;
644 3388 740 3459 qui
773 3386 958 3456 utique
996 3386 1052 3440 in
1081 3385 1292 3441 caeteris
1320 3399 1530 3440 omnem
1564 3398 1653 3437 ra-

129 3467 415 3530 tionabilem
437 3488 752 3536 creaturam
789 3478 1048 3532 docuerat
1075 3477 1230 3533 liberi
1251 3476 1461 3531 arbitrii
1491 3474 1653 3529 facul-

130 3562 226 3614 tate
250 3561 519 3626 donatam.
551 3569 693 3626 Sunt
728 3570 889 3625 etiam
919 3570 1024 3623 alia
1052 3568 1312 3625 nonnulla
1344 3567 1496 3622 libris
1529 3565 1649 3634 ejus

1752 2308 1955 2363 inserta
1997 2322 2114 2376 quae
2149 2305 2516 2363 ecclesiastica
2548 2303 2750 2375 Regula
2780 2302 3003 2357 omnino
3027 2316 3135 2355 non
3163 2301 3298 2356 reci-

1754 2400 1853 2470 pit.
1877 2397 2038 2464 Quid,
2066 2411 2271 2467 quaeso,
2302 2396 2369 2451 de
2398 2396 2483 2460 bis
2511 2393 2851 2450 sentiendum
2873 2391 2987 2446 est?
3004 2389 3147 2460 quod
3177 2405 3299 2465 apo-

1754 2487 1978 2544 stolicus
2001 2487 2106 2550 vir,
2146 2487 2253 2539 imo
2275 2500 2413 2554 pene
2444 2483 2739 2553 apostolus,
2763 2497 2871 2535 non
2888 2495 2951 2535 ea
2971 2472 3159 2535 scribit
3180 2494 3299 2549 quae

1754 2577 1985 2647 apostoli
2015 2577 2234 2641 dicunt;
2269 2576 2356 2630 cui
2387 2574 2589 2630 Paulus
2620 2574 2895 2645 apostolus
2928 2554 3295 2628 testimonium

1752 2665 1920 2730 dedit,
1950 2665 2135 2721 dicens
2175 2683 2190 2720 :
2230 2665 2362 2720 Cum
2414 2663 2672 2720 Clemente
2718 2672 2767 2715 et
2800 2659 3129 2730 adjutoribus
3170 2659 3298 2712 meis

1751 2755 1971 2821 cretei-is,
2003 2771 2221 2824 quorum
2246 2755 2455 2809 nomina
2473 2762 2593 2807 sunt
2616 2754 2671 2807 in
2688 2751 2823 2806 libro
2844 2752 2961 2805 vita
2973 2749 3054 2815 δ³;
3085 2758 3138 2804 et
3168 2750 3281 2803 scri

1752 2844 1843 2898 bat
1865 2844 1969 2900 hoc
1993 2845 2138 2913 quod
2164 2845 2319 2900 libris
2346 2844 2471 2899 vitae
2493 2842 2826 2899 contrarium
2850 2850 2935 2897 est
2953 2840 2979 2894 ἲ
3013 2839 3094 2895 An
3118 2837 3172 2892 id
3202 2852 3300 2907 po-

1748 2932 1862 2987 tius
1889 2931 2213 2987 credendum
2234 2938 2338 2995 est,
2363 2930 2507 3000 quod
2528 2943 2690 2999 supra
2711 2927 2950 2982 diximus
2975 2941 2990 2990 ;
3017 2921 3161 2994 quod
3183 2936 3299 2992 per-

1750 3022 1894 3078 versi
1923 3022 2189 3086 homines,
2218 3021 2286 3076 ad
2314 3020 2667 3077 assertionem
2713 3018 3022 3088 dogmatum
3049 3027 3295 3077 suorum,

1751 3114 1856 3169 sub
1889 3113 2131 3167 virorum
2173 3118 2485 3167 sanctorum
2514 3109 2752 3173 nomine,
2785 3114 3041 3177 tanquam
3085 3102 3297 3166 facilius

1754 3200 2019 3257 credenda
2046 3201 2392 3256 inseruerunt
2416 3214 2480 3256 ea
2504 3213 2622 3269 qua:
2650 3197 2730 3251 illi
2763 3210 2864 3251 nec
2891 3194 3129 3267 sensisse
3147 3230 3163 3256 ,
3197 3206 3297 3245 nec

1752 3289 2043 3360 scripsisse
2066 3289 2320 3346 credendi
2351 3299 2498 3346 sunt.
2522 3287 2654 3359 Lege
2675 3286 3078 3355 Hieronymum,
3103 3283 3297 3351 Apolo-

1751 3381 1851 3452 gia:
1884 3381 2131 3435 adversus
2166 3379 2410 3449 Ruﬁnum
2446 3380 2543 3434 lib.
2572 3393 2634 3441 ιι,
2678 3391 2797 3447 cap.
2824 3377 2899 3441 at;
2932 3384 2985 3428 et
3016 3372 3298 3440 Prwfatt'o-

1753 3489 1868 3527 nem
1898 3470 2079 3525 Ruﬁni
2111 3471 2179 3523 ad
2205 3470 2296 3524 hos
2324 3468 2745 3539 Recognitiomtm
2775 3466 2960 3520 libros.
2986 3462 3117 3533 Lege
3137 3458 3296 3516 etiam

1754 3562 2046 3632 Recognit.,
2075 3561 2166 3615 lib.
2201 3576 2282 3626 ιιι,
2305 3573 2423 3629 cap.
2448 3557 2502 3613 8.

327 3714 466 3786 insit,
501 3721 559 3777 in
591 3722 939 3794 peroratione
967 3717 1340 3774 translationis
1354 3734 1484 3799 suae
1515 3716 1964 3798 Explanationum
1994 3714 2244 3782 Origenis
2277 3713 2331 3767 in
2368 3712 2665 3837 Egistolam
2694 3710 2761 3766 ad
2790 3708 3083 3764 Romanos.

910 3787 1018 3837 (Ea:
1041 3789 1236 3837 noui“-
1270 3786 1510 3837 Ortaems
1547 3784 1682 3837 ουν.
1713 3787 1865 3837 edit“
1902 3794 2028 3837 tom.
2061 3783 2149 3837 IV.
2182 3797 2302 3837 Daa.
2341 3781 2410 3837 68
2452 3782 2492 3837 .i

910 3787 1018 3857 (Ea:
1041 3789 1236 3844 κονίει.
1270 3786 1510 3858 Origem's
1547 3781 1682 3857 Opp.
1713 3787 1865 3849 edit.,
1902 3794 2028 3840 tom.
2061 3781 2149 3851 1V,
2181 3797 2302 3853 pag.
2341 3781 2492 3853 689.)

130 3969 158 3998 ε’
188 3956 304 4015 Post
322 3960 429 4016 hoc
449 3978 588 4019 sane
612 3973 769 4019 vocat
796 3977 901 4018 nos
928 3976 1085 4031 opus,
1117 3960 1261 4031 quod
1280 3962 1408 4016 olim
1435 3960 1653 4032 quidem

122 4042 409 4113 iujunctum
437 4060 546 4119 est,
572 4052 665 4109 sed
686 4067 833 4107 nunc
860 4052 1068 4106 abesto
1085 4050 1383 4105 Gaudentio
1399 4051 1653 4120 episcopo

120 4134 476 4196 vehementius
489 4150 812 4214 perurgetur
833 4156 848 4205 ;
868 4139 1175 4204 Clementis,
1189 4139 1413 4204 scilicet,
1428 4138 1654 4194 Romani

118 4226 365 4298 episcopi,
421 4232 795 4301 apostolorum
845 4228 1060 4283 comitis
1096 4242 1159 4282 ac
1199 4228 1556 4293 successoris,
1587 4228 1654 4284 de

117 4310 469 4388 Recognitione
488 4322 636 4389 libri,
674 4328 734 4377 ut
759 4321 816 4376 in
843 4318 1090 4374 Latinum
1121 4327 1419 4375 vertantur.
1461 4319 1520 4375 ln
1547 4333 1681 4390 quo

1749 3973 1912 4027 opere
1938 3957 2075 4013 bene
2100 3957 2246 4021 novi,
2278 3955 2423 4027 quod
2450 3952 2691 4009 laborem
2735 3953 2889 4009 labor
2935 3952 3296 4023 multiplicat,

1751 4049 1801 4104 si
1841 4055 2041 4103 sortem
2079 4047 2360 4116 suscipiat.
2394 4043 2735 4101 Satisfaciam
2758 4058 2893 4101 sane
2915 4043 2971 4097 in
3000 4057 3067 4098 eo
3100 4042 3291 4111 amicis

1752 4138 1918 4204 meis;
1959 4138 2097 4193 dabo
2115 4138 2273 4203 titulo
2302 4151 2498 4193 nomen
2528 4151 2728 4200 meum,
2759 4135 2999 4190 auctoris
3030 4132 3295 4188 nihilomi-

1753 4244 1856 4284 nus
1876 4230 2138 4285 vocabulo
2148 4237 2515 4300 permanente.
2528 4226 2663 4283 Nam
2692 4226 2874 4283 Ruﬁni
2900 4226 3150 4284 Clemens
3163 4226 3292 4282 scri-

1720 4304 1727 4310 ’
1753 4319 1928 4373 betur.

1650 4460 1761 4550 vit.

882 4645 939 4702 S.
973 4646 1238 4706 PAULINUS
1278 4647 1530 4705 Nonnus
1556 4619 1782 4721 epistola
1808 4628 1981 4705 ιδιά
2000 4646 2277 4723 Rufinum,
2300 4661 2450 4703 num.
2476 4645 2533 4701 2.

182 4801 322 4856 Sane
344 4802 495 4871 quod
518 4801 807 4858 admonere
823 4784 1065 4871 dignaris
1086 4799 1276 4857 affectu
1305 4802 1397 4857 illo
1421 4818 1530 4874 quo
1550 4819 1649 4860 nos
1679 4819 1723 4874 ι)
1750 4819 1857 4875 quo
1904 4804 2146 4875 ignorata
2189 4803 2533 4860 condiscami
2573 4800 2751 4856 Credo
2788 4797 2931 4855 enim
2972 4798 3026 4875 in
3065 4804 3300 4852 transta»

112 4888 246 4944 sicut
269 4898 325 4945 te
352 4892 558 4962 diligis,
583 4899 643 4945 ut
664 4891 905 4947 studium
930 4891 986 4945 in
1002 4890 1217 4947 Grzecas
1245 4893 1452 4949 litteras
1481 4900 1657 4950 attené

113 4978 216 5032 tius
262 4994 505 5043 sumam,
559 4978 789 5037 libenter
827 4979 1073 5049 accipio;
1127 4981 1223 5036 sed
1272 4981 1498 5051 implere
1546 4992 1657 5039 non

112 5066 260 5120 valeo
292 5086 307 5121 :
340 5067 451 5123 nisi
494 5067 631 5124 forte
658 5068 924 5125 desideria
953 5083 1073 5124 mea
1116 5070 1333 5140 adjuvat
1364 5070 1652 5139 Dominus,

114 5162 170 5207 ut
195 5156 403 5212 diutius
441 5159 716 5213 consortio
760 5167 853 5213 tuo
882 5156 1143 5228 perfruar.
1175 5158 1304 5214 Nam
1336 5176 1445 5229 quo
1494 5164 1655 5218 modo

114 5244 415 5313 profectum
444 5261 635 5315 capere
666 5256 852 5318 potero
878 5249 1140 5307 sermonis
1165 5251 1349 5323 ignoti,
1373 5251 1421 5307 si
1451 5253 1596 5310 desit
1621 5269 1652 5311 a

218 5401 264 5436 η
294 5396 532 5468 Philipp.
566 5414 638 5464 tv,
666 5402 718 5456 δ.

174 5577 246 5642 ﬂ)
277 5575 565 5631 Scribitur.
596 5575 676 5627 Al.
706 5577 963 5634 inseritur.

381 5669 654 5727 PATBOL.
693 5672 803 5733 Gn.
835 5673 876 5732 ι.

1754 4873 1900 4949 tione
1918 4873 2090 4950 sancti
2114 4893 2425 4960 Clementis,
2456 4897 2651 4961 praeter
2678 4890 2813 4944 alias
2842 4873 3044 4958 ingenii
3070 4885 3175 4941 mei
3201 4886 3293 4940 dce

1755 4982 2027 5050 fectiones,
2056 4983 2195 5038 hanc
2222 4992 2276 5038 te
2298 4981 2638 5052 potissimum
2666 4978 2948 5050 imperitiae
2966 4989 3097 5031 mem
3122 4990 3295 5045 penu-

1753 5077 1887 5131 riam
1914 5075 2316 5138 considerasse,
2364 5071 2510 5142 quod
2539 5071 2719 5142 aliqua
2749 5071 2805 5123 in
2839 5068 3036 5138 quibus
3081 5065 3285 5121 intelli-‘

1752 5182 1879 5237 gere
1904 5166 1990 5222 vel
2017 5164 2317 5234 exprimere
2352 5161 2516 5216 verba
2544 5175 2655 5215 non
2693 5161 2865 5231 potui,
2904 5170 3068 5213 sensu
3110 5153 3289 5225 potius

1753 5258 2106 5330 apprehenso,
2126 5254 2208 5309 vel
2232 5252 2313 5324 (ut
2332 5251 2513 5309 verius
2532 5250 2731 5323 dicam)
2756 5251 2973 5322 opinata
2998 5245 3289 5306 transtule-

2899 5671 2983 5733 37
