3872 6358
513 270 651 328 1163

1327 268 1386 328 S.
1423 267 1821 328 CLEMENTIS
1852 268 1871 323 l
1907 266 2074 324 ROM.
2110 264 2315 323 ΡΟΝΤ.
2351 263 2581 323 OPERA
2613 261 2838 322 DUBIA.

3634 271 3741 328 HN

512 383 640 438 lini.
680 379 803 449 Quo
830 397 1005 456 magis
1046 397 1179 455 egeo
1208 382 1589 440 misericordia
1622 383 1758 451 Dei,
1795 391 1856 438 ut
1895 382 2104 453 plenio-
2131 392 2178 449 Α
2209 382 2445 437 famelici
2476 381 2660 436 cordis
2690 396 2785 436 ore
2824 378 3102 449 colligere.
3138 377 3287 432 Hum
3326 378 3495 432 .'ocum
3537 379 3746 437 Heriba-

518 492 631 531 rem
663 476 798 530 mihi
830 477 910 530 tui
941 475 1156 532 couiam
1197 473 1436 542 tribuat;
1462 477 1590 547 quia
1620 491 1720 547 pro
1751 476 1956 532 divitiis
1991 475 2096 530 erit
2211 486 2297 531 tu:
2312 475 2630 546 Rosweydus
2654 474 2716 529 de
2739 471 3228 542 Recognitionibus
3247 472 3499 541 explicat.

507 569 748 637 pauperi,
788 576 847 622 ut
876 583 1049 623 micas
1093 582 1124 621 a
1157 567 1343 624 divitis
1387 584 1577 624 mensa
1609 567 1894 634 cadentes,
1925 566 2086 623 avido

2060 720 2192 778 VIII.

1103 877 1314 931 Auctor
1347 876 1538 949 Operi:
1563 873 1857 945 imperfecti
1894 875 1949 928 in
1979 873 2315 942 Mattlueum,
2355 875 2504 930 hom.
2541 873 2634 938 27,
2675 873 2746 927 ad
2771 870 2961 927 Matth.
2997 887 3052 938 x,
3084 870 3175 925 Η.

1166 991 1341 1063 (Inter
1371 991 1502 1061 Opp.
1541 990 1598 1046 S.
1627 991 1786 1048 Joan.
1811 992 2125 1064 Chrysost.,
2164 1002 2290 1048 tom.
2331 991 2421 1059 Vl,
2458 1009 2583 1063 pag.
2620 992 2725 1046 “5
2755 991 2885 1047 edit.
2920 991 3060 1063 BB.)

575 1147 678 1203 Sed
709 1147 836 1201 audi
868 1148 1212 1215 mvsterium,
1245 1147 1388 1219 quod
1423 1146 1620 1204 Petrus
1660 1149 1804 1219 apud
1831 1149 2083 1205 Clemen-

498 1253 604 1298 tem
651 1242 923 1311 exposuit.
981 1241 1038 1296 Si
1085 1241 1264 1296 ﬁdelis
1316 1240 1509 1296 fecerit
1556 1257 1696 1310 opus
1751 1242 1990 1308 bonum;
2027 1248 2084 1295 et

496 1331 620 1386 heic
662 1331 713 1385 ei
750 1331 993 1401 prodest,
1048 1331 1292 1385 liberans
1333 1345 1458 1385 eum
1511 1345 1540 1383 a
1571 1330 1760 1397 malis;
1792 1337 1850 1385 et
1899 1330 1954 1384 in
1991 1329 2084 1384 illo

498 1423 720 1486 saeculo,
770 1422 838 1477 ad
868 1421 1279 1492 percipiendum
1328 1436 1557 1492 regnum
1608 1421 1868 1476 caeleste:
1908 1420 2085 1490 magis

497 1525 678 1571 autem
728 1515 838 1579 ibi,
889 1530 1054 1585 quam
1109 1514 1251 1569 heic.
1303 1512 1361 1568 Si
1397 1521 1580 1568 autem
1614 1513 1852 1568 inﬁdelis
1894 1511 2087 1568 fecerit

495 1611 633 1677 ‘opus
678 1607 913 1673 bonum;
949 1607 1067 1663 lieic
1109 1607 1158 1661 ei
1189 1607 1412 1676 prodest
1453 1623 1593 1677 opus
1629 1606 1844 1677 ipsius:
1871 1614 1926 1661 et
1962 1605 2085 1661 heic

2191 1150 2393 1206 szeculo
2441 1149 2580 1204 nihil
2632 1150 2683 1204 ei
2727 1149 2954 1220 prodest
3000 1164 3136 1219 opus
3193 1147 3371 1219 ipsius
3421 1167 3435 1203 :
3486 1163 3586 1203 nec
3626 1149 3745 1204 enim

2190 1243 2652 1297 collocaturinter
2679 1251 2908 1298 caeteros
2939 1240 3127 1296 ﬁdeles
3157 1251 3379 1313 propter
3409 1257 3550 1311 opus
3583 1258 3742 1297 suum:

2192 1345 2247 1392 et
2272 1337 2456 1406 juste;
2498 1337 2627 1407 quia
2662 1335 2901 1390 naturali
2949 1334 3096 1389 bono
3138 1343 3341 1398 motus,
3386 1333 3516 1388 fecit
3550 1333 3744 1399 bonum,

2191 1444 2301 1482 non
2353 1436 2577 1498 propter
2621 1425 2832 1481 Deum:
2862 1424 2986 1479 ideo
3033 1425 3089 1478 in
3136 1437 3339 1493 corpus
3385 1439 3546 1478 suum
3583 1425 3747 1492 recipit

2191 1520 2501 1576 mercedem
2533 1520 2717 1591 operis
2747 1519 2856 1584 sui,
2889 1532 2999 1572 non
3029 1515 3086 1570 in
3135 1515 3318 1569 anima
3346 1530 3468 1570 sua.
3505 1513 3744 1585 Recogm'i.

2192 1610 2287 1665 lib.
2316 1625 2413 1672 vn,
2447 1623 2569 1677 cap.
2596 1607 2690 1662 58-

494 1698 544 1751 ei
592 1697 771 1753 reddit
801 1697 942 1754 Deus
993 1701 1135 1754 bona
1183 1711 1284 1770 pro
1313 1715 1477 1770 opere
1507 1715 1630 1755 suo.
1679 1700 1741 1754 ln
1770 1699 1862 1754 illo
1893 1705 2076 1753 autem
2109 1692 2152 1747 Β

1712 1824 1714 1826 ν
1782 1853 1860 1908 lo.
1894 1852 1962 1906 ad
1996 1851 2234 1914 Matthxi
2269 1865 2419 1916 xxiv,
2451 1850 2537 1909 15.

565 2007 694 2063 Fuit
743 2010 892 2066 enim
939 2010 1215 2065 exercitus
1272 2009 1703 2079 alienigenarum
1749 2015 1804 2063 et
1847 2005 2080 2061 Romani
2188 2006 2434 2077 exponit.
2467 2003 2608 2075 Lege
2640 2002 2906 2076 Recognit.
2940 2002 3035 2060 lib.
3068 2018 3108 2068 ι,
3138 2017 3261 2072 cap.
3285 1997 3377 2062 39,
3402 1996 3505 2066 45;
3535 1995 3748 2055 Clerum-

493 2101 844 2171 iinperatoris
889 2113 1046 2158 stans
1095 2102 1246 2157 circa
1300 2100 1679 2166 Hierusalem,
1731 2115 1852 2170 qua:
1904 2116 2078 2170 usque
2187 2103 2322 2165 tina,
2356 2101 2504 2155 hom.
2539 2099 2592 2162 '5,
2627 2094 3292 2158 num.l5;Lactautium,
3337 2090 3520 2145 Divin.
3574 2091 3727 2145 iustit.

489 2202 622 2248 tunc
649 2193 824 2248 fuerat
857 2204 1065 2248 sancta.
1124 2193 1240 2248 Hoc
1272 2200 1327 2248 et
1347 2192 1543 2249 Petrus
1571 2192 1714 2263 apud
1739 2191 2076 2247 Clementem
2184 2191 2283 2247 lib.
2319 2207 2393 2257 iv,
2429 2205 2551 2260 cap.
2578 2189 2668 2244 2i.

1649 2348 1728 2403 lo.
1755 2348 1823 2404 ad
1847 2348 2096 2419 ejusdem
2128 2348 2329 2419 capitis
2361 2361 2583 2403 versum
2616 2343 2700 2404 16.

559 2507 716 2564 Sicut
759 2516 943 2564 autem
987 2507 1182 2562 Petrus
1234 2506 1377 2577 apud
1432 2506 1770 2562 Clementem
1821 2504 2070 2576 exponit,
2184 2511 2271 2561 est
2318 2503 2499 2560 danda
2545 2511 2811 2575 potestas.
2846 2501 3142 2575 Recognit.,
3170 2502 3267 2558 lib.
3296 2519 3381 2570 ιιι,
3415 2518 3538 2575 cap.
3569 2502 3654 2563 60.

484 2599 826 2656 Antichristo
852 2602 1017 2655 etiam
1050 2599 1336 2671 plenorum
1369 2598 1652 2668 signorum
1689 2595 2071 2651 faciendorum

1849 2751 1930 2810 lo.
1969 2750 2039 2807 ad
2063 2763 2283 2806 versum
2310 2751 2399 2812 24.

556 2933 722 3004 Signa
774 2948 988 3002 magna.
1045 2928 1165 2984 Non
1219 2929 1470 2992 inutilia,
1526 2943 1704 2999 neque
1729 2943 1891 2993 vana,
1945 2943 2068 2999 qua:
2095 2939 2136 2995 c
2172 2929 2314 2984 inter
2334 2927 2615 2984 ministros
2647 2927 2874 2993 Christi,
2905 2933 2960 2982 et
2982 2927 3266 2983 ministros
3288 2926 3522 2994 diaboli,
3561 2943 3628 2983 ex
3655 2928 3746 2983 hoc

483 3026 719 3081 ministri
765 3023 965 3079 diaboli
1012 3021 1193 3078 facere
1236 3023 1450 3090 solent;
1500 3021 1597 3078 sed
1628 3035 1826 3092 magna
1849 3061 1864 3083 ,
1897 3020 1950 3075 id
1980 3029 2066 3077 est
2165 3021 2439 3092 judicare,
2470 3021 2565 3090 qui
2599 3021 2808 3075 inutilia
2841 3028 2896 3075 et
2929 3019 3021 3090 qui
3066 3019 3223 3074 utilia
3246 3019 3487 3075 facerent
3506 3020 3677 3086 signa.
3695 3020 3743 3074 Ιιι

483 3119 641 3173 utilia
669 3129 722 3174 et
746 3118 925 3188 plena,
958 3131 1077 3187 qua:
1106 3115 1278 3171 sancti
1312 3115 1488 3170 facere
1520 3114 1791 3169 solebant.
1834 3112 1969 3168 Nam
2009 3114 2067 3170 in
2167 3115 2275 3172 ﬁne
2315 3123 2496 3170 autem
2521 3116 2783 3186 temporis
2816 3114 3165 3170 concedenda
3189 3122 3274 3169 est
3290 3113 3744 3185 potestasdiabolo

483 3220 728 3282 tempore
773 3209 994 3280 quidem
1039 3208 1444 3280 apostolorum,
1477 3217 1530 3262 et
1560 3207 1931 3278 postmodum,
1960 3207 2069 3262 mi-

482 3302 645 3357 nistri
690 3302 910 3374 quidem
953 3301 1180 3366 Christi,
1219 3300 1376 3355 utilia
1410 3309 1464 3355 et
1498 3301 1657 3371 plena
1689 3301 1844 3371 signa
1900 3300 2070 3356 facie—

486 3392 620 3448 bant
651 3408 714 3449 ex
747 3399 899 3464 parte
941 3391 1166 3457 dextra;
1211 3391 1396 3461 qualia
1441 3398 1601 3459 sunt,
1648 3407 1822 3448 caacos
1865 3391 2070 3448 illumi-

481 3501 636 3549 nare,
689 3492 744 3539 et
800 3484 904 3538 alia
953 3484 1270 3553 bujusmodi
1327 3482 1541 3551 facere;
1594 3484 1834 3540 ministri
1885 3492 2066 3541 autem

481 3574 709 3640 diaboli,
742 3575 956 3630 inutilia
986 3573 1260 3629 faciebant
1289 3582 1343 3629 et
1367 3589 1526 3639 vana,
1552 3590 1619 3630 ex
1641 3584 1796 3645 parte
1822 3576 2067 3642 sinistra;

481 3679 605 3737 qua:
647 3667 1068 3722 admirationem
1117 3665 1339 3736 quidem
1381 3666 1695 3722 videntibus
1736 3667 2064 3734 excitarent,

2170 3207 2340 3278 (sicut
2375 3207 2430 3260 in
2461 3205 2704 3262 Historia
2735 3205 3037 3261 Clementis
3065 3204 3264 3260 Petrus
3296 3205 3540 3276 exponit)
3573 3214 3633 3258 ut
3673 3205 3743 3257 {ac

2176 3301 2324 3355 ciant
2373 3300 2526 3369 signa
2566 3298 2724 3353 utilia
2745 3339 2759 3363 ,
2798 3306 2855 3354 et
2884 3313 2951 3352 ex
2983 3313 3045 3352 ea
3071 3305 3226 3368 parte
3254 3312 3362 3367 qua
3392 3297 3547 3368 prius
3579 3296 3741 3350 facere

2171 3402 2575 3452 consueverant
2619 3395 2826 3461 sancti;
2861 3403 2922 3448 ut
2955 3394 3069 3464 jam
3103 3393 3387 3448 ministros
3414 3392 3615 3448 Christi
3645 3407 3740 3444 non

2172 3505 2271 3560 per
2319 3489 2422 3544 hoc
2469 3504 2893 3560 cognoscamus,
2943 3487 3072 3558 quia
3114 3488 3270 3541 utilia
3316 3485 3527 3540 faciunt
3571 3485 3735 3555 signa,

2172 3581 2268 3637 sed
2299 3582 2427 3652 quia
2455 3582 2642 3637 omnia
2683 3597 2794 3636 non
2827 3582 2942 3638 haec
2990 3580 3200 3636 faciunt
3245 3581 3424 3650 signa.
3483 3577 3736 3649 Recoguit.

2171 3671 2270 3728 lib.
2305 3688 2391 3738 ιιι,
2424 3688 2549 3743 cap.
2582 3671 2673 3736 59,
2703 3671 2789 3730 60.

481 3759 551 3812 ad
601 3759 888 3815 utilitatem
933 3770 1114 3816 autem
1164 3759 1373 3816 nullius
1423 3759 1774 3830 proﬁcerent.
1832 3759 1896 3813 Et
1947 3768 2066 3816 erat

1853 3915 1933 3972 in.
1965 3915 2037 3971 ad
2061 3930 2284 3973 versum
2312 3913 2399 3974 42.

554 4071 710 4130 Unde
745 4082 800 4130 et
829 4075 1106 4146 sapienter
1131 4073 1332 4132 Petrus
1367 4074 1502 4130 dicit
1527 4073 1672 4144 apud
1699 4072 2062 4142 Clementem,
2169 4084 2389 4145 cupata,
2462 4071 2637 4129 Malus
2701 4088 2812 4128 non
2852 4073 3061 4129 invenit
3113 4072 3299 4127 locum
3367 4068 3439 4125 ad
3493 4077 3730 4124 mentem.

480 4165 757 4236 quomodo
786 4165 946 4221 debet
973 4167 1098 4237 quis
1146 4166 1491 4229 incessanter
1521 4181 1644 4238 qua:
1671 4163 1768 4222 Dei
1793 4175 1920 4222 sunt
1964 4180 2063 4221 co-
2167 4167 2461 4240 Recoguit.,
2492 4166 2592 4224 lib.
2623 4181 2712 4232 ιιι,
2745 4182 2866 4238 cap.
2895 4167 2988 4222 31.

479 4261 654 4328 gitare
693 4268 747 4313 et
776 4259 957 4330 loqui;
996 4258 1258 4331 quoniam
1291 4259 1338 4315 si
1372 4273 1529 4315 mens
1565 4258 1732 4314 fuerit
1759 4259 1817 4314 in
1849 4257 1936 4312 his
1963 4271 2060 4313 oc-

2060 4409 2150 4466 IX.

1393 4572 1722 4637 ϐειιιυιιιιιε,
1759 4573 1901 4628 libro
1931 4571 2007 4629 De
2031 4573 2158 4660 viris
2184 4572 2507 4638 illustribus,
2536 4586 2657 4642 cap.
2691 4571 2779 4628 17.

547 4727 822 4796 Ruﬁnus,
873 4726 1246 4797 Aquileiensis
1295 4727 1544 4784 ecclesia:
1599 4729 1905 4802 presbyter,
1951 4744 2062 4786 non
2092 4731 2138 4788 D
2168 4727 2368 4784 tissimi
2417 4727 2679 4793 hominis,
2727 4723 3025 4781 Clementis
3051 4721 3282 4777 Romani
3318 4719 3722 4792 Ret-agnitionem

473 4821 704 4876 minima
726 4836 855 4891 pars
887 4819 988 4876 fuit
1015 4819 1301 4876 doctorum
1333 4821 1624 4889 Ecclesiae;
1658 4830 1713 4877 et
1738 4822 1793 4878 in
1821 4820 2058 4878 transfe—
2164 4821 2359 4886 libros,
2393 4827 2500 4876 etc.
2552 4818 2761 4873 Horum
2793 4817 3041 4872 omnium
3068 4830 3410 4886 quaecunque
3450 4811 3723 4885 praemissis

474 4912 651 4968 rendo
694 4912 764 4968 de
809 4911 1000 4968 Graeco
1054 4912 1111 4967 in
1158 4911 1446 4977 Latinum,
1497 4913 1721 4984 elegans
1775 4913 2056 4984 ingenium
2163 4912 2412 4986 Prologis
2455 4929 2486 4968 a
2513 4913 2724 4968 Latinis
2772 4913 3051 4983 leguntur,
3083 4925 3114 4963 a
3140 4907 3342 4964 Ruﬁno
3386 4909 3719 4977 interpretata

472 5004 687 5060 habuit.
721 5003 966 5075 Denique
984 5004 1221 5059 maxima
1250 5003 1732 5075 parteGraacorum
1763 5003 2057 5059 bibliothe-
2162 5014 2320 5064 sunt:
2363 5019 2474 5076 quae
2494 5014 2624 5060 sunt
2654 5003 2771 5058 siue
2796 5001 3050 5072 Prologo,
3082 4999 3151 5052 ab
3182 4999 3290 5053 alio
3331 4999 3590 5053 translata
3608 5001 3722 5050 sunt

474 5110 596 5150 cam
628 5094 840 5151 Latinis
868 5094 1114 5151 exhibuit
1145 5111 1158 5146 :
1192 5094 1401 5158 Basilii,
1435 5095 1666 5163 scilicet,
1699 5093 2055 5151 Caesariensis
2160 5097 2255 5169 qui
2288 5094 2581 5165 Prologum
2624 5092 2806 5150 facere
2852 5092 3065 5157 noluit,
3088 5096 3195 5146 etc.
3247 5088 3391 5162 Lege
3443 5089 3718 5144 Honorium

475 5184 835 5259 Cappadocia:
862 5187 1128 5259 episcopi,
1163 5185 1409 5260 Gregorii
1438 5187 1766 5244 Nazianzeni
1795 5188 2057 5259 eloquen—
2161 5187 2542 5259 Augustodun.

2061 5339 2129 5395 Χ.

1575 5498 1870 5555 Concilium
1901 5497 2217 5565 Romanum,
2245 5500 2350 5556 sub
2387 5495 2625 5557 Gelasio.

557 5625 901 5684 ltinerarium
951 5632 1171 5684 nomine
1208 5629 1352 5687 Petri
1397 5633 1654 5700 apostoli,
1687 5634 1832 5705 quod
1862 5636 2163 5706 appellatur
2207 5637 2384 5694 sancti
2434 5635 2732 5693 Clementis
2780 5637 2902 5694 libri
2937 5637 3124 5696 decem
3173 5634 3285 5708 (5),
3342 5628 3708 5706 ιμκηνιιιιω·

560 5780 634 5853 (5)
669 5779 875 5836 Decem.
916 5783 1000 5837 Al.
1034 5795 1169 5849 octo,
1201 5786 1284 5842 vel
1314 5803 1508 5842 novali.
1547 5785 1702 5843 Male.
