3806 6248
143 297 278 356 H65
1190 305 1820 367 RECOGNITIONES.—-
1856 311 2205 368 rimorum.
3184 312 3313 365 uno

1672 456 1762 511 ΧΙ.

810 566 1138 624 Chronicum
1162 571 1362 626 dictum
1394 572 1833 635 Alexandrinum,
1867 569 2118 626 editionis
2152 569 2367 635 Raderi,
2401 586 2522 641 pan.
2559 572 2639 626 50.

194 696 358 751 Ὅθεν
397 698 494 751 καὶ
535 699 740 771 Πέτρος
796 704 825 755 ὁ
859 704 1146 768 ἀπόστολος
1202 708 1485 778 ἁφηγείται
1534 711 1677 780 Κλη-

1845 703 1995 758 Unde
2035 714 2089 759 et
2111 704 2300 760 Petrus
2328 706 2606 774 apostolus
2646 704 2864 774 exponit
2887 704 3181 773 Clementi,
3224 705 3310 762 di-

126 786 229 857 μίῳ
263 787 367 857 (6),
402 788 605 857 λέγων’
642 793 739 846 Ἔν
765 810 868 846 τινι
893 795 966 864 (7)
989 796 1175 867 δικαίῳ
1213 798 1345 867 μετὰ
1373 799 1479 851 τῶν
1500 795 1557 865 ἐξ
1584 802 1629 852 αὶ

1806 808 1900 848 ens
1925 807 1939 843 :
1962 791 2066 847 Uni
2096 793 2213 847 viro
2241 794 2390 863 justo
2416 788 2546 857 Noe,
2580 808 2702 847 cum
2732 793 2856 849 ﬁliis
2894 794 3008 849 suis
3058 797 3309 867 (cumque

119 877 233 940 τοῦ,
262 877 414 941 Νῶε,
465 879 564 932 σὺν
604 884 717 945 τοῖς
758 882 818 946 ὲξ
833 884 992 937 αὐτοῦ
1024 885 1089 956 [Γ.
1132 887 1223 939 καὶ
1242 889 1359 949 ταῖς
1388 886 1586 959 αὐτῶν]
1619 894 1622 937 ἐ

1805 881 1985 935 llorum
2013 881 2310 941 uxoribusl.
2345 890 2404 934 ut
2442 881 2497 935 in
2530 895 2653 935 arca
2684 890 3034 937 servarentur
3059 898 3308 953 praenun-

121 963 351 1036 λάρνακι
381 968 741 1034 διασώζεσθαι
767 977 1181 1044 προανήγγειλεν
1202 992 1215 1008 ο
1238 978 1322 1030 ἵνα
1343 978 1552 1032 πάντων
1568 980 1624 1031 ad

1811 972 1966 1024 .avit:
1996 985 2124 1040 quo,
2169 976 2378 1027 cunctis
2421 976 2601 1041 pravis
2624 972 3051 1042 importunisque
3079 973 3314 1029 hommia

115 1055 363 1127 ἀκαίρων
416 1058 861 1129 ὀλοθρευθέντων,
914 1067 944 1117 ὁ
977 1066 1173 1136 κόσμος
1225 1068 1518 1140 καθαρισθῇ
1542 1109 1558 1133 ,

1803 1076 1874 1115 ius
1917 1061 2226 1130 peremptis,
2265 1049 2689 1130 puriﬁcationem
2736 1062 2970 1116 mundus
3015 1063 3306 1132 acciperet;

116 1146 251 1215 αὐτῇ
290 1145 369 1216 (8)
408 1151 477 1217 τῇ
512 1148 742 1220 λάρνακι
770 1151 1049 1218 διασωθεὶς
1072 1158 1152 1219 εἰς
1181 1156 1433 1228 δευτέραν
1461 1175 1619 1230 περιολ

1806 1158 1825 1202 t
1859 1149 1905 1203 is
1951 1150 2043 1218 qui
2088 1149 2155 1203 ad
2188 1150 2478 1205 secundam
2506 1150 2725 1204 humani
2754 1153 2965 1221 generis
2990 1152 3154 1205 vitam
3194 1152 3308 1205 fuc-

116 1233 266 1298 σίαν,
300 1237 567 1308 καθαρῶς
602 1239 680 1309 (9)
720 1240 914 1313 ἁποθῇ.
949 1244 1132 1313 Ὅμως
1161 1242 1254 1298 καὶ
1296 1246 1495 1303 τούτων
1524 1263 1619 1317 γεν

1802 1246 1855 1291 at
1881 1246 2203 1303 reservatus,
2248 1255 2413 1308 purus
2455 1240 2794 1309 mundusque
2835 1239 3153 1297 emceretur.
3178 1240 3304 1303 Sed,

117 1322 321 1391 μένων,
345 1327 401 1378 οι
433 1326 715 1398 ἄνθρωποι
736 1330 847 1403 (10)
878 1333 1105 1403 ἤρξαντο
1128 1336 1362 1393 ἀσεϐεῖν.

1802 1331 1857 1382 πίε
1885 1328 2137 1383 omnibus
2163 1329 2349 1399 gestis,
2382 1341 2575 1385 rursus
2601 1328 2849 1385 homines
2885 1330 2950 1385 ad
2981 1329 3305 1400 impietatem

1772 1426 2068 1472 vertuntur.
2125 1417 2251 1487 Leg.
2308 1417 2598 1486 Recognit.,
2646 1417 2739 1473 lib.
2788 1434 2860 1483 tv,
2912 1432 3032 1488 cap.
3071 1416 3160 1482 η,
3216 1418 3311 1479 i5;

1774 1506 2115 1566 Clementiae.
2148 1506 2292 1562 hom.
2327 1509 2381 1563 8.
2410 1522 2557 1562 num.
2587 1508 2670 1562 17.

1066 1652 1231 1721 ιιεα..
1262 1671 1382 1727 pag.
1414 1656 1501 1720 ϐξ,
1522 1657 1587 1712 de
1604 1656 1888 1714 Mesraimo
1915 1674 2009 1716 seu
2037 1658 2340 1714 Zoroastre.

173 1801 387 1855 Τοῦτον
402 1803 624 1874 ᾐνίξατο
654 1804 874 1877 Πέτρος,
907 1806 1090 1869 εἰπὼν,
1119 1808 1201 1861 ὅτι
1234 1808 1369 1878 μετὰ
1389 1807 1478 1862 τὸν
1510 1826 1668 1863 κατα-

1840 1809 1992 1866 Hunc
2030 1812 2206 1865 innuit
2233 1810 2447 1876 Petrus,
2479 1827 2600 1866 cum
2639 1811 2790 1875 dicit,
2821 1794 2963 1882 quod
3004 1821 3122 1881 post
3162 1813 3306 1868 dilu-

108 1890 378 1963 κλυσμδν,
403 1892 571 1948 πάλιν
596 1896 647 1946 οἱ
679 1894 948 1966 ἄνθρωποι
977 1895 1187 1950 ἀσεϐεῖν
1211 1898 1461 1968 ἧρξαντο.

1804 1899 1933 1963 ium,
1965 1911 2157 1956 rursus
2203 1900 2450 1957 homines
2495 1896 2657 1971 impie
2694 1916 2850 1973 agere
2877 1912 3178 1973 ceperunt.
3208 1903 3303 1957 Re-

1766 2004 1913 2058 eogn.
1945 1989 2036 2044 lib.
2068 2004 2143 2053 tv,
2172 2003 2294 2057 cap.
2318 1988 2403 2043 l3.

1489 2134 1653 2201 Ibid.,
1682 2152 1807 2208 pag.
1832 2139 1921 2193 64.

170 2278 344 2346 Λέγει
386 2277 446 2330 δὲ
490 2280 620 2350 περὶ
666 2279 851 2333 τούτου
896 2279 1096 2350 Πέτρος
1121 2270 1149 2332 ὁ
1178 2268 1465 2343 ἀπόστολος
1495 2284 1574 2345 εὶς
1599 2282 1667 2336 τὰ

1834 2283 1971 2338 Dicit
2010 2292 2186 2338 autem
2215 2284 2283 2339 de
2320 2284 2422 2340 hoc
2444 2284 2789 2357 (Nemhrodo)
2811 2285 3001 2342 Petrus
3029 2289 3306 2358 apostolus

100 2366 485 2435 It'anérna,
530 2368 649 2430 πῶς
690 2365 852 2439 ἦρξεν
906 2371 985 2431 εἰς
1015 2367 1301 2422 Βαϐυλῶνα
1333 2372 1390 2422 ὲν
1416 2368 1603 2438 Δῑγύτσ

1799 2388 1823 2426 n
1853 2370 2206 2438 Clementinis,
2237 2375 2506 2442 quomodo
2528 2375 2799 2447 Babylone
2837 2377 3132 2446 imperarit,
3181 2393 3302 2431 cum

99 2456 435 2527 κληρωθείς.
467 2459 607 2528 Φησὶ
636 2457 742 2529 γὰρ
787 2458 1008 2530 Πέτρος·
1051 2452 1215 2523 Οὗτος
1240 2458 1268 2513 ὁ
1295 2459 1515 2531 Νεσρὼδ
1545 2478 1602 2532 με

1801 2459 2056 2531 Egyptum
2120 2463 2345 2517 sortitus
2392 2469 2555 2517 esset.
2605 2461 2695 2516 Ait
2742 2462 2886 2517 enim
2918 2461 3112 2517 Petrus
3151 2478 3165 2513 :
3206 2462 3304 2525 ﬂic

97 2548 336 2619 οικήσας
391 2546 506 2599 ἀπὸ
530 2548 807 2612 Αἰγύπτου
832 2550 910 2611 εἰς
937 2550 1245 2620 Ἀσσυρίους
1271 2551 1351 2613 εἰς
1380 2549 1537 2604 Νίνον
1568 2567 1600 2604 τ

1801 2547 2101 2603 Iembrodus
2140 2563 2207 2603 ex
2229 2548 2461 2621 Egypto
2503 2548 2571 2603 ad
2599 2550 2850 2622 Assyrios
2879 2549 3219 2622 demigravit,
3249 2559 3304 2604 et

96 2637 202 2701 λιν,
236 2638 310 2710 ἢν
332 2637 574 2715 ’ἔκτισεν
607 2636 854 2709 Ἀσσοὺρ,
888 2640 979 2691 καὶ¹
1007 2639 1194 2703 κτίσας
1228 2639 1322 2710 τὴν
1351 2639 1521 2705 πόλιν,
1549 2640 1599 2710 ἧι

1801 2637 1988 2692 ῐῐηίνρη
2015 2638 2277 2692 habitavit
2300 2654 2461 2708 quam
2490 2639 2663 2694 Assur
2689 2638 2956 2705 condidit;
2990 2647 3149 2709 atque
3175 2637 3304 2692 tedi-

95 2723 163 2797 ἧν
196 2727 553 2791 Βαϐυλῶνος,
590 2726 726 2798 πρὸς
755 2727 815 2780 τὸ
845 2727 1011 2798 ὄνομα
1036 2729 1133 2798 τῆς
1161 2726 1362 2792 πόλεως
1391 2729 1598 2782 ἐκάλεσε

1805 2735 1921 2781 cata
1961 2727 2091 2783 urbe
2120 2742 2240 2797 qua:
2272 2736 2387 2782 erat
2420 2728 2679 2799 Babylon,
2713 2729 2781 2784 de
2815 2729 3035 2783 nomine
3067 2728 3304 2784 civitatis

94 2817 274 2871 Αὑών
303 2818 473 2871 Νίνον
503 2817 597 2870 τὸν
618 2816 840 2888 Νεόρὼδ
856 2819 905 2870 οἱ
921 2817 1184 2888 ’Δσσύριοι
1207 2817 1597 2891 προσηῨόρευσα

1800 2816 2068 2887 ppellavit.
2107 2816 2468 2873 Nemhrodum
2496 2816 2704 2889 Assyrii
2731 2816 2927 2871 Ninum
2955 2825 3300 2874 vocaverunt.

87 2899 267 2970 οὗτος
299 2907 552 2961 διδάσκει
569 2906 883 2976 ’Δσσυρίους
911 2906 1157 2960 σέϐειντὸ
1189 2907 1317 2978 πῦρ.
1355 2908 1541 2961 Ἔνθεν
1571 2924 1590 2962 3

1794 2905 1865 2960 lic
1890 2904 2139 2976 Assyrios
2168 2906 2354 2961 docuit
2396 2908 2573 2978 ignem
2604 2908 2801 2962 colere.
2832 2905 2985 2962 Unde
3017 2914 3141 2978 post
3164 2907 3297 2961 dilu-

92 2998 318 3068 πρῶτον
338 2997 508 3050 αὑτὸν
533 2994 753 3065 βασιλέα
784 2995 917 3066 μετὰ
942 2994 1032 3049 τὸν
1084 2995 1458 3067 κατακλυσμὸν
1482 2997 1595 3050 ὲποε

1796 2993 1911 3048 ium
1939 2993 2083 3048 hunc
2110 2994 2284 3065 ipsum
2307 2996 2538 3066 primum
2564 2996 2771 3066 Assyrii
2801 3002 3058 3050 crearunt
3094 3010 3299 3066 regem,

93 3104 193 3139 σαν
212 3088 263 3139 οἱ
284 3084 572 3157 Ἀσσύριοι
593 3084 798 3149 τοῦτον,
818 3085 875 3138 ὃν
897 3085 1276 3156 μετωνόμασαν
1286 3086 1461 3139 Νίνον.
1484 3086 1595 3140 Ταῦ

1795 3098 1923 3152 luem
1943 3082 2139 3137 Ninum
2167 3085 2692 3140 transnominarunt.
2725 3083 2833 3139 Ista
2858 3082 3052 3139 Petrus
3085 3085 3153 3138 de
3190 3082 3298 3137 illo.

91 3177 305 3247 Πέτρος
331 3176 470 3246 περὶ
500 3172 715 3227 τούτου.

1804 3185 1904 3241 .ege
1946 3168 2236 3242 Recognit.,
2287 3173 2383 3229 lib.
2428 3188 2466 3237 ι,
2516 3187 2636 3243 cap.
2659 3171 2763 3237 '50;
2814 3171 2909 3226 lib.
2937 3188 3012 3239 ιν,
3064 3185 3177 3239 cap.
3210 3169 3307 3227 29:

1765 3258 2106 3327 Clementina,
2128 3262 2311 3318 homil.
2334 3258 2389 3328 9,
2422 3265 2570 3319 num.
2595 3264 2649 3324 4,
2675 3268 2781 3315 etc.

1660 3416 1772 3472 ΧΠ.

1043 3565 1377 3634 Αιβιιειιιυσ,
1411 3568 1489 3623 De
1521 3568 1760 3622 laudibus
1794 3568 2129 3636 virginitatis,
2154 3582 2272 3636 cap.
2309 3568 2392 3621 l2.

154 3726 427 3781 Clemens
464 3722 584 3794 (11)
633 3718 873 3775 ccelestis
928 3719 1256 3775 clavicularii
1286 3734 1492 3789 primus
1545 3734 1671 3774 suc-
1696 3731 1738 3788 c
1770 3720 1988 3776 credere
2010 3714 2091 3774 fas
2112 3728 2194 3774 est
2239 3735 2362 3774 eum
2385 3730 2507 3791 post
2543 3728 2760 3791 accepta
2808 3720 2931 3776 ﬁdei
2974 3723 3298 3780 rudimenta.

80 3832 305 3882 cessor,
329 3825 391 3872 et
420 3813 712 3871 secundus
742 3808 994 3864 Romana:
1035 3808 1287 3865 Ecclesia:
1305 3809 1664 3879 dispensator,
1769 3818 1950 3879 spreto
1977 3810 2254 3879 gentilium
2278 3811 2407 3873 ritu,
2432 3811 2558 3865 dum
2591 3826 2686 3881 per
2733 3810 3039 3881 provincias
3082 3811 3302 3868 Petrum

81 3908 445 3979 (quanquam
481 3901 737 3961 nonnulli
765 3899 957 3955 Linum
990 3910 1044 3955 et
1088 3900 1298 3954 Cletum
1336 3898 1392 3954 in
1453 3902 1668 3970 pontiﬁ-
1767 3905 2105 3969 sequeretur,
2137 3899 2306 3953 divini
2330 3900 2482 3955 verbi
2506 3899 2714 3954 semina
2742 3908 3037 3966 serentem,
3092 3910 3149 3957 et
3179 3918 3305 3973 pro-

80 4006 249 4054 catus
278 3998 588 4068 regimine,
619 3991 987 4061 nequidquam
1001 3990 1118 4044 sine
1143 4004 1330 4053 causa,
1362 3989 1665 4061 praeferant)
1765 3990 1986 4059 pagines
2014 3989 2331 4058 evangelicae
2369 3989 2496 4044 vitis
2523 3989 2858 4044 credentium
2893 3990 3178 4047 scrobibus
3209 4008 3305 4062 pa-

80 4089 239 4156 quod
276 4090 578 4143 caelibatus
604 4081 1002 4144 castimoniam,
1033 4080 1190 4134 etiam
1214 4087 1501 4146 antequam
1530 4082 1667 4136 salu-
1765 4079 2076 4142 stinantem,
2107 4087 2268 4148 atque
2296 4076 2579 4135 Simonicte
2606 4078 2883 4135 lethiferas
2922 4084 3307 4137 necromantia:

78 4179 257 4233 tifero
289 4180 525 4232 lavacro
557 4173 813 4243 baptismi
842 4185 1072 4233 mersus,
1097 4168 1164 4222 ab
1182 4169 1428 4238 originali
1460 4171 1666 4238 piaculo
1765 4170 2041 4226 labruscas
2075 4169 2337 4224 radicitus
2365 4169 2782 4240 exstirpantem;
2812 4170 3026 4239 plenius
3048 4186 3112 4226 ac
3132 4172 3306 4243 peric-

80 4276 467 4339 purgaretur,
499 4264 819 4319 medullitus
842 4259 1108 4323 dilexerit,
1149 4259 1265 4327 ipse
1298 4260 1528 4328 propriis
1577 4260 1664 4314 lit—
1765 4260 1905 4313 ctius
1940 4259 2268 4314 servavisse:
2304 4258 2397 4328 qui
2438 4258 2694 4329 deinceps
2742 4258 3083 4316 ltinerarium
3135 4262 3302 4329 Petri,

79 4368 349 4413 terarum
380 4356 634 4426 apicibus
672 4351 951 4421 propalam
978 4356 1229 4414 testatur,
1276 4349 1497 4405 dicens:
1555 4342 1663 4420 Ego
1763 4349 1947 4403 decem
1973 4349 2336 4404 voluminibus
2364 4348 2656 4420 digestum,
2678 4350 2799 4406 luce
2820 4351 3023 4407 clarius
3042 4352 3303 4415 elimavit,

79 4449 347 4503 Clemens
379 4448 438 4500 in
474 4444 604 4498 urbe
630 4441 802 4495 Roma
842 4448 1020 4502 natus,
1054 4456 1088 4492 a
1112 4438 1287 4505 prima
1315 4449 1468 4494 wtate
1513 4441 1666 4509 pudi-
1764 4440 1959 4494 Ruﬁno
1988 4440 2043 4493 in
2067 4439 2317 4494 Latinum
2371 4455 2440 4494 ex
2469 4440 2776 4496 Graecorum
2804 4441 3147 4497 bibliothecis
3186 4457 3305 4497 ver-

75 4541 230 4593 eitiw
263 4537 520 4593 studium
548 4534 706 4602 gessi.
735 4531 878 4599 Ergo
908 4531 955 4584 si
983 4530 1127 4600 quod
1160 4532 1663 4599 praestantissimum
1762 4541 1924 4586 tente.
1940 4530 2068 4600 Lege
2088 4529 2348 4601 Recogn.,
2369 4530 2459 4586 tib.
2480 4547 2520 4596 ι,
2538 4547 2653 4601 cap.
2673 4533 2723 4587 1.
2751 4532 3053 4589 Adeundum
3075 4532 3304 4599 ejusdem

77 4642 209 4681 esse
241 4632 479 4681 constat
511 4624 567 4675 in
591 4620 809 4674 cunctis
833 4618 1095 4674 virtutum
1123 4619 1399 4689 gradibus,
1444 4630 1498 4675 et
1522 4637 1668 4676 mor-
1768 4635 1975 4676 carmen
2004 4621 2078 4677 De
2107 4623 2263 4677 laude
2290 4623 2578 4693 virginum,
2607 4640 2667 4677 eo
2686 4624 2806 4676 ‘loco
2849 4623 2904 4675 in
2953 4638 3053 4691 quo
3082 4622 3146 4675 de
3186 4621 3305 4676 Cle-

74 4717 280 4769 talium
311 4720 532 4768 natura:
557 4707 938 4763 diﬁlcillimum
958 4748 975 4771 ,
1005 4710 1243 4764 nondum
1296 4719 1666 4779 regeneratus,
1772 4722 1936 4768 mente
1959 4715 2083 4784 agit.

72 4802 182 4857 sibi
218 4815 514 4871 usurpans
542 4805 839 4863 tantopere
893 4804 1172 4854 taxaverat
1198 4837 1212 4863 ,
1244 4806 1445 4869 quanto
1496 4802 1670 4873 magis

1656 4908 1789 4964 Xlll.

168 5018 356 5084 Bene,
383 5018 442 5070 in
465 5014 862 5073 Hexaemeron,
889 5014 1041 5083 sive,
1063 5026 1122 5071 ut
1147 5017 1236 5070 alii
1252 5016 1387 5071 falso
1408 5017 1735 5082 inscribunt,
1762 5018 2023 5083 Jumuus,
2052 5018 2105 5073 in
2135 5018 2311 5088 priora
2339 5017 2646 5072 Geneseos:
2674 5013 2739 5068 ad
2767 5010 2898 5067 Gen.
2925 5027 2964 5079 ι,
2987 5012 3040 5074 6,
3066 5012 3115 5074 7,
3135 5008 3185 5068 8.

127 5134 205 5187 De
236 5141 329 5187 his
354 5141 497 5183 sane
517 5137 642 5191 qua:
670 5122 943 5177 hactenus
968 5130 1226 5199 exposita
1245 5137 1390 5193 sunt,
1420 5130 1472 5183 id
1502 5133 1662 5187 etiam
1695 5135 1742 5194 Β
1767 5131 1838 5185 cti
1858 5131 2147 5186 Clementis
2169 5138 2241 5182 Ita
2266 5135 2497 5183 refertur
2518 5126 2628 5196 (l2)
2658 5124 2859 5180 dixisse
2882 5126 3187 5192 apostolum
3202 5122 3299 5178 Pc-

60 5221 121 5275 ,ιε
157 5221 452 5276 creatione
484 5209 596 5263 diei
621 5208 788 5276 primi
811 5218 865 5264 et
892 5219 1152 5273 secundi
1180 5219 1235 5272 in
1259 5217 1490 5273 Historia
1533 5237 1663 5277 san-
1768 5228 1939 5275 trum:
1972 5219 2037 5275 In
2066 5217 2333 5288 principio,
2360 5233 2475 5271 cum
2500 5217 2723 5286 fecisset,
2766 5223 2895 5280 etc.,
2936 5216 3151 5284 inferior
3182 5232 3298 5269 vero

132 5351 183 5429 ἒ)
209 5344 500 5429 ἕληξίίέἒ
537 5337 1080 5429 ῖίῗῖίὲλίλῆμεντι·

1840 5359 1949 5429 (Η)
1978 5356 2088 5429 Hoc
2102 5352 2365 5429 Aldhelmi
2392 5349 2925 5429 testimonium-quod
2948 5350 3155 5429 mendis
3176 5358 3298 5429 sgf

134 5404 178 5485 7)
209 5404 780 5488 7€r71195:‘¥.‘1‘”‘-
839 5404 875 5413 "
992 5486 1004 5488 _
1050 5404 1077 5405 ”

1799 5404 2385 5484 ειῚιὶ¹εᾶἶῖίέζἘὲέυί⁷υε
2402 5404 2470 5475 ἷιί
2485 5404 2679 5487 apicii.
2702 5404 2970 5488 PPTtom:
2996 5417 3037 5484 ι,
3074 5434 3129 5488 p.
3166 5412 3302 5477 ssc.

104 5467 174 5565 (ῥά
205 5467 843 5565 ζξςὲίί-ῗᾷηῗξῖἰνὲιζε
857 5486 1038 5565 3‘s!-

1792 5467 2257 5565 ξ’τᾶίῖἑὲιὲιᾷἷὶ
2265 5467 2475 5544 ἷῖιιὶὲῖ
2499 5467 3105 5549 ἱῶῖὶήωίὸιῐῖὥᾶιῖ
3117 5467 3295 5557 ’(ιῖιόὸί

96 5533 1104 5631 {§i.é?€€i€€€:§°¥fﬂ§sp6cz_
1194 5619 1207 5631 .
1379 5618 1415 5631 ..
1767 5533 2176 5631 Βῗόἶῖἷὸἒὲὲἓῖἱιί
2206 5533 2475 5631 sumus:

94 5599 257 5686 (Ῑὸᾗὶ
278 5599 786 5669 ᾶνίθρωποι-Ροτιε
809 5599 1299 5680 Ρι-ξιεὶὖῖιωιιάυω
1326 5618 1509 5677 πάλιν.

1115 5619 1299 5677 cadum
1326 5618 1509 5677 πάλιν.
1767 5599 2618 5703 ¹”ῖὶἒῖιιέἲέἧὶἑνῖἏὶῗίὲίιναηι.
