3872 6348
479 321 622 382 H67
1301 319 1358 374 8.
1392 311 1784 372 CLEMENTIS
1816 310 1838 366 ι
1874 309 2040 367 30M.
2081 306 2281 367 PUNT.
2318 305 2546 364 OPERA
2582 303 2806 360 DUBM.
3592 295 3716 350 H68

484 438 736 512 prarberet
768 437 1082 495 hominibus.
1126 435 1250 492 Haec
1278 444 1469 491 nostro
1498 435 1646 506 operi
1678 433 1866 504 paucis
1910 433 2055 487 inse-
2086 433 2135 494 Α
2162 429 2272 496 det,
2299 428 2472 482 lector
2494 431 2773 497 agnoscat.
2810 421 3235 492 Recognitionum
3278 415 3370 471 lib.
3405 430 3420 470 ι
3449 457 3463 483 ,
3508 429 3623 483 cap.
3647 415 3726 471 Ξῖ.

464 551 611 592 ἰι-θη
647 536 828 597 libuit,
859 543 919 588 ut
943 540 1207 602 quantum
1245 531 1346 585 hoc
1369 530 1590 584 Patrum
1621 535 1805 583 sensui
1835 541 2066 582 concor-

1674 703 1820 759 ldem
1851 714 2017 767 bans,
2049 701 2105 754 in
2137 699 2392 753 Actorum
2418 715 2475 763 v,
2509 698 2596 756 54.

562 872 665 928 llic
693 867 978 931 Gamaliel,
1005 874 1066 920 ut
1093 866 1346 921 Clemens
1393 863 1641 926 indicat,
1689 861 2064 932 apostolorum

459 975 610 1023 verat
645 967 700 1019 in
729 963 833 1020 ﬁde
861 961 1068 1026 socius,
1100 958 1197 1015 sed
1224 973 1414 1013 eorum
1445 957 1683 1010 consilio
1733 970 2066 1026 permanens

2172 858 2314 929 apud
2362 857 2601 921 Judzcos,
2666 862 2726 909 ut
2786 869 2975 908 eorum
3033 853 3086 905 in
3130 852 3226 904 tali
3268 850 3488 903 turbine
3563 853 3733 916 posset

2173 954 2367 1009 sedare
2411 952 2672 1006 furorem.

1334 1095 1463 1150 locu
1498 1096 1552 1148 in
1583 1092 1973 1149 Retractatione
2007 1094 2061 1147 in
2095 1093 2252 1157 Acta,
2289 1092 2356 1146 ad
2385 1090 2634 1147 eumdem
2673 1091 2872 1144 locum.

532 1259 639 1317 ῖῦθ
663 1259 765 1314 hoc
799 1256 1098 1312 Gamaliele
1120 1265 1175 1312 et
1201 1257 1256 1310 in
1274 1256 1416 1310 libro
1438 1253 1615 1310 sancti
1645 1252 1943 1308 Clementis
1986 1250 2065 1305 le-

489 1357 694 1426 gimus,
728 1353 856 1424 quia
886 1351 1190 1421 discipulus
1214 1350 1589 1418 apostolorum
1618 1347 1831 1401 occulte
1857 1346 2022 1401 fuerit
2049 1363 2070 1413 ;

493 1449 590 1504 sed
614 1462 803 1502 eorum
853 1445 1080 1500 consilio
1117 1444 1260 1497 inter
1307 1441 1544 1505 Iudaeos,
1585 1440 1652 1494 ad
1701 1441 2065 1510 mitigandum

493 1554 682 1593 eorum
702 1539 962 1604 furorem,
988 1537 1082 1590 ubi
1107 1536 1409 1591 necessitas
1429 1533 1717 1603 ingruerit,
1749 1533 1820 1587 sit
1842 1548 2069 1589 manere

497 1639 823 1702 1mceptus.
864 1628 969 1685 Sed
1001 1631 1104 1684 hoc
1131 1629 1207 1683 ita
1235 1643 1357 1683 esse
1383 1627 1654 1682 veraciter
1674 1633 1910 1696 gestum,
1944 1642 2070 1680 cer-

2177 1258 2448 1322 posntione
2481 1249 2623 1302 facta
2655 1253 2759 1301 est.
2822 1243 3090 1314 Apparuit
3138 1257 3376 1312 namque
3433 1242 3489 1295 in
3541 1242 3736 1297 visione

2176 1353 2365 1399 sancto
2395 1341 2487 1398 Dei
2508 1341 2712 1396 famulo
2741 1348 2794 1395 et
2825 1338 3147 1409 presbytero
3168 1337 3410 1390 Luciano
3435 1373 3454 1400 ,
3508 1343 3568 1388 ut
3606 1335 3733 1390 idem

2175 1436 2454 1492 Lucianus
2477 1435 2762 1506 presbyter
2817 1432 3163 1504 postmodum
3195 1432 3452 1485 omnibus
3487 1428 3736 1483 Ecclesiis

2178 1531 2428 1600 scripsit;
2461 1538 2514 1584 et
2535 1529 2629 1583 ubi
2659 1534 2884 1583 sanctus
2915 1525 3228 1596 Stephanus
3257 1532 3400 1580 esset
3425 1523 3734 1587 tumulatus,

2178 1623 2340 1680 simul
2373 1631 2427 1677 et
2451 1620 2801 1684 Nicodemus,
2836 1618 2928 1689 qui
2963 1617 3247 1671 Dominum
3281 1633 3404 1671 cum
3432 1614 3632 1685 Joseph
3661 1631 3736 1669 se—

491 1691 901 1778 tissimeJiodie
933 1738 1027 1791 per
1057 1721 1442 1776 revelationem
1476 1719 1833 1789 reliquiarum
1870 1718 2073 1774 beatis-
2105 1691 2147 1745 Β
2174 1715 2381 1788 pelivit,
2415 1729 2625 1768 necnon
2655 1720 2709 1768 et
2741 1714 2857 1782 ipse
2879 1711 3140 1764 Gamaliel
3170 1725 3292 1764 cum
3325 1709 3439 1763 lilio
3480 1723 3582 1764 suo
3619 1707 3732 1759 Abi-

497 1815 618 1871 simi
645 1817 1063 1887 protomartyris
1085 1814 1345 1886 Stephani
1369 1814 1584 1869 cunctis
1605 1813 1712 1868 late
1734 1812 1942 1868 Christi
1968 1811 2073 1866 Ec-

493 1906 680 1964 elesiis
709 1909 967 1972 innotuit,
1000 1923 1120 1980 quae
1136 1923 1234 1979 per
1257 1907 1507 1964 eumdem
1538 1909 1715 1963 virum
1744 1907 1932 1963 divina
1955 1908 2068 1965 dis-

2179 1811 2306 1874 ban,
2355 1807 2683 1864 suavissima
2729 1805 3048 1861 ostensione
3104 1801 3413 1874 perdocuit.
3481 1800 3733 1870 Recognit.

2179 1903 2273 1960 lib.
2307 1919 2346 1970 ιδ
2375 1919 2493 1973 cap.
2522 1900 2617 1967 56,
2655 1909 2764 1956 etc.

1519 2088 1648 2142 llr-zu
1673 2088 1769 2144 lib.
1801 2086 1877 2141 De
1911 2087 2116 2140 ratione
2151 2095 2460 2153 temporum,
2495 2099 2616 2154 cap.
2643 2082 2698 2138 5.

553 2248 813 2317 λῡειιίεμιρ
839 2253 1063 2301 sanctus
1093 2245 1346 2300 Clemens
1390 2243 1764 2315 apostolorum
1826 2243 2073 2313 oiscnpu-

493 2341 609 2406 ius,
640 2349 694 2396 et
717 2339 975 2394 Romana:
1005 2338 1262 2393 Ecclesiae
1293 2339 1489 2394 tertius
1539 2346 1662 2409 post
1691 2337 1912 2391 Petrum
1955 2339 2072 2406 epi-

2183 2255 2406 2310 sc0pus,
2440 2255 2494 2294 in
2523 2247 2676 2294 sexto
2706 2235 3073 2293 Historiarum
3100 2251 3326 2292 suarum
3359 2234 3500 2289 libro
3523 2232 3595 2286 ita
3618 2233 3736 2287 scri-

2183 2336 2299 2390 bit:
2338 2334 2401 2388 In
2421 2335 2680 2404 principio
2703 2332 2829 2402 fecit
2859 2330 3023 2397 Deus,
3057 2337 3165 2385 etc.
3198 2328 3449 2399 Recogn.,
3483 2326 3576 2381 lib.
3605 2342 3673 2380 vi.

2040 2469 2179 2527 XIV.

1494 2628 1837 2684 Nicernonus
1867 2627 1999 2695 CP.,
2033 2629 2087 2684 in
2123 2628 2230 2684 ﬁne
2261 2628 2745 2701 Cbronographiae.

743 2792 822 2848 Et:
851 2792 1084 2847 versione
1107 2790 1379 2844 Anastasii
1421 2788 1835 2848 Bibliothecarii.

580 2885 642 2941 Et
677 2901 799 2955 qua:
820 2883 956 2938 Novi
980 2883 1360 2956 (Testamenti)
1383 2893 1512 2940 sunt
1543 2885 1881 2956 apocrypha:
1911 2883 2076 2939 ltine—
2105 2874 2131 2932 ί

2252 2881 2360 2934 Καὶ
2389 2881 2489 2933 ὅσα
2519 2880 2616 2951 τῆς
2642 2880 2787 2943 Νέας
2819 2879 2954 2933 εἰσὶν
2994 2879 3321 2953 ἀπόκρυφα.
3355 2879 3610 2951 Ilele
3643 2879 3743 2950 (l3)

507 2978 710 3034 rarium
743 2974 912 3040 Petri,
943 2991 1136 3032 versus
1161 2990 1358 3042 Iunce,
1384 2984 1493 3032 etc.

2046 3154 2165 3213 XV.

2186 2972 2416 3043 Πέτρου,
2453 2973 2623 3043 στίχοι
2673 2972 2772 3042 ,βψ
2806 2972 2938 3044 (Η).

866 3313 1178 3370 Aooasnnus
1196 3314 1341 3367 libro
1362 3311 1440 3366 De
1466 3311 1712 3365 Judaicis
1739 3312 2219 3381 superstitionibus,
2254 3328 2373 3383 cap.
2411 3311 2479 3367 16
2499 3312 2631 3369 edit.
2669 3310 2878 3377 Baluz.,
2912 3319 3048 3368 tom.
3083 3310 3127 3379 Ι,
3158 3328 3282 3384 pag.
3310 3312 3403 3370 85.

581 3472 686 3527 Sed
722 3479 776 3527 et
811 3471 866 3526 in
917 3469 1075 3524 libris
1128 3469 1459 3532 Clementis,
1511 3467 1770 3522 Ecclesiae
1823 3466 2080 3522 Romana

509 3566 819 3636 pontificis,
849 3563 1206 3617 inveniuntur
1235 3562 1417 3632 aliqua
1467 3577 1496 3614 a
1557 3575 1722 3630 supra
1779 3569 2083 3615 memorato

511 3659 763 3729 apostolo
790 3654 997 3726 (Petro)
1029 3655 1095 3709 de
1146 3651 1311 3723 hujus
1365 3654 1443 3708 rei
1491 3653 1877 3709 observatione
1914 3655 2080 3721 dicta,

512 3767 632 3820 quae
662 3751 714 3803 in
769 3749 855 3804 liis
886 3749 1124 3802 inserere
1168 3763 1277 3801 non
1323 3747 1686 3818 incongruum
1744 3747 2083 3802 existimavi-

512 3857 652 3895 mus.
687 3839 842 3905 Nam,
870 3841 992 3893 licet
1029 3840 1190 3893 iidem
1234 3839 1358 3893 libri
1403 3839 1712 3909 iudicentur
1756 3840 2083 3910 apocryphi;

511 3933 771 4004 pleraque
817 3940 997 3986 tamen
1047 3946 1113 3986 ex
1165 3930 1249 3986 bis
1306 3930 1620 3986 testimonia
1662 3930 2017 3985 inveniuntur
2053 3947 2084 3987 a

511 4023 828 4080 doctoribus
857 4034 1139 4093 usurpata.
1169 4022 1472 4077 lntroducit
1500 4037 1630 4093 ergo
1655 4021 1926 4086 Clemens,
1959 4038 2083 4077 cum

513 4116 746 4170 necdum
775 4123 920 4169 esset
945 4115 1201 4185 baptismi
1227 4114 1401 4185 gratia
1431 4115 1776 4184 puriﬁcatus,
1808 4123 1860 4169 et
1885 4115 1956 4169 ob
1985 4114 2087 4170 hoc

513 4222 543 4258 a
575 4210 761 4260 mensa
799 4203 948 4260 Petri
968 4221 1092 4260 cum
1126 4207 1341 4260 caeteris
1380 4205 1651 4261 similibus
1685 4216 2084 4277 sequestratus,

2187 3478 2344 3539 post:
2380 3467 2548 3523 Nemo
2572 3485 2692 3539 ergo
2723 3483 2950 3522 vestrum
2979 3470 3336 3533 contristetur,
3355 3469 3510 3533 ait,a
3540 3471 3749 3525 convitia

2187 3571 2367 3615 nostro
2399 3571 2695 3629 separatus.
2729 3561 2903 3616 Parvo
2933 3563 3071 3616 enim
3111 3572 3338 3631 tempore
3378 3575 3747 3633 sequestratur,

2187 3654 2276 3722 qui
2291 3655 2396 3706 cito
2426 3654 2645 3707 voluerit
2669 3653 2970 3721 baptizari;
3003 3654 3169 3707 multo
3195 3665 3392 3717 autem,
3413 3656 3504 3725 qui
3539 3657 3748 3712 tardius.

2189 3744 2258 3798 Et
2286 3745 2400 3799 ideo
2424 3746 2477 3798 in
2514 3745 2654 3800 vobis
2675 3755 2774 3810 est,
2809 3745 3019 3816 quando
3056 3744 3246 3811 velitis,
3273 3746 3344 3799 ad
3379 3757 3616 3800 nostram
3647 3765 3749 3800 con-

2189 3841 2364 3892 venire
2389 3853 2654 3903 mensam;
2703 3848 2752 3892 et
2786 3856 2887 3893 non
2928 3840 2984 3892 in
3015 3839 3188 3903 nobis,
3221 3839 3412 3910 quibus
3453 3841 3744 3908 permissum

2187 3947 2292 3984 non
2323 3940 2398 3984 est
2421 3947 2622 3984 sumere
2651 3947 2770 3983 cum
2812 3931 2990 4000 aliqua
3021 3930 3215 3997 cibum,
3261 3932 3368 3984 nisi
3411 3933 3558 4000 prius
3605 3933 3746 4001 fuerit

2188 4022 2510 4091 baptizatus.
2553 4021 2678 4076 Htec
2707 4021 2773 4076 de
2798 4022 3017 4092 scriptis
3049 4021 3348 4079 Clementis
3379 4025 3686 4080 necessario
3719 4040 3744 4077 a

2188 4115 2347 4168 nobis
2376 4109 2586 4185 prolata
2633 4117 2740 4171 sint
2763 4136 2780 4184 -,
2806 4117 3115 4173 volentibus
3147 4116 3431 4172 evidenter
3453 4117 3744 4179 ostendere,

2189 4209 2257 4262 ab
2293 4209 2552 4277 apostolis
2573 4209 2829 4264 traditam
2853 4209 3020 4280 hujus
3068 4211 3144 4266 rei
3180 4211 3617 4281 antiquissimam
3662 4212 3745 4264 ob-

513 4296 762 4352 cumdem
797 4299 1103 4367 apostolum
1129 4298 1438 4368 loquentem
1472 4297 1575 4351 sibi
1600 4298 1686 4353 his
1715 4299 1896 4352 verbis
1922 4315 1934 4350 :
1965 4297 2086 4352 Non
2121 4336 2166 4393 Β
2191 4303 2573 4358 servationem.
2603 4301 2745 4357 Vera
2773 4303 2918 4357 enirn
2943 4311 2997 4358 et
3023 4303 3124 4358 ista
3148 4302 3398 4358 ducenda
3426 4312 3556 4358 sunt
3581 4323 3595 4370 ;
3621 4313 3669 4358 et
3691 4320 3748 4357 eo

511 4405 606 4457 pro
646 4390 908 4458 superbia,
939 4407 967 4443 ο
990 4389 1251 4456 Clemens,
1285 4391 1574 4443 convivium
1605 4407 1708 4443 non
1737 4407 1833 4460 ago
1864 4407 1981 4444 cum
2003 4390 2083 4445 his

513 4482 602 4550 qui
625 4484 853 4534 nondum
877 4483 1144 4551 puriﬁcati
1166 4492 1323 4545 sunt;
1349 4481 1438 4535 sed
1459 4498 1655 4548 vereor,
1689 4499 1750 4535 ne
1790 4483 1927 4551 forte
1954 4481 2084 4536 milii

513 4572 719 4641 quidem
741 4591 973 4639 noceam,
1010 4577 1134 4643 ipsis
1186 4585 1360 4628 autem
1391 4574 1524 4627 nihil
1545 4575 1767 4642 prosim.
1824 4573 1889 4629 Et
1918 4575 2084 4645 paulo

2190 4394 2448 4459 maxime,
2487 4411 2597 4465 quo
2627 4394 2696 4449 ab
2726 4395 3045 4466 apostolicis
3060 4395 3290 4451 Actibus
3323 4396 3377 4450 in
3403 4396 3554 4450 nullo
3577 4397 3746 4449 viden—

2189 4494 2278 4540 tur
2306 4485 2639 4557 discrepare.
2669 4485 2793 4558 ch.
2824 4485 3091 4560 Recogn.,
3122 4488 3214 4542 lib.
3247 4504 3310 4553 ιι,
3339 4505 3462 4558 cap.
3492 4489 3578 4552 '71,
3612 4488 3692 4561 7?,

1355 4729 1692 4796 Faecucrus,
1727 4741 1860 4788 tom.
1890 4729 1958 4796 ll,
1989 4656 2194 4796 ιω)ξῖξᾷ
2220 4745 2343 4801 cap.
2370 4731 2438 4786 16)
2482 4730 2884 4786 Chronicorum.

585 4887 733 4943 Idem
780 4904 1017 4959 namque
1051 4888 1400 4944 beatissimus
1448 4888 1706 4943 Clemens
1750 4888 1867 4941 suis
1920 4886 2089 4941 refert

515 4983 736 5052 scriptis
761 5021 776 5046 ,
814 4983 1050 5052 qualiter
1085 4983 1152 5036 ad
1207 4983 1364 5036 [idem
1410 4983 1722 5052 perveniret
1771 4981 2000 5044 Christi,
2033 4987 2088 5034 et

515 5072 817 5144 discipulus
834 5073 979 5129 Petri
1008 5090 1072 5129 ac
1096 5073 1408 5128 individuus
1438 5090 1627 5130 comes
1647 5075 1814 5129 lmret
1835 5075 1972 5144 (15).
1997 5073 2088 5125 Ait

2195 4887 2338 4942 enim
2371 4887 2513 4941 inter
2542 4896 2770 4942 caetera:
2805 4887 2945 4940 Dum
2973 4895 3106 4941 esset
3148 4887 3280 4940 mihi
3326 4903 3498 4940 comes
3547 4888 3744 4956 optima,

2194 4980 2615 5033 immortalitatis
2647 4978 2857 5047 cupido,
2883 4987 2988 5032 etc.
3019 4977 3309 5048 Recognit.,
3341 4978 3435 5033 lib.
3471 4994 3510 5042 ι,
3543 4994 3680 5047 capp.
3699 4979 3747 5040 ‘2,

2193 5071 2249 5133 6,
2287 5072 2339 5134 7,
2372 5071 2460 5135 η,
2492 5079 2599 5125 etc.

2051 5183 2218 5242 XVII.

1553 5303 1802 5364 Puorws,
1839 5300 2178 5355 Bibliotheca:
2209 5301 2370 5357 codd.
2398 5315 2533 5366 erit,
2564 5317 2717 5356 cxiii.

589 5439 748 5496 Lecta
770 5449 895 5496 sunt
917 5440 1211 5496 Clementis
1230 5439 1459 5495 Romam
1491 5450 1599 5496 duo
1616 5439 1891 5494 vommina
1913 5438 2087 5492 libro-

521 5549 642 5600 rum
670 5556 682 5590 :
718 5551 948 5604 quorum
982 5533 1149 5598 aliud,
1183 5543 1313 5598 etc.,
1348 5535 1580 5589 alterum
1604 5548 1754 5590 vero.
1783 5532 2086 5590 dedicatio-

624 5670 706 5740 13)
738 5670 1036 5738 Περίοὸος.
1080 5669 1162 5740 Al.
1189 5669 1448 5740 περίοδοι.

624 5671 685 5723 13
738 5670 1036 5738 Περίοὸος.
1080 5670 1162 5723 Al.
1189 5687 1200 5721 τ

622 5670 706 5812 id;
733 5742 895 5809 .Bp'.
923 5741 1005 5794 Al.
1029 5739 1200 5810 ’,βψηκ

2278 5435 2612 5508 ’Λνεγνώσθη
2644 5439 2956 5509 Κλήμεντος
2986 5437 3076 5491 τοῦ
3111 5436 3326 5508 Ῥώμης
3358 5437 3521 5509 τεύχη
3554 5435 3742 5506 βιωκίων

2197 5531 2289 5586 δύο
2315 5549 2328 5563 ο
2367 5526 2440 5586 ὧν
2466 5533 2525 5585 τὸ
2560 5533 2678 5603 μὲν,
2711 5541 2839 5597 etc.,
2874 5533 2933 5585 τὸ
2961 5533 3017 5585 δὲ
3049 5532 3146 5604 τὴν
3175 5529 3581 5604 προσφώνησιν,
3613 5529 3675 5590 ὡς
3699 5527 3741 5574 ἐν

2270 5666 2379 5732 (ιω
2417 5667 2613 5722 llwret.
2651 5664 2815 5722 Forte
2846 5667 3083 5725 Ita’icret.
