3872 6350
138 313 281 369 "69

1108 334 1109 337 η
1216 308 1874 379 RECOCN.TIONES.—-
1909 306 2277 367 PROOEMIA.

3278 317 3419 393 417;

134 427 432 501 ιπιστολῆς
505 427 633 484 εῖδει
653 468 669 495 ,
728 427 868 502 πρὸς
939 426 1196 482 Ἰάκωϐον
1251 427 1344 481 τὸν
1410 426 1714 497 άδελφόθεοι

1840 441 1964 482 nem
1986 433 2041 483 et
2064 426 2478 493 allocutionem,
2500 427 2649 483 velut
2673 429 2730 484 in
2752 428 2929 485 forma
2951 428 3234 502 Epistoe,
3255 432 3423 492 habet

134 526 392 578 ποιεῖται.
410 522 499 577 Ἑν
518 516 563 592 ᾧ
596 524 658 577 ατ
678 541 739 576 τε
763 523 1053 595 λεγόμεναι
1074 521 1168 575 τοῦ
1196 521 1495 575 ἀποστόλου
1516 520 1729 593 Πέτρου

134 613 396 686 Πράξεις,
431 616 525 669 καὶ
552 616 609 671 αί
640 615 781 689 πρὸς
808 616 1028 688 Σίμωνα
1059 615 1153 669 τὸν
1202 614 1394 683 Μάγον
1441 613 1728 680 διαλέξεις,

132 709 228 762 καὶ
254 707 339 763 ιτι
371 710 401 762 ό
431 709 875 782 ’Δναγνωρισμὸς
894 709 1231 781 Κλήμεντος,
1252 708 1347 763 καὶ
1375 706 1473 761 τοῦ
1495 708 1728 780 πατρὸς,

128 806 228 858 καὶ
254 803 366 858 τῶν
389 804 565 859 ἄλλων
595 803 866 875 ἀδελφῶν.
894 803 986 856 Διὸ
1009 804 1105 856 καὶ
1137 802 1196 856 ἐν
1222 820 1333 857 τισι
1363 801 1479 855 τῶν
1506 802 1731 873 βιϐλίων

129 901 164 971 ή
196 900 481 972 ἐπιγραφή
505 940 520 966 ,
557 896 906 969 Κλήμεντος
951 896 1059 951 τοῦ
1099 895 1388 965 Ῥωμαίου
1446 896 1729 967 Ἀνάγνω-

123 992 368 1065 ρισμύς,
402 993 788 1065 ἐπιγράφεται.
816 992 915 1045 Ἔν
933 1007 1045 1044 τισι
1071 990 1159 1055 δὲ,
1186 988 1263 1052 ὡς
1287 986 1529 1060 ἔφημεν,
1578 988 1731 1043 Ἐπι-

128 1086 298 1158 ⁴στολὴ
331 1086 715 1159 προτάττεται,
749 1085 826 1151 ὡς
857 1085 996 1158 πρὸς
1025 1085 1120 1139 τὸν
1169 1081 1491 1153 άδελφόθεον
1536 1082 1727 1137 Ἰάκω-

128 1179 244 1233 ϐον.
281 1181 393 1234 Καὶ
424 1179 568 1253 αὕτη
589 1180 669 1246 δὲ,
701 1180 799 1251 οὐχ
830 1182 864 1252 ή
891 1178 1052 1251 αὐτὴ,
1083 1177 1203 1232 οὐδὲ
1234 1176 1312 1241 ὡς
1341 1176 1471 1232 ’ἀπὸ
1501 1176 1596 1231 τοῦ
1630 1176 1729 1230 αὗ-

126 1271 225 1326 τοῦ
254 1272 559 1346 προσώπου
608 1271 1052 1345 προενηνεγμένη
1076 1288 1089 1305 ο
1137 1270 1251 1325 ἀλλ’
1279 1269 1372 1323 ἐπὶ
1415 1269 1516 1342 μέν
1565 1284 1729 1323 τινων

129 1363 379 1435 βιϐλίων,
416 1364 492 1429 ὡς
523 1364 631 1419 άπδ
657 1364 864 1437 Πέτρου
894 1363 989 1418 τοῦ
1020 1362 1320 1418 ἀποστόλου
1351 1362 1492 1435 πρὸς
1535 1363 1728 1417 Ἰάκω-

128 1457 229 1511 ϐον
263 1456 675 1531 ὲπεσταλμένη·
706 1460 793 1528 ἐφ’
815 1457 1017 1530 ἐτέρων
1049 1457 1130 1523 δὲ,
1164 1456 1240 1522 ὡς
1272 1456 1382 1512 ἀπὸ
1406 1456 1728 1531 Κλήμεντος

129 1550 272 1622 πρὸς
314 1551 572 1606 Ἰάκωϐον
596 1568 611 1583 ·
644 1550 777 1625 άλλη
810 1551 905 1605 καὶ
936 1550 1094 1624 άλλη,
1135 1548 1319 1615 καθὼς
1367 1551 1723 1624 προείπομεν.

126 1642 240 1696 Καὶ
270 1645 305 1715 ή
348 1643 448 1715 μὲν
474 1644 644 1717 δηλοῖ,
666 1644 874 1717 Πέτρον
893 1643 995 1709 τὰς
1012 1644 1222 1709 οἰκείας
1251 1644 1566 1716 συγγράψαι
1590 1644 1728 1717 πράρ

126 1732 273 1801 ξεις,
316 1737 413 1791 καὶ
450 1737 589 1809 πρὸς
632 1737 889 1792 Ἰάκωϐον
936 1736 1300 1809 αἰτησάμενον
1337 1737 1540 1802 ταύτας
1583 1738 1723 1792 ἀπο-

126 1828 367 1884 στεῖλαι·
400 1832 434 1902 ή
467 1830 524 1884 δὲ
551 1829 930 1903 διαλαμϐάνει,
958 1830 1034 1893 ὼς
1068 1830 1302 1901 Κλήμης
1333 1831 1538 1895 ταύτας
1578 1828 1725 1884 κατὰ

123 1922 461 1994 πρόσταγμα
488 1922 697 1997 Πέτρου
732 1924 1087 1996 συγγράφειε,
1136 1910 1393 1977 κάκείνου
1435 1919 1574 1996 πρὸς
1620 1920 1721 1995 τὴν

119 2016 325 2087 ἀγήρω
359 2015 755 2087 μεταστάντος,
809 2016 1119 2071 ὰποστείλοι
1164 2016 1400 2089 Κλήμης
1431 2016 1570 2089 πρὸς
1615 2015 1719 2072 Ἰά-

120 2109 328 2165 κωϐον.
378 2110 567 2164 Ἔστιν
595 2106 689 2164 οὖν
720 2108 972 2181 εἰκασμῷ
1002 2108 1300 2173 διαλαϐεῖν,
1353 2108 1431 2172 ὡς
1476 2108 1573 2163 δύο
1619 2108 1720 2179 μὲν

120 2204 318 2274 εἴησαν
349 2202 458 2257 τῶν
489 2203 699 2276 Πέτρου
734 2202 994 2276 Πράξεων
1042 2202 1283 2266 ἐκδόσεις
1330 2202 1715 2273 γεγενημέναιο

117 2297 201 2367 τῷ
232 2295 292 2349 δὲ
322 2296 498 2368 χρόνῳ
526 2297 627 2369 τῆς
658 2295 852 2369 ἐτέρας
883 2295 1255 2369 διαῤῥυείσης,
1282 2294 1661 2367 ἐπεκράτησεν
1680 2296 1715 2367 ή

118 2388 220 2441 τοῦ
254 2388 595 2459 Κλήμεντος.
640 2387 729 2442 Ἐν
752 2390 886 2442 πᾶσι
936 2387 1047 2460 γὰρ
1076 2390 1192 2451 τοῖς
1245 2388 1470 2459 βιϐλίοις
1507 2386 1543 2442 ἃ
1580 2389 1716 2443 εἴδο-

122 2497 249 2550 μεν,
281 2480 377 2533 καί
408 2497 489 2533 τοι
517 2480 618 2535 οὐκ
645 2479 840 2550 ὀλίγων
870 2479 1061 2546 ὄντων,
1113 2478 1253 2552 μετὰ
1278 2479 1379 2545 τὰς
1425 2479 1718 2552 διαφόρους

120 2564 349 2637 ὲκείνας
363 2570 685 2638 Ἐπιστολάς
716 2574 812 2627 καὶ
830 2568 1274 2646 ἐπιγραφάςηὴν
1294 2572 1463 2645 αὐτὴν
1481 2572 1716 2646 εὕρομεν

118 2666 559 2738 ἀπαραλλάκτως
577 2666 977 2739 πραγματείαν,
1015 2664 1353 2738 ἀρχομένην·
1393 2664 1534 2735 Ἐγὼ
1554 2663 1716 2734 Κλή-

113 2775 242 2828 μης
268 2775 282 2790 ·
320 2760 414 2813 καὶ
442 2758 514 2813 τὰ
542 2759 669 2831 ἑξῆς
696 2758 1081 2831 ὲνταττόμενα.
1113 2757 1341 2831 Μυρίων
1371 2757 1481 2831 (16)
1501 2758 1559 2814 δὲ
1591 2760 1717 2814 άτο-

119 2852 453 2925 πημάτωνή
490 2853 842 2925 πραγματεία
872 2852 1032 2925 γέμει
1059 2850 1220 2923 αὕτη,
1249 2851 1346 2905 καὶ
1378 2850 1478 2924 τῆς
1510 2854 1590 2916 είς
1621 2852 1713 2906 τὸν

119 2946 255 3000 Υἰδν
289 2945 636 3018 βλασφημίας
666 2946 809 3002 κατὰ
837 2944 937 3018 τὴν
982 2946 1191 3019 Ἀρείου
1210 2945 1368 3021 δόξαν
1402 2946 1550 2999 ἐστὶν
1583 2945 1715 3000 ἀνά-

120 3039 335 3103 πλεως.
363 3036 564 3095 Paucis
597 3039 797 3096 deinde
813 3038 964 3095 circa
998 3038 1440 3096 Constitutiones
1488 3045 1712 3109 aposto-

1832 517 1902 573 ad
1924 516 2190 574 Jacobum
2231 519 2458 576 fratrem
2515 511 2756 578 Domini.
2811 520 2873 578 ln
2907 524 3013 579 hoc
3065 525 3423 583 continentur

1832 612 1971 667 Acta
2003 628 2127 683 quae
2158 612 2421 670 dicuntur
2448 612 2598 670 Petri
2649 617 2907 686 apostoli,
2952 628 3007 674 et
3038 634 3166 673 cum
3199 619 3426 679 Simone

1833 701 1992 775 Mago
2016 704 2463 777 disputationes;
2496 707 2565 762 ad
2595 708 2711 764 haec
2746 708 3075 782 Recognitio
3095 711 3422 785 Clementis,

1830 797 2064 867 ejusque
2112 798 2289 870 patris
2326 814 2392 855 ac
2420 799 2656 856 aliorum
2688 800 2945 858 fratrum.
2989 803 3173 871 Quare
3208 807 3264 862 in
3298 810 3418 879 qui-

1832 889 2064 947 busdam
2117 892 2408 950 codicibus
2442 894 2733 967 inscriptio
2762 897 3062 969 prazligitur
3086 940 3100 955 .
3134 898 3422 960 Clementis

1830 982 2061 1039 Romani
2088 984 2420 1057 Recognitio.
2448 983 2509 1042 ln
2533 987 2819 1045 nonnullis
2839 995 3047 1057 autem,
3073 1000 3136 1046 ut
3154 991 3420 1067 diximus,

1828 1075 2079 1148 Epistola
2109 1080 2471 1151 pne-ponitur,
2501 1088 2765 1152 tanquam
2787 1081 2858 1137 ad
2889 1080 3158 1139 Jacobum
3194 1084 3421 1144 fratrem

1830 1167 2264 1244 Domini.Atque
2287 1173 2403 1230 haec
2425 1173 2670 1245 quidem,
2702 1190 2813 1230 non
2842 1174 3057 1242 eadem,
3095 1192 3275 1249 neque
3302 1181 3420 1236 vel-

1833 1262 1913 1317 uti
1958 1264 2028 1319 ab
2069 1265 2261 1321 eodem
2291 1265 2515 1323 homine
2540 1267 2827 1338 profecta:
2864 1268 2961 1324 sed
2988 1270 3043 1324 in
3087 1269 3420 1340 quibusdam

1827 1356 2052 1428 quidem
2085 1358 2266 1424 libris,
2297 1360 2459 1431 quasi
2492 1374 2524 1414 a
2551 1359 2719 1416 Petro
2751 1362 3005 1432 apostolo
3049 1362 3119 1418 ad
3148 1361 3417 1420 Iacobum

1822 1449 2035 1518 missa;
2071 1451 2129 1505 in
2151 1451 2276 1507 aliis
2310 1460 2518 1518 autem,
2550 1460 2611 1508 ut
2637 1467 2670 1507 a
2698 1452 2978 1510 Clemente
3008 1454 3076 1509 ad
3105 1453 3372 1512 Jaoobum
3397 1476 3416 1529 ;

1826 1540 1935 1596 alia
1967 1550 2132 1614 atque
2151 1543 2280 1610 alia,
2313 1546 2775 1616 quemadmodum
2802 1544 2916 1617 jam
2934 1547 3195 1606 diximus.
3230 1547 3299 1605 Et
3322 1550 3416 1606 illa

1825 1633 2051 1705 quidem
2106 1634 2373 1703 declarat,
2426 1637 2650 1694 Petrum
2684 1640 2904 1711 propria
2951 1648 3108 1712 gesta
3164 1642 3414 1698 conscri-

1826 1727 2033 1797 psisse,
2064 1743 2130 1783 ac
2171 1726 2380 1785 Jacobo
2412 1732 2716 1802 postulanti
2745 1748 2811 1788 ea
2843 1734 3095 1801 misisse;
3137 1733 3255 1789 ham
3282 1751 3415 1791 vero

1824 1818 2016 1887 refert,
2051 1820 2390 1880 Clementem
2431 1824 2624 1882 eadem
2680 1834 2835 1898 gesta
2872 1826 3036 1897 jussu
3066 1825 3214 1883 Petri
3274 1830 3409 1886 scri-

1823 1914 2035 1985 psisse;
2051 1930 2115 1970 ac
2132 1925 2425 1989 postquam
2452 1918 2542 1975 ille
2563 1919 2632 1974 ad
2658 1919 2825 1975 vitam
2859 1920 3225 1976 immortalem
3257 1936 3408 1977 com-

1821 2006 2137 2079 migrasset,
2172 2011 2556 2069 transmisisse
2581 2012 2655 2068 ad
2688 2010 2976 2070 Iacobum.
3010 2012 3197 2085 Itaque
3226 2014 3407 2084 conje-

1820 2108 1980 2156 ctura
2011 2102 2425 2175 deprehendere
2482 2105 2634 2171 licet,
2676 2105 2916 2162 Actuum
2947 2104 3094 2163 Petri
3121 2107 3260 2164 duas
3290 2110 3411 2166 edi-

1820 2194 1999 2251 tiones
2031 2195 2206 2253 factas
2228 2197 2434 2266 fuisse;
2470 2199 2570 2255 sed
2615 2213 2743 2254 cum
2785 2201 3053 2271 temporis
3101 2202 3410 2274 longinqui-

1819 2294 1932 2344 tate
1964 2289 2135 2345 altera
2168 2291 2447 2361 periisset,
2474 2290 2627 2345 illam
2670 2290 2975 2350 Clementis
3005 2310 3318 2364 superasse.
3347 2294 3407 2351 ln

1817 2381 2075 2439 omnibus
2104 2382 2249 2437 enim
2276 2383 2563 2439 codicibus
2581 2399 2722 2453 quos
2749 2384 3012 2453 vidimus,
3047 2387 3227 2457 iisque
3258 2395 3410 2443 certe

1817 2489 1929 2531 non
1963 2476 2178 2546 paucis,
2210 2484 2339 2548 post
2365 2476 2615 2533 diversas
2645 2476 2769 2531 illas
2804 2475 3082 2547 Epistolas
3114 2485 3279 2549 atque
3319 2478 3404 2533 in-

1817 2568 2167 2639 scriptiones,
2194 2569 2338 2625 idem
2360 2570 2586 2625 omnino
2606 2570 2725 2625 sine
2750 2569 3059 2626 variatione
3081 2585 3223 2641 opus
3252 2571 3404 2626 inve-

1816 2659 2019 2723 nimus,
2052 2661 2324 2733 incipiens
2355 2662 2436 2719 sic
2462 2681 2476 2718 :
2532 2661 2644 2733 Ego
2669 2661 2941 2727 Clemens;
2976 2671 3030 2718 et
3056 2679 3179 2734 qua:
3209 2663 3407 2720 ordine

1815 2752 2078 2826 deinceps
2101 2766 2431 2827 sequuntur.
2453 2754 2737 2812 Refertum
2781 2762 2965 2810 autem
2997 2763 3083 2812 est
3110 2757 3213 2811 hoc
3253 2759 3404 2829 Opus

1816 2846 2124 2904 innumeris
2173 2849 2411 2906 absurde
2431 2849 2629 2920 dictis;
2679 2849 3011 2921 plenumque
3047 2849 3405 2920 blasphemia:

1815 2938 1872 2994 in
1910 2937 2136 3007 Filium,
2168 2940 2330 3013 juxta
2352 2940 2469 2996 Arii
2504 2942 2847 3013 opinionem.
2910 2940 2977 2996 Et
3027 2942 3209 3013 infra:
3231 2942 3403 3001 Cate-

1814 3048 1938 3087 rum
1976 3033 2117 3090 liber
2163 3032 2429 3091 Actorum
2459 3034 2630 3101 Petri,
2660 3035 2957 3107 splendore
3007 3041 3063 3090 et
3089 3037 3399 3107 majestate,

122 3134 267 3191 Iicas
300 3131 631 3203 interjectis,
658 3131 875 3189 subdit:
910 3132 975 3185 Ἦ
996 3131 1244 3204 μέντοιγε
1265 3132 1375 3184 τῶν
1388 3129 1483 3184 τοῦ
1503 3130 1712 3201 Πέτρου

1819 3125 1886 3181 ad
1910 3126 2026 3181 haec
2049 3128 2292 3198 puritate
2318 3136 2374 3185 et
2415 3128 2788 3195 vehementia,
2841 3129 3079 3200 aliisque
3134 3130 3401 3187 orationis

121 3226 384 3301 Πράξεων
434 3225 636 3298 βίϐλος,
682 3224 763 3296 τῷ
794 3240 854 3278 τε
884 3222 1123 3296 λαμπρῷ
1148 3224 1242 3278 καὶ
1278 3225 1345 3295 τῇ
1396 3223 1707 3295 σεμνότητι,

71 3336 89 3354 ⁸
120 3324 217 3376 καὶ
239 3321 321 3374 ἔτι
342 3319 421 3391 τῷ
451 3318 678 3391 καθαρῷ
718 3317 814 3372 καὶ
847 3317 1106 3389 συντόνῳ,
1138 3317 1233 3371 καὶ
1258 3319 1326 3388 τῇ
1359 3316 1491 3388 ἄλλῃ
1538 3316 1707 3389 ἀρετῇ

117 3414 214 3469 τοῦ
248 3414 432 3481 λόγου,
491 3411 586 3466 καὶ
613 3410 954 3483 πολυμαθείᾳ
979 3450 994 3476 ,
1030 3408 1254 3463 τοσοῦτο
1282 3409 1395 3480 ἔχει
1447 3409 1585 3482 πρὸς
1609 3408 1710 3474 τὰς

117 3506 383 3576 διαταγὰς
401 3505 465 3559 τδ
483 3502 981 3577 παραλλάττον,.ὠς
1003 3502 1140 3575 μηδὲ
1160 3501 1445 3575 συγκρίσει
1478 3505 1545 3574 τῇ
1565 3501 1709 3557 κατὰ

116 3602 243 3665 τοὺς
272 3599 468 3669 λόγους
484 3598 624 3670 πρὸς
641 3596 873 3669 ἀλλήλας
890 3594 1332 3668 παραϐάλλεσθαι
1350 3594 1449 3658 τὰς
1468 3593 1702 3665 βίϐλους.

118 3696 185 3750 Et
214 3693 361 3750 infra
384 3712 398 3748 :
449 3693 515 3746 Ἡ
532 3692 590 3746 δὲ
618 3690 884 3765 λεγομένη
911 3688 1302 3761 δευτέρῳπρδς
1332 3689 1459 3752 τοὺς
1486 3687 1706 3754 αὐτοὺς,

115 3787 193 3852 ὡς
220 3786 376 3850 νόθος
406 3784 869 3855 ἀποδοκιμάζεται
892 3781 1121 3854 ’ὥσπερ
1151 3781 1594 3855 ἐπιγραφόμενος
1618 3781 1707 3835 ἐπ’

114 3880 341 3952 ὀνόματι
370 3876 538 3933 αὑτοῦ
573 3878 785 3950 Πέτρου
817 3876 915 3932 καὶ
942 3875 1208 3940 Ἀπίωνος
1236 3874 1557 3949 πολύστιχος
1589 3873 1705 3929 διά-

114 3970 297 4042 anne.

1815 3218 2038 3276 dotibus
2071 3227 2236 3292 atque
2257 3212 2551 3293 multiplici
2573 3220 2847 3288 doctrina,
2873 3228 3089 3278 tantum
3113 3221 3400 3279 Constitu-

1814 3315 1998 3372 tiones
2026 3326 2270 3387 superat,
2302 3316 2453 3371 nulla
2483 3323 2543 3371 ut
2568 3315 2671 3371 hos
2722 3315 2866 3372 inter
2916 3315 3089 3372 libros
3113 3331 3392 3388 compara

1814 3407 1914 3473 tio,
1967 3408 2037 3465 ad
2068 3409 2279 3466 litteras
2320 3409 2469 3481 quod
2501 3409 2731 3471 attinet.
2783 3409 2999 3464 institui
3053 3409 3271 3467 debeat.
3326 3409 3397 3465 Et

1810 3502 1973 3571 paulo
2002 3511 2157 3572 post:
2207 3501 2279 3558 At
2312 3517 2436 3574 quae
2460 3501 2703 3558 secunda
2736 3500 3026 3573 (Epistola)
3057 3501 3127 3555 ad
3172 3502 3394 3560 eosdem

1812 3595 2176 3668 (Corinthios)
2200 3594 2423 3662 dicitur,
2453 3595 2702 3667 rejicitur
2724 3602 2786 3649 ut
2806 3595 3009 3651 notha;
3039 3597 3397 3666 quemadmo-

1808 3688 1938 3745 dum
1966 3696 2021 3746 et
2058 3690 2219 3763 longa
2241 3689 2335 3744 illa
2361 3689 2685 3761 disputatio,
2723 3690 2868 3747 beati
2903 3687 3052 3747 Petri
3083 3698 3137 3747 et
3164 3691 3396 3765 Apionis

1806 3799 2004 3841 nomen
2036 3783 2352 3856 praeferens.
3247 3782 3252 3787 ⁷

1630 4220 1631 4223 η
1660 4195 1801 4251 XVII
1810 4198 1852 4251 l‘.

938 4384 1275 4441 Ernest/litus.
1318 4379 1397 4435 De
1419 4379 1643 4435 divortio
1670 4378 1915 4434 ιοιΙιαήί
1944 4386 1999 4433 ct
2030 4375 2318 4449 Tetbergar,
2348 4390 2472 4449 capt
2511 4378 2565 4433 9.

175 4568 245 4624 Et
272 4568 332 4624 in
352 4563 503 4622 Petri
534 4565 847 4631 Itinerario,
870 4564 938 4621 de
958 4564 1260 4622 Clementis
1284 4571 1442 4634 patre
1471 4563 1701 4635 legitur;
1726 4570 1771 4626 ι’)
1800 4561 2000 4620 Petrus
2026 4577 2153 4618 eum
2193 4561 2289 4633 qui
2309 4569 2432 4619 erat
2460 4561 2811 4619 intuebatur:
2837 4566 2894 4615 et
2923 4571 3111 4622 orans,
3138 4555 3389 4626 discipu-

104 4663 253 4735 quod
276 4668 339 4716 ut
375 4675 407 4716 a
435 4660 687 4715 fidelibus
712 4658 1137 4725 interficeretur,
1181 4672 1212 4711 a
1272 4656 1498 4713 Simone
1532 4657 1703 4727 Mago

104 4768 267 4828 quem
291 4757 635 4820 deseruerat,
671 4766 951 4827 unguento
983 4758 1304 4824 perunctus,
1327 4752 1574 4824 ejusdem
1605 4751 1696 4807 Si-

105 4853 289 4909 monis
347 4850 644 4922 imaginem
675 4847 919 4905 omnium
951 4850 1128 4905 oculis
1177 4848 1483 4916 referebat;
1541 4847 1695 4905 solus

1806 4657 1889 4712 los
1912 4656 1981 4712 ad
2008 4671 2200 4713 eorum
2224 4656 2416 4712 oculos
2463 4655 2744 4712 revocavit
2762 4660 2859 4721 ;.et
2879 4650 3075 4706 deluso
3122 4648 3388 4719 libantes-

1803 4748 1970 4817 mate,
2004 4750 2337 4807 intuentium
2365 4749 2652 4805 obtutibus
2681 4746 2921 4817 speciem
2953 4742 3232 4814 propriam
3255 4736 3400 4801 red-1

1802 4843 1963 4901 didit.
1989 4843 2260 4917 Recognit.
2295 4842 2392 4901 lib.
2420 4859 2479 4910 ι,
2506 4857 2624 4912 cap.
2656 4841 2748 4905 53,
2774 4846 2879 4894 etc.
3106 4848 3115 4851 '

1675 5021 1818 5079 XIX.

608 5210 960 5276 uouemus,
988 5210 1285 5281 episcopus
1316 5206 1497 5281 Siylvae
1521 5204 1805 5271 Candida},
1834 5203 1888 5259 in
1919 5201 2276 5276 Respomionc
2308 5200 2377 5251 ad
2415 5195 2622 5251 Nireus
2649 5195 2863 5250 librum.

176 5392 309 5451 Nam
353 5387 655 5448 Clementis
695 5389 857 5454 liber,
896 5387 952 5443 id
1010 5394 1095 5445 est
1143 5383 1486 5439 ltinerarium
1540 5380 1688 5439 Petri

101 5488 363 5563 apostoli,
390 5496 447 5543 et
471 5485 727 5544 Canones
754 5482 1127 5557 apostolorum
1155 5488 1519 5536 numerantur
1542 5479 1685 5534 inter

186 5750 303 5811 (16)
328 5748 567 5817 Μυρίων
595 5746 987 5817 ἁτοπημὰτων
1014 5742 1193 5817 γέμει.
1212 5741 1309 5817 ‘Al:
1355 5739 1690 5817 Ἀλλ’-ἐπαν-

110 5818 391 5893 ωρθωκὼς
417 5810 628 5887 ταύτην
661 5817 690 5869 ό
728 5810 1133 5889 μξταφραστης,
1170 5810 1395 5867 πλοῦτον
1430 5811 1523 5864 καὶ
1560 5828 1689 5864 ταυ-

1796 5379 2132 5451 apocrypba.
2176 5376 2302 5431 Vide
2328 5375 2541 5433 Decreti
2569 5376 2799 5449 primam
2826 5382 3031 5445 partem
3053 5414 3068 5439 ,
3093 5372 3219 5427 diu.
3286 5374 3391 5439 16,1

1794 5490 1912 5545 cap.
1939 5474 1993 5530 '5.

1785 5739 1985 5812 τότητα
2024 5736 2275 5818 ’τῇηθεοῦ
2301 5733 2616 5818 ’Ἑκκλησία
2641 5734 2896 5818 άπέθετο.
2932 5731 3020 5791 Sic
3055 5731 3122 5790 ad
3170 5700 3395 5818 mm‘gi-;

1788 5803 1912 5867 neni
1938 5803 2315 5866 cod."Maxirni
2344 5803 2633 5863 Maruunii.
2666 5804 2906 5865 llosscn.
3293 5803 3312 5807 '
3388 5803 3399 5830 θ
