3872 6344
502 310 636 367 “?!
1327 315 1385 370 S.
1422 311 1817 369 CLEMENTIS
1849 312 1868 366 l
1904 311 2070 368 ROM.
2109 310 2313 370 ΡΟΝΤ.
2351 311 2580 368 OPERA
2614 311 2842 369 DUBIA.
3635 311 3770 368 lin

2074 493 2191 549 XX.

1067 611 1345 672 Caesones
1369 609 1680 677 Cenunus,
1707 611 1762 665 in
1795 610 2120 681 Compendio
2154 609 2545 676 Historiarum,
2581 609 2718 667 edit.
2747 609 2941 674 Basil.,
2972 625 3028 681 p.
3056 608 3178 668 I70.

565 772 688 826 Alia
717 783 936 840 quoque
961 767 1228 824 miracula
1260 767 1495 841 (Petrus
1517 776 1572 823 et
1622 765 1812 824 Simon
1851 763 2078 838 Magus)

2253 767 2362 821 Καὶ
2398 767 2496 838 μέν
2523 784 2607 820 τοι
2646 768 2739 820 καὶ
2785 766 2918 823 ἄλλα
2952 770 3152 841 σημεῖα
3202 767 3467 840 ἐποίησαν
3501 766 3670 821 πολλὰ
3714 768 3772 823 οὐ

493 862 816 919 ediderunt:
849 874 1027 930 neque
1049 859 1106 914 id
1133 859 1327 915 Romae
1360 859 1548 924 modo,
1575 859 1672 915 sed
1725 869 1855 916 ante
1909 861 2080 916 etiam

2192 862 2350 932 μόνον
2374 862 2433 915 ἐν
2464 859 2672 935 Ῥώμῃ,
2707 860 2842 915 ἀλλὰ
2863 862 2958 915 καὶ
2980 863 3037 914 ὲν
3058 860 3226 934 Συρίᾳ
3252 861 3524 934 πρότερον
3548 879 3560 891 ·
3602 863 3638 914 ἃ.
3659 878 3775 916 τινα

495 958 554 1014 in
585 954 774 1026 Syria;
817 969 940 1024 qua:
989 953 1244 1010 Clemens
1274 951 1580 1015 Romanus,
1633 954 2080 1024 sapientissimus

2188 951 2421 1024 Κλήμης
2451 953 2480 1007 6
2519 953 2786 1024 Ῥωμαῖος
2831 953 2925 1007 καὶ
2956 953 3230 1024 πάνσοφος
3274 954 3518 1025 μαθητὴς
3570 955 3772 1026 ﬁeran

495 1046 642 1102 Petri
672 1044 978 1116 discipulus
1008 1053 1171 1117 atque
1203 1060 1415 1109 comes,
1451 1046 1732 1101 recitavit:
1781 1062 1848 1102 ex
1877 1047 2082 1118 quibus

2187 1045 2285 1098 καὶ
2314 1044 2648 1122 συνέκδημος
2675 1046 2991 1118 διηγήσατο·
3027 1047 3119 1115 ἀφ’
3155 1040 3230 1101 ὧν
3252 1046 3410 1116 ὀλίγα
3446 1046 3775 1118 συντάξομεν

496 1152 671 1208 pauca
719 1137 809 1192 hic
855 1153 1145 1210 ponemus.
1195 1138 1401 1205 Quibus
1451 1139 1678 1208 prolatis
1733 1137 1919 1195 addit:
1953 1138 2082 1195 Haec
2189 1137 2447 1193 ἐνταῦθα.
2511 1138 2725 1205 Quibus
2761 1138 3126 1210 interpositis,
3159 1138 3466 1209 subjungit,
3495 1154 3622 1209 pag.
3655 1140 3771 1195 173:

495 1230 663 1300 igitur
693 1236 751 1285 et
780 1229 890 1284 alia
913 1229 1116 1284 similia
1137 1230 1417 1294 Clemens,
1443 1231 1910 1302 quemadmodum
1939 1231 2078 1296 dixi,

2190 1228 2374 1284 Ταῦτα
2397 1231 2577 1302 μέντοι
2600 1232 2694 1287 καὶ
2721 1231 2884 1304 ἕτερα.
2905 1230 3133 1286 τοιαῦτα
3152 1231 3526 1302 γεγράφηκεν,
3558 1232 3637 1294 ὡς
3668 1232 3772 1302 (ίῖ)

495 1321 720 1392 scripsit
739 1321 887 1376 dicta
925 1312 1092 1392 atque
1123 1321 1270 1378 facta
1294 1321 1468 1380 fuisse
1503 1324 1560 1378 in
1592 1323 1775 1395 Syria,
1807 1321 1943 1394 Lege
1972 1322 2084 1380 Re-

2188 1322 2314 1393 ἑφη,
2375 1323 2609 1395 Κλήμης
2664 1322 2921 1395 λεχθῆναι
2953 1325 3047 1378 καὶ
3099 1323 3409 1395 πραχθῆναι
3465 1326 3524 1375 ὲν
3587 1323 3770 1394 Συρίᾳ.

495 1415 707 1486 cognit.
745 1413 840 1469 lib.
875 1428 938 1478 ιι,
959 1429 1078 1484 cap.
1105 1415 1196 1479 57,
1223 1422 1362 1481 etc.;
1395 1415 1488 1469 lib.
1521 1430 1604 1479 Ill,
1627 1431 1744 1484 cap.
1775 1414 1868 1479 47;
1904 1415 1996 1470 lib.
2025 1432 2081 1480 ι,

2184 1413 2329 1486 Lege
2367 1414 2739 1481 Aussraswu,
2774 1423 2972 1485 quiest.
2995 1415 3067 1473 20
3091 1457 3106 1482 ,
3145 1413 3526 1482 Niceruowl,
3561 1413 3768 1469 Hister.

495 1524 612 1568 cap.
643 1509 746 1574 53;
778 1505 1073 1568 ClemenL,
1117 1509 1260 1564 hom.
1283 1509 1338 1572 ὅ,
1375 1527 1430 1563 n.
1464 1509 1554 1570 38,
1585 1517 1696 1565 etc.
2185 1509 2338 1571 eccl.,
2361 1508 2458 1564 lib.
2489 1524 2551 1574 ιι,
2586 1525 2709 1581 cap.
2735 1509 2809 1564 27
2836 1528 2852 1577 ;
2909 1508 3392 1571 PSEUDO-ABDIAI,
3419 1509 3516 1564 lib.
3557 1523 3596 1560 ι.

2065 1696 2204 1751 XXI.

1105 1899 1114 1906 .
1142 1853 1410 1911 Hosomus
1433 1854 1974 1916 Aucesronunsssrs,
2001 1851 2096 1907 lib.
2119 1850 2197 1907 De
2231 1851 2582 1906 luminaribus
2615 1850 2891 1917 Ecclesite,
2927 1866 3050 1924 cap.
3078 1852 3168 1908 i5.

571 2013 829 2070 Clemens
861 2011 1088 2083 scripsrt
1111 2009 1403 2082 epistolam
1428 2009 1495 2064 ad
1529 2008 1946 2065 Corinthiorum
1976 2006 2082 2064 Ec-
2114 2017 2159 2073 Β
2186 2007 2330 2063 inter
2361 2007 2674 2080 apocrypha
2700 2016 3083 2065 numerantur.
3121 2008 3226 2063 Adi
3264 2007 3445 2064 Vitam
3463 2007 3766 2074 Clementis,

495 2108 744 2172 clesiam,
775 2105 930 2161 valde
955 2107 1142 2161 utilem
1167 2123 1181 2171 ;
1207 2114 1260 2160 et
1290 2101 1636 2158 ltinerarium
1666 2102 1834 2166 Petri,
1861 2108 1919 2157 et
1954 2100 2079 2156 Dis~
2187 2101 2245 2155 in
2287 2101 2599 2172 Pontiﬁcali
2627 2102 2783 2160 libro.

495 2200 832 2272 putationem
893 2197 1041 2255 Petri
1069 2205 1125 2254 et
1173 2195 1437 2267 Apionis;
1488 2202 1542 2251 et
1565 2194 1734 2249 multa
1784 2194 1911 2260 alia,
1956 2205 2079 2260 quae

567 2357 682 2427 (i7)
715 2357 890 2426 Ἔφη.
912 2355 1042 2426 Leg.
1068 2355 1228 2425 ἔφην.

1613 2717 2574 2836 DISSERTATIO

579 2948 669 3012 De
717 2947 946 3011 decem
981 2947 1166 3009 libris
1198 2945 1726 3026 Recognitt’onum
1777 2945 1842 3008 S.
1881 2942 2255 3026 Clementis,
2287 2944 2365 3007 ad
2394 2943 2705 3026 Iacobum
2743 2941 3005 3026 fratrem
3035 2941 3325 3018 Domini,
3360 2959 3398 3005 ει
3452 2942 3691 3003 Ruﬁno

1367 3023 1748 3106 presbytero
1782 3023 2191 3104 AquileienSI
2224 3024 2287 3086 in
2321 3024 2624 3087 Latinum
2649 3025 2879 3087 versis.

823 3193 1001 3258 "Dom.
1023 3192 1096 3243 Le
1136 3190 1362 3252 Nouum,
1387 3194 1667 3257 Apparatus
1685 3190 1752 3240 ad
1777 3187 2125 3244 Bibliothecam
2145 3202 2278 3240 max.
2309 3190 2416 3240 Yet.
2441 3190 2607 3251 Patr.,
2629 3189 2788 3252 p.211
2811 3203 2825 3251 ;
2854 3188 3044 3249 Paris.,
3071 3187 3210 3250 i705,
3240 3187 3422 3251 ιιι-τοι.)

921 3514 1324 3573 ARTICULUS
1357 3514 1644 3572 PRIMUS.

873 3610 1127 3681 Analysis
1177 3609 1366 3664 horum
1414 3609 1693 3667 librorum.

557 3705 766 3761 Auctor
811 3703 979 3772 hujus
1010 3703 1196 3774 Operis
1226 3703 1295 3757 ab
1323 3702 1453 3773 ipso
1473 3702 1603 3760 libri
1641 3703 1802 3775 primi
1850 3703 2076 3761 exordio

2103 3533 2145 3590 ο
2180 3519 2297 3569 trus
2330 3520 2439 3569 tam
2468 3511 2709 3570 dilucide
2738 3511 3010 3584 probavit,
3052 3527 3117 3566 ac
3157 3512 3386 3583 insuper
3414 3520 3568 3566 tanta
3602 3515 3758 3569 clari-

2181 3615 2295 3662 tate
2323 3609 2439 3678 quis
2461 3617 2596 3663 esset
2624 3623 2774 3662 verus
2801 3606 3086 3676 Propheta,
3113 3607 3391 3673 ostendit;
3414 3614 3474 3660 ut
3485 3605 3754 3670 Clemens.

2181 3699 2557 3757 Christianam
2610 3699 2767 3756 (idem
2823 3699 3204 3774 amplexatus,
3257 3699 3460 3754 librum
3522 3699 3598 3754 De
3645 3716 3754 3754 uero

484 3798 590 3855 sibi
619 3813 819 3854 nomen
859 3796 1154 3862 Clementi,
1185 3795 1414 3852 Romam
1459 3812 1593 3852 vero
1633 3797 1868 3869 patriam
1900 3797 2080 3855 fuisse
2185 3792 2470 3865 Propheta.
2503 3808 2665 3865 quem
2703 3792 3138 3865 Hierosolymam
3175 3791 3329 3848 misit
3364 3791 3435 3846 ad
3470 3790 3750 3856 Iacobum.

482 3891 662 3948 dicit:
710 3897 1016 3961 narratque
1062 3904 1174 3960 quo
1217 3872 1579 3959 ipse‘modo,
1602 3900 1657 3946 et
1689 3906 1722 3951 a
1763 3891 1969 3963 quibus
2017 3892 2074 3948 in

481 3984 689 4041 Christi
718 3983 1089 4054 cognitionem
1116 3983 1189 4038 sit
1215 3982 1509 4038 adductus.
1535 3982 1626 4040 Ait
1652 3991 1833 4040 autem
1861 4000 1922 4043 se
1947 4001 2074 4040 cum

482 4077 690 4134 frustra
721 4076 1176 4148 philosOphorum
1208 4076 1449 4140 scholas,
1477 4084 1537 4132 ut
1564 4076 1633 4132 de
1661 4078 2076 4135 immortalitate

482 4171 702 4236 animae,
727 4171 1030 4240 mundique
1059 4165 1336 4225 creatione
1364 4178 1418 4226 et
1441 4169 1730 4227 duratione
1757 4172 2071 4236 doceretur,-

482 4264 906 4336 frequentasset,
935 4262 1005 4318 ad
1028 4262 1339 4318 Barnabam
1364 4262 1570 4318 Christi
1591 4262 1945 4334 discipulum,
1977 4265 2073 4335 qui

481 4368 613 4414 tunc
630 4356 862 4412 Romam
889 4356 1208 4421 advenerat,
1233 4369 1358 4411 sese
1379 4356 1700 4412 contulisse.
1727 4355 1883 4411 Hunc
1907 4373 2072 4427 porro

478 4459 541 4505 ut
583 4451 700 4522 ipse
747 4449 914 4516 fatur,
956 4449 1207 4519 publicos
1249 4449 1314 4502 ad
1351 4449 1613 4518 populum
1659 4464 1944 4505 sermones
1973 4450 2072 4504 ha-

477 4544 697 4600 bentem
727 4543 976 4607 offendit,
1013 4557 1250 4614 eumque
1273 4542 1536 4599 adversus
1571 4541 1942 4613 philosophos,
1976 4560 2070 4600 ru-

476 4635 601 4692 dem
630 4643 687 4692 et
713 4635 1021 4707 impolitum
1055 4635 1206 4690 illius
1233 4633 1454 4690 dicendi
1495 4649 1703 4690 morem
1751 4636 2065 4700 irridentes,

476 4728 652 4783 tuitus
681 4735 786 4793 est,
812 4743 878 4782 ac
904 4728 960 4782 in
991 4726 1214 4782 domum
1246 4738 1406 4783 suam
1434 4733 1625 4797 postea
1656 4727 1902 4785 deduxit.
1936 4728 2069 4785 Inde

476 4820 632 4875 illum
661 4820 720 4876 in
746 4818 1015 4884 Judaeam,
1047 4819 1231 4890 magni
1253 4817 1569 4875 Judreorum
1603 4819 1726 4876 festi
1751 4821 2066 4878 celebrandi

2178 3887 2362 3943 statim
2391 3888 2788 3959 composuerit.

2247 3981 2356 4038 Die
2381 3981 2657 4052 sequenti,
2689 3979 2900 4038 nuntiis
2943 3979 3184 4050 acceptis
3214 3976 3497 4034 Simonem
3547 3978 3749 4050 Magum

2175 4074 2439 4132 indictam
2483 4090 2516 4130 a
2565 4091 2626 4131 se
2663 4089 2792 4129 cum
2831 4071 2996 4129 Petro
3043 4071 3472 4148 disputationem
3519 4080 3642 4143 post
3673 4088 3752 4127 se-

2175 4177 2322 4238 ptem
2349 4167 2475 4225 dies
2497 4166 2807 4231 distulisse,
2831 4166 3107 4231 Clemens,
3138 4176 3366 4237 rogante
3392 4164 3584 4228 Petro,
3609 4165 3749 4236 quid-

2173 4260 2306 4331 quid
2335 4259 2595 4318 hesterna
2632 4261 2724 4318 die
2759 4261 2830 4319 ab
2857 4275 2929 4318 eo
2956 4261 3228 4327 audierat,
3267 4260 3591 4315 memoriter
3634 4258 3747 4312 red-

2173 4353 2332 4410 didit.
2362 4352 2504 4410 Tum
2531 4351 2754 4420 Petrus,
2798 4354 3023 4415 laudato
3063 4354 3187 4423 ejus
3226 4353 3506 4409 memoria:
3552 4353 3748 4409 teaci—

2171 4455 2302 4512 tate,
2345 4447 2452 4520 ipsi
2495 4463 2840 4520 quaecunque
2880 4455 3074 4505 notatu
3113 4445 3363 4516 digniora
3413 4461 3444 4500 a
3480 4447 3746 4502 creatione

2170 4541 2362 4597 mundi
2409 4541 2478 4598 ad
2517 4553 2762 4600 extrema
2810 4556 2989 4611 usque
3015 4540 3128 4595 veri
3176 4537 3466 4610 Propheta:
3512 4547 3742 4607 tempora

2169 4641 2496 4701 evenerant,
2543 4637 2815 4700 narravit,
2867 4637 3204 4707 planumque
3235 4633 3368 4689 fecit
3399 4649 3512 4704 qua
3545 4633 3743 4686 ratione

2170 4728 2381 4798 primus
2407 4738 2462 4784 et
2491 4729 2772 4786 secundus
2798 4728 3006 4784 Christi
3051 4727 3321 4784 adventus
3351 4727 3738 4798 praenuntiatus

2171 4821 2359 4888 fuerit,
2389 4830 2446 4879 et
2470 4839 2633 4894 quem
2662 4825 2719 4879 in
2749 4824 2930 4878 locum
2959 4823 3156 4878 anima:
3193 4823 3483 4879 hominum
3516 4829 3632 4892 post
3653 4835 3740 4875 eo-

473 4930 665 4979 causa,
690 4920 1056 4970 revertentem
1090 4912 1403 4983 quindecim
1435 4919 1561 4984 post
1590 4912 1786 4969 diebus
1818 4921 2060 4978 secutus,
2097 4900 2139 4956 δ
2169 4933 2293 4972 rum
2323 4924 2557 4973 mortem
2584 4917 2697 4974 sint
2727 4915 3142 4988 congreganda).

471 5007 738 5065 ϐείω-επ
774 5006 1050 5064 Stratonis
1089 5014 1427 5062 consecutus
1468 5013 1574 5062 est.
1614 5007 1895 5063 Barnabas
1929 5023 2062 5064 vero

469 5119 597 5160 eum
649 5101 942 5158 confestim
971 5100 1127 5156 ducit
1163 5099 1233 5154 ad
1275 5097 1521 5164 Petrum,
1565 5113 1596 5153 a
1641 5113 1753 5170 quo
1781 5100 2060 5170 benignis-

471 5197 612 5252 sime
663 5195 958 5266 excipitur,
1002 5194 1336 5265 jubeturque
1387 5206 1669 5250 sermones
1705 5201 1762 5248 et
1803 5193 2056 5264 disputa-

472 5290 651 5344 tiones
673 5303 888 5351 omnes,
913 5302 1050 5358 quas
1081 5285 1362 5358 deinceps,
1397 5286 1574 5341 donec
1605 5283 1833 5340 Romam
1867 5300 2061 5356 pervc-

467 5381 690 5445 nerint,
739 5380 1032 5436 habiturus
1068 5386 1223 5443 erat,
1281 5385 1489 5435 attente
1545 5379 1756 5435 audiat.
1811 5377 2059 5451 Spondet

469 5473 748 5539 Clemens,
789 5481 1054 5546 rogatque
1099 5472 1348 5535 Petrum,
1399 5479 1456 5527 ut
1503 5473 1700 5528 anima:
1740 5483 1946 5530 nostrae
2002 5473 2056 5529 in

469 5565 679 5621 Christi
711 5566 980 5637 judicium
1011 5573 1136 5638 post
1179 5574 1411 5622 mortem
1449 5566 1784 5622 adducenda:
1829 5567 2056 5624 immor-

2237 5010 2480 5083 Longam
2530 5020 2656 5083 post
2704 5012 2819 5067 haec
2849 5008 3304 5082 disputationem,
3352 5023 3525 5079 quam
3564 5021 3737 5062 omnes

2167 5115 2221 5161 et
2249 5105 2452 5176 singuli
2481 5106 2686 5177 quique
2722 5104 2957 5176 apostoli
2998 5105 3054 5159 in
3087 5102 3587 5176 ilierosolymitano
3611 5109 3735 5156 tem-

2165 5199 2256 5268 plo
2292 5211 2390 5270 per
2437 5207 2564 5255 octo
2611 5198 2730 5256 dies
2770 5215 2896 5254 cum
2923 5197 3128 5255 Iudaeis
3173 5197 3436 5261 inierant,
3484 5198 3730 5265 integram

2163 5297 2444 5362 totamque
2491 5292 2748 5363 exponit,
2796 5291 3152 5365 declaratque
3203 5291 3485 5362 quomodo
3531 5293 3583 5346 in
3638 5289 3732 5342 line

2163 5381 2345 5450 illius,
2385 5383 2654 5444 seditione
2707 5393 2860 5449 orta,
2919 5385 3024 5457 ipsi
3079 5383 3338 5440 Hiericho
3392 5383 3725 5440 secesserint.

2162 5473 2294 5534 Inde
2338 5485 2520 5534 autem
2549 5477 2788 5535 Jacobus
2817 5478 3062 5543 Petrum,
3098 5488 3159 5534 ut
3205 5478 3522 5542 Simonem,
3565 5475 3647 5546 qui
3676 5490 3728 5529 se

2161 5569 2441 5628 Christum
2479 5581 2535 5629 et
2577 5588 2847 5629 summam
2899 5573 3102 5629 excelsi
3147 5571 3244 5628 Dei
3296 5573 3556 5628 virtutem
3616 5584 3725 5626 esse

469 5658 766 5724 taiitatem,
792 5675 857 5717 ac
878 5661 1142 5716 mundum
1177 5659 1339 5715 ﬁnem
1372 5659 1670 5731 aliquando
1699 5668 2053 5730 accepturum
2157 5664 2421 5734 jactabat,
2469 5666 2799 5731 confutaret,
2848 5667 3154 5722 Caesaream
3187 5666 3410 5722 direxit.
3440 5666 3519 5720 Ad
3562 5672 3724 5720 extre-

467 5767 593 5808 esse
645 5754 749 5809 sibi
793 5754 1152 5811 demonstret.
1190 5754 1321 5820 Qua:
1355 5753 1575 5825 quidem
1619 5755 1912 5826 derepente
1945 5755 2050 5813 Pc-

2162 5775 2310 5816 mum
2350 5759 2605 5818 Clemens
2647 5761 2714 5817 de
2757 5761 2844 5817 his
2901 5760 3161 5816 omnibus
3205 5775 3329 5830 qua!
3375 5774 3404 5814 a
3447 5757 3605 5815 Petra
3636 5771 3720 5810 ae-
