3806 6232
139 328 253 386 H73

1131 304 1759 364 BECOGNITIONES.-—-
1794 302 2151 359 PROCEMIA.

3129 299 3267 373 tm

134 442 343 509 ceperat,
391 430 522 485 actis
570 426 787 499 gratiis,
826 425 1061 497 primum
1117 422 1261 476 hunc
1296 420 1493 476 librum
1530 420 1628 475 ab-
1656 434 1703 492 Α
1728 422 2043 474 consuetum
2072 411 2451 483 disputationis
2480 412 2657 467 locum
2699 409 2954 465 accessit.
2983 408 3063 465 lbi
3089 419 3269 464 autem

133 527 281 583 solvit.

182 614 232 667 lu
259 624 474 666 saeuam
513 616 692 661 autem
742 621 902 659 LIBRO
946 610 1131 658 narrat
1176 600 1465 672 quomodo,
1489 604 1628 653 stata

128 699 467 771 disputationis
516 696 663 751 Petri
717 696 982 750 adversus
1032 692 1306 746 Simonem
1351 688 1471 752 die,
1517 687 1630 755 ipse

128 790 390 861 apostolus,
432 788 626 857 primis
665 787 932 857 gallorum
963 784 1211 839 cantibus
1254 796 1285 836 e
1324 781 1463 835 lecto
1506 792 1630 832 sur-

124 896 247 950 gens,
272 886 319 934 et
353 893 521 947 pauca
556 875 806 946 quaedam
846 876 913 930 de
941 875 992 929 vi
1021 870 1425 928 consuetudinis
1455 874 1629 922 matu-

122 972 214 1024 rius
238 968 477 1035 surgendi
506 965 789 1034 praefatus,
824 966 893 1019 ab
916 964 1108 1034 Aquila
1138 970 1191 1017 et
1219 960 1425 1021 Niceta,
1457 972 1629 1027 quon-

121 1058 220 1111 dam
247 1055 473 1110 Simonis
500 1055 806 1124 discipulis,
831 1068 963 1109 tunc
987 1060 1166 1108 autem
1194 1052 1261 1105 ad
1292 1049 1448 1104 ﬁdem
1474 1047 1630 1103 Chri-

119 1148 313 1200 stianam
350 1147 646 1209 conversis,
674 1147 802 1215 quis
826 1146 916 1200 ille
943 1159 1153 1214 magus,
1186 1150 1240 1196 et
1270 1141 1467 1210 quibus
1514 1154 1628 1190 mo-

118 1238 235 1289 ribus
267 1244 312 1290 et
339 1236 539 1289 actibus
555 1246 711 1300 esset,
746 1236 948 1291 certior
976 1234 1092 1288 fieri
1121 1231 1368 1286 voluerit.
1401 1228 1491 1285 Sic
1521 1228 1627 1281 ita-

114 1342 199 1393 que
223 1324 401 1380 Petrus
424 1328 491 1379 ad
517 1327 943 1396 disputationem
973 1325 1292 1383 instructus,
1323 1318 1391 1372 ad
1432 1320 1626 1371 atrium

114 1414 289 1477 domus,
329 1417 381 1467 in
418 1432 518 1483 quo
558 1426 677 1469 erat
717 1415 1002 1470 multitudo
1028 1430 1146 1471 cum
1174 1413 1385 1468 Simone
1415 1428 1626 1481 congre-

112 1512 231 1571 gata,
246 1505 597 1573 progreditur.
622 1505 699 1560 lbi
724 1506 1024 1576 apostolus,
1044 1511 1166 1573 post
1183 1504 1397 1558 brevem
1423 1502 1488 1556 de
1499 1516 1628 1570 pace

113 1610 140 1647 a
169 1582 368 1650 Christo
394 1596 451 1651 in
479 1596 746 1651 mundum
792 1598 952 1651 allata
992 1594 1428 1671 disputationem,
1460 1590 1625 1645 Deum

111 1684 212 1738 emli
235 1694 284 1739 et
309 1693 463 1741 terrae
489 1696 802 1742 creatorem
843 1701 963 1741 esse
993 1685 1210 1739 invictis
1253 1682 1500 1753 probavit
1539 1696 1628 1733 ar-

1729 508 1959 563 salutato
2010 505 2229 575 populo,
2270 512 2324 559 et
2364 502 2551 572 paucis
2579 502 2665 567 de,
2685 500 2873 555 ordine
2903 501 2961 555 in
2999 501 3271 569 discepta-

1727 596 1969 651 tionibus
1992 592 2221 649 tenendo
2245 592 2560 663 praemissis,
2590 591 3043 644 immortalitatem
3083 592 3274 645 anima:

1727 701 1795 739 ex
1842 685 1907 738 iis
1952 699 2071 753 qua:
2113 682 2254 738 Deus
2300 683 2591 751 unicuique
2636 681 2841 735 homini
2880 689 3003 750 post
3047 690 3273 735 mortem

1727 773 2037 832 redditurus
2077 782 2181 837 est,
2214 774 2448 844 primum
2492 772 2902 827 demonstravit.
2938 770 3140 824 Dehinc
3184 767 3270 823 Si-

1726 863 1903 926 moni,
1943 864 2202 917 nonnulla
2250 864 2415 917 variis
2453 862 2676 931 argutiis
2725 870 2914 915 contra
2959 860 3268 929 obiicienti,

1726 952 2013 1007 confestim
2046 953 2323 1023 respondit
2354 954 2512 1007 illum
2530 951 2596 1006 de
2625 952 2729 1007 hac
2771 952 2965 1005 animae
2996 952 3274 1005 immorta-

1727 1044 1875 1096 litate
1900 1059 1964 1096 ex
1988 1044 2133 1111 pueri
2162 1044 2408 1097 violenter
2437 1044 2606 1096 necati
2635 1042 2887 1111 imagine,
2913 1056 3072 1111 quam
3102 1040 3151 1093 in
3190 1042 3273 1094 in-

1727 1133 1913 1187 teriori
1938 1148 2039 1187 suo
2069 1132 2322 1187 cubiculo
2365 1132 2698 1194 asservabat,
2731 1147 2891 1200 posse
2931 1131 3043 1185 fieri
3081 1130 3275 1184 certio-

1727 1238 1860 1280 rem.
1905 1222 1999 1277 His
2033 1222 2192 1277 dictis
2224 1210 2425 1284 Simon,
2472 1221 2790 1275 conscientia
2840 1236 3143 1289 percussus,
3181 1236 3273 1274 ve-

1727 1313 1870 1366 niam
1897 1328 1928 1365 a
1957 1312 2137 1373 Petro,
2180 1328 2338 1382 quem
2380 1312 2522 1365 istud
2555 1310 2870 1380 prophetico
2902 1310 3093 1379 spiritu
3134 1310 3273 1363 didi-

1727 1402 1867 1457 cisse
1910 1402 2191 1467 credebat,
2243 1402 2467 1471 supplex
2498 1401 2762 1470 poposcit.
2805 1398 2909 1455 Sed
2943 1399 3034 1453 ubi
3080 1398 3275 1456 Petrus

1728 1493 1781 1546 id
1814 1493 1879 1546 ab
1908 1493 1977 1548 iis
2004 1494 2097 1563 qui
2137 1508 2261 1547 cum
2292 1508 2356 1547 eo
2386 1493 2631 1545 vixerant
2676 1507 2735 1546 se
2774 1491 3049 1561 accepisse
3094 1492 3272 1561 palam

1726 1581 2003 1651 professus
2024 1582 2235 1646 fuisset,
2273 1589 2405 1636 tunc
2436 1582 2643 1648 Simon,
2677 1581 2759 1635 ira
2798 1582 3056 1650 percitus,
3097 1590 3150 1634 et
3178 1597 3271 1634 va-

1729 1671 1823 1725 riis
1866 1672 2205 1726 contumeliis
2245 1686 2449 1726 vexans
2495 1658 2797 1740 apostolum
2839 1690 2851 1724 :
2886 1668 3159 1736 Fortuntr,
3188 1670 3272 1724 iu-

110 1776 369 1843 gamentis;
413 1786 574 1846 atque
616 1795 813 1834 omnes
847 1777 1079 1835 Simonis
1110 1774 1463 1845 obiectiones,
1498 1786 1621 1826 cum
1657 1761 1699 1819 Β
1724 1760 1859 1827 quit,
1892 1777 1993 1814 non
2022 1763 2255 1816 veritatis
2289 1770 2367 1816 est
2401 1763 2505 1815 ista
2541 1762 2777 1815 victoria.
2807 1759 3001 1815 Petrus
3040 1776 3168 1814 vero
3204 1776 3271 1816 ex

111 1880 162 1917 ex
196 1865 457 1935 Scriptura
483 1883 663 1934 sacra,
687 1876 807 1923 tum
831 1883 894 1924 ex
925 1867 1133 1921 ratione
1160 1865 1355 1935 petitas
1389 1863 1547 1917 diluit
1575 1869 1629 1916 et

112 1955 293 2010 evertit.
338 1955 432 2018 Elis
474 1966 657 2014 autem
707 1959 845 2014 illud
891 1958 1118 2027 adjecit,
1161 1956 1305 2026 quod
1352 1954 1628 2007 immensae

113 2044 225 2099 lucis
244 2049 506 2103 eternitas
528 2064 594 2104 ex
643 2048 767 2120 lege
796 2050 969 2119 possit
995 2047 1224 2104 ostendi.
1250 2045 1405 2100 Tunc
1437 2042 1627 2098 Sit’non

111 2138 319 2203 apostolo
339 2140 617 2208 respondit
646 2157 845 2211 magna
872 2156 992 2196 eum
1015 2138 1274 2209 polliceri,
1312 2134 1627 2207 spopondit-

110 2241 195 2293 que
231 2226 336 2282 fore
375 2238 432 2283 ut
468 2231 516 2286 si
548 2231 638 2286 die
665 2232 907 2286 crastina
941 2238 994 2286 et
1034 2229 1235 2283 factum
1280 2226 1539 2281 mundum
1573 2234 1627 2280 et

113 2316 290 2372 animas
320 2319 650 2378 immortales
692 2338 819 2378 esse
861 2320 1234 2377 demonstrare
1264 2319 1517 2381 voluerit,
1556 2318 1624 2372 ad

112 2406 490 2476 disputationem
548 2414 665 2483 ipse
712 2420 859 2469 esset
906 2427 1243 2467 reversurus.
1290 2410 1387 2466 His
1429 2411 1624 2476 dictis,

115 2494 273 2552 Simon
296 2515 413 2555 eum
441 2505 647 2573 populi,
679 2504 776 2573 qui
821 2517 1001 2558 secum
1039 2508 1278 2564 venerat,
1308 2502 1465 2570 tertia
1508 2510 1627 2554 tan-

115 2592 207 2639 tum
229 2596 367 2657 parte
391 2592 546 2646 abiit:
573 2593 758 2649 caeteri
779 2608 967 2647 omnes
988 2590 1224 2655 Petrum,
1248 2590 1340 2661 qui
1366 2591 1625 2660 plurimos

116 2675 402 2735 mirabiliter
428 2684 661 2746 sanavit,
698 2684 843 2737 ultro
867 2683 1038 2738 secuti
1065 2691 1213 2737 sunt.

171 2765 385 2827 Tantos
411 2788 564 2827 uena
591 2774 886 2830 secundam
910 2782 965 2828 et
989 2774 1198 2827 tertiam
1221 2772 1367 2828 Petri
1394 2787 1515 2826 cum
1541 2770 1626 2824 Si-

116 2868 250 2911 mone
263 2859 711 2931 disceptationem
730 2864 967 2919 exhibet.
994 2860 1097 2918 Sed
1126 2870 1410 2931 antequam
1440 2861 1506 2915 ad
1535 2876 1628 2914 ea-

111 2956 209 2997 mm
223 2948 441 3014 priorem
458 2954 867 3023 aggrederetur.
887 2966 1098 3007 summo
1118 2966 1275 3005 mane
1292 2950 1359 3006 de
1378 2951 1626 3005 maximis

109 3046 262 3091 coram
286 3041 503 3110 confusa
550 3044 734 3113 plebis
761 3043 1105 3098 multitudine
1142 3041 1453 3111 disputandi
1490 3040 1625 3095 ditii-

112 3126 387 3195 cultatibus,
415 3144 469 3189 et
504 3134 571 3191 de
596 3138 784 3190 tribus
812 3133 1167 3190 sanctissima:
1200 3131 1483 3186 Trinitatis
1511 3146 1627 3201 per-

1727 1849 1794 1903 iis
1820 1866 1938 1920 quae
1982 1851 2294 1922 imprudens
2340 1853 2626 1907 confessus
2668 1859 2805 1917 erat,
2856 1852 3006 1905 illum
3046 1866 3266 1919 magum

1727 1954 1845 1994 esse
1875 1940 2031 2010 plane
2077 1942 2328 1997 convicit.
2372 1941 2579 2008 Quibus
2620 1940 2804 1995 Simon
2839 1940 3163 1994 commotior
3190 1940 3271 1992 fa-

1727 2038 1867 2094 ctus,
1912 2022 2154 2101 repetitis
2203 2032 2466 2087 conviciis
2510 2031 2829 2086 seditionem
2873 2030 3075 2084 frustra
3116 2030 3270 2084 exci-

1726 2128 1841 2175 tare
1876 2124 2120 2181 tentavit.
2172 2121 2305 2175 Nam
2352 2121 2420 2176 ab
2466 2128 2677 2175 astante
2739 2119 2894 2190 plebe
2935 2119 3173 2187 ejectus,
3216 2127 3271 2172 et

1726 2209 2012 2266 derelictus
2046 2212 2115 2266 ab
2146 2212 2430 2276 omnibus,
2484 2226 2649 2264 unum
2693 2208 3064 2262 tantummodo
3083 2208 3271 2262 habuit

1727 2314 1836 2354 sua:
1865 2300 2001 2371 fugae
2022 2303 2294 2356 comitem.
2320 2300 2449 2355 Post
2478 2300 2590 2354 haec
2613 2298 2806 2352 Petrus
2844 2298 2995 2351 brevi
3017 2313 3269 2353 sermone

1726 2389 1908 2444 docuit
1934 2398 1987 2444 et
2015 2391 2279 2461 irrogatas
2308 2391 2375 2445 ab
2399 2384 2713 2444 hominibus
2750 2388 2997 2455 injurias,
3036 2395 3089 2440 et
3122 2388 3268 2456 ipsos

1726 2481 2177 2551 pravoshomines
2204 2481 2471 2551 patienter
2501 2494 2621 2534 esse
2646 2476 2976 2532 tolerandos.
3006 2475 3267 2546 Denique,
3291 2529 3295 2533 _

1726 2586 1824 2640 pro
1864 2573 2062 2641 populo
2105 2578 2386 2642 precatus,
2431 2584 2619 2623 omnes
2656 2576 2716 2621 ut
2759 2567 3022 2620 maturius
3059 2567 3145 2620 die
3182 2582 3270 2620 se-

1725 2663 1909 2732 quenti
1939 2662 2309 2728 convenirent,
2344 2661 2641 2715 admonuit.

1794 2751 1886 2807 llle
1920 2768 2048 2807 vero
2088 2760 2213 2806 ante
2244 2752 2417 2806 lucem
2445 2758 2643 2813 ortam,
2686 2758 2741 2803 ut
2779 2748 2977 2802 Nicetze
3019 2747 3269 2817 petitioni

1725 2840 1925 2895 faceret
1972 2842 2135 2910 satis,
2175 2842 2304 2911 quid
2351 2841 2491 2894 inter
2549 2839 2683 2893 falsa
2729 2847 2783 2893 et
2826 2853 2952 2892 vera
3000 2838 3268 2890 miracula

1725 2941 1869 2986 esset
1905 2932 2255 2997 discriminis,
2288 2932 2407 2988 fuse
2453 2931 2706 2987 ostendit.
2752 2928 2935 2983 Primo
2971 2936 3149 2982 autem
3188 2928 3272 2980 di-

1728 3022 1907 3077 luculo
1936 3021 2208 3077 Simonem
2245 3023 2444 3084 navim,
2471 3027 2530 3074 ut
2575 3019 2802 3074 Romam
2850 3024 3087 3089 peteret,
3138 3031 3273 3070 con-

1729 3113 2021 3180 scendisse,
2040 3121 2093 3168 et
2120 3115 2298 3167 omnia
2318 3113 2505 3182 magiae
2529 3127 2639 3166 sua:
2662 3118 2865 3165 secreta
2892 3110 2946 3164 in
2970 3123 3119 3163 mare
3147 3124 3272 3178 pro-

113 3218 238 3273 sonis
275 3223 409 3291 apud
449 3239 582 3280 suos
617 3225 858 3280 breviter
899 3221 1175 3277 disseruit,
1218 3219 1346 3275 οι-ιει
1381 3199 1527 3284 luce;
1571 3221 1626 3276 ίη
1720 3203 1937 3271 iecisse,
1958 3217 2105 3259 certo
2124 3205 2328 3274 accepit
2353 3203 2563 3257 nuntio.
2592 3200 2713 3254 Haec
2745 3200 2940 3270 populo
2961 3199 3072 3268 jam
3088 3208 3274 3252 coacto

114 3309 327 3365 eiusdem
359 3313 630 3372 hesterna
671 3313 1052 3382 disputationis
1084 3312 1260 3366 locum
1288 3328 1356 3367 se
1374 3313 1623 3376 contulit,

113 3396 266 3467 tbitwe
305 3400 485 3459 Simon
549 3414 841 3475 postquam
883 3402 1127 3472 apostolo
1171 3401 1406 3469 magicas
1458 3407 1624 3463 artes,

114 3488 243 3552 queis
268 3499 344 3545 tot
367 3496 692 3564 populorum
744 3492 953 3549 animos
988 3498 1097 3545 tam
1144 3490 1253 3545 cito
1296 3489 1397 3545 sibi
1441 3491 1626 3544 conci-

112 3575 337 3647 liaverat,
351 3583 554 3640 frustra
594 3585 1001 3654 exprobrasset,
1032 3582 1101 3636 ab
1136 3581 1252 3648 ipso
1292 3566 1443 3649 petiit
1474 3587 1535 3634 ut
1572 3581 1628 3634 ti-

111 3664 239 3735 dem,
275 3689 374 3742 qua
397 3674 461 3728 de
493 3675 844 3729 immensitate
890 3672 1021 3726 lucis
1047 3680 1250 3725 aeterna:
1286 3676 1533 3723 acturum
1568 3685 1626 3726 se

106 3769 213 3812 esse
234 3765 574 3829 promiserat,
598 3766 710 3834 jam
738 3764 1006 3823 liberaret,

166 3846 260 3903 Sed
306 3854 373 3907 ad
404 3856 571 3910 aliam
623 3853 970 3924 quaestionem
1022 3850 1280 3905 continuo
1327 3849 1623 3919 digressus,

104 3941 318 4002 postulat
359 3945 430 4000 ab
476 3961 565 4011 eo,
596 3960 717 4000 cum
761 3942 900 3996 Deus
945 3940 1125 4008 fecerit
1170 3941 1377 4004 omnia,
1415 3948 1473 3993 ut
1513 3940 1628 4007 ipse

102 4026 277 4096 aiebat,
307 4034 451 4088 unde
489 4037 573 4090 sit
592 4034 813 4087 malum.
850 4030 1002 4096 Quod
1031 4028 1245 4099 quidem
1282 4044 1403 4082 cum
1434 4028 1626 4084 Petrus

102 4124 270 4174 contra
304 4132 523 4181 rectum
558 4120 1214 4193 disputationisordinem
1243 4120 1506 4188 postulari
1535 4122 1628 4175 de-

96 4215 528 4277 monstravisset,
577 4223 709 4268 tunc
774 4211 960 4265 Simon
1013 4196 1449 4278 unumquemque
1492 4209 1626 4273 lato.

95 4297 217 4351 sicut
246 4302 305 4356 ei.
329 4303 649 4366 decernitur,
695 4300 931 4371 pertrahi
980 4300 1303 4369 quibusdam
1352 4309 1627 4355 rationum

1727 3295 1816 3351 ille
1852 3302 2091 3349 actutum
2131 3295 2364 3358 nuntiat,
2396 3293 2649 3362 additque
2680 3288 3015 3360 se,quamvis
3058 3286 3273 3357 fugien-

1726 3393 1832 3440 tem
1863 3385 2097 3455 llagum,
2140 3401 2208 3440 ne
2253 3385 2531 3439 hominum
2578 3389 2783 3436 mentes
2822 3380 3161 3451 depravaret,
3189 3379 3275 3430 in—

1727 3477 1879 3545 sequi
1926 3483 2237 3545 cogeretur;
2292 3474 2432 3545 apud
2476 3488 2569 3527 eos
2617 3481 2792 3525 tamen
2833 3470 3003 3525 donec
3056 3468 3112 3521 in
3148 3466 3271 3522 ﬁdei

1726 3568 1972 3623 doctrina
2002 3555 2185 3622 essent
2213 3564 2537 3626 eonlirmati,
2563 3568 3021 3615 commoraturum

1795 3657 1897 3713 Per
1937 3658 2039 3712 hoc
2081 3658 2262 3726 itaque
2291 3654 2549 3724 temporis
2600 3659 2856 3720 spatium,
2888 3662 3166 3702 sermones
3202 3647 3273 3700 ad

1729 3763 1819 3802 eos
1859 3746 2239 3810 consolandos,
2267 3752 2321 3799 et
2366 3743 2486 3797 ﬁdei
2525 3741 2766 3796 doctrina
2810 3752 3127 3806 morumque
3156 3738 3274 3807 pis-

1728 3847 1833 3894 tate
1863 3837 2199 3901 imbuendos,
2241 3835 2469 3904 singulis
2499 3831 2801 3901 quibusque
2831 3827 3020 3881 diebus
3048 3828 3270 3891 habuit;

1727 3932 2007 3987 Z‘acliteum
2046 3921 2379 3997 episcopum,
2414 3922 2694 3976 duodecim
2736 3919 3099 3988 presbyteros,
3139 3932 3274 3987 qua-

1727 4028 1956 4088 tuorque
2006 4019 2207 4070 creavit
2265 4016 2557 4079 diaconos;
2614 4009 2894 4064 duodecim
2947 4008 3111 4062 sociis
3157 4008 3272 4062 suis

1728 4120 1838 4166 tres
1867 4107 2002 4162 alios
2029 4104 2300 4175 adiunxit;
2333 4112 2493 4173 atque
2516 4117 2581 4155 ex
2613 4101 2678 4155 iis
2705 4097 2957 4154 omnibus
2985 4096 3273 4151 duodecim

1729 4203 1795 4257 ad
1842 4195 2232 4269 praedicandam
2278 4194 2479 4250 Christi
2529 4192 2715 4254 fidem,
2763 4188 3145 4258 Simonemque
3180 4188 3275 4241 de-

1730 4291 2032 4350 bellandum
2064 4288 2348 4369 prazmisit,
2376 4302 2439 4339 ac
2475 4298 2637 4352 supra
2669 4280 2949 4336 duodecim
2995 4280 3271 4335 hominum

92 4394 383 4447 momentis.
416 4397 653 4464 probare
696 4368 848 4450 nisus
883 4368 1005 4445 est.
1031 4391 1231 4445 Contra
1272 4405 1399 4445 vero
1429 4389 1625 4446 Petrus
1658 4387 1701 4440 D
1730 4382 1897 4438 millia
1948 4368 2129 4434 sacris
2171 4374 2504 4447 regeneravit
2548 4370 2801 4442 baptismi
2847 4371 3026 4464 aquis.
3072 4368 3272 4464 Tribus

92 4474 321 4537 liberum
342 4481 899 4539 hominisarhitrium
936 4479 1253 4533 certissimis
1295 4482 1629 4549 argumentis

91 4571 330 4627 asseruit.
359 4572 493 4629 Post
523 4575 635 4628 haec
664 4573 732 4625 ab
765 4572 880 4639 ipso
911 4569 1095 4621 Simon
1131 4568 1397 4636 quaesivit,
1427 4569 1474 4623 si
1518 4569 1635 4622 visi-

92 4656 182 4711 bile
205 4662 346 4714 istud
375 4666 564 4719 calum
590 4662 887 4721 resolvetur,
913 4675 1005 4712 cur
1032 4660 1095 4710 ab
1122 4659 1273 4710 initio
1301 4659 1498 4725 factum
1533 4669 1631 4714 est.

92 4746 149 4801 Et
198 4766 393 4809 rursus
422 4755 496 4809 ab
541 4754 729 4810 eodem
772 4750 932 4820 paulo
976 4756 1099 4816 post
1144 4749 1350 4817 rogavit
1397 4764 1496 4802 cur
1544 4750 1633 4803 ille

94 4834 464 4911 Deum,quetn
494 4842 773 4911 Scriptura
803 4837 1008 4894 anullo
1038 4835 1207 4891 videri
1238 4852 1395 4904 posse
1420 4838 1569 4903 dicit,
1602 4854 1629 4891 a

88 4925 462 4993 justistamen
502 4942 620 5004 post
658 4945 845 4987 eorum
892 4935 1168 4993 mortem,
1199 4928 1484 4984 videndum
1517 4927 1633 4983 fore

91 5017 395 5078 allirmaret.
432 5021 814 5089 Quibusclare
840 5034 871 5072 a
900 5016 1060 5072 Petro
1101 5017 1404 5086 explicatis,
1436 5019 1631 5072 iterum

93 5109 217 5172 petit
261 5109 465 5182 Magne
507 5124 684 5167 utrum
735 5106 1063 5163 immortalis
1093 5107 1460 5162 essetanima.
1502 5106 1628 5171 Sed,

95 5194 250 5264 hujus
290 5204 611 5271 quaestionis
652 5198 899 5256 examine
939 5196 991 5248 in
1034 5196 1177 5249 diem
1226 5198 1519 5252 crastinum
1551 5196 1632 5249 di-

96 5284 216 5356 lato,
244 5297 480 5363 populus
518 5289 746 5363 proiecit
769 5304 827 5344 se
861 5285 926 5340 ad
952 5286 1117 5354 pedes
1144 5285 1310 5350 Petri,
1334 5286 1634 5377 qui‘plures

96 5392 212 5433 cum
238 5394 491 5452 aegrotos,
523 5391 641 5435 tum
679 5378 932 5433 obsessos
970 5390 1000 5428 a
1033 5375 1294 5440 daemone,
1321 5375 1503 5445 .san'os
1546 5391 1633 5429 re-

99 5469 236 5524 misit
255 5482 310 5526 et
343 5473 671 5527 incolumes.

168 5558 419 5629 Sequenti
461 5560 627 5627 igitur
667 5556 776 5626 die,
816 5570 938 5607 enim
984 5552 1180 5609 Petrus
1219 5570 1282 5607 ea
1308 5571 1427 5628 qua:
1464 5553 1635 5625 pridie

102 5644 356 5719 disputata
407 5651 653 5718 fuerant,
706 5645 992 5701 comitibus
1044 5645 1158 5702 suis
1208 5646 1516 5711 recitasset,
1568 5642 1635 5697 ad

1731 4475 1946 4529 demum
1978 4470 2177 4538 elapsis
2216 4466 2514 4531 mensibus,
2556 4462 2836 4527 Clemens,
2877 4458 3064 4515 eodem
3110 4456 3272 4512 Petro

1726 4564 1965 4633 jubente,
2002 4573 2281 4615 sermones
2325 4572 2463 4626 quos
2494 4554 2560 4609 ab
2595 4568 2660 4606 eo
2702 4551 3058 4605 concionante
3091 4546 3273 4603 Casa-

1730 4668 1835 4709 reae
1882 4656 2211 4718 exceperat,
2238 4647 2423 4702 decem
2473 4643 2677 4712 redegit
2722 4642 2776 4695 in
2826 4641 3022 4704 libros,
3070 4654 3273 4709 eosque

1732 4742 1878 4797 misit
1905 4740 1972 4794 ad
2009 4738 2289 4794 Iacobum.
2322 4735 2515 4790 Petrus
2538 4747 2668 4787 vero
2697 4730 2977 4798 Tripolim,
3023 4729 3114 4783 ubi
3155 4728 3270 4783 hie-

1732 4841 1921 4896 maret,
1954 4830 2224 4901 profectus
2252 4835 2356 4883 est.

1801 4923 2006 4991 QUARTI
2062 4934 2203 4973 unm
2255 4916 2412 4971 initio
2460 4920 2647 4970 narrat
2689 4910 2830 4965 idem
2865 4908 3115 4963 Clemens
3160 4922 3269 4976 quo

1732 5015 1922 5070 itinere
1968 5010 2160 5063 Petrus
2207 5006 2467 5075 Tripolim
2500 5002 2726 5068 venerit,
2751 5017 2909 5071 quos,
2956 5001 3011 5053 in
3043 4998 3271 5053 urbibus

1733 5120 1827 5174 per
1855 5116 1989 5171 quas
2014 5096 2282 5159 transivit,
2319 5093 2600 5148 adduxerit
2628 5092 2693 5146 ad
2723 5090 2925 5144 Christi
2953 5089 3130 5151 fidem,
3162 5104 3269 5158 qua

1734 5194 1962 5261 denique
1992 5202 2183 5258 pompa
2205 5184 2406 5252 Tripoli
2436 5190 2693 5250 exceptus
2732 5180 2821 5234 sit.
2845 5179 3119 5244 lbi,altera
3147 5188 3270 5247 post

1733 5283 2016 5340 adventum
2063 5290 2218 5330 suum
2269 5274 2374 5335 die,
2400 5271 2611 5332 Petrus,
2656 5270 2970 5339 praemissis.
3008 5269 3087 5324 uti
3126 5269 3270 5324 dixi-

1736 5389 1875 5435 mus,
1908 5368 2071 5425 sociis
2099 5366 2231 5424 suis,
2257 5376 2592 5431 quaaeunque
2616 5366 2938 5428 posteorum
2968 5358 3271 5413 discessum

1734 5468 1935 5532 egerat,
1955 5465 2077 5511 ante
2104 5455 2275 5507 lucem
2298 5459 2471 5504 ortam
2499 5449 2702 5509 retulit,
2725 5447 2793 5499 ab
2812 5448 2987 5518 iisque
3011 5462 3072 5503 ea
3091 5446 3272 5499 omnia

1735 5551 1920 5605 didicit
1939 5562 2056 5620 qum
2076 5560 2105 5597 a
2129 5542 2345 5596 Simone
2360 5539 2560 5609 Tripoli
2582 5538 2794 5590 fuerant
2817 5546 3050 5606 patrata.
3094 5536 3271 5590 Prima

1737 5652 1911 5698 autem
1956 5641 2090 5703 luce,
2134 5631 2411 5690 nuntiatur
2450 5631 2608 5686 Petro
2643 5627 2892 5683 eumdem
2942 5629 3172 5700 Magum,
3205 5623 3272 5677 do
