3872 6344
503 310 644 381 ητα

1327 317 1384 375 S.
1418 316 1815 375 CLEMENTIS
1849 317 1868 372 i
1903 317 2069 375 ROM.
2108 316 2315 376 PONT.
2350 315 2581 374 OPERA
2616 314 2847 374 DUBIA.

3644 315 3781 371 »1176

501 442 738 497 adventu
789 436 910 509 ejus
958 436 1250 494 certiorem
1299 435 1542 501 factum,
1590 435 1647 491 in
1695 434 1914 509 Syriam
1970 444 2092 493 ten-
2119 439 2168 502 Α
2197 437 2346 494 bere.
2394 434 2526 492 illos
2567 444 2751 491 autem
2795 435 2891 506 qui
2940 432 3049 489 hoc
3098 433 3544 505 regenerationis
3592 449 3779 488 sacra-

500 534 716 591 dentem
760 530 1072 603 aufugisse;
1113 537 1170 585 et
1207 529 1473 601 populum
1518 528 1862 602 frequentem
1892 530 1961 584 ad
2003 529 2091 601 ja-

498 644 686 692 nuam,
722 634 782 682 ut
826 639 1108 683 sermones
1152 622 1275 693 ejus
1320 622 1573 687 audiret,
1613 622 1719 694 ipsi
1766 622 2091 680 avidissime

499 718 826 794 praestolari.

567 812 936 883 Quamobrem
988 817 1367 882 Opportunum
1410 810 1502 866 ille
1542 809 1962 875 nactuslocum,
1997 816 2086 863 at-

495 920 603 979 que
633 922 698 963 es
737 904 807 960 iis
853 918 993 975 quos
1035 904 1105 958 ab
1157 903 1415 974 corporis
1458 892 1882 975 aegritudinihus
1923 903 2010 957 vel
2056 917 2089 957 a

494 997 759 1055 damonis
800 996 1157 1069 possessione
1183 994 1536 1063 liberaverat,
1566 1000 1952 1066 argumentum
1983 992 2088 1049 du-

493 1106 647 1155 cens,
679 1088 906 1163 planum
938 1088 1199 1144 omnibus
1238 1086 1368 1144 fecit
1398 1088 1790 1159 aegrotationes
1831 1088 2086 1147 morbos-

493 1200 599 1256 que
639 1182 947 1248 hominum,
983 1182 1183 1238 iisdem
1227 1182 1433 1255 quibus
1458 1197 1494 1236 a
1521 1198 1655 1238 vero
1684 1180 1781 1239 Dei
1821 1184 1973 1239 cultu
2002 1199 2089 1240 re-

491 1282 795 1340 cesserant,
832 1274 901 1330 ad
929 1290 1027 1332 eos
1053 1275 1359 1331 accessisse
1396 1274 1699 1355 gradibus;
1743 1291 1810 1331 ac
1857 1275 2087 1332 tandem

491 1387 559 1426 eo
589 1370 743 1426 cultu
781 1370 1003 1442 penitus
1037 1368 1323 1437 derelicto,
1362 1376 1528 1439 atque
1556 1367 1892 1434 idololatria,
1924 1369 2088 1439 cujus

492 1461 654 1519 sicuti
686 1469 743 1518 et
770 1461 962 1534 magia
991 1462 1261 1534 originem
1287 1461 1502 1532 pandit,
1538 1460 1873 1530 introducta,
1900 1461 2087 1517 datam

491 1554 837 1611 daemonibus
881 1555 1095 1609 animas
1134 1569 1328 1610 eorum
1372 1553 1692 1625 possidendi
1744 1553 2082 1611 facultatem.

493 1644 739 1703 Subinde
768 1662 830 1704 se
858 1662 1105 1718 suosque
1140 1644 1211 1702 ad
1255 1660 1448 1702 verum
1492 1646 1696 1703 summi
1728 1644 1825 1701 Dei
1873 1646 2084 1702 cultum

492 1739 896 1797 restituendum
936 1739 1143 1795 missos
1175 1754 1298 1795 esse
1328 1739 1447 1796 suis
1480 1739 1831 1795 annhntiavit
1867 1740 2083 1796 audito-

492 1833 669 1898 ribus,
704 1832 953 1904 ipsisque
990 1830 1125 1905 quid
1161 1832 1309 1887 inter
1340 1830 1510 1887 falsas
1542 1845 1816 1901 verasque
1842 1830 2080 1902 prophe-

492 1924 599 1981 tias
644 1932 701 1981 et
738 1924 1003 1989 visiones,
1051 1925 1199 1981 inter
1240 1924 1758 1980 sanationem‘vero
1800 1930 1898 1978 aut
1939 1922 2082 1979 falso

489 2017 763 2075 miraculo
811 2018 1089 2074 redditam
1126 2017 1348 2074 intersit
1387 2015 1763 2081 discriminis,
1798 2015 2078 2087 patefecit.

491 2111 738 2185 Denique
768 2112 893 2168 illos
927 2111 998 2167 ad
1027 2126 1216 2168 veram
1260 2110 1587 2183 religionem
1624 2107 2080 2180 amplexandam',

489 2205 755 2277 apostolis
784 2204 989 2261 Christi
1019 2203 1323 2277 gerendum
1353 2216 1585 2265 morem.
1624 2200 1912 2272 vitamque
1944 2216 2083 2273 pure

488 2306 543 2353 et
582 2298 838 2370 religiose
884 2295 1308 2362 instituendam,
1342 2294 1704 2359 adhortatus,
1752 2300 1813 2348 ut
1855 2292 1946 2350 die
1993 2309 2082 2351 se-

488 2391 677 2462 quenti
708 2388 777 2445 ad
808 2387 1062 2446 eumdem
1092 2389 1276 2445 locum
1318 2387 1593 2443 maturius
1636 2402 1697 2443 se
1725 2388 2078 2456 conferrent,

488 2482 793 2541 admonuit.

558 2575 762 2633 Exorta
808 2576 978 2649 igitur
1018 2575 1139 2643 die,
1186 2574 1333 2631 idem
1369 2574 1487 2647 ipse
1525 2573 1746 2641 Petrus,
1792 2576 2080 2648 praemissa

488 2670 710 2744 trientali
737 2670 1001 2735 oratione,
1034 2668 1201 2723 aliam
1240 2683 1364 2740 qua:
1414 2682 1575 2725 uano
1608 2682 1813 2733 QUINTO
1856 2649 2082 2725 exhibe;

487 2772 600 2831 tur,
630 2760 700 2818 ad
730 2760 995 2835 populum
1040 2759 1236 2816 habuit
1273 2761 1621 2817 concionem.
1665 2760 1725 2815 ln
1763 2776 1829 2815 ea
1856 2761 1929 2816 ob
1960 2775 2081 2817 om-

487 2856 640 2913 nium
688 2856 883 2911 oculos
941 2853 1098 2925 ponit
1142 2853 1462 2920 hominem,
1512 2856 1583 2911 ad
1641 2855 1940 2928 imaginem
1980 2855 2080 2913 Dei

488 2952 715 3015 factum,
754 2948 949 3004 tandiu
994 2948 1055 3003 in
1091 2963 1185 3004 res
1225 2955 1480 3003 terrenas
1522 2946 1787 3003 habuisse
1827 2948 2081 3004 domina-

485 3048 624 3107 tum,
665 3040 913 3111 quandiu
944 3039 1065 3111 ipse
1101 3039 1333 3111 iustitia:
1375 3040 1592 3111 legibus
1640 3040 2076 3111 obtemperavit;

2189 536 2381 585 mento
2412 529 2613 584 initiati
2647 534 2829 593 erant,
2858 525 3312 592 commonefecit,
3347 527 3487 598 ipsis
3534 543 3649 582 non
3693 543 3779 582 so-

2192 620 2303 675 lum
2339 621 2524 676 omnia
2552 636 2722 692 opera
2750 619 2895 675 bona
2925 634 3050 689 quae
3081 619 3355 674 hactenus
3380 627 3616 690 egerant
3644 634 3778 674 coa-

2189 714 2347 769 tinuo
2366 727 2492 769 esse
2523 712 2795 778 facienda,
2820 712 2919 771 sed
2948 712 3018 769 ad
3047 712 3400 768 sublimiores
3434 712 3777 782 perfectioris

2188 806 2408 861 virtutis
2443 806 2646 877 gradus
2689 822 2909 878 semper
2933 820 3061 862 esse
3100 804 3537 861 ascendentium.
3572 803 3781 861 Hcce!

2188 903 2270 958 his
2316 901 2550 963 similia.
2584 900 2763 971 inquit
2794 899 3075 962 Clemens,
3119 912 3241 952 cunt
3280 898 3511 950 dixisset
3562 894 3777 959 Petrus,

2187 993 2391 1049 dimisit
2419 992 2625 1049 turbas.
2650 990 2754 1047 Per
2775 999 2891 1048 tres
2912 997 3105 1046 autem
3120 989 3369 1061 integros
3390 1002 3619 1044 nienses
3640 990 3778 1059 apud

2186 1086 2583 1159 Tripolitanos,
2620 1099 2856 1157 quorum
2900 1083 3170 1155 plurimos
3205 1081 3437 1137 adduxit
3476 1080 3547 1135 ad
3588 1079 3776 1147 tidem,

2184 1180 2377 1237 eodem
2420 1178 2586 1235 modo
2614 1177 2980 1234 concionatus
3002 1182 3107 1231 est.
3149 1172 3284 1229 Post
3315 1175 3455 1237 hac,
3498 1171 3778 1227 Clemente

2185 1274 2418 1344 aliisque
2450 1271 2705 1343 pluribus
2734 1284 2895 1327 sacro
2923 1268 3257 1341 baptismate
3304 1266 3537 1327 ahlutis,
3570 1264 3777 1335 Tripoli

2186 1366 2466 1423 Maronem
2506 1365 2851 1436 episcopum,
2885 1369 2941 1419 et
2967 1360 3260 1417 duodecim
3298 1360 3683 1431 presbyteros,
3714 1373 3775 1414 ac

2184 1460 2452 1531 quosdam
2466 1458 2729 1515 diaconos
2742 1455 2970 1522 creavit,
2992 1464 3156 1525 atque
3166 1484 3187 1520 ,η
3207 1452 3339 1510 inde
3355 1452 3589 1508 tandem
3603 1467 3779 1521 egres-

2184 1568 2303 1617 sus,
2328 1552 2481 1607 venit
2503 1550 2879 1606 Antiochiam.

2255 1643 2482 1701 δεντωι
2518 1659 2664 1699 metu
2708 1641 2868 1697 initio
2898 1648 3162 1696 narratur
3198 1644 3457 1702 petrum,
3492 1651 3623 1694 cum
3651 1632 3775 1691 'l'ri-

2185 1738 2294 1811 poli
2340 1736 2681 1794 Antaradum
2730 1735 3087 1799 accessisset,
3133 1734 3318 1790 socios
3344 1746 3506 1794 suos,
3542 1745 3773 1801 quorum

2184 1832 2363 1904 major
2400 1836 2653 1889 creverat
2694 1843 2986 1894 numerus,
3041 1827 3204 1889 duas,
3249 1839 3377 1897 qua
3424 1824 3616 1895 ipsum
3649 1838 3774 1893 pr:-

2184 1925 2467 1992 cederent,
2498 1923 2758 1979 divisisse
2799 1922 2855 1977 in
2885 1929 3130 1987 turmas;
3162 1928 3328 1991 atque
3358 1921 3457 1975 uni
3505 1917 3767 1981 Nicetam,

2184 2015 2439 2089 Aquilam
2480 2016 2642 2072 alteri
2692 2013 3028 2087 praefecisse.
3069 2013 3328 2068 Clemens
3363 2026 3534 2075 vero,
3578 2010 3773 2082 gratiis

2182 2107 2368 2177 Petro,
2412 2111 2544 2183 quia
2586 2123 2713 2166 eum
2755 2106 2902 2178 apud
2946 2120 3009 2165 se
3062 2107 3407 2171 retinuerat,
3449 2104 3625 2167 actis,
3672 2102 3773 2172 ipsi

2183 2206 2437 2274 poscenti
2478 2200 2760 2274 quomodo
2804 2209 3038 2272 patrem,
3068 2210 3123 2256 et
3153 2208 3414 2263 matrem,
3460 2212 3531 2253 ac
3580 2195 3774 2251 fratrea

2183 2295 2490 2361 amisisset,
2540 2294 2835 2352 confestim
2882 2293 3205 2349 declaravit.
3242 2291 3343 2347 Die
3381 2288 3779 2360 subsequenti,

2181 2388 2376 2445 Petrus
2424 2389 2479 2444 in
2510 2389 2768 2445 insulam
2798 2387 3065 2451 Aradum,
3124 2387 3301 2441 viteas
3330 2386 3624 2441 immensa:
3662 2396 3770 2434 nta—

2180 2482 2486 2555 gnitudinis
2532 2483 2821 2538 columnas
2877 2478 3100 2536 videndi
3151 2479 3352 2551 gratia,
3388 2491 3455 2534 se
3506 2478 3768 2541 contulit,

2181 2574 2365 2646 ibique
2407 2574 2663 2631 Clemens
2710 2574 2933 2647 agnovit
2959 2581 3192 2627 matrem
3229 2585 3387 2628 suam
3450 2567 3769 2623 Iathidiam

2182 2667 2312 2723 illuc
2360 2667 2651 2739 naufragio
2695 2667 3010 2739 expulsam,
3061 2672 3228 2735 atque
3275 2661 3650 2734 eleemosynis
3692 2661 3771 2716 vi-

2179 2768 2331 2815 etum
2379 2770 2739 2832 quaarentem.
2784 2758 2881 2816 llla
2911 2774 3045 2815 vero
3086 2773 3212 2814 cum
3252 2770 3432 2813 uxore
3471 2754 3630 2812 Petri
3669 2768 3771 2811 ω-

2181 2853 2423 2925 terisque
2454 2853 2713 2909 omnibus
2743 2851 3069 2909 Laodiceam
3107 2850 3349 2914 ducitur,
3380 2864 3496 2921 qua
3541 2849 3600 2904 in
3641 2848 3767 2904 urbe

2179 2961 2211 3001 a
2240 2947 2456 3004 duobus
2502 2948 2626 3004 aliis
2670 2945 2797 3003 filiis
2848 2947 2991 3010 suis,
3040 2945 3373 3017 quibuscum
3421 2942 3767 3015 naufragium

2180 3040 2409 3107 fecerat,
2452 3040 2639 3113 agnita
2681 3040 2903 3112 quoque
2931 3047 3037 3096 est.
3080 3037 3144 3093 Hi
3184 3044 3369 3092 autem
3406 3045 3771 3091 narraverunt-

488 3134 583 3191 ubi
609 3148 743 3189 vero
770 3133 840 3189 ab
866 3132 937 3189 iis
967 3131 1250 3199 discessit,
1280 3134 1543 3189 continuo
1575 3130 1878 3203 fragilitati,
1908 3131 2076 3189 animi
2105 3162 2147 3220 ο
2182 3150 2243 3192 se
2286 3146 2411 3206 post
2456 3134 2805 3207 naufragium
2843 3134 3151 3189 Casaream
3195 3129 3435 3192 delatos,
3466 3135 3528 3183 et
3557 3127 3771 3183 cuidam

488 3227 1020 3300 perturbationibus,
1058 3225 1492 3291 tentationibus,
1536 3225 1922 3281 vexationibus
1964 3223 2076 3281 daa-

486 3336 748 3385 monum,
799 3319 1154 3391 miseriisque
1202 3317 1460 3374 omnibus
1519 3316 1821 3372 obnoxium
1870 3315 2076 3372 factum

484 3429 628 3471 esse.
651 3411 837 3469 Monet
864 3420 1051 3468 tamen
1080 3426 1252 3484 parvo
1277 3411 1401 3467 fidei
1431 3424 1604 3483 grano
1634 3410 1860 3468 morbos
1883 3424 2076 3466 omnes

485 3524 648 3580 posse
676 3507 884 3564 sanari.
918 3504 1073 3561 Hanc
1108 3506 1278 3577 igitur
1316 3503 1478 3562 iidem
1505 3504 1577 3559 ab
1612 3504 1874 3560 omnibus
1906 3504 2079 3560 susci-

485 3599 740 3668 piendam
774 3615 901 3656 esse
930 3598 1235 3662 concludit,
1276 3605 1333 3652 et
1364 3611 1496 3651 vero
1533 3594 1840 3666 Propheta.
1874 3609 2075 3667 quem,

483 3694 644 3749 sicuti
679 3695 1108 3765 praenuntiatum
1155 3691 1364 3753 fuerat,
1401 3690 1516 3761 jam
1550 3689 1879 3746 adventasse
1906 3704 2077 3746 nove-

484 3793 641 3849 rant,
684 3784 849 3840 unice
904 3783 1280 3841 serviendum.
1332 3781 1546 3839 Deinde
1593 3783 1758 3840 docet
1810 3799 1922 3840 non
1974 3800 2077 3840 au-

481 3877 715 3933 diendas
753 3893 899 3943 esse,
937 3894 1078 3951 quas
1110 3876 1200 3933 ille
1250 3877 1570 3949 singulatim
1607 3886 1897 3942 recenset,
1944 3893 2078 3952 sug-

480 3981 665 4045 gestas
702 3986 733 4025 a
772 3956 1023 4027 daemone
1054 3970 1409 4027 tentationes.
1458 3968 1715 4026 Dimissis
1759 3986 1926 4041 porro
1955 3986 2077 4027 om-

481 4062 668 4129 nibus,
701 4061 770 4118 ad
807 4078 907 4119 sua
941 4062 1058 4134 ipse
1091 4062 1406 4127 revertitur,
1448 4062 1542 4118 ubi
1575 4062 1746 4119 sociis
1779 4064 1899 4120 suis
1939 4080 2076 4120 con-

480 4156 628 4212 cedit
654 4156 1023 4228 quodcunque
1051 4155 1327 4221 libuisset,
1361 4155 1683 4211 sciscitandi
1729 4156 2071 4224 facultatem,

480 4258 535 4306 et
560 4250 825 4305 Continuo
844 4247 912 4303 ad
940 4248 1157 4320 singula
1190 4264 1423 4320 quaeque
1450 4247 1737 4319 respondit
1766 4265 1957 4305 eorum
1989 4249 2076 4304 in-

482 4349 781 4412 terrogata.
802 4342 1058 4399 Clemens
1082 4356 1214 4397 vero
1248 4352 1449 4397 cuncta
1474 4356 1597 4413 qua:
1631 4342 1700 4395 ab
1728 4358 1795 4397 eo
1828 4358 2075 4412 pronun-

481 4434 614 4490 tiata
645 4434 883 4499 fuerant,
914 4434 973 4489 in
1011 4433 1235 4501 librum,
1276 4449 1439 4507 quem
1469 4434 1620 4490 misit
1658 4432 1727 4489 ad
1775 4432 2070 4503 Jacobunt,

482 4528 901 4585 accuratissime
927 4527 1162 4600 redegit.

554 4618 772 4677 Ssxvus
824 4634 983 4674 LIBER
1032 4620 1196 4675 aliam
1256 4637 1476 4693 quoque
1531 4621 1682 4679 Petri
1748 4623 2072 4679 concionem

481 4711 744 4768 continet.
772 4710 823 4769 ls
852 4728 980 4768 cum
1008 4713 1225 4768 tardius
1266 4714 1432 4769 solito
1478 4715 1551 4771 ob
1598 4723 1845 4771 noctium
1900 4715 2076 4772 brevi-

480 4811 650 4859 tatem
693 4808 1050 4870 surrexisset,
1090 4804 1160 4861 ad
1190 4815 1520 4862 consuetum
1569 4808 1859 4865 concionis
1888 4809 2071 4864 locum

480 4899 739 4967 perrexit.
766 4898 947 4970 Atque
993 4898 1069 4953 ibi
1119 4900 1298 4970 primo
1349 4900 1617 4971 explicuit
1652 4901 1929 4973 quomodo
1972 4901 2074 4956 ho-

478 4992 659 5047 mines
688 4993 904 5063 possint
933 4991 1103 5049 falsas
1140 4993 1431 5064 opiniones
1461 4992 1762 5065 deponere,
1801 5002 1857 5049 et
1886 4995 1943 5049 in
1974 5010 2070 5050 ve-

476 5085 660 5141 ritatis
701 5086 926 5157 verique
956 5084 1054 5141 Dei
1084 5086 1373 5158 pervenire
1402 5087 1682 5143 notitiam.
1716 5087 2069 5142 Manifestum

475 5175 679 5233 deinde
738 5178 870 5233 fecit
914 5177 1040 5233 illos
1087 5176 1234 5233 haud
1290 5177 1585 5234 difficulter
1630 5180 1776 5234 scire
1820 5179 2071 5251 potuisse

476 5284 588 5324 non
632 5271 853 5342 quidem
894 5270 1022 5343 quid
1065 5271 1137 5326 sit
1184 5270 1347 5337 Deus,
1395 5274 1485 5327 sed
1529 5274 1668 5346 quod
1714 5292 1819 5329 non
1863 5276 1961 5343 sit,
2005 5291 2071 5331 ac

476 5362 711 5433 proinde
757 5365 910 5420 illum
959 5365 1015 5419 in
1066 5364 1265 5431 idolis,
1301 5366 1541 5421 humana
1594 5377 1713 5423 arte
1756 5367 2066 5432 fabricatis,

475 5471 588 5511 non
653 5457 881 5515 includi.
932 5458 1003 5513 At
1052 5476 1183 5515 vero
1237 5464 1366 5532 quia
1428 5463 1609 5517 omnia
1664 5463 1950 5533 gignuntur
2005 5478 2071 5518 ex

474 5565 637 5635 aqua.
668 5567 784 5622 qua:
821 5562 1002 5607 creata
1042 5563 1121 5609 est
1149 5556 1214 5607 ab
1260 5555 1411 5609 initio
1447 5571 1540 5625 per
1586 5554 1942 5628 Unigenitum,
1976 5573 2071 5626 per

474 5658 629 5706 quem
665 5646 963 5714 pervenitur
998 5648 1067 5701 ad
1112 5647 1353 5716 Patrem,
1395 5649 1593 5707 exinde
1625 5650 1811 5705 intulit
1855 5651 2067 5722 genita-

474 5734 620 5822 libus
656 5737 949 5809 baptismi,
991 5740 1152 5808 cujus
1203 5746 1594 5799 necessitatem
1661 5746 2067 5816 utilitatemque

473 5828 857 5891 demonstrarc
908 5840 1142 5891 conatus
1188 5843 1305 5903 est,
1351 5851 1453 5893 nos
1494 5837 1654 5908 aquis
1697 5837 1911 5894 renasci
1962 5837 2062 5893 de-

2181 3226 2379 3294 viduaa,
2410 3228 2501 3283 cui
2543 3243 2742 3283 nomen
2784 3224 2957 3281 Justm
2986 3232 3137 3289 erat,
3180 3222 3454 3289 venditos,
3501 3220 3627 3290 ejus
3674 3236 3765 3292 po-

2180 3327 2298 3375 stea
2327 3335 2461 3376 cura
2493 3321 2698 3377 litteris
2727 3327 2780 3377 et
2813 3318 3174 3390 philosophia:
3197 3330 3323 3373 cum
3356 3313 3593 3369 Simone
3619 3314 3765 3385 Mago

2179 3429 2405 3485 operam
2453 3414 2695 3483 dedisse,
2727 3414 2988 3484 illiusque
3035 3410 3317 3467 imbibisse
3360 3408 3756 3475 errores;sed,

2180 3505 2397 3562 Zachzei
2424 3523 2549 3579 ope,
2582 3507 2688 3563 fide
2714 3506 2921 3562 Christi
2949 3513 3231 3576 suscepta,
3254 3518 3316 3558 se
3352 3500 3522 3557 Petro
3550 3501 3757 3556 tandem

2179 3599 2353 3656 fuisse
2388 3601 2624 3657 oblatos.
2663 3598 2877 3667 Quibus
2926 3597 3150 3661 auditis,
3195 3596 3396 3652 Petrus
3428 3593 3755 3657 Mathidiam,

2178 3694 2435 3765 baptismi
2492 3694 2669 3766 gratia
2715 3692 2908 3748 donari
2966 3692 3339 3763 postulantem
3356 3718 3379 3754 ,-
3430 3697 3561 3760 post
3610 3689 3754 3742 unius

2177 3786 2286 3843 diei
2311 3787 2585 3858 jejunium
2612 3800 2677 3843 eo
2708 3784 3143 3858 regenerationis
3163 3788 3519 3839 sacramento
3546 3797 3605 3837 tn
3632 3778 3752 3835 mari

2178 3881 2439 3937 initiavit.

2251 3972 2347 4030 Die
2378 3973 2760 4046 subsequenti,
2790 3982 2851 4029 ut
2883 3974 2941 4029 in
2968 3987 3129 4028 uano
3164 3984 3378 4027 ocuvo
3412 3975 3614 4023 auctor
3637 3982 3750 4023 nar-

2177 4074 2296 4131 rat,
2340 4063 2561 4131 Petrus,
2611 4066 2894 4123 Clemente
2946 4066 3275 4136 du'ohusque
3325 4063 3455 4120 aliis
3504 4062 3753 4119 fratribus

2177 4161 2295 4217 suis
2325 4160 2645 4223 comitibus.
2677 4158 2822 4214 lavat
2863 4160 2919 4214 in
2964 4158 3137 4224 mari,
3183 4166 3350 4229 atque
3395 4157 3453 4211 in
3492 4165 3752 4212 secretum

2176 4253 2357 4307 locum
2398 4252 2467 4308 ad
2518 4252 2827 4308 orationem
2874 4251 3102 4307 secedit.
3149 4248 3279 4304 Inde
3332 4248 3415 4304 illi
3461 4248 3753 4322 egredienti

2176 4345 2419 4400 occurrit
2446 4360 2616 4401 senes
2645 4344 2867 4415 quidam
2904 4360 3134 4416 pauper,
3157 4360 3223 4398 τι
3250 4344 3435 4399 habita
3470 4343 3754 4413 operarius,

2178 4439 2273 4508 qui
2315 4454 2510 4509 preces
2549 4437 2618 4493 ad
2664 4437 2835 4494 Deum
2883 4452 3170 4509 perperam
3218 4434 3397 4499 fundi,
3425 4445 3482 4492 et
3515 4434 3754 4489 mandant

2105 4533 2150 4589 D
2180 4547 2283 4585 non
2320 4530 2608 4587 secundum
2652 4530 2751 4585 Dei
2793 4531 3178 4601 providentiam
3227 4531 3649 4601 gubernari.....
3682 4528 3757 4582 sed

2174 4628 2384 4695 genesin
2431 4640 2543 4680 esse
2585 4641 2704 4695 qua:
2747 4625 2927 4678 omnia
2964 4626 3072 4695 agit
3112 4632 3163 4678 et
3199 4623 3467 4688 continet,
3513 4622 3758 4677 audacter

2174 4716 2432 4772 asseruit.
2462 4714 2547 4771 Fit
2591 4716 2814 4772 interim
2849 4732 3086 4788 magnus
3125 4716 3312 4789 populi
3343 4732 3684 4779 concursus.
3711 4723 3755 4769 et

2172 4806 2412 4871 Nicetas,
2447 4809 2575 4863 data
2604 4826 2633 4862 a
2658 4807 2847 4871 Petro.
2880 4810 2973 4880 qui
3005 4809 3122 4866 seni
3160 4808 3506 4881 respondere
3531 4809 3753 4873 volebat,

2173 4903 2391 4959 dicendi
2425 4902 2711 4965 facultate.
2754 4901 2946 4958 docuit
2980 4900 3246 4957 mundum
3294 4915 3325 4955 a
3363 4898 3482 4957 Deo
3533 4900 3750 4961 factum,

2171 5004 2229 5052 et
2257 4996 2326 5052 ab
2358 4996 2477 5068 ipso
2519 4996 2853 5067 quandoque
2900 4995 3259 5058 solvendum,
3303 5009 3408 5049 nec
3450 5010 3521 5049 ex
3570 4993 3753 5048 indivi-

2171 5087 2297 5145 duis
2338 5089 2686 5159 corpusculis
2736 5105 2835 5144 scu
2873 5088 3109 5151 atomis,
3155 5094 3217 5141 ut
3265 5085 3484 5142 ferebat
3548 5085 3753 5158 Epicuri

2171 5182 2466 5247 sententia,
2494 5184 2752 5254 quaelibet
2775 5197 3027 5253 corpora,
3050 5189 3375 5251 mentesque
3409 5178 3751 5251 intelligentia

2171 5277 2456 5348 praeditas,
2483 5278 2622 5333 fieri.
2665 5275 2847 5331 Variis
2886 5275 3085 5331 deinde
3124 5273 3472 5345 argumentis
3519 5271 3745 5343 probavit

2171 5372 2435 5427 mundum
2460 5371 2525 5425 ab
2560 5372 2677 5440 ipsa
2715 5370 2981 5440 sapientia
3022 5376 3075 5423 et
3138 5368 3369 5431 ratione,
3409 5365 3632 5438 quando
3659 5360 3749 5432 ipsi

2170 5466 2396 5537 placuit,
2429 5465 2603 5521 fuisse
2634 5462 2937 5520 conditum.

2240 5557 2533 5620 Postridie.
2576 5564 2724 5613 cmtu
2768 5557 2823 5611 in
2855 5554 3104 5628 primarii
3150 5550 3445 5622 eujusdam
3492 5549 3627 5605 civis
3654 5546 3740 5601 do-

2169 5667 2318 5727 mum
2361 5659 2576 5714 coacto.
2615 5666 2782 5707 senex
2820 5665 2885 5706 ea
2935 5664 3061 5720 qua:
3090 5646 3310 5703 Nieetas
3346 5645 3568 5699 dixerat
3610 5656 3739 5697 sum—

2170 5743 2359 5800 matim
2394 5745 2610 5814 repetit,
2638 5753 2822 5816 atque,
2857 5741 3123 5798 adversus
3163 5742 3256 5795 illa
3286 5740 3601 5809 disputans,
3625 5749 3736 5789 con-

2169 5837 2343 5892 tendit
2375 5836 2624 5909 quzedam
2666 5836 2859 5907 injuste
2885 5844 2930 5890 el
2971 5835 3269 5889 inordinati
3312 5832 3460 5889 facta
3506 5843 3649 5893 esse;
3678 5840 3731 5881 ex
