3806 6278
171 337 281 399 ιιττ

1197 340 1746 400 RECOGNITIONES.
1779 375 1847 386 —
1878 345 2227 405 PROfEMIA.

3148 354 3308 412 13735

164 455 220 507 iis
240 459 405 507 autem
450 466 567 521 qua
606 450 760 521 juxta
806 454 1048 509 ordinem
1077 454 1250 517 ﬁunt,
1295 454 1537 523 quaedam
1586 456 1654 510 ab
1681 462 1736 517 Α.
1752 472 1868 512 rum
1898 461 2156 529 sepulcra.
2185 459 2264 512 Ad
2292 459 2403 515 haec
2438 460 2627 531 Aquila
2674 463 2946 531 respondit
2988 465 3106 521 illas
3143 470 3274 522 deo-

164 544 254 597 alio
272 556 421 610 quam
447 542 512 595 ab
539 543 645 597 ulla
677 552 858 599 mente
887 543 1051 597 fuisse
1080 552 1279 599 creata.
1304 543 1501 597 Contra
1526 559 1669 599 vero

163 632 325 699 Aquila
363 646 423 686 ex
465 631 530 685 iis
558 647 678 700 quae
723 632 1016 688 secundum
1050 634 1292 687 ordinem
1333 633 1447 688 fieri
1490 649 1651 689 senex

162 729 495 784 concesserat,
537 723 932 792 agnoscendam
974 739 1095 779 esse
1123 723 1218 778 Dei
1268 726 1673 794 providentiam

158 811 524 867 demonstravit.
567 813 737 867 Porro
776 830 839 868 ex
871 816 937 869 iis
982 830 1100 884 quae
1137 815 1442 869 inordinate
1491 815 1651 882 fiunt,

159 903 421 958 luculenter
450 903 719 967 ostendit,
750 905 814 957 ab
856 906 1049 975 origine
1091 902 1269 959 ntundi
1311 907 1442 960 nihil
1478 923 1655 961 eorum

156 993 314 1055 fuisse,
337 993 428 1049 sed
455 1008 521 1048 ex
549 994 822 1063 impietate
855 995 1129 1048 hominum
1160 1011 1315 1049 suum
1344 997 1481 1048 mala
1509 1011 1656 1051 sum-

155 1085 305 1152 psisse
330 1084 556 1139 initium.
588 1084 825 1155 Denique
852 1101 973 1139 cum
1010 1086 1257 1140 omnibus
1292 1088 1535 1156 qum-sibi
1566 1087 1652 1141 ob-

148 1175 458 1243 jiciebantur,
508 1175 627 1228 fuse
661 1176 1050 1244 respondisset,
1092 1178 1329 1229 ultimam
1377 1177 1523 1231 senis
1559 1178 1656 1231 ob-

149 1265 405 1331 jectionem
441 1279 544 1333 qua
570 1266 747 1317 omnia
772 1281 836 1319 ea:
861 1268 1158 1319 necessitate
1176 1267 1369 1335 genesis
1390 1267 1489 1320 sibi
1518 1268 1657 1319 acci-

149 1353 269 1407 disse
288 1353 513 1415 dicebat,
547 1354 699 1407 fratri
732 1370 833 1408 suo
866 1354 1149 1419 Clementi,
1176 1364 1393 1424 postem
1430 1355 1517 1409 die
1550 1356 1657 1410 sol-

148 1444 347 1497 vendam
376 1443 614 1511 reliquit.
639 1442 736 1497 His
763 1444 943 1505 dictis,
968 1444 1159 1499 Petrus
1187 1445 1320 1498 nulli
1351 1445 1669 1509 hominum,

148 1533 233 1587 nisi
259 1532 351 1587 soli
383 1545 510 1587 vero
534 1532 829 1600 prophetae,
850 1530 970 1601 qua:
994 1547 1025 1585 a
1055 1532 1162 1587 Deo
1190 1534 1274 1587 vel
1300 1535 1411 1588 fieri
1433 1535 1515 1589 vel
1545 1549 1652 1588 non

147 1622 239 1678 ﬁeri
264 1639 365 1677 non
403 1620 646 1691 possint,
685 1630 959 1691 comperta
987 1637 1107 1677 esse
1133 1623 1294 1690 dixit;
1331 1638 1431 1679 nec
1462 1638 1652 1693 quem-

144 1723 282 1782 quam
318 1713 382 1765 ab
417 1712 510 1765 illo
545 1712 810 1781 propheta
848 1712 953 1765 hac
989 1711 1056 1766 de
1081 1727 1156 1775 re,
1184 1713 1311 1773 nisi,
1339 1713 1502 1765 variis
1534 1712 1654 1781 phi-

1750 563 1883 601 rume
1915 549 2122 604 fabulas
2163 565 2192 603 a
2238 550 2570 620 philosOphis
2618 554 2844 621 aliisque
2888 555 3016 609 viris
3061 559 3307 625 sapien—-

1750 639 1893 693 tibus
1918 640 2196 709 allegorice
2222 640 2388 695 fuisse
2417 642 2732 711 explicatas.
2754 641 2955 696 Contra
2982 654 3156 699 autem
3186 647 3276 701 Ni-

1750 737 1896 783 cetas
1926 729 2000 783 illi
2031 730 2285 784 continuo
2312 732 2547 785 ostendit
2587 732 2697 786 haec
2727 731 2946 786 deorum
2989 737 3211 789 crimina
3241 750 3276 792 a

1748 820 2060 888 pictoribus,
2100 821 2459 889 sculptoribus
2502 832 2555 875 et
2594 822 2767 890 poetis
2813 838 2920 877 non
2966 826 3271 894 allegorice,

1750 908 1851 960 sed'
1865 922 2053 977 reapse
2071 916 2124 963 et
2150 910 2215 962 ad
2247 910 2474 964 litteram
2502 911 2626 979 poni
2658 920 2780 966 ante
2802 913 3039 967 omnium
3062 916 3271 972 oculos.

1749 995 1961 1052 Nicetas
1996 1006 2171 1053 tamen
2218 999 2315 1068 has
2358 1001 2671 1070 allegoricas
2724 1002 3021 1057 fabularum
3060 1008 3283 1075 exposi-

1748 1090 1939 1150 tiones,
1969 1097 2187 1158 rogante
2212 1088 2498 1153 Clemente,
2531 1103 2613 1145 est
2638 1098 2974 1161 prosecutus.
3006 1093 3140 1148 Tum
3179 1095 3275 1151 Pe;

1749 1185 1865 1232 trus
1894 1177 2222 1246 Seripturam
2264 1193 2468 1233 sacram
2500 1196 2607 1234 non
2646 1194 2711 1235 eo
2751 1197 2910 1236 sensu
2958 1184 3270 1253 allegorica,

1747 1265 1841 1319 sed
1870 1265 1994 1327 alia,
2035 1281 2192 1335 quam
2232 1268 2349 1335 ipse
2373 1268 2576 1332 docuit,
2618 1270 2870 1325 methodo
2898 1275 3271 1342 explicandam

1743 1376 1866 1417 esse
1908 1361 2302 1416 demonstravit.
2347 1358 2544 1413 Deinde
2589 1361 2654 1414 ad
2696 1360 3098 1415 Faustinianum
3138 1376 3272 1414 con-

1747 1465 1953 1515 versus,
1979 1450 2150 1517 ipsum
2186 1449 2250 1501 ad
2287 1450 2633 1517 proﬁtendam
2674 1449 2980 1520 religionem
3013 1451 3303 1504 Christia~‘

1748 1554 1891 1605 nam,
1920 1553 2039 1608 quae.
2066 1537 2195 1591 nihil
2222 1537 2325 1591 nisi
2354 1548 2594 1591 sanctum
2625 1548 2676 1592 et
2708 1538 2989 1592 honestum
3017 1540 3275 1608 praecipit,

1747 1640 2080 1695 summopere
2104 1626 2413 1679 adhortatus
2433 1632 2533 1678 est.
2555 1624 2808 1693 Denique,
2826 1625 3033 1679 reddita
3063 1625 3276 1693 aegrotis

1745 1722 1904 1782 atque
1931 1729 1962 1765 a
1997 1713 2234 1766 daemone
2264 1712 2496 1766 obsessis
2541 1712 2797 1777 sanitate,
2843 1713 3097 1781 populum
3145 1727 3276 1782 gau-

144 1803 465 1871 losophorum
506 1801 903 1856 subtilitatibus
934 1800 1136 1867 missis,
1166 1801 1377 1855 sincero
1410 1801 1651 1856 veritatis
1680 1793 1722 1846 Β
1747 1803 1955 1857 dentem
1981 1803 2263 1871 laetumque
2289 1801 2510 1856 dimisit.

144 1904 301 1948 amore
336 1893 584 1955 ducatur,
625 1892 745 1945 fore
786 1906 1019 1960 unquam
1047 1891 1365 1945 docendum.
1393 1891 1652 1944 Caeterum

145 1983 199 2036 ad
226 1983 635 2052 investigandam
660 1982 937 2035 veritatem
963 1980 1015 2034 id
1038 1981 1405 2033 tantummodo
1428 1981 1651 2049 requiri,

144 2079 191 2125 ut
214 2072 447 2127 homines
474 2087 603 2126 num
642 2071 905 2139 prepheta
936 2070 1024 2123 ille
1053 2084 1178 2124 vera
1207 2084 1416 2138 semper
1460 2068 1656 2138 praedi-

145 2163 280 2226 rerit,
302 2164 581 2232 diligenter
612 2162 911 2231 inquirant.

198 2251 333 2306 LIIII
363 2267 481 2306 nom
504 2252 659 2306 initio
678 2250 910 2304 traditur
935 2249 1176 2318 sequenti
1206 2249 1291 2304 die
1320 2264 1467 2303 more
1495 2249 1655 2303 solito

143 2342 446 2411 disputatum
479 2341 670 2405 fuisse,
702 2347 881 2393 utrum
914 2338 1041 2392 nihil
1066 2346 1214 2391 extra
1257 2339 1459 2407 genesin
1487 2339 1651 2406 ﬁeret.

144 2430 469 2497 Quamobrem
499 2431 751 2486 Clemens
772 2428 934 2483 variis
962 2430 1226 2481 rationum
1254 2428 1534 2483 momentis
1564 2427 1655 2483 de-

144 2522 435 2575 monstravit
465 2520 738 2575 hominem
769 2519 937 2572 libero
966 2518 1255 2572 voluntatis
1284 2518 1521 2584 arbitrio,
1549 2533 1655 2586 quo

148 2611 383 2679 quidlibet
410 2625 566 2680 agere
606 2615 787 2679 potest
812 2608 896 2662 vel
930 2622 1037 2661 non
1083 2621 1259 2676 agere,
1302 2622 1421 2661 esse
1459 2608 1652 2676 praedi-

148 2709 263 2756 tum.
305 2700 478 2756 Senex
518 2714 649 2755 vero
695 2698 873 2767 arguit
911 2711 979 2751 ex
1022 2696 1518 2751 constellationibus
1558 2714 1653 2751 va-

147 2790 326 2860 riisque
364 2798 634 2845 astrorum
668 2787 999 2856 aspectibus,
1033 2800 1169 2855 quos
1195 2795 1444 2840 accurate
1469 2801 1656 2840 recen-

144 2882 262 2945 suit,
291 2882 530 2936 homines
575 2879 665 2933 vel
710 2877 882 2931 bonos
928 2874 1075 2938 ﬁeri,
1105 2874 1189 2928 vel
1234 2875 1421 2929 malos.
1455 2873 1653 2929 Contra

141 2972 363 3028 Clemens
390 2973 548 3040 longa
577 2968 912 3029 inductione,
945 2981 1049 3034 qua
1076 2966 1239 3018 varia:
1266 2966 1512 3020 nationes
1535 2981 1655 3020 eas-

140 3063 244 3116 dem
280 3077 485 3132 semper
512 3062 665 3130 leges
692 3064 745 3112 et
781 3056 1197 3111 consuetudines
1259 3064 1656 3124 quantumcun-

1814 1891 1940 1947 Post
1966 1893 2077 1946 llaec
2110 1900 2291 1945 autem
2324 1893 2461 1945 inter
2491 1890 2698 1959 prandii
2742 1900 3027 1959 apparatus
3063 1890 3276 1945 Fausti;-

1747 1983 1977 2047 nianus,
2032 1992 2296 2037 annuente
2343 1982 2499 2036 Petro
2527 2021 2543 2047 ,
2589 1982 2881 2050 Appionem
2928 1989 2982 2035 et
3030 1981 3276 2035 Anubio—

1745 2090 1896 2141 nem,
1919 2074 2009 2144 qui
2045 2073 2325 2127 Antiochia
2353 2072 2666 2127 Laodiceam
2703 2087 2827 2126 cum
2851 2072 3072 2126 Simone
3111 2087 3276 2126 vene-

1744 2177 1885 2231 rant,
1923 2167 2121 2221 invisit.
2153 2164 2288 2219 Tum
2313 2165 2520 2227 Simon,
2549 2173 2606 2217 ut
2629 2164 2857 2217 ministri
2885 2164 3130 2227 Caesaris,
3179 2163 3274 2232 qui

1741 2271 1863 2310 eum
1890 2257 1956 2309 ad
1985 2269 2167 2309 necem
2186 2254 2522 2323 quaarebaut,
2552 2252 2959 2307 Faustiniauum
2992 2253 3044 2305 in
3094 2253 3274 2307 locum

1745 2362 1903 2403 suum
1925 2346 2083 2399 morti
2112 2346 2411 2408 traderent,
2451 2344 2551 2413 ipsi
2583 2345 2802 2412 magicis
2830 2345 3035 2398 artibus
3078 2344 3271 2398 faciem
3298 2353 3303 2358 ‘

1745 2436 2055 2505 vultumque
2102 2429 2267 2489 suum
2308 2434 2582 2503 imposuit.
2631 2432 2767 2486 Tam
2832 2434 3091 2502 stupenda
3143 2449 3307 2488 vero-

1745 2526 2078 2580 Faustiniani
2127 2523 2592 2578 transformatione
2640 2537 2804 2576 uxore
2870 2524 3099 2590 filiisque
3151 2524 3311 2592 ejus

1744 2614 2160 2685 olistupefactis,
2214 2613 2459 2683 promisit
2519 2611 2707 2666 Petrus
2757 2627 2816 2666 se
2878 2611 3289 2678 Faustiniano,‘

1743 2715 2020 2776 postquam
2052 2706 2286 2759 Simonis
2315 2704 2466 2757 vultu
2497 2703 2563 2756 ad
2600 2716 2811 2756 errores
2847 2702 2963 2771 ejus
2992 2702 3273 2754 destruen-s

1743 2799 1839 2851 dos
1893 2810 2026 2850 usus
2087 2803 2267 2860 esset,
2332 2793 2612 2862 pristinam
2668 2791 2856 2844 faciem
2917 2790 3272 2844 redditurum.-

1743 2886 2099 2951 Quamobrem
2155 2885 2398 2938 eumdem
2464 2881 2868 2936 Faustinianum
2935 2880 3281 2935 Antiochiam

1746 2976 1910 3039 misit,
1942 2990 2050 3043 quo
2078 2975 2259 3027 turbas
2289 2986 2474 3026 omnes
2514 2988 2543 3023 a
2582 2970 2733 3039 Mago
2767 2972 3049 3024 adversum
3089 2984 3146 3023 se
3180 2984 3276 3023 ca-
3308 3002 3311 3007 ν

1744 3066 1963 3119 lumniis
1990 3064 2349 3119 acerbissimis
2376 3066 2669 3118 concitatas
2692 3104 2706 3128 ,
2747 3062 2995 3117 simulata
3036 3059 3275 3129 ejusdem

141 3168 230 3220 que
254 3124 493 3222 ³³Ρεέῑῐι⁸
532 3124 778 3205 Siderum
816 3147 950 3201 νθτίί
980 3145 1207 3211 fuerim:
1254 3146 1502 3199 ίηνίοίῖίίθ
1542 3161 1656 3199 se"
1680 3124 1720 3180 ϐ
1747 3154 1855 3209 veri
1909 3154 2146 3209 Simonis
2201 3153 2514 3224 paenitentia
2572 3124 2803 3208 sedaret.
2853 3151 3009 3217 Quod
3060 3124 3311 3218 quidem-

141 3251 395 3305 vaverunt,
438 3241 493 3296 id
522 3240 724 3295 falsum
754 3244 873 3291 esse
911 3235 1157 3289 convicit.
1180 3235 1464 3289 Summam
1492 3251 1655 3304 argn-

144 3333 286 3386 menti
327 3333 470 3386 illius
512 3331 626 3385 vim
671 3334 726 3381 et
764 3325 975 3394 pondus
1018 3324 1232 3393 agnovit
1272 3339 1456 3378 senex.
1508 3323 1653 3389 Qua-

142 3430 338 3490 propter
378 3427 437 3474 ut
478 3419 531 3473 id
579 3416 910 3485 experientia
958 3428 1053 3469 sua
1091 3414 1282 3469 falsum
1330 3430 1450 3469 esse
1490 3418 1657 3483 magis

142 3512 399 3580 magisque
426 3507 800 3579 persuaderet,
824 3505 924 3559 sibi
955 3519 1145 3557 nomen
1169 3519 1288 3558 esse
1312 3503 1659 3558 Faustiniano

141 3600 402 3655 confessus
434 3606 540 3661 est,
581 3603 638 3651 et
665 3609 995 3664 quaecunque
1033 3595 1133 3648 sibi
1176 3595 1501 3656 acciderant,
1530 3596 1656 3649 bre-

140 3692 260 3746 viter
286 3692 543 3746 narravit.
578 3688 662 3741 Ab
691 3699 858 3739 uxore
888 3685 1065 3752 itaque
1097 3699 1194 3737 sua
1224 3683 1479 3736 Matbidia
1514 3683 1662 3737 ﬁliis-

140 3796 230 3849 que
248 3783 357 3837 suis
380 3781 598 3850 agnitus
619 3783 723 3836 est,
748 3775 907 3843 iique,
925 3773 1146 3827 dimisso
1173 3773 1385 3840 pepulo,
1408 3786 1513 3824 una
1536 3788 1657 3826 cum

136 3870 298 3933 Petro,
338 3872 395 3925 in
424 3869 641 3931 eadem,
670 3864 762 3919 ubi
796 3864 1143 3932 disceptatum
1175 3862 1366 3929 fuerat,
1392 3863 1551 3919 domo
1576 3864 1662 3918 re-

136 3966 454 4015 manserunt.

195 4049 422 4104 DECIIIUS
467 4060 633 4101 Lmen
689 4043 844 4098 docet
898 4042 1167 4111 quomodo
1218 4040 1436 4104 Petrus,
1476 4048 1662 4096 exorto

136 4141 258 4203 sole,
286 4138 752 4203 Faustinianoque
780 4131 954 4186 adhuc
982 4132 1301 4193 dormiente,
1336 4131 1661 4186 Clementem

134 4230 423 4299 fratresque
468 4229 595 4296 ejus
632 4225 701 4278 de
742 4222 972 4276 ineunda
1014 4236 1133 4276 cum
1179 4222 1268 4275 illo
1303 4221 1663 4289 disputatione

132 4321 399 4383 erudierit,
450 4314 815 4382 statueritque
861 4312 1031 4365 eidem
1080 4309 1455 4375 Faustiniano,
1488 4318 1545 4365 ut
1572 4313 1660 4365 'ad

1746 3242 2125 3299 Faustinianbs
2166 3242 2330 3297 variis
2380 3243 2684 3298 ﬁetionibus
2712 3253 2765 3297 et
2808 3242 3104 3296 mendaciis
3141 3254 3309 3305 prae--

1754 3324 1908 3388 stitit,
1950 3339 2014 3377 ac
2043 3333 2229 3392 postea
2265 3327 2444 3381 vultus
2489 3328 2746 3395 pristinus
2789 3345 2819 3383 a
2858 3329 3018 3384 Petro
3057 3332 3130 3384 illi
3163 3347 3283 3384 om—

1754 3416 1882 3469 nino
1908 3417 2187 3470 restitutus
2216 3424 2316 3470 est.
2346 3416 2546 3470 Dehinc
2574 3416 2763 3471 Petrus
2784 3419 2976 3472 creatis
3007 3419 3282 3476 Laodiceae

1754 3505 2004 3573 episcopo
2037 3514 2089 3559 et
2118 3507 2464 3575 presbyteris,
2498 3522 2560 3559 ac
2590 3508 2796 3561 reddita
2829 3509 2984 3576 aegris
3015 3509 3283 3563 obsessis-

1755 3609 1859 3662 que
1889 3595 2135 3657 sanitate,
2164 3595 2531 3657 Antiochiam,
2568 3611 2675 3664 qua
2720 3595 2905 3650 Simon
2938 3599 3124 3666 pulsus
3169 3599 3283 3654 fue-

1755 3691 1859 3748 rat,
1890 3685 2189 3749 contendit,
2234 3693 2393 3754 atque
2421 3687 2497 3739 illi
2529 3687 2711 3740 urbem
2756 3688 3073 3757 ingredienti
3108 3690 3284 3746 omnis

1758 3774 2003 3842 populus,
2031 3781 2085 3828 et
2123 3789 2306 3828 omnes
2336 3774 2565 3842 majores
2594 3783 2743 3840 natu,
2774 3791 2836 3829 ac
2865 3777 3068 3832 nobiles
3108 3780 3285 3846 paeni-

1757 3863 1976 3916 tentiam
2024 3873 2262 3933 agentes,
2292 3866 2502 3920 iverunt
2548 3866 2778 3921 obviam.
2806 3868 2924 3935 Ipse
2950 3883 3079 3922 vero
3109 3869 3175 3922 de
3205 3876 3285 3923 tot

1758 3951 2031 4005 hominum
2079 3954 2424 4009 conversione
2471 3956 2671 4023 gratias
2716 3954 2824 4010 Deo
2851 3958 3053 4022 retulit,
3097 3974 3287 4017 omnes

1757 4049 1983 4109 aegrotos
2010 4044 2233 4107 sanavit,
2263 4052 2420 4113 atque
2450 4045 2589 4098 intra
2627 4055 2826 4115 septem
2859 4048 2974 4104 dies
3005 4049 3285 4104 duodecim

1759 4131 1922 4184 millia
1946 4131 2218 4185 hominum
2252 4148 2406 4187 sacro
2438 4134 2604 4188 abluit
2646 4136 2983 4206 baptismate.
3011 4138 3121 4195 ﬂos
3149 4139 3291 4194 inter

1760 4218 2104 4289 Theophilus,
2133 4223 2215 4275 vir
2244 4224 2422 4292 pepuli
2465 4225 2778 4293 primarius,
2822 4226 3006 4282 domas
3052 4244 3161 4282 sua:
3204 4230 3290 4282 in-

1759 4320 1953 4379 gentem
2002 4312 2269 4365 basilicam
2324 4313 2551 4367 ecclesiie
2594 4317 2793 4371 nomine
2839 4321 3184 4382 consecravit,
3233 4320 3290 4372 in

130 4408 533 4478 amplexandam
569 4403 879 4473 religionem
912 4400 1267 4455 Christianam
1294 4415 1411 4456 sese
1450 4415 1666 4469 compa~
1698 4418 1737 4473 ο
1764 4417 1865 4471 qua
1896 4400 2051 4455 Petro
2091 4402 2322 4470 apostolo
2367 4405 2647 4459 constituta
2687 4415 2762 4460 est
2811 4408 2873 4460 ab
2923 4410 3061 4461 omni
3100 4409 3294 4475 populo

131 4506 300 4562 raret,
341 4497 588 4552 dandum
633 4508 751 4548 esse
781 4492 940 4545 unius
970 4491 1092 4543 anni
1126 4491 1376 4559 spatium.
1408 4489 1538 4545 Cum
1571 4506 1665 4543 au-

130 4596 229 4641 tem
259 4587 651 4642 Faustinianus
688 4582 884 4637 electo
929 4580 1270 4642 surrexisset,
1301 4578 1366 4632 ab
1410 4579 1476 4634 iis
1517 4594 1663 4649 quae-

132 4678 249 4730 sivit
287 4694 355 4730 an
384 4678 459 4731 sit
492 4676 551 4729 in
581 4671 879 4727 substantia
916 4677 969 4723 et
1005 4668 1211 4722 actibus
1245 4669 1441 4722 bonum
1469 4676 1522 4722 et
1554 4683 1668 4721 ma-

131 4769 255 4824 lum.
294 4767 435 4821 Huic
464 4763 749 4835 quaestioni
780 4757 1052 4828 respondit
1084 4756 1351 4816 Clemens.
1389 4766 1545 4825 atque
1575 4772 1670 4810 ex-

130 4861 318 4929 positis
345 4860 414 4913 de
445 4859 596 4912 bono
624 4862 677 4909 et
719 4852 860 4906 malo
899 4849 1169 4903 stellarum
1210 4854 1426 4917 aspectu
1472 4848 1671 4916 princio

131 4949 249 5017 piis,
279 4948 536 5018 probavit
565 4945 766 4999 nullam
796 4940 919 4993 inde
950 4938 1255 4991 hominibus
1286 4937 1486 5005 imponi
1515 4946 1671 5005 posse

134 5041 536 5095 necessitatem.
565 5034 734 5087 Porro
779 5037 953 5084 autem
983 5042 1103 5081 cum
1134 5027 1246 5081 haec
1271 5028 1521 5095 utrinque
1557 5027 1671 5081 dis-

136 5136 515 5197 ceptarentur,
565 5124 786 5182 Petrus,
842 5126 1082 5175 coactum
1136 5118 1324 5172 videns
1378 5117 1669 5185 populum,

136 5221 384 5287 deinceps
409 5218 479 5272 de
505 5211 803 5269 idololatria
829 5210 1083 5276 falsisque
1114 5206 1335 5287 deorum
1363 5207 1674 5261 numinibus

136 5309 292 5374 jussit
316 5306 610 5376 disputari.
650 5302 906 5367 Quocirca
934 5299 1181 5353 Clemens
1218 5297 1475 5364 originem
1508 5298 1676 5351 idolo-

140 5399 317 5452 latr-ias.
335 5396 561 5456 evolvit,
601 5392 839 5458 dixitque
879 5401 1003 5443 vera
1031 5384 1287 5439 falsorum
1321 5387 1539 5441 deorum
1573 5387 1677 5443 cri-

141 5489 303 5550 mina,
348 5488 402 5540 in
438 5483 738 5554 primisque
774 5480 917 5533 Jovis
967 5482 1152 5543 stupra
1179 5485 1233 5531 et
1263 5478 1520 5533 adulteria
1563 5492 1679 5531 om-

142 5579 293 5632 nibus
325 5592 449 5632 esse
502 5571 810 5633 notissima,
854 5584 916 5622 ac
958 5566 1170 5618 tandem
1203 5568 1490 5622 etiamnum
1536 5575 1680 5623 stare

142 5665 286 5733 plura
328 5666 566 5719 filiorum
596 5656 733 5726 ejus,
778 5657 1051 5712 hominum
1093 5656 1276 5725 utique
1322 5662 1676 5732 nequissimo-

1762 4490 2030 4544 catltedra.
2071 4490 2308 4561 Denique
2343 4491 2745 4548 Faustinianum
2776 4497 3041 4565 baptismo
3087 4497 3290 4552 initiari

1763 4578 2138 4648 postulantem,
2178 4579 2389 4646 Petrus,
2419 4583 2621 4637 indicto
2666 4586 2805 4653 plebi
2844 4586 3068 4653 jejunio,
3116 4586 3295 4654 bapti-

1765 4670 1921 4733 zavit,
1951 4677 2003 4724 et
2035 4686 2363 4741 quaecunque
2405 4673 2666 4727 hactenus
2689 4675 2737 4728 ei
2758 4675 3116 4743 contigerant,
3144 4675 3293 4729 omni

1769 4760 1958 4829 populo
1983 4762 2246 4829 exposuit.

2285 4850 2669 4905 ARTICULUS
2704 4850 2767 4905 ll.

2022 4941 2157 5007 Quid
2189 4952 2373 4995 veteres
2400 4942 2460 4994 de
2482 4942 2560 4995 his
2597 4942 2744 4994 libris
2780 4940 3049 4994 senserint.

1835 5033 2053 5087 Auctori
2087 5032 2308 5100 hujusce
2346 5032 2525 5099 operis
2548 5031 2594 5085 si
2620 5031 2747 5085 fides
2785 5032 3064 5092 habeatur,
3098 5029 3296 5085 Roma-

1769 5138 1870 5176 nus
1900 5121 1988 5175 ille
2022 5119 2140 5181 fuit,
2182 5134 2211 5171 e
2248 5117 2475 5171 Caesaris
2524 5116 2742 5180 familia,
2782 5116 2994 5168 nomine
3026 5114 3293 5179 Clemens,

1770 5211 1857 5264 cui
1904 5217 2055 5280 pater
2080 5206 2456 5262 Faustinianus
2483 5246 2498 5269 ,
2546 5214 2712 5260 mater
2753 5202 3000 5257 Mathidia
3025 5242 3041 5266 ,
3104 5205 3298 5260 fratres

1771 5300 1980 5355 Nicetes
2022 5305 2075 5351 et
2095 5295 2301 5364 Aquila,
2348 5295 2461 5363 ipse
2499 5295 2797 5364 praecipuus
2847 5292 3300 5363 charissimusque

1772 5389 1912 5443 Petri
1967 5385 2290 5453 discipulus;
2347 5384 2437 5452 qui
2491 5386 2671 5452 plures
2719 5381 2960 5449 ejusdem
3018 5382 3300 5447 apostolici

1774 5480 2058 5533 conciones
2104 5474 2597 5542 disputationesque
2643 5472 2862 5539 scriptis
2917 5469 3163 5530 tradidit,
3212 5485 3309 5522 va-
3372 5528 3386 5545 ‘

1776 5572 1990 5637 riosque
2026 5562 2229 5642 redegit
2268 5554 2332 5617 hin
2375 5564 2559 5617 libros.
2606 5560 2869 5614 Haec-ille
2915 5565 3071 5618 tanta
3115 5556 3312 5609 fiducia

1778 5666 2027 5725 tantaque
2054 5653 2445 5709 asseveratione
2471 5650 2715 5717 allirmat,
2741 5655 2802 5703 ut
2830 5645 2997 5702 multi
3029 5642 3323 5711 scriptores
