3872 6346
460 341 602 400 H79

1350 325 1405 383 8.
1440 320 1834 380 CLEMENTIS
1867 321 1887 374 ι
1921 317 2090 376 R031.
2125 317 2328 376 PONT.
2367 315 2598 376 OPERA
2633 313 2861 372 DUBIA.

3591 314 3715 377 ιιεε

460 461 643 515 varias
693 455 941 524 ejusdem
1003 449 1188 519 operis
1245 443 1547 500 sententias
1594 440 1772 512 ipsius
1828 436 2049 492 nomine
2077 441 2124 497 Α
2151 446 2277 490 nota
2308 436 2362 489 in
2386 435 2494 490 illis
2519 449 2770 503 expressa
2807 431 3086 500 reperitur.
3121 429 3190 484 Et
3212 429 3502 488 Clementis
3523 432 3722 500 quidem

462 555 671 622 absque
709 548 820 601 ullo
849 543 1110 611 scrupulo
1149 541 1323 594 citare
1364 552 1473 589 non
1503 532 1896 590 dubitaverint.
1924 529 2046 584 Pri-

461 661 586 701 mus
617 645 759 698 inter
786 654 882 692 eos
923 635 1084 689 nobis
1132 630 1376 686 occurrit
1403 626 1690 696 Origenes,
1721 623 1813 694 qui
1840 624 1942 678 hos
1976 623 2045 677 li-

460 739 593 793 bros
635 736 714 790 Sit:
759 729 985 784 laudat:
1018 725 1146 777 Tale
1194 720 1393 791 aliquid
1429 721 1556 773 dicit
1600 728 1650 772 et
1677 716 1865 772 Petrus
1907 711 2046 781 apud

462 827 801 883 Clementem,
848 817 1096 887 quoniam
1147 812 1282 865 bona
1328 825 1486 878 opera
1513 825 1629 878 qute
1654 808 1787 875 ﬁunt
1820 822 1854 858 a
1875 802 2049 873 ﬁdeli—

463 916 651 974 busin
690 911 784 964 Itoc
824 907 1019 963 swculo
1063 905 1136 959 eis
1181 911 1402 972 prosunt
1451 900 1533 962 “,
1566 907 1674 954 etc.
1726 897 1870 952 Alibi
1919 908 2050 948 vero

463 1005 610 1060 aliud
637 1001 1019 1069 fragmentum,
1045 996 1323 1065 superiore
1346 996 1503 1064 longe
1524 994 1808 1064 prolixius,
1837 993 1890 1048 in
1913 994 2030 1049 haec

459 1093 748 1162 exscripsit
800 1091 962 1145 verba
992 1089 1078 1141 “z
1127 1086 1193 1140 Et
1243 1087 1479 1143 Clemens
1536 1085 1836 1148 Romanus,
1881 1083 2030 1139 Petri

462 1187 686 1255 apostoli
714 1183 1026 1253 discipulus,
1052 1183 1104 1233 in
1131 1182 1264 1234 hanc
1288 1181 1622 1249 quaestionem
1644 1187 1692 1232 et
1717 1177 2030 1232 sententiam

460 1296 581 1333 cum
607 1285 755 1347 patre
782 1276 1054 1328 Laodiceae
1081 1276 1135 1326 in
1159 1272 1594 1333 Circuitionibus,
1619 1271 1675 1321 ὲν
1698 1270 1818 1332 ταῖς
1839 1267 2034 1338 Περιό-

461 1371 569 1434 δοις
596 1370 822 1431 locutus,
853 1377 958 1421 etc.
988 1367 1068 1419 Ab
1100 1375 1321 1419 auctore
1359 1372 1539 1416 autem
1574 1360 1758 1429 Operis
1789 1359 2035 1429 imperfe—

465 1461 537 1514 cti
567 1461 621 1512 in
645 1457 956 1513 Matt/neum
985 1455 1124 1508 idem
1150 1454 1338 1508 titulus
1364 1453 1447 1506 his
1470 1451 1623 1505 libris
1645 1451 1934 1520 praeligitur
1953 1451 2030 1505 “z

466 1551 657 1607 Petrus
684 1551 826 1620 apud
854 1551 1204 1610 Clementem,
1233 1547 1314 1600 vel
1343 1565 1356 1600 :
1389 1543 1535 1599 Sicut
1561 1546 1615 1597 in
1649 1542 1890 1598 Historia
1918 1543 2036 1606 Cie:

469 1646 655 1699 mentis
687 1643 876 1696 Petrus
913 1641 1154 1710 exponit.
1181 1639 1276 1692 His
1305 1638 1523 1707 adjungi
1560 1646 1789 1705 possunt
1817 1635 2035 1690 Aldhel-

470 1753 626 1798 mus,
660 1734 994 1788 Venerabilis
1042 1733 1218 1794 Beda,
1275 1741 1469 1785 auctor
1513 1729 1760 1783 Chronici
1803 1726 2037 1781 Alexan-

2147 545 2262 598 quat
2285 527 2535 597 genuina,
2562 535 2612 580 et
2638 525 2874 580 omnium
2914 540 3170 579 consensu
3205 530 3414 593 recepta
3452 524 3559 576 sint
3599 527 3726 577 scri-

2144 630 2237 689 pta
2254 620 2374 688 jam
2399 620 2536 673 satis
2565 619 2746 688 liquet.
2785 616 2942 674 Unde
2967 615 3218 671 Valesius
3254 615 3342 668 bis
3374 614 3560 668 verbis
3591 614 3730 669 Petri

2146 723 2198 766 et
2265 709 2487 780 Apionis
2537 710 2924 780 disputationes
2979 709 3149 763 libros
3196 706 3628 775 Recoqnitionum
3665 708 3733 763 ai.

2153 804 2396 861 Eusebio
2428 804 2750 874 designatos
2769 803 3045 873 opinatur.
3077 800 3233 868 Quod
3264 801 3309 856 si
3342 801 3554 854 dixeris
3584 815 3636 853 in
3668 803 3730 856 iis

2150 911 2258 950 non
2291 894 2522 949 inveniri
2552 908 2692 962 quas
2716 891 2989 947 Eusebius
3011 891 3058 920 ”
3103 888 3240 943 dicit
3267 886 3417 941 Petri
3465 894 3518 939 et
3573 883 3732 954 Apio-

2151 989 2233 1041 nis
2255 986 2667 1055 disputationes,
2696 982 2989 1054 respondet
3020 980 3309 1046 Ruﬁnum,
3348 979 3532 1046 hujus.
3554 979 3734 1046 operis

2151 1081 2527 1149 interpretem,
2567 1076 2675 1130 alia
2703 1091 2883 1146 penes.
2911 1090 2972 1130 se
3002 1072 3262 1127 habuisse
3304 1068 3631 1125 eorumdem
3673 1070 3734 1122 li-

2149 1171 2372 1226 brorum
2402 1169 2735 1238 exemplaria
2791 1168 2847 1222 in
2879 1166 3078 1236 quibus
3098 1165 3420 1234 plura,quae
3451 1163 3508 1216 in
3536 1163 3734 1216 nostris

2148 1274 2467 1328 occurrunt,
2500 1278 2610 1316 non
2641 1261 3200 1331 repraesentabantur.
3341 1241 3361 1260 ’

2220 1353 2615 1410 Verumtamen
2659 1352 2908 1422 quandiu
2941 1367 3050 1404 non
3091 1348 3386 1404 exstabant
3430 1348 3526 1401 illa
3559 1363 3736 1401 exeru-

2150 1445 2344 1516 plaria,
2383 1461 2414 1499 a
2443 1444 2646 1500 nostris
2680 1451 2967 1513 tantopere
2997 1441 3392 1510 discrepantia.
3435 1438 3630 1492 tandiu
3661 1438 3736 1490 iu-

2150 1543 2361 1592 certum
2388 1535 2494 1590 erit
2526 1544 2709 1589 utrum
2755 1535 2810 1588 in
2843 1534 2924 1588 eis
2956 1533 3038 1587 vel
3069 1532 3126 1585 in
3157 1531 3279 1585 aliis
3303 1528 3562 1598 ejusdem
3607 1529 3736 1583 scri-

2152 1630 2327 1698 ptoris
2385 1627 2552 1685 libris.
2593 1628 2675 1685 lia:
2723 1626 3128 1697 disputationes
3185 1623 3602 1683 contineantur,
3652 1628 3738 1672 aut

2153 1721 2370 1776 tandem
2406 1721 2511 1774 illa:
2550 1719 2679 1778 solae
2714 1719 2952 1788 speciale
2993 1714 3214 1787 aliquod
3243 1716 3504 1770 volumen
3538 1713 3739 1768 consti-

469 1829 633 1892 drini,
660 1824 962 1888 Freculfus,
987 1821 1346 1890 Nicephorus,
1375 1820 1640 1890 Georgius
1666 1818 1964 1881 Cedrcnus,
1987 1827 2038 1872 et
2083 1794 2125 1847 Β
2156 1812 2377 1865 tuerint.
2405 1809 2475 1867 Ut
2501 1819 2557 1865 ut
2579 1812 2676 1874 sit,
2711 1810 2992 1864 nonnullis
3040 1808 3272 1863 forsitan
3306 1807 3452 1861 idem
3477 1805 3740 1861 Eusebius

465 1921 559 1976 alii
596 1918 868 1978 nonnulli,
901 1931 933 1969 a
957 1915 1160 1985 quibus
1192 1914 1295 1967 hoc
1324 1926 1463 1979 Opus
1497 1907 1689 1962 eodem
1718 1905 1939 1958 nomine
1971 1905 2056 1957 in-

467 2015 728 2084 signitum
753 2019 860 2065 est.

539 2103 645 2158 Alii
696 2117 826 2158 vero
881 2097 1014 2154 illud
1079 2095 1224 2150 inter
1279 2091 1591 2162 apocrypha
1641 2090 1919 2159 rejiciunt.
1976 2088 2054 2148 lla

465 2200 616 2256 enim
648 2198 716 2252 de
745 2211 808 2251 eo
835 2193 1024 2247 Patres
1063 2189 1282 2245 concilii
1315 2185 1548 2238 Romani
1573 2185 1675 2240 sub
1696 2182 1914 2238 Gelasio
1945 2193 2058 2237 sta-

472 2300 640 2348 tuunt
666 2309 680 2344 :
716 2285 1065 2341 Itinerarium
1097 2280 1307 2334 nomine
1339 2277 1490 2332 Petri
1522 2277 1771 2346 apostoli,
1796 2275 1934 2346 quod
1962 2291 2055 2344 ap-

466 2382 697 2454 pellatur
765 2376 938 2433 sancti
997 2373 1280 2429 Clementis
1339 2369 1462 2424 libri
1513 2366 2053 2438 octo,apocryphum.

468 2476 578 2531 Pro
621 2482 739 2528 octo
789 2469 967 2525 critici
1021 2467 1318 2535 scriptores
1366 2469 1560 2532 putant
1602 2459 1890 2530 legendum
1933 2473 2057 2513 esse

464 2551 686 2622 decem:
706 2564 915 2617 Auctor
960 2574 1090 2614 vero
1145 2553 1550 2617 Stichometrite,
1610 2558 1734 2623 post
1763 2549 2057 2621 Nicephori

465 2654 1070 2727 Constantinopolitani
1121 2648 1632 2719 Chronographiam
1691 2645 1893 2703 addita:
1939 2644 2056 2703 :Et

463 2771 582 2826 qua:
615 2751 770 2815 Navi,
803 2749 1013 2804 scilicet
1043 2740 1401 2800 Testamenti.
1425 2747 1548 2793 sunt
1580 2737 1921 2808 apocrypha:
1953 2735 1979 2792 1
1988 2737 2055 2789 ti-

467 2844 740 2900 nerarium
768 2840 915 2894 Petri
949 2853 1125 2892 versus
1157 2835 1320 2890 2700.
1363 2831 1691 2904 Agobardus
1721 2844 1942 2899 quoque
1975 2829 2053 2888 ιτς

466 2939 614 2993 Licet
675 2935 833 2990 iidem
881 2931 1045 2994 libri,
1101 2929 1300 3001 inquit,
1349 2927 1455 2980 sint
1500 2922 1816 2994 apocryphi;
1877 2921 2056 2991 plerac

465 3046 566 3100 que
598 3037 772 3081 tamen
801 3039 866 3078 ex
901 3024 964 3076 iis
1002 3019 1300 3074 testimonia
1337 3016 1671 3071 inveniuntur
1702 3027 1735 3065 a
1755 3009 2056 3067 doctoribus

465 3128 748 3190 usurpata.
803 3115 1138 3169 llumbertus
1187 3109 1354 3164 etiam
1382 3107 1674 3178 episcopus
1709 3101 1883 3174 Sylva:
1913 3100 2056 3155 Can-

465 3214 609 3270 dida:
637 3207 1026 3266 “:Clemeutis
1086 3204 1236 3266 liber,
1292 3201 1345 3254 id
1395 3208 1474 3256 est
1525 3195 1871 3254 Itinerarium
1906 3194 2052 3248 Petri

468 3303 698 3375 apostoli
744 3311 793 3356 et
839 3298 1076 3354 Canones
1125 3293 1484 3364 apostolorum
1533 3298 1878 3347 numerantur
1918 3289 2054 3341 inter

466 3395 788 3466 apocrypha.
847 3392 944 3446 His
1003 3388 1218 3444 accedit
1272 3383 1551 3439 Honorius
1590 3379 2054 3451 Augustodunen-

469 3491 640 3548 sis":
667 3487 905 3543 Clemens
928 3484 1212 3553 scripsit...
1247 3477 1598 3533 Itinerarium
1623 3474 1771 3528 Petri
1797 3482 1846 3527 et
1869 3471 2055 3541 dispu-

471 3585 723 3637 tationem
751 3579 916 3641 Petri,
953 3583 1004 3629 et
1062 3574 1306 3642 Apionis,
1334 3580 1383 3625 et
1409 3569 1580 3622 multa
1609 3567 1742 3630 alia,
1771 3581 1888 3636 qua:
1916 3565 2056 3618 inter

469 3673 766 3744 apocrypha
815 3676 1179 3724 numerantur.
1227 3666 1367 3718 Ante
1413 3677 1509 3717 eos
1549 3675 1677 3714 vero
1710 3657 2050 3712 Athanasius

471 3767 678 3822 dixisse
709 3764 880 3819 fertur
899 3761 969 3812 ”.
1012 3759 1213 3814 Iterum
1243 3756 1367 3810 libri
1398 3755 1534 3809 Novi
1565 3750 1904 3813 Testamenti,
1938 3749 2055 3819 qui-

471 3860 566 3915 bus
599 3855 1006 3917 contradicitur,
1041 3861 1164 3906 sunt
1198 3849 1466 3904 Circuitus
1499 3845 1666 3911 Petri,
1697 3850 1805 3898 etc.

1002 3960 1398 4018 ARTICULUS
1437 3960 1527 4014 Ill.

507 4063 648 4132 Quid
685 4061 962 4124 Eusebius,
990 4057 1373 4132 Hieronymus,
1412 4063 1461 4132 et
1490 4049 1817 4120 Epiphanius
1847 4047 1910 4100 de
1936 4047 2017 4100 his

1059 4128 1209 4180 libris
1241 4126 1525 4178 senserint.

544 4227 900 4281 Arbitrantur
949 4219 1200 4275 nonnulli
1252 4216 1643 4285 Hieronymum
1692 4211 1938 4267 eamdem
1989 4210 2056 4265 de

462 4320 561 4374 ’liis
591 4318 742 4371 libris
779 4314 972 4368 tulisse
1008 4309 1360 4371 sententiam,
1385 4307 1477 4361 ubi
1506 4305 1646 4358 dixit
1665 4305 1710 4335 "
1738 4323 1750 4359 :
1774 4301 1923 4356 Libri
1952 4319 2054 4355 au-

473 4421 574 4464 tem
591 4427 618 4462 e
633 4408 818 4479 quibus
841 4421 974 4458 unus
987 4404 1236 4456 Actorum
1252 4400 1364 4468 ejus
1381 4397 1708 4460 inscribitur,
1728 4395 1867 4449 alius
1887 4394 2059 4448 Evan-

2156 1904 2329 1959 libros
2357 1902 2792 1973 Recognitionum
2830 1903 3050 1956 nomine
3070 1903 3232 1954 Actus
3253 1900 3404 1953 Petri
3438 1899 3740 1968 appellasse

2157 1995 2454 2058 videbitur,
2488 2009 2613 2050 cum
2655 1993 2878 2063 scripsit
2897 1992 2942 2023 ⁸⁸
2967 2012 2980 2047 :
3001 1990 3221 2044 Librum
3265 2006 3386 2044 τετυ
3407 2030 3421 2051 ,
3455 1990 3548 2059 qui
3577 1989 3738 2042 Actus

2159 2091 2309 2145 Petri
2335 2087 2552 2152 dicitur,
2578 2098 2629 2145 et
2651 2086 2998 2158 Evangelium
3031 2088 3145 2156 ejus
3171 2087 3378 2140 nomine
3403 2085 3737 2152 inscriptum,

2143 2179 2549 2237 Pra'dicationis
2597 2195 2796 2251 quoque
2833 2189 2882 2232 et
2899 2179 3247 2233 Revelationis
3278 2176 3518 2246 ejusdem
3587 2174 3738 2228 libros

2157 2289 2254 2344 pro
2281 2271 2558 2326 catholicis
2589 2270 2802 2337 scriptis
2834 2285 3106 2339 nunquam
3135 2269 3344 2322 habitos
3371 2284 3488 2322 esse
3516 2277 3737 2321 constat.

2158 2366 2269 2422 Nec
2302 2366 2670 2421 vetustiorum
2701 2364 2994 2433 siquidem,
3031 2379 3132 2418 nec
3156 2363 3534 2418 recentiorum
3559 2360 3739 2414 Eccle-

2160 2459 2254 2514 sia:
2288 2459 2622 2529 scriptorum
2656 2457 2973 2526 quisquam,
3027 2456 3320 2525 desumpto
3361 2469 3428 2509 ex
3473 2453 3550 2508 iis
3597 2454 3741 2506 libris

2160 2553 2472 2610 testimonio
2506 2567 2641 2606 usus
2667 2565 2910 2620 unquam
2944 2549 3114 2604 fuisse
3147 2549 3364 2619 legitur.
3395 2546 3524 2602 Non
3556 2562 3740 2601 sumus

2159 2647 2379 2717 quidem
2417 2645 2622 2711 nescii,
2693 2657 2790 2702 eos
2831 2643 2900 2697 de
2945 2643 3146 2712 quibus
3183 2640 3456 2696 Eusebius
3500 2640 3740 2708 disputat

2161 2740 2352 2804 libros,
2383 2739 2450 2797 ab
2479 2739 2740 2808 antiquis,
2775 2745 2834 2790 ut
2866 2736 3028 2805 paulo
3057 2742 3182 2789 ante
3210 2734 3471 2795 vidimus,
3506 2732 3741 2800 scripto-

2160 2831 2310 2891 ribus
2359 2829 2529 2886 l'uisse
2578 2829 2797 2884 citatos.
2843 2827 3103 2882 Attamen
3149 2839 3256 2878 non
3305 2823 3436 2877 inde
3478 2823 3741 2876 continuo

2161 2923 2347 2981 inferri
2400 2923 2582 2989 debet,
2627 2922 2803 2991 illum,
2854 2935 2966 2976 non
3014 2918 3084 2978 de
3133 2917 3464 2981 Clementis,
3529 2914 3630 2971 sed
3678 2914 3741 2967 de

2159 3017 2387 3073 alterius
2425 3014 2710 3084 cujusdam
2759 3012 2916 3067 libris
2967 3012 3212 3065 locutum
3260 3024 3402 3065 esse.
3448 3005 3592 3061 Nam
3623 3047 3638 3069 ,
3688 3015 3742 3059 ut

2083 3131 2125 3190 ρ
2160 3108 2462 3181 prudenter
2490 3107 2748 3163 observat
2769 3103 3054 3169 Valesius,
3095 3101 3168 3157 ibi
3199 3101 3427 3164 erravit,
3461 3109 3514 3156 et
3547 3116 3742 3155 memo-

2155 3204 2236 3258 ria
2268 3202 2456 3272 lapsus
2495 3207 2579 3255 est
2611 3197 2919 3265 Eusebius;
2950 3197 3151 3266 quippe
3181 3195 3275 3265 qui
3321 3194 3573 3250 eamdem
3599 3194 3740 3263 Apo-

2155 3295 2424 3367 calypsin,
2462 3308 2559 3348 seu
2582 3289 2971 3346 Revelationem
3001 3289 3171 3351 Petri,
3198 3303 3362 3358 quam
3385 3288 3476 3340 hic
3508 3288 3579 3341 ab
3600 3289 3740 3341 anti-

2154 3392 2280 3462 quis
2319 3388 2546 3442 citatam
2579 3391 2764 3454 negat,
2798 3383 2924 3436 alibi
2959 3397 2988 3435 a
3009 3382 3288 3437 Clemente
3327 3379 3543 3433 laudari
3571 3388 3738 3433 testa-

2154 3492 2244 3539 tur
2264 3483 2312 3516 “
2336 3502 2350 3539 :
2375 3481 2614 3536 Clemens
2657 3479 2712 3532 in
2743 3476 2892 3530 libris
2920 3474 3327 3546 Hypotyposeon
3354 3471 3509 3526 Petri
3538 3476 3738 3541 Apoca-

2156 3576 2333 3647 lypsin
2381 3570 2591 3626 laudat.
2639 3568 2865 3623 Certum
2917 3573 3002 3621 est
3051 3573 3312 3636 praterea
3355 3564 3584 3625 librum.
3648 3563 3737 3633 qui

2157 3666 2484 3722 Prwdicatio
2511 3662 2668 3716 Petri.
2705 3659 3050 3721 inscribitur,
3091 3658 3158 3711 ab
3200 3656 3435 3726 Origene
3464 3658 3510 3688 "’
3539 3665 3592 3710 et
3621 3657 3736 3709 aliis

2155 3757 2437 3814 nonnullis
2461 3753 2636 3809 fuisse
2667 3751 2914 3805 citatum.
2940 3749 3132 3803 Potuit.
3149 3764 3277 3818 ergo
3298 3746 3576 3802 Eusebius
3602 3756 3654 3800 et
3684 3747 3734 3798 in

2156 3851 2280 3904 aliis
2325 3847 2550 3903 duobus.
2591 3841 2780 3905 libris,
2829 3857 2969 3910 quos
3019 3846 3435 3901 commemorat,
3489 3837 3734 3891 similiter

2156 3942 2355 4012 decipi.
2411 3938 2508 3994 His
2556 3944 2742 3990 tamen
2784 3934 2986 4003 opponi
3026 3939 3228 4002 potest,
3277 3931 3430 3984 illum
3469 3928 3538 3983 de
3584 3929 3734 3983 libris

2156 4049 2187 4088 a
2217 4034 2398 4097 Petro,
2430 4047 2540 4086 non
2581 4038 2762 4083 autem
2799 4041 2828 4079 a
2851 4025 3133 4080 Clemente
3173 4022 3397 4091 scriptis
3443 4021 3517 4075 ibi
3549 4021 3722 4090 dispu-

2155 4135 2292 4181 tare.
2347 4124 2617 4180 Caeterum
2671 4121 2716 4176 si
2761 4117 3034 4174 Eusebius
3067 4117 3122 4170 in
3150 4115 3334 4172 allatis
3385 4115 3526 4168 locis
3569 4114 3732 4167 libros

2156 4217 2588 4287 Recognitionum
2632 4211 2931 4268 Clementis
2986 4209 3208 4274 laudat,
3265 4208 3391 4263 illos
3438 4207 3729 4277 genuinum

2156 4308 2458 4365 Clementis
2507 4323 2644 4378 opus
2695 4321 2816 4361 esse
2867 4304 3086 4374 penitus
3142 4299 3438 4357 inﬁciatur.
3505 4297 3566 4352 Si
3613 4315 3731 4353 vero

2157 4415 2345 4456 eorum
2383 4415 2497 4454 non
2534 4397 2806 4461 meminit,
2850 4396 2992 4451 idem
3020 4411 3085 4449 ex
3119 4392 3240 4461 ejus
3263 4391 3486 4446 silentio
3518 4390 3730 4444 ducitur

470 4502 624 4571 gelii,
663 4498 844 4552 tertius
885 4491 1528 4547 Prwdicationis...inler
1555 4489 1880 4559 apocryphas
1918 4489 2052 4542 scri—
2085 4492 2127 4545 Ι)
2157 4495 2561 4558 argumentum.
2612 4483 2801 4554 Neque
2847 4483 2993 4539 enim
3046 4481 3137 4535 ille
3185 4488 3296 4533 tam
3345 4479 3541 4548 longas
3586 4479 3728 4531 lucu-

469 4604 654 4662 pturas
708 4594 1040 4656 reputantur.
1103 4583 1319 4638 Rursus
1377 4597 1506 4635 vero
1557 4581 1649 4634 ubi
1684 4579 1766 4649 Ide
1816 4580 2050 4649 ipsumet

471 4685 752 4736 Clemente
778 4679 1003 4733 disserit
1025 4678 1102 4731 "2
1129 4675 1197 4728 Et
1225 4674 1514 4743 disputatio
1531 4671 1678 4726 Petri
1705 4678 1757 4726 et
1804 4673 2045 4740 Apionis,

471 4773 672 4841 inquit,
716 4787 874 4840 quam
907 4766 1161 4821 Eusebius
1202 4766 1256 4818 in
1301 4764 1452 4817 tertio
1484 4761 1740 4816 Historia:
1796 4762 2045 4816 ecclesia-

470 4869 618 4918 stica:
662 4860 922 4915 volumine
966 4857 1231 4928 coarguit.
1276 4855 1342 4908 Et
1375 4871 1434 4909 re
1466 4853 1684 4923 quidem
1727 4855 1845 4924 ipsa
1875 4853 2047 4908 Euse-

470 4957 593 5010 bius
631 4956 686 5009 in
716 4953 936 5013 eodem,
969 4965 1131 5021 quem
1164 4948 1528 5017 Hieronymus
1565 4947 1718 5010 citat,
1752 4946 1891 4999 libro
1933 4947 2046 5001 haec

470 5050 640 5104 habet
679 5047 765 5098 "2
818 5045 1050 5111 Quidam
1093 5057 1251 5110 porro
1294 5040 1404 5093 alia
1447 5039 1607 5092 etiant
1649 5053 1804 5106 opera
1835 5039 2047 5105 prolixa

469 5141 565 5195 sub
608 5141 720 5209 ejus
768 5137 976 5192 nomine
1027 5133 1138 5188 heri
1213 5149 1275 5186 ac
1335 5131 1720 5186 nudiustertius
1772 5147 1826 5183 in
1871 5136 2046 5184 lumen

467 5235 832 5304 protulerunt,
881 5238 1009 5298 puta
1059 5228 1202 5281 Petri
1258 5235 1309 5280 et
1367 5225 1589 5294 Apionis
1635 5223 2040 5292 disputationes,

468 5343 692 5398 quarum
733 5324 872 5394 apud
914 5323 1158 5391 antiquos
1191 5318 1341 5374 nulla
1371 5319 1582 5371 omnino
1617 5325 1790 5370 exstat
1826 5319 2040 5371 mentio.

472 5417 652 5489 Neque
678 5418 816 5472 enim
849 5417 1053 5470 sincera
1085 5421 1239 5466 recta:
1264 5409 1409 5480 ﬁdei,
1436 5410 1500 5463 ab
1525 5410 1779 5480 apostolis
1808 5410 2041 5475 traditis,

540 5562 584 5593 δ’
623 5559 861 5612 Tractat.
892 5557 960 5630 5.5
986 5557 1040 5608 in
1059 5553 1270 5630 illatua;
1296 5558 1415 5622 post
1445 5552 1585 5630 lnitn
1640 5548 1702 5630 ζ’.
1726 5546 1984 5630 Pltilocal.
2005 5548 2190 5630 3.2.23
2223 5549 2281 5630 in
2318 5547 2472 5630 linea
2517 5544 2738 5630 “"Calp.
2773 5543 2963 5598 {0-24.
2993 5544 3085 5630 ..ξ’
3123 5537 3596 5630 L‘inbLDe'Judaic.
3627 5550 3711 5630 si:

502 5606 861 5698 antibasis—py.
1057 5606 1103 5656 “
1140 5625 1196 5678 In
1230 5606 1482 5691 Respons.
1517 5619 1585 5672 ad
1628 5617 1801 5670 Nicet.
1834 5619 1926 5671 lib.
2002 5617 2048 5647 ⁴⁹
2085 5606 2202 5672 ιλιι.
2237 5619 2312 5672 De
2340 5617 2538 5671 lumine
2561 5606 2792 5679 Eccles.,
2825 5631 2948 5684 cap.
2989 5615 3074 5669 15.
3150 5613 3195 5643 ⁵⁰
3233 5606 3294 5659 [η
3336 5608 3584 5678 Synopsi.

502 5706 568 5743 .ih
633 5698 1127 5743 ltescri91_eccles-
1239 5695 1282 5724 "
1324 5693 1457 5743 Eod.
1491 5693 1586 5743 lib.
1680 5688 1728 5718 ⁸⁸
1765 5687 1884 5742 Lib.
1921 5704 1980 5741 ιιι
2019 5687 2186 5743 Ηίδι..
2230 5707 2353 5743 can.
2388 5689 2479 5743 58.
2555 5687 2601 5717 “
2645 5686 2701 5739 lu
2757 5686 2940 5740 cunul.
3001 5685 3130 5738 Eus.
3194 5683 3398 5736 locum.
3526 5677 3568 5707 ⁸³

1097 5711 1127 5749 ι.
1239 5707 1282 5724 ’³
1324 5707 1457 5747 non.
1491 5707 1586 5746 Illi.
1680 5707 1728 5718 "
1765 5707 1884 5742 LID.
1921 5707 1980 5741 Ill
2019 5707 2186 5750 tttst.,
2230 5707 2353 5760 cap.
2388 5707 2479 5743 ῡδ.
2555 5707 2601 5717 "
2645 5707 2701 5739 Ill
2757 5707 2940 5740 cuum.
3001 5707 3130 5738 nus.
3195 5707 3291 5736 IUCI

1097 5766 1145 5798 "
1206 5764 1329 5820 Lib.
1388 5781 1440 5820 vr
1502 5761 1675 5825 llist.,
1733 5776 1853 5830 cap.
1885 5759 1967 5815 Η.
2027 5759 2088 5840 ,⁸⁵
2136 5758 2298 5815 Tom.
2351 5776 2472 5824 xm,
2505 5755 2750 5824 Exposit.
2778 5757 2829 5810 in
2863 5754 3062 5826 Evang.
3093 5753 3291 5806 Joann.

515 5706 586 5757 ib.
629 5701 704 5754 De
728 5693 911 5765 script.
942 5698 1127 5751 eccles.
1208 5695 1282 5765 7"
1324 5693 1457 5747 Eod.
1491 5693 1586 5765 lib.

472 5794 529 5830 ιιι
574 5772 742 5834 llist.,
775 5786 896 5838 cup.
947 5769 998 5822 3.

467 5849 556 5910 su,
594 5844 620 5914 ε
666 5843 749 5896 ιδ.

2153 4580 2454 4642 brationes,
2482 4593 2620 4647 quas
2651 4593 2682 4631 a
2706 4576 2983 4631 Clemente
3015 4571 3298 4642 profectas
3323 4587 3446 4626 esse
3470 4581 3723 4633 novisset,

2149 4680 2260 4728 tam
2292 4673 2401 4729 alto
2429 4673 2604 4742 potuit
2628 4684 2867 4741 unquam
2897 4668 3174 4743 praeterire
3211 4666 3456 4722 silentio.

2221 4765 2432 4831 Quibus
2463 4771 2642 4819 autem
2674 4761 3006 4818 accuratiori
3037 4759 3455 4830 diligentiahoc
3481 4757 3721 4814 Clemen-

2149 4857 2220 4914 tis
2250 4873 2389 4928 opus
2423 4857 2740 4912 examinare
2782 4854 2962 4915 licuit,
2990 4853 3025 4906 ii
3060 4853 3347 4907 certiorem
3377 4851 3446 4906 de
3490 4852 3584 4905 illo
3613 4866 3719 4905 seu-

2151 4952 2376 5005 tentiam
2410 4948 2610 5004 ferunt.
2645 4947 2755 5001 llos
2788 4947 2930 5000 inter
2945 4945 3723 5015 Epiphanius.memorizepro-

2151 5044 2290 5098 didit
2325 5042 2658 5098 Clementem
2701 5047 2951 5095 nostrum
2982 5039 3050 5094 de
3071 5037 3218 5092 Petri
3253 5037 3591 5092 Circuitibus
3633 5035 3722 5089 ali-

2152 5134 2288 5205 quid
2323 5150 2511 5188 revera
2548 5133 2770 5203 scriptis
2802 5131 3117 5194 tradidisse,
3147 5130 3242 5185 sed
3274 5131 3398 5198 ejus
3431 5131 3634 5198 scripta
3660 5129 3720 5180 ab

2152 5227 2422 5282 Ebionitis
2457 5225 2727 5282 haereticis
2765 5224 2901 5278 adeo
2938 5223 3105 5278 fuisse
3142 5231 3425 5290 corrupta,
3461 5229 3522 5273 ut
3546 5220 3718 5288 paucis

2149 5319 2294 5376 Veris
2319 5319 2547 5380 relictis,
2573 5326 2767 5371 caetera
2798 5314 2904 5386 ipsi
2938 5314 3076 5369 falso
3099 5313 3492 5383 supposuerint
3509 5312 3575 5362 "z
3597 5309 3716 5363 Sunt

2149 5419 2200 5465 et
2229 5409 2324 5463 alii
2353 5409 2498 5474 libri,
2525 5408 2729 5478 inquit,
2757 5405 2949 5476 quibus
2983 5414 3226 5470 utuntur,
3262 5402 3401 5458 velut
3427 5402 3574 5456 Petri
3605 5400 3712 5453 Cir-

3526 5677 3568 5707 ”
3605 5674 3709 5728 ιλιι.

3435 5749 3482 5781 ⁸⁸
3523 5746 3706 5800 Hirrus.

2555 5687 2601 5717 “
2645 5686 2701 5739 lu
2757 5683 2940 5740 ctuud.
3001 5685 3130 5738 Eus.
3194 5683 3398 5736 locum.
