3806 6288
162 339 271 397 1181

1200 333 1755 391 RECOGNITIONES.
1792 364 1859 376 —
1888 333 2242 392 PROCEMIA.

3146 336 3283 392 “8‘2

160 449 303 500 tuitus
340 461 369 498 a
400 444 653 500 Clemente
692 449 1006 518 conscripti,
1035 449 1292 516 Περιόδοι
1330 450 1646 521 καλούμεναι

1752 443 1978 499 homines
2026 444 2095 498 ad
2139 450 2476 498 assertionem
2531 454 2832 518 aogmatum
2873 462 3083 501 suorum
3104 487 3119 510 ,
3189 452 3283 503 sub

159 534 371 601 Πέτρου.
400 532 509 597 Quo
541 534 596 585 in
626 534 786 599 libro,
829 539 1010 607 paucis
1038 538 1169 591 veris
1211 538 1404 591 relictis
1424 579 1440 603 ,
1469 549 1649 592 cetera

157 632 530 690 supposuerant;
558 625 991 690 quemadmodum
1016 624 1247 699 Clemens
1289 627 1396 693 ipse
1420 626 1651 679 omnibus

157 712 254 765 illos
291 711 451 763 modis
484 713 747 781 redarguit
777 714 844 766 iis
886 714 1120 782 epistolis
1152 714 1512 777 circularibus,
1540 731 1655 785 quin

156 800 277 853 abeo
303 801 520 868 scriptce,
548 802 601 853 in
635 805 984 856 sacrosanctis
1014 803 1258 856 Ecclesiis
1284 805 1543 872 leguntur.
1570 803 1654 856 Ea:

156 892 315 959 quibus
345 900 543 943 constat
568 891 718 961 longe
754 893 820 945 ab
848 894 935 957 iis,
960 910 1075 961 quae
1111 894 1166 946 in
1193 893 1514 948 Circuitibus
1544 894 1653 947 illis

154 980 229 1033 sub
256 979 361 1047 ejus
407 982 612 1033 nomine
642 982 942 1035 adulterina
977 991 1209 1047 exstant,
1242 984 1381 1035 illius
1413 984 1564 1050 ﬁdem
1593 1000 1655 1038 ac

154 1085 410 1122 sermonem
444 1070 793 1124 abhorruisse.
824 1071 1027 1127 Etenim
1052 1073 1397 1140 virginitatem
1423 1073 1653 1127 Clemens

150 1159 324 1223 docuit,
349 1158 439 1211 isti
469 1160 745 1227 repudiant
778 1176 797 1214 :
819 1162 907 1213 ille
937 1160 1130 1225 Eliam,
1158 1160 1401 1213 Davidem
1428 1173 1477 1214 et
1500 1162 1650 1215 Sam-

152 1265 336 1309 sonem,
378 1265 655 1317 omnesque
695 1250 970 1318 praphetas
1007 1252 1360 1313 commendat,
1401 1250 1659 1306 Ebionitas

150 1338 463 1391 detestantur.
496 1338 672 1402 Quare
701 1340 756 1391 in
785 1339 1109 1393 Circuitibus
1138 1340 1252 1391 istis
1288 1355 1437 1391 suum
1477 1339 1544 1392 ad
1575 1342 1657 1393 in-

149 1428 362 1479 stitutum
395 1430 854 1481 accommodarunt
877 1429 1069 1493 omnia,
1091 1445 1152 1484 ac
1172 1429 1234 1481 de
1253 1428 1405 1481 Petro
1426 1428 1658 1499 plurima

146 1510 381 1564 mendacia
413 1512 798 1579 conﬁnxerunt.
844 1509 1147 1578 Cujusmodi
1188 1521 1264 1565 est
1303 1512 1435 1563 inter
1474 1520 1659 1565 cretera

146 1599 269 1652 illum
317 1602 643 1654 castimoniae
689 1617 853 1654 causa
902 1601 1120 1660 lavisse,
1167 1601 1303 1669 quod
1348 1604 1438 1655 isti
1490 1603 1660 1672 facere

145 1700 499 1745 consueverunt.
532 1691 667 1744 Tum
689 1690 756 1743 ab
784 1692 1030 1745 animatis
1065 1693 1320 1755 omnibus,
1345 1702 1393 1746 et
1413 1693 1656 1750 carnibus

1752 536 1978 590 virorum
2020 543 2320 590 sanctorum
2362 537 2565 591 nomine
2611 548 2855 605 tanquam
2910 539 3118 607 facilius
3174 556 3286 594 cre-

1752 624 1920 678 denda
1975 626 2296 677 inseruerunt
2353 640 2447 689 ea,
2503 633 2616 696 qua
2675 628 2757 680 illi
2793 644 2883 681 nec
2935 630 3154 683 sensisse
3194 610 3286 683 nec

1754 715 2022 781 scripsisse
2069 714 2308 767 censendi
2353 725 2493 770 sunt.
2553 716 2609 769 In
2668 717 2979 785 praefatione
3010 735 3137 773 vero
3175 734 3289 775 sum

1753 803 2059 856 eorumdem
2104 803 2363 859 librorum
2416 803 2876 873 interpretationis
2918 808 3031 861 haec
3084 809 3283 864 habet:

1754 889 1889 943 Sunt
1918 899 1968 943 et
1997 890 2232 959 quaedam
2259 890 2322 943 de
2354 892 2580 960 ingenito
2606 892 2714 946 Deo
2747 895 3012 964 genitoque
3039 895 3285 963 disserta,

1751 988 1799 1031 et
1836 979 1899 1032 de
1938 980 2059 1032 aliis
2096 981 2380 1047 nonnullis,
2430 998 2565 1051 quae,
2594 993 2651 1035 ut
2672 984 2803 1037 nihil
2837 986 3056 1051 amplius
3092 986 3285 1053 dicunt,

1753 1080 2071 1123 excesserunt
2114 1070 2506 1136 intelligentiam
2553 1082 2805 1127 nostram.
2854 1073 2980 1126 Hazc
3007 1091 3126 1143 ergo
3167 1084 3287 1128 tan-

1753 1173 1906 1223 quam
1928 1172 2084 1224 supra
2111 1159 2239 1209 vires
2269 1173 2407 1210 meas
2434 1168 2631 1221 essent,
2660 1160 2781 1214 aliis
2806 1178 3065 1215 reservare
3097 1164 3283 1228 malui,

1754 1262 1908 1311 quam
1934 1248 2100 1298 minus
2123 1247 2275 1313 plena
2301 1247 2547 1313 proferre.
2598 1247 2805 1311 Quibus
2851 1249 2939 1303 ille
2971 1253 3286 1318 posteriori-

1756 1334 1856 1388 bus
1893 1334 2070 1388 verbis
2120 1350 2229 1387 non
2277 1335 2509 1389 obscure
2559 1336 2753 1399 innuit,
2797 1337 2909 1391 haec
2959 1341 3138 1392 omnia
3166 1356 3194 1392 a
3229 1355 3288 1394 se

1755 1423 1989 1481 omissa,
2040 1437 2139 1476 nec
2170 1422 2357 1479 Latine
2412 1423 2637 1480 reddita.
2685 1424 2870 1480 Varios
2929 1427 3146 1497 insuper
3198 1429 3287 1482 ille

1757 1512 1940 1566 habuit
1988 1514 2382 1581 manuscriptos
2426 1514 2665 1579 codices,
2714 1530 2744 1568 a
2772 1532 2831 1570 se
2862 1518 3089 1572 invicem
3133 1519 3288 1591 longe

1756 1603 2017 1666 diversos,
2049 1610 2209 1671 atque
2239 1604 2292 1656 in
2319 1603 2640 1671 quibusdam
2661 1606 2941 1669 nonnulla,
2971 1621 3032 1659 ac
3060 1622 3124 1661 ea
3150 1623 3287 1676 pra:—

1757 1694 1939 1747 sertim
1983 1709 2101 1762 quae
2131 1693 2197 1747 de
2227 1694 2700 1749 transformatione
2734 1696 2913 1750 vultus
2951 1694 3285 1751 Faustiniani

145 1778 412 1846 reliquoque
458 1779 634 1842 omni,
680 1777 818 1846 quod
866 1795 1019 1832 carne
1064 1790 1278 1842 constet,
1311 1781 1652 1843 abstinuisse;
1684 1765 1725 1817 Β
1751 1780 2023 1842 dicuntur,
2069 1796 2176 1834 non
2214 1783 2517 1835 occurrisse
2566 1785 2853 1837 observat:
2886 1783 3042 1845 Puto,
3087 1784 3281 1852 inquit,

145 1870 354 1935 quoniam
375 1868 437 1921 ab
469 1870 532 1922 iis
560 1878 669 1924 tam
703 1866 869 1921 Ebion
892 1868 1018 1922 olim
1039 1886 1194 1938 quam
1225 1870 1373 1925 hodie
1402 1870 1655 1925 Ebionitte

142 1974 295 2011 omnes
328 1957 627 2012 abhorrent.
673 1956 755 2011 Re
778 1967 955 2011 autem
985 1973 1130 2019 vera,
1167 1959 1223 2015 in
1246 1960 1330 2013 his
1358 1961 1511 2015 libris
1531 1961 1657 2012 dili-

141 2054 304 2117 genter
342 2047 663 2101 observatur
721 2046 935 2100 Petrum
994 2061 1155 2101 mane
1204 2048 1421 2104 lavisse.
1467 2049 1526 2101 In
1567 2050 1653 2106 his

138 2135 278 2191 etiam
293 2134 480 2191 Petrus
505 2135 712 2193 dixisse
743 2134 910 2190 fertur
930 2134 1007 2187 "z
1032 2134 1196 2190 Panis
1226 2136 1350 2190 mihi
1373 2136 1513 2194 solus
1537 2155 1653 2195 cum

140 2226 287 2286 olivis,
329 2235 375 2281 et
416 2243 541 2283 raro
583 2225 746 2282 etiam
788 2240 903 2279 cum
955 2223 1176 2277 oleribus
1227 2226 1281 2281 in
1313 2241 1410 2283 usu
1448 2234 1544 2282 est.
1595 2225 1653 2284 lu

140 2315 211 2370 his
235 2316 453 2386 denique
479 2315 739 2372 Christus
791 2315 939 2370 solus
978 2315 1175 2383 ubique
1194 2330 1355 2371 verus
1387 2314 1651 2384 Propheta

143 2403 293 2460 luisse
341 2407 620 2463 asseritur.
672 2403 846 2460 Porro
896 2404 940 2459 si
986 2402 1315 2475 Epiphanius
1370 2406 1649 2473 nonnulla,

142 2509 245 2562 qua:
270 2498 322 2548 in
350 2496 433 2551 his
460 2496 614 2550 libris
664 2494 888 2548 minime
914 2502 1226 2557 occurrunt,
1283 2495 1531 2551 retulisse
1573 2495 1653 2548 vi-

140 2576 324 2644 deatur,
359 2580 447 2634 ille
474 2581 721 2651 profecto
751 2580 807 2633 in
831 2581 1075 2633 diversos
1100 2580 1167 2634 ab
1190 2580 1276 2647 iis,
1316 2582 1513 2650 quibus
1541 2581 1652 2635 Ru-

142 2669 263 2727 linus
289 2688 432 2728 suam
460 2674 626 2733 edidit.
657 2674 983 2737 versionem,
1016 2672 1232 2728 codices
1278 2676 1531 2732 incidisse
1570 2678 1652 2734 di-

141 2759 321 2816 cendus
347 2769 446 2818 est.

627 2845 1021 2906 ARTICULUS
1055 2849 1142 2905 ιν.

324 2938 583 2996 Sententia
610 2940 790 3008 Rufini
817 2949 864 2995 et
888 2939 1061 2996 Photii
1081 2939 1144 2995 de
1167 2941 1244 2996 his
1278 2942 1444 3000 libris.

202 3024 377 3098 Opinio
422 3030 665 3098 ejusdem
723 3043 934 3130 quoque
962 3028 1142 3087 Ruﬁni
1191 3040 1292 3094 est,
1336 3032 1434 3088 hos
1482 3032 1648 3089 libros
1672 3069 1716 3130 ρ

144 3132 169 3170 a
188 3118 440 3177 Clemente
469 3120 718 3174 Romano
736 3118 987 3187 pontiﬁce
1028 3128 1298 3191 exaratos,
1328 3138 1526 3197 eosque
1552 3124 1648 3178 do-

143 3216 365 3273 pravatos
392 3208 553 3264 luisse
583 3210 650 3262 ab
682 3207 984 3276 haereticis;
1013 3210 1105 3265 sed
1134 3211 1285 3278 plura
1314 3228 1470 3281 quam
1497 3221 1646 3282 putat

143 3294 459 3366 Epiphanius,
503 3300 734 3365 integra,
758 3304 810 3350 et
838 3297 908 3351 ab
935 3298 1050 3365 ipso
1079 3297 1351 3355 Clemente
1377 3317 1498 3356 vero
1521 3320 1645 3372 pru-

142 3384 281 3451 fecta,
305 3387 356 3440 in
386 3388 451 3442 iis
475 3403 574 3441 suo
604 3393 843 3452 tempore
881 3385 1185 3440 occurrisse
1229 3394 1478 3442 testatur.
1518 3389 1647 3457 Ejus

140 3476 302 3540 verba,
331 3477 450 3531 licet
480 3476 642 3545 paulo
670 3473 985 3541 prolixiora,
1016 3475 1140 3545 quia
1173 3475 1241 3529 ad
1268 3491 1378 3530 rem
1404 3484 1645 3531 nostrain

139 3577 229 3617 non
259 3582 438 3635 parum
494 3566 725 3624 faciunt,
756 3564 842 3617 hic
865 3564 1266 3621 transcribenda
1294 3581 1410 3620 esse
1441 3567 1646 3636 putavi-

140 3667 243 3708 mus
268 3656 327 3706 “:
361 3656 630 3715 Clemens,
676 3653 887 3720 inquit,
937 3654 1286 3719 apostolorum
1340 3656 1642 3721 discipulus,

138 3745 213 3810 qui
240 3744 473 3799 Romana:
507 3745 755 3798 Ecclesia:
786 3753 901 3812 post
940 3746 1198 3811 apostolos
1229 3753 1276 3797 et
1306 3745 1569 3812 episcopus
1596 3754 1647 3800 et

136 3842 317 3903 martyr
337 3835 567 3901 prtefuit,
611 3832 767 3885 libros
792 3831 973 3894 edidit,
998 3833 1086 3901 qui
1115 3831 1287 3886 Greece
1323 3833 1647 3900 appellantur

148 3918 581 3994 ’Δναγνωρισμός,
605 3920 659 3973 id
695 3917 1187 3989 estRecognitio;in
1229 3921 1409 3990 quibus
1445 3938 1558 3973 cum
1584 3936 1648 3974 ex

134 4024 334 4075 persona
359 4010 500 4064 Petri
526 4010 751 4079 apostoli
772 4008 1009 4061 doctrina
1043 4010 1193 4078 quasi
1224 4026 1336 4062 vere
1365 4011 1646 4076 apostolica

135 4096 181 4148 in
210 4115 355 4166 quam
386 4100 628 4167 plurimis
657 4108 962 4164 exponatur,
996 4099 1050 4150 in
1077 4098 1331 4168 aliquibus
1370 4100 1446 4151 ita
1469 4099 1646 4152 Euno-

130 4188 212 4238 mii
231 4187 411 4257 dogma
428 4190 707 4254 scribitur,
738 4197 794 4239 ut
834 4188 962 4239 nihil
988 4187 1131 4239 aliud
1155 4205 1308 4257 quam
1335 4190 1439 4256 ipse
1468 4187 1646 4244 Euno-

131 4278 250 4329 mius
291 4280 559 4344 disputare
602 4279 863 4339 credatur,
898 4276 1095 4329 Filium
1135 4277 1231 4330 Dei
1266 4289 1555 4332 creaturam
1581 4294 1643 4334 ea:

1752 1867 1886 1938 quod
1917 1879 1963 1925 te
1989 1886 2090 1921 non
2122 1869 2283 1922 lateat
2304 1869 2579 1925 Clementis
2608 1872 2760 1938 hujus
2788 1873 2842 1923 in
2866 1871 3043 1925 Graeco
3059 1872 3286 1940 ejusdem

1751 1958 1917 2025 operis
1965 1956 2354 2027 Ἀναγνὼσεων,
2399 1958 2494 2011 hoc
2539 1967 2614 2011 est
2656 1958 3117 2028 Recognitionum,
3152 1963 3286 2015 duas

1749 2046 2000 2101 editiones
2045 2045 2242 2109 haberi,
2285 2056 2333 2100 et
2371 2046 2474 2100 duo
2512 2063 2727 2115 corpora
2772 2065 2882 2102 esse
2931 2049 3200 2113 librorum,
3231 2052 3288 2104 in

1750 2136 2033 2205 aliquantis
2064 2136 2266 2205 quidem
2295 2134 2520 2201 diversa,
2546 2137 2601 2189 in
2634 2138 2814 2189 multis
2857 2148 3025 2191 tamen
3060 2139 3287 2207 ejusdem

1749 2226 2070 2277 narrationis
2097 2223 2358 2292 :denique
2387 2239 2508 2291 pars
2555 2225 2741 2276 ultima
2787 2226 2942 2295 hujus
2994 2230 3184 2297 operis,
3232 2232 3288 2283 in

1747 2327 1848 2383 qua
1872 2312 1933 2365 de
1961 2312 2415 2383 transformatione
2447 2313 2673 2368 Simonis
2694 2316 2934 2383 refertur,
2957 2319 3012 2370 in
3033 2334 3137 2371 uno
3163 2336 3284 2372 cor-

1744 2415 1866 2467 pore
1896 2401 2132 2464 habetur,
2179 2402 2233 2455 in
2282 2402 2386 2455 alio
2430 2419 2530 2455 non
2565 2402 2802 2458 habetur.
2846 2403 3024 2459 Monet
3056 2406 3288 2475 denique

1746 2488 2024 2558 epistolam
2069 2487 2357 2544 Clementis
2410 2491 2475 2547 ad
2495 2489 2750 2545 Iacobum
2801 2490 3018 2546 fratrem
3048 2493 3284 2559 Domini,

1749 2590 1867 2644 quae
1909 2575 2035 2631 huic
2072 2577 2221 2645 operi
2269 2577 2484 2645 praeﬁxa
2524 2588 2669 2641 eratr
2703 2594 2733 2633 a
2762 2594 2820 2633 se
2849 2580 3020 2635 fuisse
3064 2590 3287 2650 praeter-

1750 2664 2010 2723 missam:
2036 2664 2327 2733 Epistolam
2364 2683 2490 2721 sane
2531 2668 2586 2720 in
2616 2684 2717 2737 qua
2758 2668 2892 2722 idem
2924 2668 3177 2737 Clemens,
3217 2672 3285 2725 ad

1746 2752 2003 2809 Iacobum
2033 2754 2248 2824 fratrem
2266 2755 2477 2811 Domini
2505 2756 2821 2813 scribens....
2850 2758 2964 2812 ideo
2993 2760 3110 2814 huic
3144 2764 3283 2829 operi

1747 2860 1848 2897 non
1872 2844 2193 2912 pra‘misi....
2212 2845 2333 2913 quia
2361 2854 2410 2901 et
2441 2853 2660 2913 tempore
2683 2849 2936 2915 posterior
2963 2861 3062 2914 est,
3090 2860 3138 2905 et
3161 2853 3285 2906 olim

1747 2948 1779 2985 a
1808 2948 1889 2985 me
1925 2932 2264 2999 interpretata
2292 2942 2446 3002 atque
2468 2933 2628 2988 edita.
3268 2945 3274 2952 ‘

1814 3018 2035 3076 Photius
2072 3035 2227 3085 vero,
2253 3023 2346 3091 qui
2386 3024 2568 3091 plures
2606 3024 2767 3079 etiam
2816 3024 3079 3082 habuerat
3123 3028 3285 3099 hujus

1746 3109 1926 3177 operis
1963 3110 2179 3168 codices
2217 3126 2379 3165 manu
2404 3121 2677 3178 exaratos,
2700 3112 2768 3167 de
2805 3129 2869 3168 eo
2896 3117 2975 3169 sic
2999 3115 3186 3170 deﬁnit
3206 3118 3282 3170 ἰε

1748 3201 1987 3269 Epistola
2031 3203 2320 3272 prteﬁgitur
2369 3212 2617 3272 tanquam
2665 3203 2732 3256 ad
2765 3202 3019 3259 Iacobum
3067 3209 3285 3276 fratrem

1744 3290 1974 3355 Domini,
1999 3299 2047 3350 et
2068 3291 2176 3345 hac
2198 3309 2357 3362 neque
2380 3293 2578 3356 eadem,
2610 3310 2766 3363 neque
2794 3304 2851 3347 ut
2878 3296 2940 3348 ab
2968 3302 3143 3351 eodem
3164 3314 3286 3367 pro-

1742 3379 1897 3447 fecta,
1920 3379 2009 3433 sed
2049 3381 2103 3433 in
2139 3380 2286 3437 libris
2311 3383 2578 3435 nonnullis
2617 3382 2774 3436 veluti
2813 3401 2845 3436 a
2870 3383 3027 3439 Petro
3051 3390 3283 3455 apostolo

1744 3476 1810 3523 ad
1831 3469 2083 3525 Iacobum
2124 3472 2326 3527 missa:
2351 3474 2402 3525 in
2446 3473 2569 3527 aliis
2613 3491 2794 3528 rursus
2831 3486 3079 3547 tanquam
3113 3478 3282 3533 aClc-

1744 3566 1908 3612 mente
1929 3558 1995 3613 ad
2014 3557 2358 3615 Iacobum...
2383 3560 2567 3613 harum
2595 3563 2739 3629 prior
2765 3564 2991 3616 ostendit
3011 3566 3281 3632 ipsummet

1743 3647 1958 3700 Petrum
1988 3662 2070 3702 res
2097 3663 2130 3701 a
2158 3665 2214 3702 so
2249 3658 2420 3715 gestas
2463 3654 2830 3719 conscripsisse
2849 3692 2862 3714 ,
2896 3663 2944 3706 et
2964 3652 3161 3707 Iacobo
3190 3671 3277 3708 eas

1742 3738 2031 3804 postulanti
2080 3739 2284 3791 misisse
2330 3754 2349 3792 :
2391 3738 2561 3793 altera
2618 3757 2731 3793 vero
2771 3742 2927 3809 refert
2969 3740 3279 3797 Clementem

1744 3821 1886 3877 Petri
1930 3825 2086 3891 jussu
2145 3825 2351 3878 easdem
2405 3842 2485 3879 res
2545 3837 2713 3895 gestas
2772 3828 2960 3880 litteris
3017 3830 3275 3896 proditas,

1741 3926 2009 3985 postquam
2061 3915 2150 3968 ille
2189 3916 2304 3984 jam
2361 3917 2427 3968 ad
2485 3918 2835 3970 immortalem
2891 3923 3279 3988 commigrasset

1740 4001 2497 4065 vitam,lacobotransmisisse.
2552 4003 2633 4056 Ea:
2657 4021 2756 4073 quo
2798 4006 3092 4073 conjectura
3134 4009 3280 4075 capi-

1743 4105 1827 4147 tur
1846 4095 2005 4159 fuisse
2033 4111 2111 4147 res
2133 4103 2303 4162 gestas
2329 4094 2385 4149 S.
2407 4094 2548 4147 Petri
2577 4094 2782 4159 editas;
2807 4108 2858 4149 at
2889 4112 3006 4149 cum
3032 4099 3276 4164 temporis

1744 4186 2113 4254 longinquitate
2138 4185 2371 4251 periisset
2402 4187 2588 4247 altera,
2623 4186 2771 4239 illam
2800 4187 3081 4242 Clementis
3111 4188 3279 4241 solam

1743 4273 2066 4341 perdurasse.
2114 4271 2180 4324 In
2219 4273 2454 4324 omnibus
2505 4274 2638 4326 enim
2688 4273 2853 4335 libris,
2901 4291 3026 4343 quos
3077 4276 3278 4345 quidem

128 4365 273 4418 nullis
294 4369 620 4420 exstantibus
647 4382 963 4419 asseverans.
986 4365 1115 4419 Tum
1135 4365 1314 4419 deinde
1336 4369 1491 4420 etiam
1516 4369 1645 4421 illud
1677 4370 1719 4427 D
1746 4363 1872 4415 mihi
1914 4362 2079 4415 videre
2117 4362 2333 4429 contigit
2369 4362 2499 4430 (non
2536 4378 2727 4430 paucos
2773 4364 2890 4415 illos
2927 4366 3123 4429 certe),
3165 4374 3278 4430 post

126 4453 356 4508 adulterii
380 4472 540 4524 genus
570 4455 834 4514 inseritur,
867 4462 923 4505 ut
951 4463 1192 4506 naturam
1215 4454 1411 4508 diaboli
1433 4467 1646 4511 ctetcro-

124 4559 324 4613 rumque
354 4545 651 4599 dmmonum
690 4559 792 4594 non
827 4543 1079 4609 propositi
1122 4542 1496 4613 voluntatisque
1532 4564 1646 4599 ma-

125 4631 250 4693 litia.
291 4636 378 4688 sed
418 4644 633 4700 excepta
672 4649 733 4685 ac
769 4643 1009 4699 separata
1058 4645 1308 4686 creatura:
1342 4636 1643 4701 produxerit

121 4721 358 4785 qualitas,
395 4722 485 4789 qui
515 4721 690 4789 utique
727 4720 778 4770 in
808 4720 1004 4771 caeteris
1045 4736 1242 4772 omnem
1284 4722 1643 4776 rationabilem

121 4807 357 4863 docuerat
424 4810 574 4863 liberi
635 4808 844 4861 arbitrii
896 4807 1144 4875 facultate
1188 4809 1454 4865 donatam.
1515 4811 1647 4866 Sunt

119 4900 267 4951 etiam
296 4900 554 4954 nonnulla
591 4899 739 4953 libris
769 4898 881 4965 ejus
911 4899 1130 4958 inserta.
1162 4916 1275 4968 qua:
1302 4900 1648 4955 ecclesiastica

120 4991 287 5055 regula
322 4991 533 5044 omnino
564 5006 666 5043 non
705 4988 907 5053 recipit.
960 4986 1648 5057 Quid,qua?so,apostolicus

120 5078 210 5136 rir.
253 5082 355 5132 imo
381 5094 509 5146 pene
552 5076 819 5147 apostolus
860 5090 962 5127 non
989 5090 1051 5127 ea
1078 5076 1258 5128 scribit
1291 5093 1400 5141 qua:
1428 5081 1652 5146 apostoli

120 5164 321 5230 dicunt;
360 5168 443 5219 cui
477 5165 677 5219 Paulus
711 5162 973 5231 apostolus
1005 5162 1352 5215 testimonium
1379 5164 1519 5218 dedit
1558 5166 1644 5219 di-

120 5270 267 5309 cens:
297 5275 315 5305 ι
343 5256 475 5310 Cum
507 5257 762 5311 Clemente
799 5262 846 5305 et
885 5251 1209 5318 adjutoribus
1256 5254 1381 5306 meis
1423 5258 1641 5319 caeteris,

122 5359 329 5408 quorum
361 5347 573 5398 nomina
598 5352 718 5397 sunt
752 5342 803 5393 in
841 5338 972 5393 libro
1015 5340 1168 5402 vitat;
1193 5359 1210 5389 ι
1242 5350 1291 5392 et
1327 5344 1520 5398 scribat
1550 5346 1643 5400 hoc

122 5434 248 5496 quod
286 5436 438 5489 libris
481 5437 597 5490 vita:
635 5434 951 5510 contrarium
978 5431 1193 5484 est?An
1230 5432 1283 5483 ia
1314 5436 1484 5502 potius
1524 5454 1638 5491 cre—

128 5520 335 5575 dendum
381 5533 491 5589 est,
541 5521 675 5591 quod
726 5538 883 5591 supra
929 5516 1187 5581 diximus,
1234 5523 1371 5587 quod
1420 5526 1640 5585 perversi

1745 4452 1976 4505 diversas
2037 4452 2157 4504 illas
2201 4450 2483 4519 epistolas,
2529 4463 2678 4520 atque
2728 4452 3085 4517 inscriptiones
3142 4453 3277 4507 idem

1746 4542 1954 4595 omnino
2008 4542 2115 4593 sine
2170 4542 2457 4595 variatione
2487 4540 2581 4593 hoc
2615 4543 2779 4608 operis
2834 4541 3040 4592 initium
3076 4544 3274 4608 reperi:

1747 4650 1767 4683 ι
1797 4630 1900 4699 Ego
1930 4630 2163 4687 Ctemens
2181 4669 2196 4691 ,
2223 4648 2241 4679 ι
2284 4638 2331 4682 et
2360 4645 2473 4698 qute
2502 4630 2679 4683 ordine
2708 4630 2939 4695 deinceps
2968 4640 3270 4697 sequuntur.

1744 4719 2003 4787 Refertum
2030 4729 2103 4772 est
2136 4728 2303 4771 autem
2327 4719 2422 4772 hoc
2445 4733 2568 4785 opus
2600 4716 2836 4770 absurdis
2860 4716 3008 4782 nugis
3036 4733 3138 4769 non
3166 4720 3276 4772 sine

1745 4807 1980 4876 plurimis
2009 4821 2075 4860 ea:
2102 4808 2212 4860 Arii
2240 4807 2478 4873 opinione
2505 4806 2556 4857 in
2579 4804 2776 4857 Filium
2805 4804 3272 4870 blasphemiis......

1745 4895 1873 4950 liber
1902 4905 2071 4949 tamen
2101 4896 2345 4948 Actorum
2369 4894 2510 4947 Petri
2531 4894 2889 4962 perspicuitate
2912 4908 2972 4942 ac
2997 4895 3276 4959 grauitate,

1747 4986 1915 5038 adhuc
1942 4986 2168 5054 puritate
2195 4994 2243 5036 et
2274 4985 2581 5037 vehementia
2616 4984 2831 5051 aliisque
2861 4980 3116 5032 orationis
3141 4982 3280 5034 doti-

1747 5075 1861 5137 bus,
1893 5092 2064 5129 rerum
2105 5076 2225 5127 item
2257 5076 2519 5126 variarum
2557 5072 2793 5127 doctrina
2828 5077 3029 5121 tantum
3060 5068 3285 5124 Consti-

1746 5166 1978 5219 tutiones
2024 5172 2267 5231 superat,
2322 5164 2467 5214 nulla
2511 5172 2566 5214 ut
2605 5160 2696 5214 Itos
2744 5163 2877 5212 inter
2917 5162 3286 5222 comparatio,

1744 5256 1813 5308 ad
1852 5269 2130 5308 sermonem
2183 5250 2317 5321 quod
2370 5253 2573 5312 attinet,
2618 5250 2733 5317 fieri
2790 5247 3096 5299 debeat.....
3140 5246 3295 5299 Hunc

1743 5344 2051 5399 Clementem
2099 5342 2321 5394 alterum
2362 5358 2394 5393 a
2417 5340 2571 5393 Petro
2603 5336 2744 5389 urbis
2765 5333 2945 5387 Roma:
2985 5334 3301 5400 episcopum

1741 5435 1901 5502 fuisse
1957 5431 2165 5501 quidam
2191 5438 2481 5489 autumant,
2514 5427 2608 5479 alii
2636 5440 2750 5477 vero
2777 5432 3064 5492 quartum;
3101 5419 3308 5473 Linum

1739 5525 1873 5577 enim
1906 5519 2278 5576 etAnacletum
2318 5519 2451 5573 inter
2488 5525 2759 5583 utrumque
2798 5513 3077 5583 pontiﬁces
3139 5507 3315 5563 exsti-

192 5662 237 5698 ¹⁹
264 5662 382 5725 Lib.
407 5680 482 5721 vn
506 5664 688 5733 Recog.
764 5665 808 5698 ⁸⁸
834 5662 951 5719 Lib.
981 5661 1055 5717 De
1077 5656 1233 5714 adnlt.
1266 5660 1357 5717 lib.
1399 5663 1608 5735 Origen.
1683 5664 1721 5695 θ’
1762 5658 2005 5716 Biblioth.
2036 5656 2151 5713 cod.
2178 5671 2301 5710 ειη.
