3872 6376
516 328 657 398 uss“

1402 334 1461 390 ὃ.
1496 332 1902 390 CLEMENTIS
1933 335 1952 389 1
1987 331 2153 389 ROM.
2190 326 2389 385 l’ONT.
2424 327 2650 384 OPERA
2692 329 2919 386 DUBlA.

3625 332 3757 391 1184

512 466 657 527 tisse,
701 475 764 516 ac
802 458 953 515 tertio
987 456 1195 510 demum
1227 451 1449 521 τινα]αηὶ
1489 467 1631 505 anno
1675 451 1835 504 vitam
1876 449 2077 519 ﬁnisse.
2108 446 2378 513 APetrus
2425 445 2773 501 dialecticum
2817 444 3226 516 sophistamque
3276 443 3353 502 ibi
3408 445 3555 517 agit,
3631 447 3754 516 ipso

510 554 652 610 Hinc
679 553 904 623 colligas
938 549 991 602 in
1026 545 1284 601 omnibus
1316 542 1492 596 Pbotii
1527 541 1812 597 codicibus
1844 541 1984 596 idem
2018 556 2085 595 ac

510 648 568 703 in
594 645 754 703 editis
786 640 991 698 nostris
1020 637 1190 691 fuisse
1220 635 1402 705 operis
1434 633 1600 703 hujus
1634 633 1871 688 initium.
1912 631 2086 687 Porro

511 746 690 793 autem
719 734 923 796 nullus,
957 729 1034 783 uti
1060 727 1370 797 Opinamur,
1405 725 1509 782 sibi
1550 725 1710 781 facile
1736 725 2085 796 persuadebit

510 827 616 882 hoc
644 826 788 880 idem
813 834 955 892 Opus
982 818 1052 873 ab
1076 815 1452 871 eruditissimo
1484 814 1579 869 illo
1608 815 1727 869 viro
1761 814 1931 871 fuisse
1959 815 2082 872 Cle-

508 919 678 975 menti
705 913 1111 985 adjudicatum;
1141 916 1201 963 ut
1227 916 1351 978 pote
1378 906 1471 976 qui
1512 906 1644 963 illud
1670 908 1847 977 ipsum
1878 910 2076 962 absur-

501 1013 591 1068 dis
617 1010 779 1080 nugis
807 1016 862 1064 et
883 1006 1211 1060 Arianorum
1242 1000 1595 1071 blasphemiis
1632 1000 1909 1071 oppletum
1953 1015 2081 1058 esse

503 1111 753 1160 tcstetur.

1037 1235 1434 1293 ARTICULUS
1471 1232 1535 1289 V.

503 1333 787 1391 Sententia:
811 1332 1157 1386 recentiorum
1191 1339 1465 1383 auctorum
1486 1325 1549 1379 de
1568 1325 1649 1378 his
1674 1318 1846 1388 libris,
1870 1332 1920 1378 et
1953 1318 2077 1394 quid

919 1400 983 1455 de
1006 1400 1192 1455 iisdem
1215 1401 1283 1454 sit
1311 1395 1659 1453 sentiendum.

574 1518 757 1589 Neque
819 1532 947 1572 vero
994 1516 1325 1586 scriptorum
1370 1514 1741 1570 recentiorum
1793 1508 2078 1567 sententiae

500 1612 684 1666 minus
721 1625 886 1681 quam
933 1608 1308 1678 antiquiorum
1344 1622 1375 1660 a
1422 1621 1483 1662 se
1529 1604 1763 1660 invicem
1810 1602 2078 1658 dissident

499 1717 795 1773 secumque
823 1700 1167 1756 discordant.
1214 1697 1445 1766 Quidam
1492 1696 1635 1753 enim
1667 1711 1697 1749 a
1730 1694 1911 1749 Rufini
1960 1693 2077 1765 opi-

501 1798 663 1853 nione
699 1811 810 1850 non
838 1795 1000 1865 longe
1052 1794 1295 1856 abeunt,
1332 1800 1391 1847 ut
1431 1790 1757 1846 Lambertus
1802 1784 2069 1843 Gruterus
2100 1790 2143 1844 Β

501 1886 808 1944 Venradius
830 1930 845 1955 ,
878 1887 973 1957 qui
1004 1884 1072 1941 de
1106 1885 1193 1941 his
1226 1885 1385 1939 libris
1423 1884 1505 1939 sic
1551 1882 1719 1958 sentit
1739 1873 1768 1937 ξ
1803 1879 2073 1947 Quantum

497 1978 567 2034 ad
612 1978 1069 2050 llecognitionum
1126 1976 1578 2032 Clementinarum
1647 1972 1825 2029 libros.
1860 1972 2070 2034 attinet,

494 2088 584 2128 eos
636 2087 748 2125 vere
780 2070 1035 2126 Clementi
1067 2078 1249 2123 nostro
1279 2067 1511 2131 ascribo,
1546 2065 1754 2119 tametsi
1795 2071 2070 2132 corruptos

490 2182 604 2220 esse
633 2179 938 2234 agnoscam,
980 2170 1037 2215 us
1066 2161 1270 2215 dicetur
1320 2160 1487 2229 infra.
1533 2156 1775 2223 Etcertc
1806 2155 2068 2229 quasdam

492 2257 587 2313 ille
619 2264 771 2311 notat
795 2254 1201 2325 corruptiones,
1230 2252 1427 2323 quibus
1470 2266 1536 2307 ea
1578 2249 1761 2303 omnia
1794 2248 2072 2319 subjungit

490 2364 617 2420 quc
648 2350 714 2413 de
749 2347 1085 2403 Faustiniani
1112 2346 1295 2401 vultus
1338 2342 1820 2401 transformatione
1868 2340 2070 2395 ibidem

495 2442 768 2513 leguntur.
823 2438 1053 2505 Quidam
1081 2449 1261 2501 autem
1312 2452 1437 2492 cum
1472 2434 1803 2491 Bellarmino
1843 2432 1912 2487 ad
1941 2431 2069 2503 Epi-

491 2532 680 2603 phanii
700 2532 1025 2588 sententiam
1046 2531 1221 2601 magis
1251 2530 1555 2594 inclinant;
1585 2535 1749 2597 atque
1768 2526 1869 2583 hos
1900 2525 2068 2583 libros

489 2624 564 2680 ab
620 2623 893 2679 haereticis
949 2623 1091 2678 foede
1147 2630 1437 2691 corruptos
1480 2635 1605 2677 esse
1631 2626 1908 2674 asserunt.
1961 2616 2069 2673 Sed

486 2716 839 2770 communior
885 2715 1118 2770 aliorum
1164 2713 1396 2782 hujusce
1442 2712 1706 2781 temporis
1748 2710 2068 2765 criticorum

490 2808 677 2878 opinio
704 2808 1039 2863 Clementem
1075 2806 1339 2860 librorum
1369 2804 1587 2859 illorum
1637 2811 1914 2859 auctorem
1943 2817 2068 2857 esse

492 2908 676 2971 negat,
736 2899 1073 2969 allirmatque
1122 2898 1245 2953 illos
1283 2897 1352 2951 ab
1376 2896 1560 2965 aliquo
1611 2894 1839 2951 secundi
1882 2893 2067 2950 saeculi

488 2992 759 3061 scriptore
798 2990 969 3046 fuisse
1017 2990 1362 3059 depravatos,
1412 3003 1616 3059 eosque
1660 2989 1896 3059 repletos
1944 3001 2068 3042 esse

2186 540 2407 595 Simone
2437 537 2595 609 Mago
2618 539 2779 609 longe
2808 537 3184 593 subtiliorem?
3209 537 3349 604 Quid
3382 553 3515 594 vero
3536 537 3608 592 de
3635 538 3793 608 ejus‘

2183 631 2397 688 ratione
2426 628 2667 693 vivendi,
2696 644 2859 684 mane
2887 627 3170 700 surgendi,
3231 628 3640 698 disputationes
3669 630 3758 685 in-

2182 722 2443 778 stituendi
2466 730 2521 777 et
2548 720 2870 785 ordinandi,
2910 720 2970 775 in
3011 720 3175 777 urbes
3206 719 3572 792 ingrediendi,
3594 728 3761 792 atque

2180 816 2252 870 ab
2280 815 2349 871 iis
2368 815 2462 885 qui
2490 814 2751 885 baptizati
2779 829 2889 869 non
2909 822 3091 877 erant,
3126 829 3245 871 sese
3281 816 3602 885 separandi.
3646 815 3757 871 dici

2180 908 2396 978 potest!
2421 905 2614 962 Nonne
2644 906 2760 962 haec
2797 906 2983 963 omnia
3011 906 3195 976 operis
3225 906 3389 975 hujus
3424 907 3757 979 suppositio-

2178 1014 2305 1054 nem
2331 998 2615 1053 evidenter
2645 998 2920 1070 arguunt?
2949 996 3090 1065 Quid
3114 997 3293 1053 adhuc
3325 1000 3503 1070 magis
3539 999 3760 1054 fabulo-

2179 1105 2301 1146 sum
2333 1104 2497 1160 quam
2532 1104 2599 1146 ea
2626 1089 2925 1162 disputatio
2962 1105 3070 1161 qua
3100 1090 3301 1161 singuli
3343 1091 3614 1161 apostoli.
3654 1108 3756 1147 suo

2177 1184 2382 1255 quique
2438 1183 2667 1248 ordine,
2728 1191 2922 1239 contra
2964 1182 3275 1255 Caipham,
3332 1182 3753 1249 Samaritanus,

2179 1273 2403 1331 Scribas
2428 1314 2443 1340 ,
2498 1275 2749 1345 aliosque
2806 1274 3019 1331 ludazos
3067 1274 3385 1333 decertasse
3434 1275 3754 1348 tinguntur?

2180 1365 2424 1437 Denique
2452 1366 2505 1422 in
2540 1373 2655 1422 toto
2695 1367 2789 1421 illo
2822 1382 2987 1437 opere
3024 1368 3203 1423 nullas
3247 1367 3753 1438 deprehendimus,

2175 1458 2297 1528 ejus
2343 1457 2434 1522 cui
2487 1458 2803 1525 ascribitur,
2863 1459 3125 1514 nimirum
3174 1460 3471 1517 Clementis
3513 1458 3754 1518 Romani

2177 1549 2475 1621 pontiﬁcis,
2526 1552 2902 1622 apostolorum
2926 1550 3209 1623 discipuli,
3251 1562 3412 1609 notas
3454 1554 3755 1625 nullosque

2176 1644 2544 1700 characteres.
2563 1667 2572 1674 -
2593 1644 2751 1711 Quod
2783 1644 3005 1717 quidem
3034 1661 3105 1702 ex
3142 1646 3261 1702 sola
3290 1662 3460 1717 quam
3494 1646 3754 1703 dedimus

2178 1734 2341 1805 hujus
2365 1737 2546 1807 operis
2578 1737 2787 1808 analysi
2824 1737 3052 1794 cuilibet
3092 1754 3251 1810 aequo
3295 1754 3483 1796 rerum
3510 1739 3755 1795 aestima-

2174 1827 2282 1882 tori
2314 1827 2476 1885 facile
2502 1829 2847 1901 probabitur.

2690 1920 3091 1977 ARTICULUS
3120 1921 3211 1978 VI.

2174 2008 2321 2065 Num
2366 2005 2565 2092 aliquid
2588 2030 2633 2092 a_
2647 2013 2911 2070 Clemente
2931 2014 3221 2083 profectum
3265 2015 3348 2070 his
3377 2016 3436 2069 in
3483 2016 3640 2070 libris
3666 2032 3751 2092 su-

2239 2086 2432 2165 persit;
2462 2092 2512 2138 et
2542 2086 2659 2155 quis
2700 2102 2881 2141 eorum
2917 2097 3123 2165 auctor,
3153 2103 3216 2139 ac
3253 2103 3357 2157 quo
3386 2096 3625 2156 tempore
3644 2088 3748 2141 sint

2244 2163 2446 2220 scripti.

2244 2242 2463 2311 Verum,
2505 2245 2743 2319 inquies,
2792 2248 3001 2305 nihilne
3048 2247 3193 2320 quod
3219 2248 3435 2321 abipso
3469 2247 3747 2304 Clemente

2170 2335 2476 2406 profectum
2503 2339 2595 2405 sit,
2627 2348 2742 2397 toto
2777 2343 3021 2423 iri-opere
3052 2342 3323 2413 reliquum
3356 2350 3444 2398 est
3474 2342 3747 2413 amplius?

2170 2426 2242 2482 Ut
2272 2427 2400 2485 huic
2445 2432 2737 2502 quaestioni
2785 2433 2876 2488 ﬁat
2925 2435 3084 2498 satis,
3117 2434 3529 2491 animadvertas
3588 2436 3744 2488 velim

2167 2536 2235 2575 es
2267 2518 2333 2576 iis
2362 2536 2482 2593 qua:
2531 2525 2862 2597 protulimus
2908 2527 3178 2581 rationum
3212 2527 3511 2582 momentis
3541 2524 3740 2595 colligi,

2166 2630 2262 2670 eos
2309 2630 2340 2670 a
2385 2632 2516 2672 vero
2560 2617 2719 2689 longe
2770 2618 3028 2674 aberrare
3085 2619 3178 2689 qui
3228 2618 3527 2671 maximam
3579 2616 3742 2686 hujus

2166 2708 2348 2776 operis
2394 2716 2637 2778 partem,
2688 2710 2864 2780 iisque
2911 2716 3124 2765 tantum
3176 2725 3299 2780 quae
3351 2709 3737 2764 hmreticorum

2167 2799 2434 2867 pravitate
2476 2800 2690 2871 adjecta
2728 2810 2877 2867 sunt,
2924 2804 3187 2873 exceptis,
3236 2801 3503 2858 Clementi
3551 2808 3739 2857 nostro

2165 2890 2584 2960 adjudicandam
2616 2910 2738 2951 esse
2766 2896 3124 2953 arbitrantur.

2235 2980 2311 3037 De
2364 2981 2650 3054 Epiphanii
2702 2998 2881 3043 autem
2936 2987 3228 3052 sententia,
3276 3004 3400 3059 qua:
3456 2988 3739 3044 haereticos

490 3085 713 3148 fabulis,
747 3086 929 3154 nugis,
962 3082 1217 3145 somniis,
1252 3081 1578 3146 mendaciis,
1607 3090 1770 3153 atque
1792 3079 2063 3137 sermoni-
2091 3118 2133 3176 ο
2170 3088 2340 3143 pauca
2368 3073 2453 3131 his
2484 3077 2537 3131 in
2571 3078 2744 3147 libris,
2775 3095 2805 3134 a
2836 3079 3114 3136 Clemente
3142 3082 3383 3152 scriptis,
3422 3082 3627 3135 intacta
3650 3098 3737 3136 re-

490 3176 595 3230 bus
627 3175 1200 3245 disputationibusque
1233 3174 1457 3245 ineptis,
1497 3175 1753 3231 absurdis
1779 3184 1834 3231 et
1858 3175 2065 3231 ridicu-

490 3268 595 3334 lis;
627 3284 691 3323 ac
718 3269 952 3340 denique
975 3269 1029 3323 in
1064 3269 1132 3323 iis
1166 3269 1391 3337 reperiri
1426 3268 1789 3340 fragmentum
1820 3285 1888 3325 ex
1921 3270 2064 3324 libro

486 3359 820 3416 Bardesanis
870 3359 1034 3432 Syri,
1082 3359 1349 3415 adversus
1395 3359 1638 3431 Abydam
1690 3371 2064 3415 astronomum

492 3453 677 3517 edito,
725 3452 948 3508 totidem
987 3452 1170 3509 verbis
1214 3453 1629 3523 transcriptum.
1674 3449 2063 3524 Fragmentum

487 3554 669 3616 autem
701 3545 831 3601 illud
860 3544 931 3601 ab
959 3544 1045 3599 bis
1075 3544 1260 3599 verbis
1290 3545 1482 3615 incipit
1514 3544 1558 3575 "
1592 3563 1606 3599 :
1631 3543 1866 3615 Denique
1906 3545 2065 3614 primi

488 3635 667 3705 Seres,
699 3639 786 3709 qui
815 3637 969 3691 initio
999 3635 1142 3690 orbis
1179 3646 1354 3701 terrm,
1392 3644 1498 3692 etc.
1994 3686 1997 3687 ν

560 3729 680 3786 iam
708 3745 838 3786 vero
867 3730 934 3785 de
960 3729 1049 3785 his
1082 3730 1241 3785 libris
1282 3730 1415 3800 quid
1458 3730 1825 3795 sentiendum,
1860 3731 1945 3787 vel
1974 3731 2062 3787 cui

489 3822 732 3895 opinioni
763 3822 1150 3878 adhaerendum
1173 3822 1267 3886 sit,
1304 3823 1352 3877 si
1385 3831 1630 3893 rogetur,
1663 3824 1910 3881 dicemus
1938 3825 2062 3881 illos

486 3933 557 3973 eo
588 3916 900 3986 modo,quo
926 3930 1096 3980 nunc,
1128 3924 1182 3971 et
1225 3930 1255 3969 a
1291 3922 1373 3970 tot
1417 3917 1637 3973 saeculis
1661 3926 2063 3987 repraesentan-

484 4016 600 4074 tur,
653 4008 723 4064 ab
770 4007 1051 4064 Clemente
1104 4007 1352 4062 Romano
1416 4008 1694 4079 profectos
1748 4026 1859 4067 non
1914 4025 2058 4067 esse.

480 4099 716 4154 Constat
747 4100 894 4155 enim
912 4114 1254 4170 quaecunque
1282 4099 1352 4155 de
1382 4101 1685 4155 mutatione
1706 4103 1888 4159 vultus
1918 4101 2062 4158 Fau-

483 4190 738 4257 stiniani,
785 4200 841 4246 et
886 4199 1074 4261 postea
1121 4191 1195 4245 ibi
1242 4200 1561 4257 narrantur,
1610 4194 1834 4250 omnino
1868 4194 2059 4250 lictitia

478 4301 631 4349 esse,
681 4291 735 4339 et
766 4291 952 4355 aperte
988 4282 1145 4339 falsa.
1191 4282 1259 4338 Et
1302 4299 1431 4340 vero
1475 4285 1563 4340 vel
1612 4285 1729 4340 sola
1772 4285 2061 4341 mendacia

478 4392 610 4447 qua:
632 4375 794 4431 Petro
812 4375 1183 4446 apostolorum
1212 4374 1447 4446 principi
1481 4375 1681 4432 ibidem
1714 4376 2056 4444 tribuuntur,

2168 3166 2393 3236 liquisse
2435 3172 2772 3240 pronuntiat,
2809 3174 2943 3228 certi
2985 3174 3189 3244 aliquid
3236 3174 3464 3230 delinire
3517 3174 3737 3233 difﬁcile

2163 3267 2268 3314 est.
2320 3259 2456 3315 Cum
2500 3264 2647 3318 enim
2687 3262 2927 3336 epistolzr.
2969 3268 3169 3337 quibus
3216 3268 3469 3323 Clemens
3524 3266 3595 3324 de
3650 3267 3735 3321 sui

2164 3352 2347 3422 Operis
2396 3352 2540 3409 facta
2601 3357 2670 3412 ah
2713 3358 2983 3414 haereticis
3032 3361 3383 3430 corruptione
3430 3375 3734 3430 conquere—

2165 3441 2347 3510 batur,
2401 3446 2468 3502 ad
2512 3463 2614 3503 nos
2671 3450 3040 3521 pervenerint,
3090 3449 3340 3507 divinare
3385 3454 3579 3521 utique
3628 3468 3734 3507 non

2164 3550 2457 3619 possumus
2487 3555 2608 3610 qua:
2639 3541 2751 3597 sint
2782 3542 2872 3597 illa
2900 3558 3074 3615 pauca
3106 3560 3225 3615 qua:
3246 3544 3489 3599 haeretici
3526 3545 3736 3615 integra

2164 3627 2525 3699 reliquerunt.
2561 3631 2906 3705 Quapropter
2942 3636 3049 3691 nisi
3079 3650 3144 3691 ea
3197 3651 3371 3705 pauca
3402 3636 3555 3691 clare
3582 3637 3732 3707 sigil-

2163 3719 2425 3791 latimque
2457 3723 2921 3790 demonstrentur,
2966 3726 3126 3782 nobis
3169 3726 3388 3783 facilius
3432 3730 3730 3799 persuade-

2162 3810 2308 3866 bitur
2340 3813 2479 3868 nihil
2520 3815 2576 3869 in
2617 3823 2731 3895 toto
2772 3833 2937 3888 opere
2984 3834 3203 3884 sanum,
3248 3819 3345 3875 sed
3385 3821 3575 3876 omnia
3614 3838 3734 3877 cor-

2162 3910 2322 3972 rupta
2369 3920 2492 3961 esse
2529 3913 2582 3962 et
2611 3902 2929 3979 depravata.
2973 3909 3242 3988 Caeterum
3292 3915 3340 3968 si
3393 3909 3731 3985 Epiphanius

2162 4010 2337 4067 pauca
2391 3999 2639 4068 quaedam
2697 4018 2799 4057 suo
2852 4011 3094 4074 tempore
3145 4004 3360 4063 sincera
3409 4014 3467 4062 et
3500 4010 3730 4078 genuina

2160 4092 2507 4161 compererit,
2539 4092 2629 4149 ille
2650 4094 2705 4149 in
2730 4096 2889 4161 alios,
2920 4099 2986 4151 ah
3014 4097 3106 4164 iis,
3129 4098 3223 4170 qui
3244 4113 3391 4155 nunc
3414 4086 3730 4171 supersunt,

2161 4184 2378 4241 codices
2404 4189 2803 4259 manuscriptos
2845 4189 3104 4247 incidisse
3149 4191 3296 4247 baud
3340 4193 3625 4251 immerito
3655 4196 3731 4249 vi-

2160 4274 2342 4334 detur.

2229 4364 2399 4423 Porro
2428 4380 2609 4427 autem
2637 4374 2885 4443 quamvis
2913 4362 3185 4442 auctoris,
3213 4391 3242 4430 a
3280 4392 3395 4447 quo
3426 4393 3568 4449 opus
3602 4378 3725 4455 illud

480 4468 542 4524 id
585 4468 948 4524 invictissime
986 4467 1388 4524 demonstrant.
1432 4466 1621 4537 Neque
1651 4468 1818 4522 etiam
1859 4476 2056 4523 caatera
2088 4452 2131 4506 Ῑ)
2160 4469 2477 4532 corruptum
2526 4465 2761 4535 Ρτοάίὶιν
2818 4481 3017 4521 nomen
3068 4467 3333 4525 helenus
3390 4454 3725 4542 incognitum

480 4562 690 4630 omnia,
728 4577 851 4632 quae
878 4560 931 4615 in
965 4561 1178 4631 reliquo
1212 4576 1379 4631 opere
1424 4561 1674 4631 legimus.
1705 4562 1880 4632 magis
1930 4562 2057 4617 Cle-

483 4657 651 4711 menti
680 4652 1049 4724 adjudicanda
1088 4653 1248 4709 nobis
1287 4653 1562 4708 videntur.
1611 4652 1748 4707 Nam
1792 4653 1898 4708 iter
1944 4652 2054 4708 Ma-

480 4747 687 4810 thidiae,
719 4747 974 4817 illiusque
1005 4760 1130 4800 eum
1182 4744 1307 4801 ﬁliis
1356 4745 1473 4800 suis
1518 4743 1711 4800 Niceta
1758 4754 1816 4801 et
1857 4744 2053 4815 Aquila

482 4838 846 4908 naufragium,
879 4838 957 4892 illi
986 4836 1208 4891 tandem
1258 4835 1470 4890 fortuiti
1514 4852 1806 4904 occursus,
1851 4837 2053 4907 quibus

480 4945 605 4987 sese
627 4930 859 4985 invicem
888 4944 953 4984 ac
984 4936 1193 4999 patrem
1214 4944 1374 4983 suum
1398 4927 1814 4983 Faustinianum
1844 4929 2055 4998 ipsum-

480 5034 589 5091 que
616 5021 951 5076 Clementem
982 5021 1272 5091 agnovisse
1292 5020 1565 5083 feruntur.
1601 5021 1770 5091 plane
1798 5020 2052 5077 fabulosa

478 5118 537 5167 et
563 5112 732 5183 gratis
758 5112 881 5165 licta
913 5120 1065 5168 sunt.
1109 5111 1219 5166 Fac
1248 5120 1429 5167 tamen
1461 5127 1525 5167 ea
1556 5128 1679 5167 esse
1724 5113 2051 5179 verissima;

476 5203 613 5275 quid
679 5210 860 5259 autem
923 5203 1096 5273 magis
1145 5218 1175 5257 a
1227 5204 1709 5259 verisimilitudine
1752 5203 2052 5266 abhorret,

478 5310 646 5365 quam
694 5296 858 5351 verba
897 5302 953 5349 et
992 5310 1274 5351 sermones
1314 5312 1454 5365 quos
1502 5294 1699 5352 Petrus
1740 5295 1806 5350 ad
1838 5303 2054 5352 sunset

478 5385 551 5439 ad
597 5388 854 5457 populum
898 5386 1160 5443 habuisse
1221 5387 1576 5457 perhibetur?
1644 5387 1819 5455 Quam
1869 5388 2056 5443 multat

480 5478 646 5543 enim,
681 5478 823 5533 Deus
844 5479 1007 5541 bone,
1042 5476 1115 5532 ibi
1165 5489 1467 5534 occurrunt
1492 5493 1670 5550 nugae,
1704 5479 1940 5549 ineptiae.
1969 5479 2055 5533 fa-

482 5567 655 5624 bulzel
687 5587 848 5640 quam
875 5570 1050 5626 multa
1082 5571 1331 5641 puerilia,
1354 5572 1688 5642 perridicula
1719 5582 1773 5628 et
1802 5574 2043 5629 insulsa!

480 5673 643 5730 quam
690 5664 845 5717 multi
884 5678 1099 5720 errores
1138 5671 1303 5733 atque
1337 5665 1655 5719 mendacia?
1697 5680 1862 5734 quam
1908 5666 2049 5724 belle

622 5818 666 5850 ⁸³
702 5816 854 5890 Apud
888 5818 1084 5875 Euseb.
1117 5820 1211 5877 lib.
1249 5838 1300 5876 vn
1334 5820 1509 5891 Prwp.
1544 5822 1782 5893 evangel.

2159 4561 2323 4625 atque
2351 4554 2748 4628 incompertum
2781 4558 2968 4625 fuerit,
3000 4561 3128 4631 quia
3152 4568 3335 4618 tamen
3366 4563 3504 4619 illud
3540 4564 3725 4622 Grece

2156 4646 2392 4716 primum
2417 4650 2743 4720 composuit,
2772 4664 2897 4706 eum
2942 4649 3189 4707 Graecum
3223 4654 3520 4724 quemdam
3555 4656 3723 4710 homi-

2157 4755 2281 4795 nem
2309 4739 2481 4797 fuisse
2510 4757 2641 4798 vero
2679 4753 2827 4798 certe
2856 4752 2941 4800 est
2980 4761 3241 4815 perquam
3282 4747 3651 4803 simillimum.
3681 4749 3725 4805 ls

2156 4845 2322 4900 porro
2378 4830 2699 4889 dialecticus
2752 4833 2856 4888 fuit
2899 4835 3322 4907 disputatorque
3381 4828 3722 4905 acerrimus,

2156 4927 2250 4997 qui
2296 4926 2477 4982 varias
2515 4927 2964 4999 philosophorum
3010 4930 3318 5000 opiniones,
3350 4934 3723 5004 astrologiam,

2156 5018 2564 5090 mythologiam,
2600 5034 2791 5075 omnes
2841 5035 3179 5091 paganorum
3220 5020 3436 5078 fabulas
3481 5024 3726 5095 allegori-

2155 5127 2357 5182 easque
2397 5126 2585 5167 earum
2627 5112 3124 5183 interpretationes,
3175 5129 3241 5168 ac
3283 5115 3471 5171 varias
3515 5115 3723 5171 tandem

2154 5203 2429 5258 variorum
2453 5203 2775 5274 populorum
2806 5205 2973 5275 leges,
3023 5219 3233 5271 mores,
3267 5206 3722 5262 consuetudines-

2156 5312 2263 5365 que
2307 5298 2553 5367 apprime
2612 5296 2865 5352 callebat.
2914 5295 3022 5351 Sed
3074 5297 3167 5353 ille
3225 5298 3612 5354 haereticorum
3662 5314 3721 5353 ac

2158 5388 2430 5458 praecipue
2459 5386 2839 5443 Ebionitarum
2878 5389 3163 5446 erroribus
3207 5391 3433 5445 omnino
3470 5391 3717 5447 addictus

2155 5487 2293 5545 erat,
2325 5489 2488 5551 atque
2514 5497 2611 5537 eos
2638 5481 2695 5535 in
2720 5480 2839 5537 suis
2886 5481 3367 5538 lucubrationibus
3418 5482 3636 5540 facilius
3665 5495 3719 5538 ut

2160 5574 2495 5645 propinaret,
2543 5575 2762 5631 easdem
2793 5574 3052 5629 ementita
3074 5572 3397 5637 Clementis.
3442 5572 3715 5645 apostolo-

2158 5682 2279 5727 rum
2314 5666 2603 5739 discipuli,
2630 5682 2826 5740 magno
2854 5667 3074 5726 nomine
3093 5666 3321 5725 inscribi
3354 5667 3543 5725 voluit.
