3806 6248
166 273 291 327 H85

1220 279 1542 337 RECOGNI'!
1557 280 1773 336 IONES.
1808 312 1877 323 --
1912 280 2259 338 PBOIEMIA.

3186 281 3320 338 “86

226 386 460 456 Denique
491 402 603 457 quo
649 395 898 461 tempore
925 392 1140 449 eosdem
1180 394 1298 450 illos
1338 394 1503 451 libros
1532 394 1585 448 in
1616 395 1696 448 lu-
1722 403 1771 458 Α
1799 396 1864 450 iis
1893 411 1985 464 qui
2014 396 2134 451 illos
2157 395 2411 456 citarunt,
2454 392 2588 452 varii
2634 393 2773 449 tituli
2798 393 3161 463 praeﬁguntur,
3203 397 3319 464 Ali-

164 495 268 533 cem
308 479 423 547 ipse
470 481 746 545 emiserit,
798 484 955 552 paulo
1006 483 1292 553 proclivius
1331 491 1414 538 est
1455 484 1693 538 deﬁnire.

163 568 347 624 Verum
379 569 666 624 enimvero
697 561 825 627 cum
839 572 1095 642 Origenes
1116 588 1220 627 non
1241 572 1412 627 solum
1436 573 1553 628 illos
1566 575 1697 627 cita.

168 661 308 723 terit,
341 659 435 713 sed
465 661 694 730 longum
724 657 888 716 etiam
921 660 991 716 ex
1029 664 1095 717 iis
1129 664 1525 732 transcripserit
1556 663 1698 732 frag-

165 756 412 812 mentum,
427 759 649 802 constat
665 754 886 806 eosdem
909 751 1135 821 Origene
1157 754 1270 821 ipso
1293 768 1411 808 esse
1431 755 1701 822 antiquio-

162 854 260 893 res.
284 838 395 891 Non
428 846 637 894 temere
674 842 843 911 igitur
868 843 941 895 illi
976 843 1209 897 secundo
1236 843 1483 897 Ecclesiae
1504 845 1699 899 saeculo

165 932 211 985 in
245 932 434 1000 vulgus
484 933 767 999 prodiisse
808 934 1079 987 dicuntur.
1126 932 1277 997 Quod
1323 933 1536 1002 quidem
1576 934 1699 989 inde

164 1036 343 1075 rursus
376 1020 698 1075 conﬁrmari
755 1029 950 1091 potest,
994 1022 1137 1092 quod
1170 1023 1498 1078 Bardesanes
1531 1022 1697 1093 Syrus

165 1110 298 1163 aliud
324 1125 566 1179 quoque,
600 1112 682 1164 uti
722 1113 976 1178 diximus,
1011 1111 1363 1180 fragmentum
1384 1128 1490 1165 non
1523 1113 1698 1167 minus

162 1200 459 1268 prolixum,
513 1201 571 1254 in
609 1216 779 1255 suum
812 1199 1071 1258 adversus
1133 1198 1456 1255 Marcionem
1505 1204 1697 1258 librum

163 1291 449 1349 transtulit.
488 1289 631 1343 Nam
682 1290 1012 1346 Bardesanes
1059 1292 1148 1346 ille
1195 1292 1340 1346 hunc
1363 1293 1605 1348 eumdem
1634 1294 1699 1349 li-

161 1379 306 1432 brum
329 1378 434 1433 sub
469 1378 692 1434 Soteris
720 1380 1053 1448 pontiﬁcatu,
1083 1380 1240 1450 paulo
1263 1388 1383 1449 post
1407 1382 1697 1438 secundum

162 1469 404 1521 saeculum
434 1469 682 1522 medium
725 1469 959 1523 Antonio
999 1469 1305 1538 imperatori
1350 1476 1694 1542 nuncupavit.

161 1555 270 1611 lam
298 1573 428 1627 ergo
465 1559 781 1628 pervulgati
821 1568 975 1612 erant
1018 1558 1093 1612 illi
1139 1558 1556 1629 Recognitionum
1581 1564 1697 1619 Cle-

162 1632 510 1702 mentinarum
543 1647 694 1702 libri.

669 1758 1062 1815 ARTICULUS
1099 1760 1205 1816 Vl].

162 1845 296 1899 Nam
321 1847 521 1921 bilibri
562 1849 635 1901 ad
667 1865 764 1921 nos
785 1888 801 1912 ,
846 1851 1023 1919 quales
1059 1850 1127 1921 ab,
1152 1860 1370 1915 auctore
1404 1856 1700 1921 prodierant

223 1918 572 1987 pervenerint;
606 1934 673 1970 ac
705 1917 770 1971 de
802 1917 978 1971 eorum
1013 1920 1271 1987 utilitate,
1308 1917 1473 1976 titulis
1495 1933 1542 1976 et
1585 1926 1699 1978 edi-

225 1984 466 2039 tionibus.

225 2094 490 2151 Casterum
523 2097 579 2155 hi
612 2097 767 2171 libri,
794 2100 1153 2167 quamtumvis
1180 2099 1466 2155 adulterini
1503 2100 1701 2156 fuerint

164 2192 211 2238 ct
251 2187 515 2256 corrupti,
556 2187 628 2241 ad
678 2203 781 2242 nos
802 2196 978 2243 tamen
1025 2192 1211 2259 quales
1258 2192 1325 2245 ab
1364 2200 1581 2247 auctore
1602 2209 1701 2248 suo

165 2276 340 2344 scripti
370 2276 592 2332 fuerant
626 2293 738 2332 non
772 2294 1077 2347 pervenere.
1104 2280 1243 2334 Nulli
1267 2282 1525 2351 siquidem
1558 2298 1702 2338 nunc

166 2376 447 2422 occurrunt
477 2384 673 2423 eorum
710 2368 878 2422 Graeci
909 2370 1120 2424 codices
1149 2372 1530 2442 manuscripti,
1565 2390 1701 2442 quos

145 2473 259 2512 suo
288 2466 527 2528 tempore
560 2458 873 2527 frequentes
906 2459 1070 2515 fuisse
1125 2458 1348 2515 Ruﬁnus
1374 2459 1702 2532 Photiusque

169 2555 424 2602 testantur
446 2549 491 2579 ⁸³
530 2564 544 2599 :
581 2549 758 2603 solam
788 2548 1046 2603 habemus
1078 2549 1235 2617 hujus
1259 2550 1437 2619 operis
1460 2550 1701 2606 Latinam

172 2637 458 2691 versionem
480 2637 693 2701 Ruﬁni.
728 2637 819 2706 qui
864 2638 1066 2706 plures,
1110 2646 1168 2691 ut
1202 2640 1524 2707 monuimus,
1555 2641 1701 2695 locos

173 2739 227 2778 se
252 2727 520 2791 omisisse,
567 2742 672 2781 nec
720 2726 907 2780 Latine
941 2726 1160 2780 reddere
1202 2729 1435 2782 voluisse
1476 2728 1703 2798 ingenue

174 2814 441 2870 confessus
471 2823 577 2871 est.
620 2815 687 2869 Et
716 2831 774 2870 re
798 2816 1011 2885 quidem
1044 2832 1167 2870 vera
1205 2817 1499 2874 Cotelerius
1529 2820 1582 2875 in
1606 2836 1701 2875 sua

176 2902 353 2958 horum
379 2906 648 2961 librorum
668 2906 905 2960 editione
932 2922 997 2959 ex
1028 2907 1199 2961 tribus
1220 2924 1350 2963 mss.
1382 2907 1697 2975 Sorbonico,

177 2987 419 3048 Thuaneo
445 3036 461 3061 ,
496 3004 551 3049 et
596 2995 986 3049 Candelcriano
1034 2997 1268 3050 restituit
1323 2999 1696 3070 fragmentum,

1794 487 2005 554 quando
2025 486 2164 539 enim
2185 483 2459 539 Clementis
2485 484 2793 554 Recognitio,
2814 485 2897 539 vel
2913 483 3317 553 Recognitioncs,

1798 574 2091 629 Clementis
2108 574 2464 638 Itinerarium,
2492 575 2619 628 liber
2648 574 2956 628 ltinerarius
2981 574 3323 629 Praedicatio—

1797 665 1877 717 uis
1916 662 2078 729 Petri,
2117 663 2391 717 Clementis
2429 654 2592 733 gesta,
2620 664 2701 717 vel
2737 663 2994 729 Historia,
3035 673 3127 718 aut
3159 663 3323 719 Chro-

1796 754 1933 814 nica,
1961 755 2044 807 vel
2080 753 2354 819 Narratio,
2398 754 2683 822 aliquando
2726 768 2852 808 vero
2890 754 3029 807 Petri
3084 756 3321 824 Periodt',

1795 845 1876 897 vel
1907 843 2186 906 Circuitus,
2212 845 2293 897 vel
2316 844 2757 910 ltinerarium,vcl
2781 844 2939 896 Actus
2967 846 3320 912 appellantur.

1796 933 1833 988 li
1868 949 2028 1003 porro
2057 949 2119 987 ex
2159 935 2367 989 duobus
2410 949 2542 990 mss.
2595 950 2718 988 cum
2773 935 2938 988 variis
2987 949 3322 990 summorum

1797 1024 2147 1092 quorumdam
2174 1023 2481 1093 pontificum
2530 1024 2801 1092 epistolis,
2855 1033 3075 1078 curante
3119 1023 3323 1081 Joanne

1800 1113 2079 1176 Sichardo,
2124 1128 2262 1167 anno
2298 1113 2433 1167 l526
2459 1113 2595 1183 typis
2629 1115 2753 1167 editi
2779 1124 2920 1169 sunt.
2947 1112 3134 1168 Postea
3162 1114 3321 1167 Lam-

1796 1203 1978 1257 bertus
2035 1201 2293 1257 Gruterus
2339 1202 2637 1257 Venradius
2686 1203 2899 1258 eosdem
2955 1218 3144 1258 rursus
3185 1204 3326 1273 typis

1796 1291 2030 1354 excudit,
2062 1300 2222 1361 atque
2249 1292 2300 1345 in
2327 1293 2405 1346 eis
2448 1293 2689 1361 quaedam
2728 1307 2785 1347 se
2825 1291 3137 1346 emendasse
3178 1292 3325 1351 afﬁr-

1798 1390 1926 1435 mat.
1987 1379 2184 1435 Verum
2234 1396 2354 1435 cum
2401 1382 2488 1435 ille
2529 1382 2626 1437 has
2665 1382 3061 1436 emendationes
3110 1397 3213 1437 non
3258 1397 3323 1436 ex

1798 1472 2179 1540 manuscriptis
2210 1488 2268 1526 se
2294 1473 2538 1526 hausisse
2565 1471 2777 1535 dixerit,
2807 1487 2898 1527 eas
2924 1472 3037 1525 suis
3060 1471 3323 1526 duntaxat

1799 1561 2125 1628 conjecturis
2149 1562 2358 1615 videtur
2385 1561 2550 1616 fuisse
2574 1568 2871 1617 assecutus.
2919 1560 2994 1614 Ex
3021 1562 3121 1615 hac
3147 1572 3323 1622 tamen

1798 1650 2031 1704 editione
2076 1651 2130 1704 in
2176 1651 2497 1704 Bibliotheca
2539 1649 2868 1720 Lugdunensi
2904 1651 2955 1703 hi
2986 1650 3107 1704 libri
3137 1665 3326 1705 rursus

1729 1741 1771 1803 Β
1798 1740 1983 1793 emissi
2009 1750 2135 1793 sunt
2160 1740 2213 1792 in
2248 1739 2443 1794 lucem.
2485 1740 2782 1794 Cotelerius
2825 1749 3001 1794 autem
3040 1742 3158 1796 illos
3202 1757 3323 1796 cum

1797 1830 2048 1898 operibus
2089 1828 2330 1897 Patrum,
2376 1830 2466 1900 qui
2513 1831 2843 1899 temporibus
2882 1832 3190 1901 apostolicis
3230 1830 3327 1887 flo-

1798 1921 2328 1991 ruerunt,publicari
2364 1921 2558 1985 voluit,
2612 1921 2857 1991 hancque
2900 1922 3183 1976 editionem
3224 1936 3325 1990 ope

1798 2026 1893 2065 sex
1940 2026 2071 2065 mss.
2103 2010 2386 2074 codicum,
2436 2009 2692 2065 Sorbonte
2727 2011 3002 2074 nimirum,
3044 2008 3324 2074 Thuaneo,

1798 2097 1939 2153 Petri
1961 2097 2283 2164 Ca‘udelerii,
2333 2098 2514 2168 Regis,
2567 2097 2711 2154 Petri
2748 2098 2929 2163 Petiti,
2971 2107 3024 2155 et
3065 2098 3327 2154 Carmeli.

1800 2197 1974 2242 tarum
2028 2188 2484 2244 Discalceatorum
2536 2205 2593 2243 se
2648 2191 2937 2244 adornasse
2986 2189 3323 2245 testiﬁcatur.

1798 2279 1973 2332 Alium
1999 2287 2254 2348 praeterea
2282 2279 2540 2344 codicem,
2564 2287 2686 2334 ante
2713 2295 2881 2333 annos
2905 2280 3327 2350 quadringentos

1799 2376 2116 2432 exaratum,
2167 2384 2234 2424 ex
2279 2363 2601 2425 bibliotheca
2655 2367 2960 2423 Colbertina
3011 2384 3175 2437 penes
3225 2382 3327 2423 nos

1800 2458 2102 2514 habuimus.

2286 2565 2671 2621 ARTlCULUS
2710 2564 2841 2621 Vill.

1800 2658 1876 2712 De
1904 2658 2058 2712 variis
2088 2658 2141 2709 iu
2168 2657 2259 2709 hos
2291 2657 2453 2710 libros
2477 2658 2612 2709 notis
2639 2667 2686 2709 et
2708 2656 3166 2720 observationibus,
3194 2666 3240 2709 et
3262 2654 3325 2710 tle

2044 2726 2162 2779 aliis
2194 2726 2340 2779 libris
2371 2728 2433 2788 ab
2462 2726 2637 2778 eodem
2672 2735 2880 2777 auctore
2907 2724 3079 2779 editis.

1870 2815 2128 2889 Gruterus
2168 2817 2409 2884 quzedam
2459 2816 2514 2869 in
2548 2817 2645 2869 hos
2687 2813 2858 2869 libros
2883 2814 3053 2868 edidit
3098 2813 3323 2877 scholia,

1801 2922 1920 2975 qua:
1940 2921 2037 2959 nec
2065 2905 2242 2974 magni
2272 2913 2398 2960 sunt
2421 2905 2694 2968 momenti,
2725 2919 2821 2958 nec
2850 2904 3029 2956 multa:
3057 2903 3321 2957 utilitatis.

1802 2996 2182 3075 AtCotelerius
2224 2994 2490 3050 doctiores
2534 2995 2884 3063 utilioresque
2924 2994 2979 3046 in
3022 2993 3119 3048 hos
3161 2993 3327 3046 libros

177 3084 309 3149 quod
336 3083 468 3138 illud
500 3085 683 3154 ipsum
730 3099 851 3139 esse
897 3093 1067 3154 putat,
1113 3102 1219 3156 quo
1269 3069 1457 3143 auctor
1493 3101 1698 3157 noster,
1728 3069 1770 3128 (ἶ
1802 3072 2018 3155 scripsit
2069 3092 2224 3140 notas
2271 3092 2324 3139 et
2368 3084 2806 3147 observationes,
2855 3083 3052 3151 quibus
3090 3081 3326 3136 auctoris

177 3174 303 3227 teste
336 3171 552 3238 Ruﬁno,
602 3174 669 3226 de
704 3174 929 3243 ingenito
976 3175 1079 3227 Deo
1107 3178 1372 3247 genitoque
1413 3179 1700 3247 disseruit;

178 3266 325 3329 atque
352 3262 472 3316 ideo
510 3263 664 3332 quod
691 3263 903 3318 Arianis
933 3263 1151 3329 faveret,
1190 3268 1255 3320 ab
1279 3268 1463 3323 eodem
1507 3269 1702 3323 Ruﬁno

186 3347 245 3402 de
271 3350 536 3405 industria
566 3352 747 3406 fuerat
776 3355 1211 3422 praetermissum.
1263 3355 1520 3412 Praeterea
1552 3359 1595 3413 si
1626 3360 1704 3413 ei-

181 3437 288 3491 dem
331 3439 525 3496 Ruﬁno
568 3442 868 3511 Photioque
897 3444 1024 3497 ﬁdes
1055 3444 1308 3498 habeatur
1341 3485 1356 3509 ,
1383 3445 1434 3499 hi
1468 3448 1589 3500 libri
1635 3449 1701 3502 ab

184 3525 520 3586 Eunomianis
548 3541 604 3585 et
643 3530 874 3594 Arianis,
900 3531 1209 3601 primigenio
1248 3533 1456 3586 illorum
1488 3544 1702 3590 auctore

181 3615 325 3684 longe
347 3622 761 3688 posterioribus,
789 3621 1060 3688 depravati
1087 3632 1211 3675 sunt
1232 3633 1283 3677 et
1314 3624 1611 3678 adulterati.

245 3707 578 3780 Quapropter
628 3712 872 3780 quamvis
920 3711 1078 3763 iidem
1129 3710 1250 3764 libri
1302 3713 1548 3766 maximae
1597 3714 1703 3769 sint

183 3801 538 3869 antiquitatis,
590 3801 764 3855 cautis
804 3809 981 3853 tamen
1044 3793 1495 3870 prudentibusque
1536 3802 1703 3858 oculis

182 3884 375 3955 legendi
405 3900 554 3957 sunt,
600 3891 796 3960 quippe
836 3889 927 3957 qui
974 3889 1041 3942 ab
1081 3890 1146 3945 iis
1190 3891 1281 3960 qui
1314 3907 1526 3949 errores
1575 3910 1703 3949 suos

185 3990 388 4047 quoquo
410 3981 625 4034 tandem
657 3980 816 4033 modo
842 3979 1187 4033 disseminare
1216 3983 1509 4046 tentabant,
1541 3987 1703 4038 variis

183 4070 503 4136 temporibus
569 4081 813 4137 nequntcr
876 4072 1114 4138 corrupti
1181 4069 1397 4125 fuerint.
1472 4071 1704 4128 Possunt

184 4162 350 4210 tamen
373 4159 668 4228 aliquibus,
703 4173 808 4211 non
832 4159 1049 4211 omnino
1084 4158 1528 4228 imprudentibus,
1569 4180 1703 4220 non-

183 4244 306 4299 nihil
359 4250 628 4303 utilitatis'
659 4249 860 4303 idcirco
905 4248 1147 4317 adferre,
1193 4242 1349 4319 quod
1383 4252 1703 4310 Christiana

1801 3183 1978 3229 textus
2009 3175 2294 3244 corrigitur
2316 3182 2368 3228 et
2388 3175 2665 3227 enodatur.
2686 3171 2862 3225 Monet
2882 3180 3055 3224 tamen
3080 3169 3326 3238 majorem

1800 3265 2241 3336 Rccognitionum
2299 3273 2522 3333 portent,
2565 3262 2700 3333 quod
2745 3260 2811 3314 ad
2855 3260 3106 3312 humanas
3154 3259 3327 3327 potius

1789 3357 2102 3425 disciplinas
2137 3354 2382 3423 spectent,
2426 3369 2581 3423 quam
2622 3354 2688 3404 ad
2737 3351 3062 3420 theologiam,
3094 3350 3228 3401 notis
3258 3349 3328 3401 il-

1799 3445 2079 3499 lustratum
2098 3461 2150 3497 se
2178 3460 2279 3497 non
2306 3444 2474 3502 ivisse.
2513 3441 2630 3494 Non
2672 3455 2872 3509 paucas
2915 3446 3092 3491 tamen
3148 3436 3203 3490 in
3234 3452 3326 3491 res

1798 3533 2197 3604 philosophicas
2214 3533 2380 3586 edidit
2403 3530 2911 3584 animadversiones.
2932 3526 3114 3597 Neque
3140 3525 3325 3604 forsan

1797 3623 1903 3678 alia
1930 3623 2080 3692 plura
2111 3622 2181 3675 ab
2203 3636 2266 3676 eo
2296 3621 2577 3676 observata
2610 3619 2899 3673 lectoribus
2939 3618 3119 3672 minus
3144 3625 3326 3672 essent

1795 3712 2032 3781 jucunda
2052 3711 2289 3777 etutilia,
2312 3712 2358 3765 si
2382 3725 2411 3762 a
2424 3709 2698 3780 proposito
2719 3707 2953 3763 auctoris
2974 3716 3119 3762 textu
3147 3707 3325 3761 rarius

1800 3802 2181 3872 digrederetur.

1868 3890 2043 3945 Unum
2075 3891 2161 3946 his
2191 3890 2442 3946 omnibus
2471 3886 2794 3953 addendum,
2819 3899 3010 3954 nempe
3051 3887 3323 3939 auctorem

1800 3990 2063 4045 nostrum,
2091 3981 2136 4035 si
2160 3980 2318 4035 ﬁdem
2366 3980 2597 4047 aliquam
2640 3983 2926 4040 mereatur,
2966 3970 3145 4043 plures
3190 3973 3325 4027 alios

1799 4085 1865 4124 ex
1894 4070 1963 4125 iis
1985 4085 2103 4140 quae
2130 4086 2159 4124 a
2187 4069 2345 4124 Petro
2371 4067 2612 4121 audierat
2658 4064 2826 4120 libros
2864 4060 3180 4118 confecisse.
3214 4060 3326 4116 llos

1801 4168 1977 4214 autem
2003 4160 2090 4214 ille
2120 4167 2368 4213 accurate
2386 4168 2660 4211 enumerat
2681 4155 2798 4223 (lib.
2842 4169 2881 4219 ι,
2909 4166 2991 4217 ιιι,
3020 4153 3095 4220 v),
3128 4148 3324 4203 librum

1800 4247 1875 4302 De
1903 4265 2017 4301 vero
2052 4247 2332 4317 Propheta,
2373 4247 2567 4302 librum
2619 4245 2694 4298 De
2736 4242 3078 4313 prwﬁnitione
3126 4239 3237 4301 Dei,
3266 4242 3324 4291 et

183 4332 445 4403 religionis
472 4340 719 4407 apologia
749 4339 855 4393 sint
883 4347 936 4392 et
964 4338 1221 4406 defensio,
1244 4357 1348 4410 qua
1388 4342 1580 4398 fabulae
1603 4361 1700 4415 pa-
1733 4345 1978 4431 Ddecem
1998 4339 2132 4394 alios
2159 4340 2227 4392 ab
2264 4339 2445 4400 editis,
2494 4336 2919 4426 Recognitionum
2954 4333 3324 4431 libros_,‘qu.o-

183 4436 455 4490 sanorum,
470 4428 796 4492 idololatria,
821 4429 1102 4497 cultusque
1122 4430 1378 4487 falsorum
1397 4437 1699 4505 numinum,

183 4521 332 4579 atque
358 4531 548 4571 eorum
574 4518 666 4588 qui
695 4520 856 4573 astris
884 4519 1221 4576 inﬂuentibus
1249 4520 1459 4577 fatalem
1499 4525 1701 4580 homini

185 4604 551 4659 necessitatem
586 4609 786 4677 imponi
817 4608 1000 4662 dicunt
1030 4616 1048 4675 ,’
1075 4617 1288 4663 errores
1326 4611 1704 4682 impugnantur

183 4694 235 4739 et
258 4688 623 4751 destruantur.
669 4696 777 4751 Nec
821 4698 981 4752 etiam
1008 4697 1221 4753 inutiles
1245 4701 1463 4755 omnino
1496 4700 1561 4756 iis
1584 4719 1704 4759 esse

187 4786 426 4841 poterunt
457 4787 550 4853 qui
584 4788 760 4840 varias
802 4786 1235 4856 philosophorum
1273 4789 1570 4855 opiniones,
1606 4808 1703 4845 va-

185 4864 286 4920 rios
326 4870 660 4928 diversorum
703 4877 1019 4945 populorum
1054 4891 1231 4929 mores
1264 4881 1707 4937 consuetudines-

189 4968 286 5021 que
357 4971 519 5032 atque
581 4966 892 5035 allegoricas
956 4963 1257 5019 fabularum
1325 4969 1706 5037 explicationes

190 5046 443 5107 voluerint
472 5056 766 5112 addiscere.

256 5137 344 5193 llis
381 5144 533 5201 libris
570 5156 623 5202 et
670 5147 724 5201 in
772 5144 1149 5213 manuscriptis
1185 5145 1494 5216 codicibus,
1553 5162 1609 5207 et
1635 5157 1705 5212 ab

255 5290 295 5321 ⁸³
328 5290 382 5347 In
412 5296 662 5353 Biblioth.
691 5298 810 5354 cod.
834 5298 932 5351 112
956 5302 1010 5350 et
1040 5294 1161 5347 H3.

1802 4445 1921 4484 rum
1942 4430 2146 4499 singula
2167 4431 2362 4499 promit
2381 4421 2691 4498 argumenta
2717 4444 2731 4480 :
2753 4426 2887 4479 alios
2916 4430 3092 4475 autem
3118 4415 3328 4471 libellos

1802 4538 1868 4577 ex
1907 4522 2049 4576 Petri
2097 4522 2163 4575 ad
2195 4520 2577 4590 discipulorum
2623 4530 2843 4572 suorum
2876 4515 3209 4576 ‘interrogata
3239 4519 3327 4558 re-

1802 4614 2015 4682 sponsis
2045 4613 2385 4681 compositos.
2416 4609 2603 4663 Utrum
2631 4617 2808 4661 tamen
2838 4603 2891 4656 hi
2917 4601 3036 4654 libri
3063 4600 3116 4652 in
3152 4597 3325 4682 lucem

1804 4681 2090 4772 aliquando
2145 4701 2327 4757 emissi
2378 4692 2579 4755 fuerint
2630 4695 2712 4750 vel
2763 4706 2900 4745 vana
2955 4681 3327 4741 tantummodo

1806 4792 2082 4847 mendacis
2105 4784 2383 4860 scriptoris
2408 4786 2762 4843 ostentatione
2800 4782 2922 4834 ﬁcte
2959 4776 3325 4840 fallaciterque

1797 4883 2165 4946 Neaditentur,
2190 4882 2247 4935 in
2269 4879 2488 4934 dubium
2533 4874 2720 4928 merito
2755 4867 2995 4924 revocari
3032 4869 3225 4935 potest.
3257 4860 3326 4911 At

1805 4973 1850 5027 si
1874 4971 2158 5041 aliquando
2185 4968 2495 5039 prodierunt
2522 4965 2577 5017 in
2597 4960 2893 5031 publicum,
2917 4956 2973 5009 hi
3016 4969 3123 5007 non
3146 4948 3327 5004 minus

1804 5080 1964 5135 quam
1990 5064 2065 5117 illi
2092 5062 2156 5116 de
2194 5061 2391 5130 quibus
2434 5057 2690 5110 hactenus
2736 5046 3159 5119 disputavimus,
3198 5053 3329 5109 sup-

1804 5156 1964 5227 positi
1995 5161 2118 5209 sunt
2142 5161 2192 5208 et
2219 5142 2520 5205 adulteriui.
