3872 6358
556 262 695 318 1187

1419 261 1474 319 S.
1516 261 1915 320 CLEIENTIS
1953 263 1972 318 l
2011 264 2178 324 ROM.
2218 265 2422 323 ΡΟΝΤ.
2466 265 2694 324 OPERA
2736 265 2962 324 DUBIA.

3628 277 3723 332 1183

557 423 3714 455 W

1185 551 1297 666 J.
1402 551 1530 662 B.
1619 548 2393 667 COTELEBII
2477 549 3160 670 JUDICIUM

1604 776 1695 831 DE
1757 776 1988 835 LIBRIS
2050 775 2717 836 RECOGNITIONUM.

1258 937 1476 1009 (Patres
1503 939 1804 1009 apostolici,
1829 946 1872 994 t.
1897 938 1940 1005 l,
1970 953 2026 1010 p.
2059 937 2185 1006 490,
2216 934 2641 994 ed.Amsta:lod.
2668 937 2827 1004 1724,
2860 937 3071 1010 in-l‘ol.)

614 1240 891 1307 Quantum
923 1255 989 1295 ex
1018 1255 1076 1295 re
1104 1255 1246 1311 ipsa,
1279 1247 1524 1295 veterum
1565 1242 1916 1308 testimoniis,
1947 1258 2009 1298 ac.
2036 1259 2124 1299 re-
2157 1250 2202 1304 Α
2235 1240 2513 1297 Chronicis
2573 1239 2881 1300 Clementis.
2951 1238 3184 1297 animus
3241 1257 3369 1298 vero
3418 1259 3643 1313 peroraris
3682 1246 3730 1303 ad

545 1334 851 1388 centiorum
881 1332 1102 1402 iudiciis
1123 1333 1380 1403 colligere
1406 1333 1553 1400 licet,
1586 1333 1712 1389 libri
1756 1335 1847 1390 isti
1895 1335 2127 1406 pseudo-

545 1426 795 1497 pigraphi
819 1435 947 1482 sunt
975 1433 1029 1482 et
1060 1426 1377 1497 apocryphi,
1405 1427 1648 1482 secundo
1673 1427 1874 1483 saeculo
1905 1442 2128 1498 compo-

544 1519 693 1574 sitia
723 1520 841 1575 viro
864 1520 1025 1574 docto
1055 1519 1274 1590 quidem
1303 1520 1460 1589 juxta
1503 1534 1569 1574 ac
1609 1521 1836 1580 diserto.
1858 1519 1954 1575 sed
1999 1520 2125 1590 phi-

544 1612 774 1682 losopho
833 1613 1004 1683 magis
1064 1619 1117 1667 et
1181 1612 1455 1683 pliilOlOgo
1514 1628 1678 1683 quam
1738 1612 2014 1683 theologo,
2068 1606 2124 1664 in

542 1706 923 1778 excogitandis
977 1713 1157 1779 autem
1200 1706 1703 1776 connectendisque
1746 1705 1886 1761 ﬁctis
1931 1717 2122 1759 narra-

541 1801 785 1855 tionibus
829 1801 990 1870 plane
1046 1799 1188 1855 rudi.
1236 1797 1396 1870 Isque
1467 1798 1687 1854 videtur
1738 1798 2126 1870 plerorumque

542 1902 637 1948 ant
665 1895 859 1949 saltem
886 1890 1251 1963 quorumdam
1283 1892 1719 1963 apocryphorum
1745 1906 1965 1961 parens,
2003 1905 2124 1961 qua:

543 2000 743 2041 nomen
794 1983 940 2040 Petri
993 1985 1078 2040 vel
1127 1985 1424 2040 Clementis
1475 1984 1883 2056 praeferebant:
1940 1983 2122 2054 qualia

539 2078 707 2132 etiam
736 2077 901 2132 Actus
935 2075 1105 2140 Petri,
1157 2074 1414 2130 Doctrina
1443 2075 1613 2140 Petri,
1646 2074 1920 2130 Iudicium
1951 2073 2118 2139 Petri,

540 2173 888 2244 Apocalypsis
936 2190 1032 2230 seu
1079 2170 1345 2227 Revelatio
1389 2172 1559 2238 Petri,
1601 2169 1924 2227 Prwdicatio
1948 2171 2119 2237 Petri,

543 2264 888 2336 Evangelium
952 2264 1123 2331 Petri,
1195 2265 1544 2328 Clementina,
1596 2273 1762 2336 atque
1817 2263 2120 2334 Disputatio

542 2358 691 2413 Petri
731 2368 780 2413 et
831 2359 1072 2427 Apionis.
1130 2357 1342 2424 Quibus
1388 2373 1536 2413 nunc
1573 2357 1711 2414 addc
1733 2373 1799 2413 ex
1823 2367 2121 2429 conspectu

540 2448 780 2520 Operum
831 2448 896 2505 R.
955 2447 1275 2505 PJoannis
1330 2449 1613 2507 Michaelis
1670 2448 1948 2509 Vanslcbil
1997 2453 2117 2510 0rd.

539 2541 989 2607 Praedicatorum,
1050 2542 1351 2611 Epistolam
1393 2542 1542 2598 Petri
1571 2543 1640 2598 ad
1664 2542 1981 2602 Clementem
2014 2546 2122 2603 lin-

538 2653 644 2709 gua
677 2637 1011 2709 Ethiopica.
1061 2639 1390 2694 lnscribitur
1418 2655 1557 2709 opus
1583 2655 1649 2695 ex
1673 2647 1786 2695 toto
1808 2651 1863 2695 et
1889 2657 1956 2697 ex
1987 2655 2116 2713 par-

539 2734 711 2796 tibus,
764 2732 929 2802 idque
985 2731 1068 2786 vel
1109 2746 1139 2784 a
1169 2731 1474 2798 Clemente,
1523 2734 1608 2788 vel
1656 2749 1686 2788 a
1715 2733 1899 2791 Petro.
1924 2736 1968 2791 A
1997 2737 2120 2794 Cle—

538 2831 727 2878 mente
773 2830 1024 2886 vocatur,
1083 2822 1367 2878 Clementis
1416 2822 1813 2897 Recognitiones
1855 2835 1910 2883 et
1965 2826 2122 2883 Reco.

536 2916 1063 2986 gnitio;Clementis
1140 2913 1510 2982 Itinerarium,
1590 2916 1771 2984 Gesta,
1853 2917 2118 2984 Historia.

541 3007 818 3072 Historiw,
851 3008 1117 3064 Chronica
1149 3050 1165 3073 ,
1192 3017 1246 3064 et
1273 3008 1531 3065 Clemens.
1555 3009 1601 3065 Α
1625 3005 1812 3077 Petro,
1844 3006 1993 3069 Petri
2017 3012 2122 3067 Pe-

537 3101 678 3154 riodi
723 3108 777 3157 et
823 3101 1168 3156 Itinerarium
1201 3118 1220 3168 ;
1252 3101 1402 3157 Petri
1432 3105 1618 3171 Actus,
1652 3120 1751 3175 per
1783 3099 2119 3160 Clementem

538 3195 772 3256 scilicet,
806 3195 896 3248 alii
927 3195 996 3250 ab
1026 3194 1253 3250 Actibus
1302 3193 1452 3252 Petri
1511 3198 1669 3268 quasi
1699 3196 1862 3253 Petro
1893 3207 2117 3265 actore;

537 3300 590 3344 et
619 3288 922 3358 Disputatio
954 3289 1102 3345 Petri
1130 3308 1250 3344 cum
1276 3289 1498 3360 Apione,
1556 3298 1705 3348 recte
1729 3293 1872 3348 enim
1897 3300 2121 3363 putatur

539 3394 666 3449 pars
693 3394 818 3435 esse
851 3380 1053 3450 operis.
1104 3381 1285 3436 Codex
1331 3381 1659 3438 Oxoniensis
1689 3402 1703 3437 :
1738 3379 1802 3439 B.
1832 3380 2117 3440 Clementis

541 3471 766 3525 Romani
804 3469 1149 3527 Itinerarium
1187 3478 1255 3528 ad
1298 3473 1559 3530 Iacobum
1607 3475 1833 3547 fratrem
1877 3475 2113 3535 Domini.

537 3564 957 3619 Carmelitarum
1010 3566 1466 3623 discalceatorum
1511 3569 1567 3624 in
1608 3569 1712 3624 hac
1743 3571 1916 3626 urbe:
1953 3569 2118 3626 Itine-

538 3656 743 3709 rarium
767 3654 1070 3713 Clementis.
1100 3657 1446 3714 Bibliotheca:
1484 3657 1760 3717 Thuaneaa
1791 3679 1806 3718 :
1833 3660 1990 3717 Liber
2011 3661 2116 3716 lti-

537 3748 782 3803 nerarius
817 3747 1227 3805 Prwdicationis
1259 3750 1424 3806 Petri.
1464 3751 1566 3808 Ms.
1602 3750 1670 3810 ν.
1701 3755 1772 3808 cl.
1804 3752 1951 3810 Petri
1979 3757 2118 3811 Can-

536 3840 778 3897 delerii:
829 3840 991 3896 Gesta
1050 3843 1358 3900 Clementis.
1417 3843 1583 3917 Regis
1627 3845 2111 3914 Christianissimi,

2152 2608 2194 2664 Β

2228 1335 2646 1390 translationem
2685 1350 2842 1390 suam
2899 1333 3423 1389 Commentariorum
3463 1335 3668 1408 Origenis
3692 1342 3730 1394 in

2229 1425 2527 1498 Epistulam
2553 1428 2621 1482 ad
2647 1425 2924 1483 Romanos
2958 1443 3064 1482 non
3096 1427 3475 1497 quidemjuxta
3503 1429 3729 1494 editiones,

2228 1535 2417 1575 verum
2444 1535 2511 1575 ex
2543 1521 2752 1590 optimo
2783 1536 2888 1575 ms.
2939 1520 3282 1575 bibliotheca:
3320 1517 3558 1584 Tbuanaa,
3584 1523 3649 1577 sic
3674 1523 3733 1578 lo-

2229 1615 2454 1685 quitur:
2485 1612 2618 1668 Post
2674 1613 2772 1667 Itoc
2823 1629 2954 1668 sane
3004 1623 3154 1680 vocat
3202 1630 3296 1667 nos
3330 1629 3471 1682 opus,
3498 1614 3615 1683 quod
3639 1617 3732 1669 olim

2227 1707 2438 1778 quidem
2479 1707 2775 1772 iniunctum
2816 1715 2917 1769 est.
2965 1705 3055 1761 sed
3107 1723 3247 1760 nunc
3272 1723 3303 1758 a
3334 1705 3473 1760 beato
3503 1706 3733 1762 Gaudentio

2227 1802 2467 1870 episcopo
2515 1799 2860 1854 vehementius
2894 1806 3226 1870 perurgetur,
3283 1797 3550 1853 Clementis
3584 1801 3733 1856 scilicet

2226 1894 2455 1948 Romani
2508 1895 2758 1964 episcopi,
2815 1895 3181 1962 apostolorum
3229 1893 3432 1945 comitis
3485 1908 3540 1946 ac
3577 1910 3734 1949 succes-

2227 1988 2390 2051 soris,
2419 1987 2482 2042 de
2527 1987 2895 2058 Recognitione
2939 1987 3082 2055 libri,
3127 1996 3183 2039 ut
3232 1987 3291 2039 in
3318 1984 3550 2039 Latinum
3577 1997 3733 2039 certan-

2228 2091 2333 2135 tur.
2370 2078 2438 2134 In
2483 2096 2585 2150 quo
2638 2095 2810 2149 opere,
2862 2078 2987 2134 bene
3039 2079 3160 2132 novi
3211 2077 3352 2149 quod
3390 2077 3596 2132 laborem
3622 2078 3734 2131 labor

2225 2172 2580 2241 multiplicata
2622 2182 2764 2228 sorte
2812 2170 3080 2240 suscipiet.
3134 2170 3478 2240 Satisfaciam
3499 2187 3605 2224 sane
3630 2172 3669 2222 in
3691 2187 3734 2223 eo

2225 2265 2413 2320 amicis
2455 2266 2606 2320 meis.
2651 2263 2804 2319 Dabo
2859 2264 3016 2318 titulo
3073 2281 3263 2318 nomen
3331 2280 3513 2326 meum,
3557 2264 3734 2318 auctoris

2225 2357 2567 2412 nihilominus
2621 2357 2877 2412 vocabulo
2927 2366 3286 2425 permanente.
3327 2354 3464 2408 Nam
3487 2352 3733 2422 RuﬁniCle-

2224 2468 2368 2507 mens
2416 2453 2750 2508 inscribetur.
2788 2450 3014 2508 Accedit
3057 2451 3123 2505 ad
3178 2449 3421 2505 nominis
3460 2449 3734 2511 varietatem,

2224 2544 2397 2600 multo
2445 2544 2673 2614 majoris
2725 2542 2989 2598 momenti
3040 2541 3333 2596 diversitas
3381 2547 3549 2594 textus
3577 2553 3629 2592 ac
3651 2553 3738 2608 per-

2222 2635 2404 2689 ‘versio
2437 2653 2450 2690 :
2480 2635 2630 2691 varie
2681 2635 2882 2707 Quippe
2913 2644 2966 2691 et
2994 2633 3214 2689 miseris
3266 2632 3440 2687 modis
3477 2631 3735 2693 distractus,

2221 2726 2454 2792 divisus,
2512 2728 2896 2798 interpolatus,
2955 2733 3175 2790 auctus,
3224 2724 3488 2785 minutus.
3542 2721 3737 2790 atquein

2221 2819 2605 2890 compendium
2658 2821 2912 2875 redactus
2963 2818 3085 2886 fuit,
3115 2833 3218 2873 nec
3250 2833 3363 2872 non
3396 2832 3487 2886 per
3510 2815 3739 2868 haereticos

2221 2921 2535 2983 corruptus,
2561 2911 2784 2967 insertis
2812 2909 3000 2965 multis
3041 2909 3330 2965 erroribus
3359 2925 3373 2973 ;
3405 2922 3611 2976 quorum
3645 2921 3740 2975 par-

2221 3014 2326 3065 tem
2383 3009 2576 3065 tollere
2623 3007 2777 3062 labor
2835 3006 3049 3062 exstitit
3072 3019 3201 3060 cum
3251 3001 3432 3058 Ruﬁni
3462 2999 3737 3070 interpretis,

2218 3108 2333 3157 tum
2354 3103 2499 3158 illius
2531 3102 2626 3172 qui
2657 3098 2942 3171 Epitomen
2974 3099 3124 3154 tecit.

2291 3191 2474 3250 Ruﬁni
2525 3192 2752 3258 Torani,
2793 3192 2927 3257 sive,
2977 3199 3037 3245 ut
3083 3189 3178 3244 alii
3225 3177 3738 3261 appellant,Turanii.

2223 3286 2500 3352 Torannii,
2571 3285 2861 3350 Turranii,
2927 3284 3205 3355 Tyrannii,
3264 3299 3389 3338 esse
3428 3280 3738 3352 praefationem

2220 3397 2344 3437 cum
2375 3380 2624 3451 sequenti
2650 3381 2903 3434 versione
2945 3377 3121 3448 Stylus
3150 3377 3378 3442 clamat,
3402 3373 3738 3441 ostenduntqoe

2220 3472 2557 3539 Gennadius,
2590 3470 2911 3537 Adhelmus,
2964 3469 3296 3526 Anastasius
3327 3463 3735 3523 Bibliothecarius,

2220 3574 2384 3638 atque
2413 3565 2531 3637 ipse
2557 3562 2790 3619 Ruﬁnus
2824 3580 2839 3618 :
2871 3562 3112 3633 itemque
3161 3561 3596 3616 Excalceatorum
3639 3554 3739 3610 Car-

2219 3659 2527 3714 melitarum
2559 3656 2718 3719 liber,
2751 3655 2843 3725 qui
2868 3654 2949 3710 sic
2987 3651 3180 3724 incipit
3215 3669 3232 3708 :
3288 3650 3468 3712 Ruﬁni
3509 3644 3739 3718 presbyteri

2217 3750 2464 3821 praefatio
2491 3748 2559 3803 ad
2601 3746 2952 3803 Gaudentium
3007 3748 3311 3816 pontiﬁcem
3362 3746 3416 3799 in
3458 3741 3742 3798 Itineran'm

2219 3841 2522 3908 Clementis,
2549 3842 2614 3896 ab
2633 3858 2692 3897 eo
2713 3857 2776 3895 ea:
2806 3839 2986 3895 erco
3012 3841 3063 3894 in
3103 3838 3359 3893 Latinum
3390 3851 3672 3891 conversum.
3693 3829 3741 3884 Et

536 3941 591 3986 et
615 3930 880 3988 Sorbonae
918 3943 1144 4000 nostrae,
1174 3943 1338 4000 atque
1381 3935 1528 3992 Petri
1576 3937 1738 3994 Petili
1791 3942 2114 4012 typographi
2145 3960 2188 4020 ο
2220 3944 2345 4007 post
2378 3935 2777 4007 praefationem,
2814 3933 3226 4002 Clementisque
3258 3930 3327 3985 ad
3360 3927 3604 4020 Jacobum
3640 3923 3739 4020 cpi:

535 4026 668 4096 regii
700 4045 712 4080 :
741 4025 986 4081 Historia
1035 4025 1340 4085 Clementis.
1391 4029 1551 4086 Liber
1603 4030 1985 4088 Monachensis
2029 4035 2112 4089 bi-

2221 4030 2442 4092 stolam,
2467 4029 2730 4099 scriptum
2757 4027 2923 4082 habet
2957 4046 2969 4080 :
2999 4023 3279 4080 Itinerarii
3323 4019 3590 4078 Clementis
3634 4013 3741 4069 Petri

535 4115 862 4174 bliothecse:
897 4117 955 4174 S.
1003 4119 1261 4193 Martyris
1319 4120 1601 4178 Clementis
1659 4126 1891 4195 episcopi
1931 4128 2112 4184 Romae
2220 4123 2446 4191 apostoli
2507 4121 2825 4177 successoris
2891 4118 3022 4172 liber
3061 4118 3270 4187 primus
3331 4113 3510 4184 incipit
3538 4130 3566 4164 a
3597 4109 3740 4176 Ruﬁno

537 4209 596 4264 S.
630 4209 780 4264 Petri
804 4211 1054 4280 discipuli
1082 4212 1342 4268 Narratio
1391 4217 1556 4270 missa
1597 4217 1666 4270 ad
1703 4216 1963 4273 Iacobum
1998 4222 2112 4290 [ra-

2221 4213 2513 4268 traductus.
2546 4212 2699 4280 Quod
2730 4213 2775 4268 si
2805 4210 2930 4282 quis
2967 4209 3227 4280 objecerit
3277 4207 3554 4278 epistolam
3578 4198 3740 4256 Paulini

536 4309 669 4355 trem
700 4302 937 4368 Domini,
963 4307 1259 4376 episcopum
1313 4308 1822 4380 Hierosolymorum.
1873 4311 2112 4370 Joannes
2217 4308 2309 4372 47,
2341 4307 2388 4362 is
2417 4321 2743 4378 responsum
2787 4303 2919 4360 feret
2944 4319 3045 4359 nec
3074 4303 3223 4358 illam
3271 4318 3398 4358 esse
3438 4297 3648 4354 indubia!
3671 4309 3742 4346 au-

535 4391 912 4451 Antiochenus
948 4398 1003 4451 in
1030 4397 1347 4468 Appendice
1397 4399 1617 4454 concilii
1667 4399 2020 4467 Basileensis,
2053 4403 2110 4457 in
2219 4399 2511 4464 ctoritatis,
2541 4414 2638 4455 nec
2655 4398 2710 4454 in
2728 4412 2791 4453 ea
2831 4397 3162 4453 mentionem
3194 4394 3316 4450 ﬁeri
3349 4391 3740 4463 Recognitiomsm.

537 4573 3738 4605 Μύρ-

1294 4791 1476 4905 DE
1555 4790 2228 4909 AUCTORE
2307 4789 3019 4906 ANONYMO

1054 5027 2080 5126 RECOGNITIONUM
2154 5026 3255 5125 CLEMENTINARUM.

610 5217 935 5295 (Gutum,
991 5217 1108 5276 Vet.
1160 5219 1317 5279 Patr.
1372 5223 1469 5289 Il,’
1499 5239 1674 5289 χχιιι,
1708 5238 1778 5277 ex
1829 5221 2146 5278 HistoriaL

2020 5309 2142 5349 can.

2223 5223 2395 5349 inuria
2425 5220 2746 5293 Aquileiensi
2778 5220 2845 5279 ν.
2876 5220 2938 5280 C.
2967 5220 3111 5277 Iusti
3156 5214 3478 5288 Fontanini,
3523 5213 3608 5272 lib.
3645 5233 3689 5275 νο

2020 5309 2142 5365 cap.
2173 5309 2289 5364 10.;

2134 5444 2204 5456 ιρ-

1729 5569 2105 5632 SYNOPSIS
2136 5569 2515 5632 CAPITUM.

605 5679 649 5759 ξε
678 5682 1328 5759 Auctonllecognitionum
1355 5688 1682 5759 inquiritur.‘

607 5750 669 5811 ΙΙ.
723 5755 972 5823 Ejusdem
1006 5750 1138 5813 citas
1169 5750 1442 5819 statuitur;
1482 5759 1591 5817 Cur
1617 5776 1742 5821 opus
1766 5761 1918 5819 titulo
1945 5759 2372 5833 Rccognitionum
2407 5761 2736 5834 inscriptum.
