3806 6272
155 263 269 319 1189

1172 253 1740 324 ΒΕΕΟΒΝΙΤΙΟΝΕΞ.
1773 294 1841 307 --
1872 264 2228 322 ΡηοωΜιΑ.

3147 265 3275 321 11⁸111

210 375 286 448 lll._
319 373 544 448 liensum
593 374 782 430 Gelasii
797 374 1520 447 papatdeRecoguitionibus.
1578 378 1761 448 Opem
1812 379 2052 447 pretium.
2101 376 2297 430 Auctor
2325 374 2628 430 catholicus.
2674 376 2881 446 Aliquot
2936 372 3272 429 recention

275 442 519 497 iudicium.

210 508 285 562 Π.
311 509 677 583 Recognitiones
706 511 916 569 ercas
939 522 1053 583 post
1080 530 1258 567 earum
1290 516 1703 580 translationem,
1729 532 1762 569 α
1811 511 2039 570 Paulino
2070 514 2122 569 Ν
2128 515 2281 569 olano
2320 513 2523 582 [rustra
2553 522 2824 578 tentatum,
2846 512 3063 583 Ruﬁnus
3093 511 3278 565 Latine

268 580 517 634 convertit.

209 642 262 696 ν.
299 644 488 722 Rogata
515 658 708 702 sancta:
729 649 941 715 Solvite,
987 650 1162 720 Ruﬁni
1186 650 1416 720 praefecti
1466 654 1710 721 prwtorio
1748 654 1966 718 sororis,
2016 669 2145 722 opus
2180 652 2495 722 aggreditur,
2531 650 2666 718 quod
2698 648 2985 705 Gaudentio
3024 650 3276 704 Briaiano

267 716 484 786 episeopo
514 729 794 786 nuncupat.

325 778 470 857 [erus
498 778 822 857 prgwfat'ionis
854 797 1053 857 auctor,
1076 798 1126 841 et
1150 786 1569 857 Recognitionum
1593 793 1863 857 interpres,
1890 786 2131 857 Ruﬁnus.

330 847 644 925 Bellarinini
670 856 812 925 locus
835 858 975 909 circa
1005 847 1694 925 Clementis"Recognitiones
1718 847 2041 925 expenditur.

208 915 321 971 \lll.
358 917 431 971 De
463 922 680 988 epistola
722 923 1140 994 Recognitionum
1195 927 1344 979 libris
1392 915 1618 979 adnexa.
1642 915 1823 995 Operis
1845 925 2001 979 editio
2032 924 2282 996 quomodo
2311 926 2587 978 adornata.

196 1215 231 1270 1.
268 1215 405 1272 Libri
435 1218 851 1293 Recognitionum
883 1227 1043 1280 alium
1068 1224 1223 1296 plane
1242 1238 1272 1279 a
1297 1230 1486 1281 sancto
1518 1222 1637 1279 Cle~
1662 1229 1710 1288 Α
1735 1232 1839 1278 tem
1862 1224 1989 1278 illuc
2019 1240 2141 1279 eum
2169 1226 2481 1287 convolasse
2503 1224 2871 1283 animadvertit
2900 1224 3123 1283 Huetius
3141 1228 3278 1299 (25).

144 1315 311 1370 mente,
365 1318 481 1375 post
521 1308 737 1367 Petrum
806 1316 965 1371 tertio
1007 1317 1093 1370 vel
1137 1324 1328 1384 quarto
1389 1314 1643 1370 Romana:

142 1392 361 1449 Ecclesiae
390 1400 661 1468 pontiﬁce,
688 1404 1038 1459 architectum
1077 1405 1394 1460 habuerunt.
1420 1404 1501 1459 Ad
1526 1406 1643 1473 ejus

140 1492 318 1539 a'tatem
348 1491 485 1557 quod
516 1493 725 1553 attinet,
763 1510 882 1549 eum
910 1505 1032 1550 ante
1067 1494 1344 1565 Origenem
1399 1494 1644 1551 ﬂoruisse

140 1569 182 1620 in
203 1584 458 1642 comperto
485 1585 588 1632 est.
620 1578 881 1650 Origenes
907 1583 1071 1646 enim,
1112 1584 1201 1652 qui
1235 1582 1335 1636 sub
1358 1580 1645 1651 Elagabalo

138 1656 301 1715 ﬂorere
326 1667 503 1733 coepit,
534 1669 745 1737 primus
798 1673 1036 1725 omnium
1092 1672 1394 1726 testimonia
1433 1687 1498 1726 ex
1528 1671 1639 1735 illo,

136 1754 357 1819 tanquam
382 1756 775 1828 scriptorejam
799 1769 947 1823 noto,
988 1768 1041 1817 et
1100 1761 1378 1815 Clementis
1428 1762 1645 1817 nomine

138 1839 324 1905 quidem
352 1844 626 1911 distincto,
658 1850 825 1904 semel
858 1859 1014 1919 atque
1038 1851 1230 1905 iterum
1276 1850 1472 1919 promit
1507 1849 1640 1920 (18).

135 1925 458 1990 Quamobrem
489 1934 813 1992 Clementini
842 1938 1019 2007 operis
1070 1936 1257 1991 artifex
1305 1937 1526 2007 Origene
1552 1936 1644 2006 ju-

136 2015 237 2069 nior
282 2020 380 2075 dici
430 2039 539 2078 non
581 2034 780 2095 potest,
827 2029 920 2083 sed
956 2028 1113 2097 paulo
1140 2028 1319 2080 senior
1350 2044 1366 2093 ;
1397 2025 1537 2096 quod
1563 2026 1646 2079 ni-

132 2101 302 2155 mirum
325 2105 389 2159 ad
418 2114 633 2177 tempus
661 2112 972 2180 scriptionis
997 2112 1246 2180 pertinet.
1295 2109 1430 2164 Ante
1454 2106 1644 2179 Orige-

128 2204 249 2256 ηθιηι
280 2210 371 2249 seu
422 2200 641 2253 tertium
696 2200 905 2256 Christi
943 2201 1155 2254 Domini
1189 2200 1462 2263 Saeculum,
1487 2214 1644 2254 nemo

125 2294 334 2352 unquam
382 2285 787 2357 Recognitiones
834 2292 1087 2354 laudavit,
1137 2305 1295 2344 nemo
1357 2286 1645 2343 Clementi-

127 2382 294 2426 uorum
341 2377 665 2431 mentionem
742 2378 885 2432 fecit.
968 2376 1115 2432 Libri
1165 2385 1439 2431 auctorem
1484 2378 1645 2432 tertio

127 2456 316 2512 demum
345 2461 544 2517 Christi
576 2467 780 2520 saeculo
805 2465 1024 2531 vixisse,
1042 2465 1149 2519 duo
1173 2465 1425 2535 produnt.
1443 2462 1640 2528 Unum,

127 2549 252 2612 quod
292 2565 355 2602 ex
407 2549 740 2609 Bardesanis
795 2553 915 2624 Syri
968 2555 1179 2624 dialogo
1222 2554 1297 2608 De
1325 2555 1434 2623 fato
1460 2563 1646 2607 contra
1679 2542 1721 2596 Β

128 2634 325 2690 Abidam
364 2643 725 2713 astrologum,
782 2643 1031 2696 laciniam
1077 2644 1213 2698 bene
1240 2634 1649 2713 longanisut’fu-

130 2732 281 2790 ratus,
326 2743 479 2783 suam
523 2731 675 2788 fecit.
736 2733 1000 2799 Alterum,
1027 2731 1170 2801 quod
1202 2732 1270 2786 de
1297 2732 1514 2786 civitate
1539 2732 1650 2786 Bo~

129 2828 287 2879 mana,
341 2819 599 2875 universo
655 2823 776 2876 orbi
835 2822 1124 2887 dominata,
1179 2836 1289 2876 non
1316 2821 1546 2877 obscure
1570 2823 1652 2878 lo-

128 2914 321 2970 quatur.
370 2908 534 2980 Atqui
587 2912 924 2967 Bardesanes
948 2916 1049 2967 sub
1078 2912 1146 2966 M.
1171 2912 1386 2967 Aurelio
1410 2912 1651 2983 Augusto

128 2993 286 3048 lloruit
326 3000 468 3055 circa
520 3018 727 3058 annum
774 3003 894 3067 171,
917 3004 1004 3056 cui
1027 3002 1305 3072 Dialogum
1328 3018 1485 3058 suum
1511 3019 1650 3056 nun-

128 3083 341 3149 cupavit.
394 3086 681 3143 Caracalla
737 3104 866 3143 vero
915 3090 1057 3143 circa
1088 3085 1287 3142 annum
1310 3089 1433 3155 215,
1463 3099 1649 3159 gentes

131 3165 349 3227 llomano
404 3176 636 3247 imperio
685 3179 974 3247 subjectas,
1019 3179 1357 3248 propriisque
1386 3187 1541 3233 antea
1570 3180 1648 3233 le-

130 3255 267 3323 gibus
289 3277 435 3328 usas,
460 3266 518 3318 in
551 3265 719 3320 Urbis
746 3280 924 3319 rerum
953 3265 1181 3318 dominae
1220 3266 1364 3334 jura,
1386 3266 1654 3320 constitu-

128 3347 255 3404 tione
290 3354 450 3420 edita,
482 3358 699 3425 primus
738 3356 974 3411 omnium
1006 3357 1431 3425 transirejussit.
1463 3356 1539 3410 Ex
1566 3357 1653 3412 his

128 3442 464 3509 perspicimus
505 3456 842 3517 quantOpere
892 3447 1164 3512 fallantur,
1202 3449 1292 3517 qui
1337 3447 1653 3504 Clementinl

127 3531 386 3599 scriptoris
442 3544 663 3594 aetatem
717 3538 911 3592 saeculo
961 3553 999 3590 ll
1041 3538 1302 3606 pradinire
1350 3539 1651 3594 voluerunt.

128 3615 308 3676 llornm
342 3641 538 3696 agmen
581 3628 736 3682 ducit
790 3627 1097 3682 Blondellus
1135 3627 1267 3697 (l9),
1302 3627 1387 3682 cui
1410 3643 1654 3683 accesse-

127 3717 237 3762 runt
264 3711 568 3772 Cotelerius
593 3717 705 3788 (20)
727 3724 779 3771 et
802 3715 1029 3771 Grabius
1069 3716 1201 3786 (21).
1230 3716 1451 3770 Cunctis
1477 3723 1655 3769 tamen

128 3799 185 3852 ad
220 3801 355 3859 hanc
404 3808 653 3863 eamdem
682 3808 1016 3868 .‘sententiam
1042 3808 1320 3876 praeiverat
1353 3806 1537 3862 Sixtus
1565 3803 1656 3864 Se-

124 3895 294 3949 nensis

189 3978 242 4036 ll.
277 3983 590 4044 Dodwellus
611 3999 915 4058 compactas
936 3995 1117 4042 censet
1134 3986 1517 4058 Recogm’tiones
1544 3989 1656 4061 (25)

123 4065 251 4125 inter
272 4090 402 4131 ann.
435 4095 563 4133 certe
594 4080 830 4148 vulgaris
856 4078 959 4131 218
978 4085 1030 4133 et
1066 4078 1189 4132 251.
1218 4078 1408 4134 Verius
1435 4079 1659 4138 dixisset

122 4155 252 4216 inter
276 4180 404 4221 ann.
432 4167 538 4222 2l1
576 4178 629 4223 et
647 4168 773 4222 217.
804 4167 1009 4221 Etenim
1058 4182 1198 4222 anno
1237 4168 1333 4222 211
1388 4171 1536 4226 solus
1559 4170 1660 4225 im-

122 4264 300 4316 perare
344 4257 515 4327 erepit
559 4258 853 4320 Caracalla,
908 4272 1077 4321 novae,
1136 4273 1297 4328 quam
1337 4258 1469 4323 dixi,
1527 4274 1661 4315 con-

124 4340 412 4400 stitutiouis
425 4357 643 4416 auctor,
679 4348 733 4401 in
761 4347 1179 4417 Recognitionum
1230 4347 1383 4403 libris
1411 4350 1657 4404 laudatae.

122 4428 235 4485 llox
278 4437 473 4494 eodem
518 4455 663 4494 anno
700 4439 825 4500 217,
851 4437 1132 4492 Caracalla
1152 4439 1432 4494 occiditur.
1465 4436 1559 4496 His
1583 4456 1664 4496 re-

122 4520 329 4585 pellitur
360 4528 639 4582 maximus
668 4527 813 4581 Petri
845 4526 1020 4579 Allixii
1049 4528 1252 4596 lapsus,
1302 4530 1498 4583 aientis
1526 4528 1660 4598 (24),

124 4610 693 4678 pseudo-Clementem
726 4614 926 4670 vixisse
963 4631 1062 4667 non
1087 4613 1178 4667 diu
1206 4625 1326 4669 ante
1356 4616 1660 4685 Sulpicium,

121 4708 236 4751 ante
264 4717 426 4770 quem
456 4712 639 4761 tamen
670 4721 732 4760 cc
774 4720 943 4760 annos
979 4705 1130 4760 vixit.
1155 4704 1429 4775 Origenes,
1456 4708 1661 4776 primus

123 4786 553 4859 Recognitionum
624 4812 820 4865 praeco,
875 4795 1161 4849 Caracallte
1229 4796 1363 4849 iram
1430 4797 1658 4866 fugiens,

123 4876 446 4937 Alexandria
474 4885 534 4938 in
562 4886 898 4940 Palaestinam
941 4886 1111 4953 primo
1152 4887 1398 4941 secessit.
1445 4886 1535 4941 Bis
1561 4902 1660 4940 au-

197 5047 304 5115 (18)
337 5048 605 5118 Origen.,g
632 5058 768 5118 (tom.
799 5062 873 5118 _m
918 5045 1205 5118 Comment.
1253 5050 1308 5103 in
1350 5050 1555 5112 Genes.,
1595 5049 1660 5101 ad
1693 5058 1736 5111 ι)

131 5126 242 5184 cap.
276 5114 315 5181 i,
352 5114 468 5181 14$
495 5116 549 5169 in
572 5114 829 5170 Philocal.
848 5129 976 5184 cap.
999 5118 1088 5183 22,
1117 5127 1169 5172 et
1196 5117 1250 5171 in
1280 5119 1564 5172 Comment.
1595 5117 1662 5170 ad

133 5180 315 5237 Matth.
350 5200 508 5245 xxvr,
544 5184 596 5239 6.
924 5180 941 5184 “
1076 5180 1082 5183 ⁷

197 5251 331 5322 (19)
368 5252 633 5322 BlonAdell.
657 5290 674 5314 ,
729 5248 1030 5322 Ιζιιριεεεοω1
1043 5320 1049 5322 _
1085 5251 1151 5306 ad
1221 5253 1660 5322 pseudo-Isidor.,

132 5317 388 5396 pag;n5_9,’_
396 5329 452 5372 et
483 5318 710 5396 Censu'r.
732 5317 910 5396 Epist,
940 5319 965 5371 1
996 5317 1335 5396 Clem.,_pag.
1560 5352 1561 5357 η

128 5383 308 5505 ὶᾶῗθ)
348 5383 589 5442 Coteler.
647 5383 818 5439 Judic.
879 5385 945 5440 de
999 5389 1122 5443 libr.
1172 5383 1485 5460 ’Recognit”
1542 5403 1657 5459 pag.

186 5493 295 5592 (21)
334 5523 505 5577 Grab.
546 5520 725 5587 Spicil.
750 5532 874 5580 tom.
906 5526 944 5591 Ι,
978 5545 1100 5598 pag.
1132 5531 1384 5594 277-279.

186 5590 295 5662 (22)
337 5592 480 5646 Sixt.
518 5590 679 5653 Sen.,
708 5591 841 5648 Bibl.
876 5594 970 5651 lib.
1001 5614 1060 5654 tt.

1739 1305 1897 1368 Prius
1950 1311 2204 1383 Origenis
2252 1314 2352 1369 iter
2405 1316 2458 1369 in
2499 1306 2859 1380 Palestinam,
2900 1315 2993 1371 ubi
3021 1318 3279 1373 Caesareae

1740 1400 1926 1470 pedem
1950 1402 2083 1465 ﬁxit,
2108 1411 2401 1473 sanctoque
2432 1403 2735 1459 Alexandro
2786 1401 3275 1478 Hierosolymorum

1750 1498 2001 1553 episcopo
2048 1484 2312 1553 innotuit,
2356 1488 2423 1542 ab
2480 1487 2667 1542 lluetio
2701 1490 2931 1558 illigatur
2980 1504 3121 1542 anno
3176 1488 3278 1541 Do-

1754 1573 1887 1629 mini
1914 1576 2037 1630 215.
2072 1576 2145 1630 Ex
2180 1577 2281 1631 boc
2323 1578 2531 1641 itinere,
2575 1588 2695 1648 post
2724 1596 2919 1635 czesum
2947 1580 3276 1636 Caracallam

1750 1680 1893 1718 anno
1928 1660 2049 1732 217,
2077 1664 2331 1737 Origenes
2372 1666 2751 1739 Hierosolymis
2787 1672 3153 1726 Alexandriam
3199 1686 3280 1725 re-

1751 1753 1899 1820 dux,
1948 1770 2126 1809 secum
2181 1754 2567 1826 Recognitiones
2624 1760 2806 1814 tulisse
2859 1760 3112 1815 dicendus
3162 1770 3275 1824 est,

1754 1842 1892 1895 unde
1948 1841 2059 1912 ipse
2113 1845 2321 1899 illarum
2374 1848 2662 1901 sententias
2714 1848 2825 1902 suis
2870 1847 3280 1904 Commentariis

1750 1930 2070 2001 admiscuit;
2099 1952 2329 2006 quorum
2358 1948 2478 1994 octo
2504 1941 2709 2007 priores
2744 1947 2916 1993 tomos
2946 1942 2997 1993 in
3029 1941 3276 1995 Genesim

1753 2022 2019 2078 Eusebius
2071 2039 2135 2078 ex
2178 2034 2323 2079 tomo
2352 2042 2536 2079 eorum
2570 2041 2712 2080 nono
2741 2027 2971 2081 ostendit
3004 2028 3111 2097 (26)
3152 2029 3277 2082 Ale-

1752 2113 1987 2167 xandriae
2026 2110 2192 2169 fuisse
2244 2114 2609 2185 conscriptos,
2647 2125 2700 2169 et
2751 2118 2964 2185 quidem
3003 2128 3116 2187 post
3155 2116 3278 2173 Ori—

1752 2204 1899 2273 genis
1936 2204 2035 2257 iter
2072 2204 2199 2256 illud
2257 2204 2487 2273 primum
2543 2207 2596 2259 in
2635 2206 2990 2262 Palaestinam.
3032 2208 3282 2277 Recogni-

1755 2301 1917 2344 tiones
1956 2306 2083 2345 vero
2118 2291 2173 2344 in
2228 2289 2507 2347 Palzestina
2545 2297 2922 2357 concinnatas,
2963 2312 3081 2350 cum
3120 2281 3279 2350 Blon-

1751 2382 1890 2436 dello
1928 2379 2081 2435 facile
2116 2382 2405 2445 credimus,
2443 2384 2870 2452 quandoquidem
2908 2386 2960 2437 in
3002 2385 3106 2439 illis
3144 2386 3281 2437 thro-

1753 2489 1848 2525 nus
1896 2468 2379 2539 Hierosolymitame
2423 2472 2668 2527 Ecclesia:
2718 2489 2878 2543 supra
2927 2483 3145 2529 czeteros
3181 2491 3277 2529 ex—

1754 2564 1975 2617 tollitur.

1820 2653 2079 2706 Caeterum
2111 2652 2258 2721 operi
2291 2667 2356 2707 ex
2380 2661 2692 2722 argumento
2716 2668 2819 2707 vox
2856 2650 3277 2721 Recognitionum

1753 2742 1994 2796 adhaesit.
2024 2741 2317 2811 Recognitio
2336 2742 2497 2807 enim,
2521 2743 2630 2796 sive
2654 2742 2882 2810 Agnitio,
2908 2758 2973 2796 ex
2998 2742 3279 2796 Aristotele

1754 2833 1808 2887 in
1836 2835 1960 2887 Arte
1991 2835 2211 2903 poetica,
2244 2834 2435 2898 oritur,
2463 2849 2579 2888 cum
2612 2835 2855 2888 homines
2894 2836 3020 2887 olim
3052 2834 3188 2888 inter
3219 2849 3279 2888 se

1755 2923 2204 2994 coniunctissimi,
2240 2924 2450 2978 tandem
2495 2925 2692 2978 multos
2728 2933 2848 2992 post
2884 2939 3043 2993 casus
3075 2924 3127 2977 in
3171 2932 3278 2977 tra-

1755 3012 1945 3081 goediis
1991 3021 2043 3066 et
2086 3013 2363 3067 comoediis
2409 3027 2468 3067 se
2503 3022 2689 3066 mutuo
2734 3028 2831 3066 nec
2868 3013 3083 3080 opinato
3114 3028 3280 3082 agno-

1755 3110 1930 3156 scunt.
1960 3102 2035 3157 ita
2068 3103 2221 3172 plane
2248 3102 2303 3157 in
2332 3102 2433 3156 bac
2469 3101 2984 3171 pseudo-Clementis
3008 3116 3280 3155 commen-

1754 3191 1954 3245 tatione
1995 3190 2380 3256 Faustiniano,
2412 3191 2678 3245 Mathidite
2714 3206 2778 3246 ac
2818 3191 2976 3255 ﬁliis,
3019 3188 3301 3255 Clementi,

1750 3270 1952 3328 Fausto
1983 3282 2035 3328 et
2059 3273 2315 3329 Faustino
2348 3276 2630 3344 contingit.
2677 3274 2858 3344 Itaque
2915 3289 3038 3328 cum
3088 3274 3286 3327 inscri-

1752 3360 1955 3427 ptione,
2013 3358 2237 3413 formam
2294 3361 2455 3413 etiam
2503 3360 2764 3429 poeticam
2812 3376 2950 3429 opus
2992 3360 3285 3429 accepisse,

1751 3463 1879 3501 vero
1908 3462 2163 3516 perquam
2195 3448 2370 3502 simile
2402 3447 2459 3501 tlt
2490 3447 2759 3502 Dodwello
2792 3448 2924 3518 (27).

1821 3537 1907 3592 lll.
1949 3536 2191 3593 Gelasius
2244 3535 2585 3606 pontifex‘in
2636 3539 2861 3593 Decreto
2912 3539 3164 3608 genuino,
3217 3554 3287 3593 ex

1752 3628 2037 3684 veterrimo
2093 3629 2280 3682 codice
2327 3626 2609 3691 Vaticano,
2649 3630 2773 3682 olim
2801 3643 2831 3680 a
2865 3643 2952 3683 me
2977 3629 3121 3682 edito
3151 3628 3287 3699 (28),

1753 3717 1893 3771 hanc
1937 3730 2221 3770 censuram
2269 3716 2333 3770 de
2377 3714 2821 3787 Recognitionibus
2864 3731 2894 3769 a
2930 3716 3125 3770 Ruﬁno
3150 3732 3287 3770 con-

1753 3804 1925 3861 versis
2000 3804 2407 3875 pronuntiavit:
2460 3803 2830 3869 Itinerarium,
2892 3808 3094 3859 nomine
3138 3805 3288 3859 Petri

1755 3894 1996 3963 apostoli,
2047 3894 2181 3964 quod
2221 3894 2515 3963 appellatur
2587 3896 2754 3948 sancti
2807 3893 3103 3959 Clementis,
3160 3911 3288 3964 apo-

1753 3985 2022 4054 crypltum.
2074 3982 2263 4040 Nullus
2315 3987 2424 4049 hic,
2470 3995 2529 4040 ut
2569 3987 2624 4040 in
2671 3988 2883 4041 caeteris
2936 3987 3285 4051 editiouibus,

1754 4075 2017 4128 librorum
2053 4090 2311 4131 numerus
2344 4076 2659 4145 explicatur,
2700 4077 2824 4145 quia
2853 4077 2901 4130 is
2930 4076 3191 4144 pendebat
3221 4092 3289 4131 ex

1757 4165 1982 4220 arbitrio
2032 4165 2396 4222 librariorum.
2464 4166 2733 4232 Gelasius,
2784 4153 2951 4221 sancti
3010 4166 3288 4222 Clementis

1760 4271 1896 4325 opus
1940 4254 2153 4324 quidem
2197 4256 2471 4322 appellari,
2501 4273 2610 4311 non
2636 4273 2764 4321 esse,
2796 4256 2969 4322 dixit;
2998 4258 3152 4325 eique
3187 4272 3276 4326 pu-

1757 4346 1949 4400 blicam
1992 4345 2274 4399 lectionem
2325 4353 2379 4400 et
2424 4347 2737 4401 canonicam
2788 4347 3164 4402 auctoritatem
3194 4361 3291 4399 vo-

1756 4434 1947 4488 cabulo
1975 4434 2250 4503 apocryphi
2286 4434 2634 4502 abjudicavit.
2682 4436 2952 4491 Gelasium
2980 4436 3033 4489 in
3061 4435 3292 4488 concilio

1758 4522 1997 4578 Romano
2051 4539 2153 4578 ιιι
2208 4524 2583 4593 episcoporum
2633 4525 2713 4580 sic
2758 4525 3114 4587 deﬁnientem,
3168 4524 3291 4578 Cle-

1758 4614 2023 4668 mentinas
2082 4612 2469 4683 Recognitiones
2511 4631 2542 4668 a
2597 4613 2790 4668 Ruﬁno
2850 4615 3137 4668 translatas
3186 4612 3290 4667 sub

1761 4706 1978 4759 nomine
2030 4702 2299 4758 ltinerarii
2381 4706 2668 4766 indicasse,
2723 4703 2865 4757 haud
2913 4703 3285 4757 dubitandum.

1762 4795 1878 4849 Non
1903 4794 2021 4849 ideo
2049 4804 2225 4849 tamen
2270 4799 2475 4864 privata
2525 4796 2815 4850 auctoritas
2866 4795 3003 4863 apud
3030 4795 3290 4863 plurimos

1762 4886 2017 4941 Ecclesiae
2069 4885 2270 4940 Latinae
2317 4889 2608 4955 scriptores
2646 4886 2753 4940 illis
2778 4884 2960 4940 deluit.
2990 4884 3063 4939 De
3090 4883 3292 4938 Graecis

1833 5055 1942 5178 ('25)
1980 5055 2187 5119 Dodw.,
2247 5055 2471 5111 Dissert.
2530 5072 2583 5110 vl
2636 5058 2690 5109 in
2740 5056 2906 5125 Iren.,
2959 5056 2988 5128 5
3036 5075 3112 5126 xi,
3166 5077 3287 5133 pag.

1750 5125 1944 5277 (“(321)
1980 5194 2164 5257 Allix.,
2191 5189 2364 5246 Didtr.
2398 5192 2460 5245 de
2496 5210 2617 5248 ann.
2647 5204 2695 5247 et
2724 5212 2885 5251 mens.
2914 5197 3080 5251 natat.
3111 5197 3242 5252 Dom
3272 5240 3289 5264 ,

1759 5265 2139 5408 paf25§:lluet.
2196 5330 2494 5401 Origenian.
2550 5333 2644 5387 lib.
2694 5347 2733 5395 ι,
2777 5333 2942 5401 capit.
2987 5335 3041 5398 2,
3074 5336 3129 5403 ι,
3162 5334 3291 5408 §vr,

1761 5400 2206 5531 pag26mlﬁuseb.,
2238 5467 2378 5524 Hist.
2418 5470 2565 5530 eccl.,
2589 5471 2682 5524 lib.
2714 5485 2790 5532 vt,
2817 5485 2933 5539 cap.
2963 5420 3049 5526 19‘.

1837 5471 1948 5604 (27)
1989 5537 2192 5599 l)odw.,
2226 5536 2261 5590 l.
2298 5554 2366 5592 c..
2399 5552 2517 5604 pag.
2543 5540 2663 5593 4M.

1856 5536 1946 5607 27)
1984 5537 2192 5607 l_)odw.,
2226 5536 2273 5607 ι,
2298 5554 2366 5592 ε..
2399 5552 2517 5607 pag.
2543 5540 2663 5593 4M.

1833 5604 1945 5678 (28)
1983 5604 2206 5661 Fontan.
2242 5604 2446 5676 Ant-iqg.
2475 5604 2660 5675 Hom,
2684 5622 2836 5677 pagg.
2868 5608 3120 5664 illi-351.
