3872 6396
522 260 659 320 HM

1375 254 1433 315 S.
1473 250 1870 313 CLEMENTIS
1906 250 1927 307 l
1966 251 2132 308 ROll.

2166 251 2372 309 ΡΟΝΤ.
2412 249 2637 308 OPERA
2680 248 2893 307 DUBIA.
3627 251 3744 308 H92

520 395 633 437 non
666 375 877 447 loquor.
909 370 1136 446 (Verum
1163 371 1270 426 hac
1302 372 1370 428 de
1396 389 1458 428 re
1496 385 1619 427 mox
1649 370 1918 441 agendum
1960 368 1988 442 ᾗ
2023 386 2095 434 vn,
2123 380 2172 438 Α
2200 370 2315 440 quis
2359 369 2605 438 fallatur,
2660 365 2919 437 ejusmodi
2969 364 3081 418 tta-4:
3137 370 3259 418 sunt
3302 364 3537 419 numeris
3585 378 3748 423 notata

519 471 615 526 ubi
646 468 715 524 de
744 464 926 520 lluﬁni
982 463 1233 531 versione
1288 461 1528 531 Latina.)
1589 460 1858 519 Caeterum
1891 459 1989 515 hos
2020 459 2083 512 li-

519 561 673 625 bros,
725 569 1035 628 quanquam
1088 552 1430 623 apocryphos,
1485 552 1538 608 id
1587 558 1671 608 est
1727 550 1956 622 publica:
1988 564 2119 604 au-‘

493 647 802 703 (claritatis
829 649 1103 714 expertes,
1132 658 1258 701 cum
1289 643 1401 703 sint
1423 643 1671 699 maximat
1712 640 2080 711 antiquitatis,

517 758 627 796 non
683 752 877 809 parum
930 734 1140 790 fructus
1199 734 1407 790 idcirco
1455 734 1669 791 adferre
1726 749 1910 804 posse,
1958 748 2081 787 eum

517 832 767 901 Nourryo
813 828 927 899 (29)
982 827 1272 883 sentimus.
1350 825 1487 881 Nam
1564 826 1895 882 Christiana:
1959 824 2085 880 reli-

516 922 692 994 gionis
737 919 997 989 Apologia
1025 926 1194 985 sunt;
1224 925 1279 973 et
1310 918 1599 989 gentilium
1630 916 1843 983 fabulas,
1873 915 2085 971 cultus-

517 1030 624 1086 que
681 1011 910 1075 ethnici,
960 1008 1169 1080 fatique
1214 1020 1552 1066 assertorum
1602 1025 1839 1073 errores,
1899 1010 1956 1064 in
1998 1010 2083 1064 eis

514 1105 845 1161 refutantur.
877 1104 1062 1175 Neque
1089 1105 1281 1159 inutile
1310 1119 1448 1174 opus
1476 1104 1543 1159 iis
1581 1118 1704 1158 esse
1733 1103 1955 1173 poterit,
1989 1102 2083 1173 qui

514 1194 966 1268 philosophorum
1024 1195 1333 1266 opiniones,
1392 1193 1635 1264 gentium
1697 1208 1901 1255 mores,
1950 1206 2084 1245 con-

490 1268 833 1339 'suetndines
881 1282 1308 1354 allegorieasque
1333 1282 1640 1339 fabularum
1692 1283 2082 1354 explicationes

513 1376 659 1431 scire
689 1374 983 1430 voluerint.
1014 1372 1124 1429 Nec
1154 1389 1288 1430 sane.
1319 1374 1479 1430 facile
1522 1382 1670 1430 esset
1722 1374 1954 1451 plurima
1979 1373 2083 1428 La-

518 1466 760 1521 tinorum
816 1466 936 1519 loca
996 1465 1321 1537 intelligere,
1386 1466 1433 1524 si
1482 1466 1566 1522 his
1620 1454 2081 1535 Recognitionibus

513 1572 846 1613 careremus.
890 1555 1003 1611 Hoc
1044 1557 1206 1611 etiam
1256 1555 1457 1612 fatetur
1501 1566 1693 1612 auctor
1747 1556 2082 1628 prmfationis

494 1638 583 1702 :ad
616 1664 809 1703 novam
852 1645 1112 1704 Cotelerii
1161 1647 1478 1712 editionem,
1527 1649 1621 1719 qni
1668 1650 1807 1705 alias
1837 1649 1904 1704 de
1928 1664 2079 1705 more

2195 462 2307 515 suis
2332 461 2483 516 locis.
2517 468 2573 513 ut
2598 463 2714 528 quis
2738 458 3014 513 observare
3059 456 3247 515 possit.
3282 454 3348 509 Hi
3397 455 3541 511 ιιεῑτὶ
3566 470 3597 509 a
3624 456 3744 512 Gru-

2194 564 2313 604 tero
2342 534 2626 619 explicati,
2677 561 2769 601 sea:
2826 560 3056 608 numero
3085 554 3233 610 sunt,
3272 545 3369 616 qui
3416 546 3560 617 apud
3595 547 3752 618 ipsum

2192 642 2363 699 videri
2393 649 2642 712 possunt.
2670 640 2750 712 (In
2774 640 3022 697 eamdem
3037 640 3255 697 Cruteri
3275 642 3608 697 sententiam
3621 642 3755 698 vide-

2193 735 2271 790 sis
2304 751 2427 805 (μελε
2474 735 2708 791 inferius
2735 749 2801 789 ex
2850 732 3077 790 Murano
3118 735 3238 792 viro
3281 736 3610 791 doctissimo
3642 746 3757 794 sunt

2193 823 2475 889 adnotata,
2505 824 2598 880 ubi
2635 839 2818 881 sermo
2839 824 2903 879 de
2943 824 3287 881 Clementinis
3311 826 3448 899 (33).
3486 824 3758 886 Postreun

2191 916 2312 971 loco
2336 916 2697 988 adiungamus
2726 915 2973 988 llugonis
3014 916 3189 974 Grotii
3228 918 3297 975 de
3317 919 3408 975 his
3436 918 3600 975 libris
3623 921 3748 989 judi.

2188 1006 2336 1061 cium
2364 1007 2476 1078 (54)
2504 1027 2517 1061 :
2554 1006 3005 1078 Recognitionum,
3068 1008 3177 1072 ait,
3206 1009 3294 1078 qui
3337 1007 3599 1061 dicuntur
3626 1010 3755 1073 libri,

2188 1107 2406 1152 eatenus
2462 1097 2601 1167 apud
2651 1115 2733 1153 me
2788 1099 2983 1160 valent,
3028 1106 3284 1167 quatenus
3336 1100 3574 1151 aliorum
3617 1098 3757 1153 dictis

2190 1200 2503 1260 congruunt.
2537 1189 2865 1250 theroauin
2911 1192 3073 1259 probo
3120 1190 3416 1249 cardinalis
3446 1190 3669 1244 Baronii
3702 1190 3759 1249 de

2191 1284 2255 1337 iis
2282 1283 2562 1353 judicium,
2591 1284 2682 1355 qui
2710 1299 2775 1336 ex
2825 1281 3143 1352 Epiphanio,
3193 1281 3382 1352 Ruﬁno
3408 1282 3659 1351 aliisque,
3684 1284 3759 1335 di-

2190 1376 2283 1439 cit,
2321 1374 2431 1428 illis
2459 1441 2463 1446 '
2492 1373 2641 1429 libris
2692 1374 2927 1445 plurima
2972 1375 3139 1445 fuisse
3173 1385 3379 1439 assuta,
3426 1385 3478 1429 et
3526 1375 3663 1428 inter
3706 1392 3759 1429 es

2190 1482 2368 1521 omnes
2394 1466 2519 1521 illas
2550 1465 2765 1535 fabulas
2787 1465 2853 1521 de
2879 1468 2968 1531 iis,
3019 1483 3137 1537 quae
3174 1466 3439 1523 δαῖσαι-ιω
3469 1466 3657 1536 fecisse
3688 1465 3761 1520 di-

2188 1557 2330 1611 citur
2355 1555 2547 1611 Petrus
2576 1566 2763 1611 contra
2792 1555 3079 1612 Simonem.

2261 1650 2527 1706 Caeterum
2556 1650 2800 1704 omnium
2850 1648 3022 1706 ferme
3067 1649 3323 1705 ordinum
3370 1648 3762 1704 catholicorum

515 1753 617 1794 suo
649 1753 756 1791 non
792 1752 964 1808 pauca
1004 1751 1289 1808 perperam
1322 1737 1479 1795 dicit.
1535 1724 1829 1796 Librorum
1873 1742 2085 1814 analysi
2115 1728 2486 1811 B‘scriptores
2542 1738 2808 1795 Clementi
2871 1736 3120 1794 Romano
3173 1735 3578 1807 Recogcitioxes
3621 1734 3764 1806 abia-

515 1828 845 1898 pertexenda
881 1827 1322 1899 superscdemus,
1387 1846 1514 1885 eum
1544 1830 1598 1887 id
1623 1833 1943 1904 praestiterit
1973 1833 2091 1890 lau-

515 1920 680 1975 datus
703 1918 986 1992 Nourryus
1015 1919 1132 1994 ('50)
1174 1921 1310 1993 (vide
1337 1923 1541 1995 supra).
1676 1930 1679 1931 ⁷

494 2020 501 2030 '
586 2012 848 2078 Quamvis
880 2021 1059 2070 autem
1089 2000 1386 2085 genuinum
1414 2026 1469 2071 et
1495 2015 1817 2086 primarium
1850 2016 2092 2089 Recogni-

515 2104 721 2158 tionum
752 2104 1039 2169 artificem,
1099 2106 1352 2161 doctrina
1413 2096 1708 2179 rerumque
1746 2109 2010 2165 varietate
2036 2118 2091 2167 et

512 2195 983 2266 copia,abundare
1011 2212 1122 2252 non
1164 2198 1524 2265 dilliteamur;
1572 2199 1954 2272 philosophum
2006 2209 2091 2255 ta-

514 2278 639 2340 men
669 2301 727 2341 se
753 2287 1005 2355 prodere,
1060 2303 1222 2343 nemo
1274 2304 1381 2343 non
1431 2288 1617 2344 videt:
1670 2297 1725 2344 at
1770 2274 2087 2345 catholicum

512 2384 680 2438 certe.
721 2376 969 2447 quamvis
992 2378 1326 2451 philologum
1358 2380 1532 2450 magis
1555 2396 1717 2451 quam
1753 2381 2084 2454 theologum.

512 2465 768 2522 Cotelerii
798 2469 965 2525 verba
1020 2486 1131 2525 non
1162 2471 1473 2542 praeteribo,
1533 2473 1699 2528 totius
1750 2484 2087 2529 commenta-

513 2559 682 2615 tionis
731 2569 1051 2632 argumenta
1082 2558 1350 2633 complexi
1378 2562 1433 2617 in
1466 2578 1578 2618 suae
1602 2564 1862 2621 editionis
1891 2551 2087 2636 prasta-

512 2650 686 2715 tione,
746 2652 840 2706 ubi
889 2659 1049 2708 vocat
1097 2662 1379 2723 sgntagma
1426 2653 1749 2725 tlteologicis,
1796 2654 2082 2721 historicis,

513 2742 888 2813 philosophicis
918 2755 967 2799 et
1000 2746 1331 2817 astrologicis
1362 2745 1515 2800 rebus
1545 2747 1817 2816 refertum.
1850 2746 2085 2802 Accedat

512 2837 679 2893 etiam
704 2837 978 2902 Barthius,
1004 2838 1098 2909 qui
1132 2838 1305 2894 libros
1343 2839 1420 2892 ait
1452 2838 1564 2909 (51)
1597 2839 1841 2909 antiquos
1884 2855 2014 2905 esse,
2035 2849 2084 2894 et

514 2926 773 2982 bonarum
796 2936 971 2983 rerum
1027 2930 1227 2999 plenos.
1284 2928 1515 2985 Eosdem
1564 2945 1937 3000 saepenumero
1960 2932 2084 2986 illu-

515 3026 691 3084 strat,
749 3027 804 3075 et
859 3020 973 3074 acri
1018 3022 1182 3076 etiam
1240 3034 1475 3076 censura
1531 3021 1885 3092 perstringit,
1941 3033 2082 3077 vrtus

2189 1830 2397 1887 dicant.

2265 1920 2446 1976 Primo
2475 1934 2542 1975 ex
2568 1918 2926 1974 cardinalium
2978 1924 3165 1972 senatu
3210 1914 3513 1978 Baronius,
3539 1914 3763 1986 pruden—

2189 2014 2264 2067 tia
2301 2021 2355 2068 et
2384 2013 2649 2083 gravitate
2676 2010 3035 2066 admirandus
3083 2008 3221 2082 ('55).
3254 2007 3561 2063 Baronium
3585 2008 3761 2063 subse-

2190 2090 2383 2177 quitur
2403 2088 2762 2169 Bellarminus
2786 2101 2920 2174 (36).

2260 2194 2339 2250 Ex
2370 2195 2555 2250 ordine
2582 2197 2942 2265 episcoporum
2958 2191 3191 2251 Carolus
3213 2189 3420 2263 Bovius
3444 2187 3764 2246 Ostuneusis

2189 2289 2420 2343 antistes
2434 2287 2586 2359 (57).

2259 2378 2361 2434 Ex
2415 2378 2599 2433 ordine
2678 2377 3105 2434 Prwdicatorum
3177 2376 3521 2432 Franciscus
3596 2373 3764 2429 Victo-

2176 2458 2272 2523 ‘ria
2321 2467 2457 2541 (58).

2258 2562 2335 2617 Ex
2364 2562 2678 2633 presbyteris
2701 2559 2981 2616 Societatis
3006 2558 3135 2614 Iesu
3155 2559 3491 2615 Benedictus
3524 2559 3765 2614 Pererius

2187 2655 2590 2729 (59),.Joannes
2621 2654 2855 2711 Lorinus
2888 2654 3024 2725 (40).
3056 2651 3316 2709 Nieolaus
3350 2651 3614 2709 Serarius
3640 2651 3763 2723 (ll),

2186 2749 2459 2804 Antonius
2486 2746 2825 2803 Posserinus
2853 2745 2989 2818 (i2).

2172 2828 2175 2831 ’
2255 2838 2333 2895 Ex
2363 2838 2650 2916 Academia
2678 2835 2991 2893 Lovaniensi
3038 2836 3279 2895 Joannes
3312 2837 3518 2893 Driedo
3552 2837 3689 2908 H5).

2256 2931 2333 2988 Ex
2378 2932 2665 2987 Academia
2692 2931 2988 2986 Parisiensi
3038 2929 3247 2987 Natalis
3270 2930 3418 2987 Beda
3446 2931 3594 3004 (44).

2253 3022 2345 3079 ιν.
2377 3023 2536 3080 Nunc
2563 3038 2693 3081 vero
2718 3023 2786 3080 de
2823 3022 3017 3079 Latina
3051 3023 3488 3094 Recognitionum
3515 3024 3765 3079 versione

509 3109 869 3181 fragmentum
899 3112 1202 3183 appellans,
1228 3121 1282 3167 et
1310 3113 1501 3169 Latine
1552 3127 1902 3179 conversum,
1961 3128 2084 3170 eum
2113 3098 2154 3155 (ἶ
2188 3116 2480 3187 agendum.
2514 3115 2779 3171 Paulinus
2826 3113 3071 3170 Nolanus
3121 3112 3380 3169 Ruﬁnum
3426 3130 3499 3171 ex
3521 3116 3771 3171 coenobio

513 3202 757 3257 nondum
785 3220 945 3273 genus
973 3202 1181 3257 dicendi
1224 3203 1568 3259 barbarismis
1602 3204 1884 3260 admodum
1912 3205 2086 3273 inqui-

471 3310 475 3324 ι
512 3302 698 3347 natum
725 3303 879 3359 esset,
917 3311 1009 3350 nec
1052 3297 1266 3349 mistam
1302 3297 1430 3351 olim
1469 3294 1754 3351 Gothorum
1782 3306 1874 3350 aut
1899 3297 2086 3351 talium

496 3384 743 3439 'illuvicm
797 3386 958 3451 oleat,
1002 3387 1101 3441 etsi
1161 3388 1271 3441 suis
1324 3388 1484 3442 etiam
1534 3388 1694 3442 ntevis
1745 3405 1851 3443 non
1882 3397 2083 3444 careat.

512 3475 650 3531 Rem
678 3477 979 3543 concludit,
1014 3478 1264 3533 bonorum
1298 3480 1619 3534 monitorum
1653 3480 1831 3550 gratia
1862 3495 1922 3537 se
1949 3480 2081 3535 talia

512 3567 748 3624 libenter
772 3569 1051 3640 perlegere
1082 3590 1097 3625 :
1131 3580 1262 3636 tam,
1304 3570 1502 3642 inquit,
1546 3570 1610 3625 de
1648 3587 1830 3625 eorum
1870 3573 2086 3627 veritate

512 3658 708 3723 securi,
739 3676 898 3729 quam
928 3660 976 3713 si
1000 3659 1301 3730 Apuleium,
1336 3671 1428 3716 aut
1454 3660 1804 3731 Apollonium
1832 3663 2084 3734 aliquem,

512 3748 592 3803 vel
617 3747 1000 3803 Philostratum
1030 3751 1367 3807 volveremus.
1410 3750 1579 3808 Recte
1605 3751 1821 3822 quidem
1853 3753 1929 3806 ita
1956 3768 2087 3808 cen-

515 3847 597 3895 set
628 3839 883 3897 Barthius
914 3841 983 3897 de
1007 3843 1238 3899 veritate
1263 3843 1546 3911 historica,
1578 3844 1625 3899 si
1648 3843 1791 3899 hanc
1813 3842 2087 3900 interdum

421 3971 428 3985 .
514 3940 751 4005 spectes.
775 3932 895 3988 Non
927 3935 1002 3990 ita
1057 3933 1127 3991 de
1154 3935 1430 4007 dogmate,
1480 3939 1548 3993 de
1602 3952 1713 4008 quo
1744 3936 1902 3992 aliter
1924 3935 2086 3991 Lam-

512 4024 703 4081 bertns
729 4023 998 4083 Gruterus
1031 4026 1142 4099 (52)
1171 4046 1188 4084 :
1235 4026 1514 4099 Nusquam
1544 4045 1670 4093 non,
1691 4027 1888 4100 inquit,
1907 4026 1963 4081 in
1991 4026 2087 4080 hoc

489 4128 493 4136 ‘
521 4116 658 4172 libro
687 4117 988 4187 defenditur
1016 4120 1235 4175 liberum
1253 4120 1477 4177 hominis
1514 4122 1816 4189 arbitrium,
1842 4110 2087 4191 baptismi

488 4215 562 4263 “et
592 4209 923 4266 eucharistia:
970 4213 1067 4278 vis,
1111 4215 1392 4270 necessitas
1423 4232 1487 4269 ac
1535 4216 1787 4287 dignitas.
1819 4214 2086 4270 Pratterea

514 4302 730 4357 trinitas
808 4321 1155 4375 personarum
1220 4307 1377 4361 unius
1448 4306 1579 4372 Dei,
1660 4305 2088 4377 providentiaque

516 4402 853 4450 astruuntur.
895 4394 1122 4451 Docetur
1147 4397 1269 4451 item
1300 4415 1404 4453 non
1445 4397 1819 4453 contemnenda
1845 4414 1955 4453 esse
1985 4398 2085 4452 mi-

480 4484 485 4489 θ
513 4489 704 4540 iacula
734 4486 803 4540 ad
834 4496 1130 4557 martyrum
1153 4489 1396 4560 sepulcra
1419 4489 1583 4545 edita.
1612 4487 1717 4545 Sed
1738 4498 1861 4543 sunt
1882 4489 1964 4543 hic
1996 4498 2082 4543 ta—

479 4571 634 4632 ‘men
677 4578 780 4633 loci
807 4578 1044 4651 quidam,
1076 4581 1238 4636 veluti
1283 4582 1439 4648 ntevi,
1493 4598 1622 4653 quos
1662 4581 1807 4651 pium
1842 4582 2083 4637 lectorem

481 4669 594 4763 {vel
616 4678 768 4724 caute
812 4669 997 4756 legere,
1044 4672 1122 4727 vel
1173 4681 1440 4745 suspectos
1489 4673 1680 4733 habere
1730 4682 1951 4745 Oportet.
2002 4670 2085 4729 Ne

586 4804 702 4871 (29)
728 4805 954 4873 Nourr.,
1000 4814 1198 4879 Appar.
1256 4809 1327 4863 ad
1356 4808 1499 4867 Bibl.
1541 4808 1685 4875 PP.,
1713 4817 1847 4866 tom.
1887 4807 1936 4874 .l,
1969 4808 2087 4865 Dis-

512 4884 790 4951 ser‘tL‘xt,
815 4886 920 4932 art.
954 4879 1160 4951 7,_pag.
1185 4881 1312 4935 225.

591 4944 712 5021 (ἔρ)
737 4945 969 5021 yourr”
1004 4944 1142 5021 βσᾷ
1167 4966 1290 5021 pag.
1320 4950 1445 5007 2H.

590 5015 703 5133 (3|?
737 5015 949 5081 ηδε-ιιι..
979 5015 1199 5075 Αάυενέ.
1233 5015 1327 5093 lib.
1360 5036 1484 5081 va.
1513 5035 1633 5090 cap.
1658 5020 1712 5076 5.
1782 5089 1794 5101 .

591 5085 681 5133 (32
746 5085 986 5133 Gruter-
1017 5090 1209 5133 Drmnt
1275 5090 1339 5133 ml
1410 5095 1659 5133 Clauum,
1710 5092 1794 5133 pd:

591 5085 703 5156 (32)
746 5085 987 5155 Gruter.,
1014 5090 1229 5149 Pracfat.
1258 5087 1341 5145 'atl
1410 5085 1663 5151 Clement.
1710 5089 1841 5147 edit.
1888 5087 2079 5146 Colon.

509 5151 745 5226 Agripp.
770 5156 930 5213 1569.

585 5224 707 5293 (3δῖ
726 5226 784 5279 In
807 5226 1094 5301 Prpmmiis
1121 5230 1190 5285 ad
1221 5228 1569 5293 Clementina,
1601 5229 1831 5289 huiusce
1861 5228 2011 5287 Patr.
2038 5237 2082 5286 t.

513 5291 582 5356 ll,
614 5295 789 5358 initio,
827 5296 984 5352 Eutr.

486 5376 490 5381 ‘
592 5364 704 5439 (ξιξ)
730 5364 905 5439 Crot.,
935 5368 1071 5439 Opp.
1106 5376 1239 5423 tom.
1270 5368 1359 5431 lll,
1389 5385 1511 5439 pag.
1543 5369 1670 5425 £88.

595 5434 706 5511 (ὄᾷ)
738 5434 1049 5511 Baron.,_ad
1094 5455 1225 5511 ann.
1250 5440 1338 5507 54,
1366 5434 1625 5511 δόἑιιιιι
1667 5448 2081 5511 et_ccxc1;ann.

527 5500 612 5569 tl,
646 5500 767 5572 §'x,
795 5500 1046 5575 amnti,
1089 5508 1117 5581 ᾗ
1176 5500 1536 5571 ιιινὶῖθηη.
1578 5510 1670 5576 51,
1719 5509 1747 5582 §
1783 5500 1927 5579 ιιιιξ
1952 5526 2081 5568 anu.

525 5571 647 5631 102,
695 5572 722 5640 ᾗ
756 5591 890 5633 xxn.

598 5641 710 5724 (ὄρ)
743 5643 1017 5705 Bellarm..
1051 5648 1126 5703 De
1150 5653 1331 5724 script.
1361 5651 1511 5719 eccl.,
1536 5667 1658 5724 pag.
1685 5652 1773 5720 52,
1795 5659 1847 5709 et
1873 5652 1969 5707 lib.
2020 5668 2057 5705 ll

521 5709 597 5768 De
632 5710 780 5773 Rom.
815 5728 982 5788 pont.,
1015 5736 1134 5793 cap.
1156 5721 1211 5781 2.

2186 3206 2362 3263 Pineti
2418 3205 2647 3262 Romam
2680 3207 2908 3271 iturum,
2959 3221 3057 3277 per
3101 3205 3317 3260 litteras
3372 3204 3769 3260 humanissime

2183 3299 2440 3355 salutavit
2471 3298 2608 3371 (45),
2667 3298 2859 3370 gratiis
2912 3297 3091 3352 amico
3145 3297 3375 3361 habitis,
3410 3296 3571 3368 quod
3623 3295 3771 3353 sede

2182 3389 2389 3448 Graecis
2446 3390 2645 3447 litteris
2678 3389 2941 3445 attentius
2986 3388 3367 3459 perdiscendis
3396 3389 3767 3443 commonuis-

2184 3492 2287 3547 set,
2320 3492 2611 3554 postquam
2653 3479 2905 3533 Latinam
2948 3475 3187 3549 Operum
3242 3477 3421 3533 sancti
3474 3475 3768 3531 Clementis

2183 3574 2253 3630 ab
2282 3588 2342 3629 se
2370 3571 2689 3628 adornatam
2738 3568 3057 3641 editionem,
3112 3566 3183 3622 ad
3223 3567 3484 3623 eumdem
3512 3564 3767 3621 Ruﬁnum

2184 3662 2587 3719 transmiserat.
2629 3659 2726 3715 Vir
2746 3667 2972 3716 sanctus
3015 3667 3070 3714 et
3099 3657 3559 3714 modestissimus
3605 3659 3769 3729 impe-

2170 3750 2325 3809 ritiae
2351 3767 2465 3810 suae
2490 3752 2699 3820 tribuit,
2728 3750 2874 3822 quod
2891 3749 3107 3806 alicubi
3148 3764 3374 3806 sensum
3402 3750 3589 3821 magis
3615 3766 3769 3821 quam

2183 3845 2369 3909 verba,
2401 3844 2604 3915 qu‘ppe
2658 3843 2728 3899 ab
2781 3857 2843 3897 se
2898 3856 3011 3897 non
3066 3841 3369 3906 intellecta,
3407 3842 3767 3896 converterit.

2186 3935 2293 3993 Sed
2321 3935 2610 3992 Paulinum
2642 3936 2821 4007 ipsum
2877 3935 3191 4005 loquentem
3236 3933 3535 3988 audiamus
3567 3949 3584 3986 :
3621 3931 3755 3988 Sane

2186 4029 2383 4101 inquit,
2412 4028 2551 4100 quod
2580 4028 2863 4084 admonere
2889 4026 3129 4099 dignaris
3168 4026 3364 4096 affectu
3389 4024 3509 4092 illo,
3546 4042 3656 4105 quo
3680 4040 3767 4078 nos

2183 4124 2318 4177 sicut
2342 4131 2389 4178 te
2414 4122 2617 4193 diligis,
2660 4132 2717 4176 ut
2758 4120 2995 4176 studium
3040 4119 3099 4173 in
3128 4116 3327 4173 Grcecis
3354 4118 3557 4173 litteris
3591 4128 3765 4173 atten-

2185 4217 2291 4270 tius
2320 4231 2550 4280 sumant,
2579 4213 2795 4269 libenter
2823 4212 3022 4283 accipio
3045 4225 3065 4264 :
3086 4210 3177 4265 sed
3202 4211 3420 4279 implere
3446 4228 3557 4266 non
3587 4211 3730 4265 valeo
3746 4226 3764 4274 ,'

2184 4309 2290 4363 nisi
2320 4308 2457 4378 forte
2485 4306 2749 4362 desideria
2797 4322 2914 4359 mea
2962 4303 3180 4373 adjuvat
3209 4302 3494 4368 Dominus,
3550 4314 3613 4357 ut
3645 4304 3762 4357 diu-

2162 4398 2295 4453 ‘tius
2322 4398 2589 4452 consortio
2645 4406 2734 4452 tuo
2776 4394 3043 4467 perfruar.
3099 4391 3244 4447 Nam
3273 4393 3542 4464 quomodo
3598 4395 3767 4463 profe-

2187 4499 2332 4544 ctum
2357 4504 2541 4559 capere
2588 4498 2768 4558 potero
2819 4485 3074 4542 sermonis
3106 4485 3291 4557 ignoti,
3324 4484 3373 4539 si
3407 4483 3551 4539 desit
3598 4503 3633 4538 a
3673 4503 3767 4554 quo

2186 4582 2435 4654 ignorata
2493 4581 2835 4636 condiscam?
2891 4576 3062 4634 Credo
3114 4577 3252 4631 enim
3296 4576 3355 4629 in
3411 4578 3767 4631 translatione

2186 4675 2357 4730 sancti
2380 4672 2684 4738 Clementis,
2717 4680 2909 4743 prater
2936 4670 3074 4724 alias
3123 4668 3320 4740 ingenii
3364 4669 3471 4723 mei
3512 4668 3766 4739 defectio-

2255 4811 2369 4882 (37)
2399 4810 2555 4882 βου..
2582 4808 2801 4865 Pratfat.
2832 4806 2899 4882 ad
2928 4806 3110 4882 Const.
3140 4814 3311 4882 apost.

2257 4873 2370 4951 (383
2401 4873 2639 4947 Vietbr.,
2672 4890 2804 4934 tom.
2832 4877 2897 4943 ll,
2930 4877 3123 4932 Relect.
3148 4890 3260 4941 xu,
3290 4873 3370 4929 De
3398 4884 3513 4930 art.
3546 4876 3765 4947 magia,

2183 4952 2600 5148 Ξάἷέδὶῗὶειιθτη
2639 5022 2694 5075 in
2732 5018 2939 5083 Genes.,
2971 5017 3069 5072 lib.
3112 5031 3175 5079 ιι,
3206 5021 3402 5087 quzest.
3454 5015 3509 5082 1,
3541 5030 3673 5087 pag.
3702 5014 3768 5068 40

2255 5111 2268 5147 ι
2301 5136 2313 5148 .
2456 5108 2566 5146 om.

2255 5103 2313 5148 ll.
2348 5103 2372 5147 1
2410 5103 2566 5146 ltom.

2278 5162 2369 5227 40)
2396 5161 2607 5227 Lorin.,
2638 5162 2693 5216 in
2721 5161 2840 5215 Act.
2876 5165 3045 5227 aposl.
3077 5170 3199 5227 cap.
3231 5171 3348 5218 ιιι,
3374 5153 3403 5224 §
3435 5169 3512 5227 Ix=

2279 5223 2368 5298 tl)
2398 5223 2607 5296 Seran,
2660 5243 2789 5286 tom.
2842 5228 2886 5294 l,
2910 5223 3226 5298 'opuscfde
3262 5223 3523 5294 apost.,§
3565 5237 3608 5287 ι,
3642 5239 3760 5295 pag.

2183 5300 2273 5368 27,
2300 5300 2429 5372 edit.
2459 5302 2695 5372 Mogunt.
2723 5300 2878 5354 1611.

2254 5372 2367 5439 (42)
2396 5371 2642 5437 Possev.,
2655 5373 2710 5426 in
2743 5374 2995 5441 Apparat.

2257 5434 2369 5514 (43)
2424 5434 2636 5514 Dried.,
2665 5434 2831 5514 _tom_.'
2868 5437 3042 5514 I__De_
3071 5437 3200 5492 eccl.
3254 5434 3461 5514 degat”
3507 5442 3663 5504 part.
3710 5447 3762 5497 v,

2257 5452 2369 5514 (45)
2424 5452 2630 5506 Drted.,
2686 5452 2820 5496 tom.
2869 5452 2889 5493 ι
2938 5452 3015 5519 με
3071 5452 3200 5492 ecct.
3254 5452 3423 5558 (10%01.

2184 5515 2280 5570 lib.
2310 5529 2383 5575 Iv,
2415 5527 2536 5582 cap.
2567 5512 2620 5576 5,
2656 5511 2750 5566 fol.
2775 5506 2844 5582 Α,
2868 5508 3002 5582 edit;
3024 5507 3229 5582 Lovan.
3260 5508 3329 5561 15
3364 5507 3423 5559 2.

2255 5582 2370 5707 (Μζ
2399 5576 2565 5664 Beda,
2603 5592 2769 5662 contr:
2798 5581 2921 5633 Jac.
2956 5576 3146 5639 Fabr.,
3161 5592 3395 5701 propos.
3424 5576 3550 5631 103.

2255 5655 2350 5707 445
2400 5652 2640 5707 Paultn..
2666 5650 2839 5707 Epist.
2886 5648 2978 5707 46.
3014 5650 3087 5705 al.
3120 5649 3153 5703 4
3195 5690 3209 5707 .
3234 5663 3390 5703 num.
3413 5646 3468 5701 2.

2254 5646 2370 5713 διιεῖ
2400 5652 2640 5711 Paulin..
2666 5650 2839 5720 Epist.
2886 5648 2978 5716 46,
3014 5650 3087 5705 al.
3120 5646 3209 5717 l7,
3234 5663 3390 5703 num.
3413 5646 3468 5701 2.
