3806 6266
165 328 283 394 “95

1251 341 1802 403 RECOGNI'I'IONES.
1837 380 1902 389 ——
1931 348 2283 404 PROOIJIIA.

3164 355 3297 412 “9-1

161 467 256 513 nes,
282 450 411 504 hanc
454 458 503 505 te
546 454 873 520 potissimum
926 455 1195 521 imperititc
1232 470 1356 509 mea:
1410 459 1673 525 penuriam
1704 471 1743 519 Α
1775 460 1862 513 cui
1891 461 2131 514 eamdem
2165 461 2279 528 ipse
2315 460 2696 530 spoponderat,
2722 460 2913 516 Brixia:
2941 463 2996 517 in
3018 463 3143 518 sede
3162 464 3299 531 Gatt-

156 540 505 605 considerasse,
564 543 702 610 quod
752 542 931 611 aliqua
970 544 1021 595 in
1060 545 1241 613 quibus
1297 546 1574 615 intelligere
1598 548 1671 599 rel

149 632 410 699 exprimere
429 631 581 684 verba
610 650 712 685 non
741 636 903 701 potui,
953 647 1104 687 sensu
1132 636 1301 701 potius
1338 637 1666 703 apprehenso,

149 721 215 773 uel
239 729 290 770 ut
313 721 480 773 uerius
510 722 711 781 dicant,
775 724 985 782 opinata
1024 723 1408 776 transtulerim:
1436 740 1536 794 quo
1559 740 1670 777 ma-

144 810 212 876 gis
230 822 343 877 egeo
373 808 742 861 misericordia
779 810 892 873 Dei,
914 818 971 861 ut
991 810 1267 877 pleniorem
1298 811 1425 863 mihi
1482 813 1556 864 tui
1579 824 1665 865 co-

144 900 265 964 piam
295 898 527 961 tribuat;
554 901 682 967 quia
707 914 801 966 pro
830 900 1024 953 divitiis
1060 900 1158 953 erit
1188 901 1430 967 pauperi,
1486 910 1542 953 ut
1569 901 1667 953 mi-

141 1001 217 1039 ras
248 1001 281 1037 a
306 985 483 1038 dit-itis
512 1002 697 1040 mensa
749 988 1009 1048 cadentes,
1066 989 1217 1042 arido
1246 989 1470 1057 famelici
1493 990 1663 1043 cordis

140 1089 214 1124 ore
236 1073 490 1141 colligere.
542 1072 621 1128 De
648 1076 928 1129 Clemente
978 1074 1220 1129 Romano
1266 1077 1545 1130 Paulinum
1576 1078 1662 1131 hic

140 1159 267 1229 loqui
292 1176 396 1214 non
420 1169 506 1215 est
528 1177 633 1216 cur
683 1166 967 1232 quisquam
995 1166 1202 1220 dubitet
1242 1173 1362 1221 c'um
1386 1167 1661 1222 Ileriberto

140 1249 436 1320 Rosweydo.
486 1250 603 1305 Suo
650 1253 796 1306 enim
836 1254 881 1306 is
923 1255 1137 1309 nomine
1180 1256 1256 1309 ab
1297 1256 1659 1312 Alexandrino

139 1339 365 1407 aliisque,
398 1341 542 1409 apud
570 1349 785 1396 veteres
808 1344 1237 1399 antonomastice
1278 1360 1335 1399 se
1362 1345 1659 1416 distingue-

135 1430 230 1484 bat.
245 1428 490 1491 Ruﬁnus,
523 1433 619 1499 qui
646 1431 1010 1486 Clementinas
1024 1432 1655 1503 Recognitioncsinlibros
1682 1461 1685 1464 ·

134 1519 449 1573 xdistinctas
504 1536 614 1573 una
644 1536 767 1574 cum
803 1522 922 1576 aliis
964 1522 1098 1577 bene
1143 1525 1323 1578 multis
1350 1524 1654 1580 Graecorum

133 1609 388 1663 codicibus
425 1624 495 1663 ex
544 1609 769 1665 Oriente
819 1624 1000 1665 secum
1055 1614 1325 1680 attulerat,
1367 1616 1422 1669 in
1450 1614 1653 1669 Italiam

133 1698 301 1761 redux,
328 1698 561 1752 Paulino
625 1700 823 1768 hospiti
872 1700 1300 1769 interpretandas
1353 1706 1660 1759 commoda~

134 1795 281 1841 verat.
339 1787 444 1843 Sed
496 1787 769 1842 Paulinus
817 1789 1307 1858 interpretationem
1363 1804 1663 1862 aggressus,

133 1877 351 1931 ultimam
374 1878 425 1932 ei
451 1893 677 1932 manum
703 1894 1039 1947 nequaquam
1078 1881 1356 1950 imposuit,
1387 1883 1529 1951 quod
1552 1884 1667 1936 Ru-

134 1968 257 2021 ﬁnus
279 1983 342 2020 ex
373 1969 682 2036 specimine
713 1969 779 2021 ad
812 1984 870 2022 se
916 1970 1120 2033 misso,
1147 1985 1262 2025 eam
1301 1974 1480 2027 minus
1506 1989 1670 2027 accu-

100 2050 105 2054 ’
131 2065 230 2111 rate
248 2058 553 2112 confectam
613 2057 1077 2125 deprehendisset,
1126 2069 1371 2114 sanctum
1401 2062 1574 2116 virum
1600 2073 1656 2116 ut

130 2146 286 2215 majus
318 2147 562 2201 studium
602 2147 656 2199 in
680 2146 881 2201 Griecis
929 2149 1120 2203 litteris
1148 2159 1385 2217 poneret,
1414 2152 1665 2207 benevole

132 2237 370 2293 hortatus.
387 2237 512 2291 Haec
543 2238 730 2291 omnia
754 2238 909 2292 nobis
931 2238 1105 2306 prodit
1121 2237 1394 2293 Paulinus.
1414 2238 1638 2312 Roswcy
1654 2271 1670 2281 -

129 2322 217 2379 dus
238 2335 411 2379 monet
440 2326 496 2379 in
529 2326 702 2391 notis,
732 2325 976 2394 Ruﬁnum
1006 2327 1081 2379 uel
1110 2326 1389 2381 Paulinum
1413 2330 1659 2399 interpre-

132 2415 354 2467 tationem
371 2415 744 2483 interpolasse,
777 2415 866 2494 vel.
894 2415 957 2468 de
996 2430 1121 2469 nouo
1168 2416 1513 2472 Clementinos
1542 2421 1661 2472 illos

131 2507 339 2560 uertisse.
375 2505 468 2559 Vir
493 2507 695 2559 doctus
728 2506 781 2558 in
812 2520 869 2559 re
900 2507 1045 2557 clara
1091 2501 1290 2561 lucrere
1322 2524 1427 2562 non
1457 2508 1657 2565 debuit.

133 2592 229 2647 iloc
249 2595 384 2649 enim
414 2598 697 2665 posterius
744 2594 1105 2649 certissimum
1159 2602 1261 2650 est.
1315 2580 1495 2667 Neque
1516 2598 1662 2653 Ruﬁ-

134 2700 222 2741 nus
244 2687 464 2739 alienant
494 2686 1024 2754 interpretationem,
1056 2692 1110 2736 ct
1139 2686 1205 2737 ab
1249 2702 1306 2743 se
1328 2704 1435 2741 non
1468 2690 1662 2758 proba-

131 2783 247 2837 tam,
276 2776 375 2830 sibi
404 2780 747 2843 usurpasset.
781 2772 929 2826 Ilanc
962 2770 1240 2844 Rosweydi
1276 2776 1659 2834 dubitationem

135 2864 248 2918 illud
276 2866 402 2918 satis
433 2864 716 2926 convellit,
757 2863 900 2932 quod
937 2862 1216 2926 Paulinus,
1248 2866 1424 2935 aliqua
1451 2871 1503 2920 in
1546 2870 1659 2938 qui-

133 2952 214 3005 bus
242 2953 524 3022 intelligere
587 2949 740 3003 uerba
796 2968 897 3003 non
938 2952 1123 3017 potuit,
1169 2969 1321 3006 sensu
1369 2955 1539 3020 potius
1568 2971 1660 3024 ap-

1771 549 1934 602 dentii
1967 550 2105 602 diem
2156 550 2400 612 obiisset,
2456 551 2547 604 ubi
2594 550 2711 619 ejus
2764 566 2960 622 corpus
2989 554 3215 622 quiescit
3242 555 3296 609 in

1766 638 1877 692 ede
1907 637 2088 691 Sancti
2116 637 2410 699 Laurentii,
2436 639 2794 708 recoliturque
2834 643 3087 695 memoria
3122 642 3209 696 die
3232 643 3299 697 I5

1770 725 2075 779 Decembris
2100 725 2235 793 (47).
2262 724 2556 791 Palladius,
2573 726 2667 795 qui
2700 726 2757 780 in
2784 725 3022 780 Historia
3040 727 3299 784 Lausiaca

1764 825 1823 867 se
1872 825 1998 865 cum
2053 810 2216 867 Silvia
2265 822 2334 863 ιχ
2386 827 2560 867 annos
2617 823 2806 882 agente
2851 812 3137 883 Egyptum
3198 828 3293 883 pe-

1767 899 1915 953 tiisse
1962 908 2185 954 testatur
2223 900 2367 970 (48),
2402 898 2667 965 Salvium,
2706 901 2838 954 alias
2883 898 3204 965 Silvaniarii‘,
3241 908 3296 954 et

1766 988 1941 1057 Ruﬁni
1966 989 2291 1056 excpra'fecti
2336 1005 2565 1044 sororem
2614 998 2790 1044 vocat.
2824 982 2882 1042 In
2919 988 3085 1042 veteri
3117 996 3295 1042 tamen

1767 1077 2005 1146 ejusdem
2053 1077 2305 1133 Historia:
2348 1091 2461 1134 sua
2503 1079 2775 1143 versione,
2828 1093 2950 1147 qua:
3003 1076 3295 1133 Paradisus

1764 1166 2057 1221 Heraclidis
2089 1166 2419 1229 inscribitur,
2468 1180 2578 1218 non
2606 1162 2896 1218 Silvaniam
2926 1178 3017 1217 aut
3042 1160 3294 1224 Saluiam,

1758 1257 1851 1311 sed
1880 1256 2097 1311 Silvium
2138 1257 2270 1310 dicit
2316 1254 2449 1325 (49).
2477 1253 2711 1323 Uterque
2757 1268 2918 1317 vero,
2948 1253 3219 1307 Palladius
3245 1264 3297 1307 et

1758 1348 2087 1411 Heraclides,
2115 1348 2269 1401 initio
2299 1348 2490 1417 capitis
2536 1346 2914 1415 subsequentis
2954 1345 3010 1399 ll.
3064 1359 3146 1398 cc.
3199 1359 3297 1397 au-

1756 1444 1874 1490 ctor
1899 1445 2004 1500 est,
2039 1444 2281 1490 sanctam
2310 1434 2675 1505 Olympiadem
2720 1434 2963 1492 ecclesiae
2993 1432 3098 1487 (ΖΡ.
3122 1432 3302 1486 diaco-

1758 1530 1985 1591 nissam,
2036 1525 2213 1581 Silvia:
2269 1527 2513 1594 egregias
2564 1527 2792 1579 virtutes
2849 1524 2951 1578 sibi
3005 1522 3293 1579 imitandos

1760 1617 2130 1686 proposuisse.
2163 1617 2334 1668 Tanta
2386 1615 2641 1668 nimirum
2677 1613 2855 1668 Silvia:
2888 1612 2988 1666 fuit
3030 1611 3295 1665 claritudo

1759 1717 1815 1763 et
1841 1707 1980 1762 fama
2008 1707 2332 1769 sanctitatis,
2375 1713 2435 1759 ut
2458 1707 2577 1759 aliis
2619 1706 2673 1759 in
2716 1706 3013 1773 exemplum
3046 1704 3290 1757 daretur!

1766 1798 2097 1853 Vocabulum
2141 1796 2484 1865 exnprtefecti,
2532 1795 2715 1849 Graece
2756 1792 2848 1846 τοῦ
2877 1790 2980 1845 ἀπὸ
3021 1793 3293 1862 ἐπάρχων,

1764 1903 1873 1942 non
1910 1895 1992 1943 est
2014 1902 2111 1940 cur
2137 1885 2508 1940 Tillemontius
2559 1884 2624 1937 ad
2654 1891 2864 1957 tempus
2892 1882 3099 1935 itineris
3123 1881 3295 1935 Palla-

1763 1978 1839 2032 dii
1860 1992 1983 2031 cum
2012 1976 2175 2031 Silvia
2214 1978 2268 2029 in
2316 1975 2625 2046 Egyptum,
2673 1975 2785 2028 sive
2822 1972 2889 2026 ad
2944 1987 3142 2024 annum
3170 1971 3293 2033 388,

1763 2066 2101 2123 referendum
2149 2066 2293 2120 dicat
2323 2064 2457 2135 (50),
2494 2080 2615 2119 cum
2652 2079 2783 2139 vere
2811 2061 2875 2115 ad
2922 2076 3119 2115 annum
3167 2060 3293 2123 420,

1763 2170 1869 2224 quo
1921 2156 2191 2208 scribebat
2232 2153 2520 2215 Palladius,
2573 2151 2761 2206 referri
2811 2152 3019 2205 debeat.
3072 2149 3295 2203 Ruﬁnus

1761 2245 1925 2307 enim,
1951 2241 2129 2297 Silviae
2158 2242 2342 2305 frater,
2358 2251 2410 2296 ct
2426 2241 2711 2310 praefectus
2738 2241 2985 2309 praetorio
3012 2241 3065 2292 in
3081 2239 3297 2293 Oriente

1763 2332 1864 2386 sub
1890 2332 2118 2385 Arcadio
2150 2332 2410 2400 Augusto,
2460 2330 2714 2383 aﬂ‘ectataa
2765 2328 3065 2393 tyrannidis
3109 2342 3296 2395 ptenas

1762 2422 1859 2474 luit
1879 2416 2367 2490 Constantinopoli,
2402 2436 2433 2472 v
2463 2418 2582 2472 Kal.
2615 2417 2951 2479 Decembris,
2997 2433 3049 2471 a.
3089 2415 3291 2476 (1.595.

1761 2510 1999 2580 adeoque
2030 2516 2151 2580 post
2199 2525 2395 2563 annum
2427 2508 2551 2573 388,
2586 2524 2652 2562 ex
2702 2506 3058 2570 Philostorgio
3104 2504 3212 2576 (5i)
3242 2510 3299 2559 et

1758 2615 1826 2656 ct
1854 2599 2075 2655 Socrate
2103 2598 2438 2669 (52).Ruﬁno
2464 2598 2630 2651 fratre
2673 2596 2905 2657 sublato,
2941 2592 3111 2648 Silvia
3140 2608 3298 2647 soror

1760 2690 1811 2743 in
1841 2688 2041 2744 Italiam
2074 2688 2305 2757 trajecit,
2331 2687 2422 2742 ubi
2447 2688 2630 2742 aderat
2660 2701 2800 2739 anno
2834 2685 2957 2748 398,
2977 2700 3040 2739 ex
3070 2683 3295 2738 Paulino

1760 2777 1890 2849 (55).
1925 2778 2037 2833 Iloc
2062 2779 2207 2832 enim
2253 2793 2395 2831 anno
2435 2786 2556 2847 post
2612 2775 2806 2829 festum
2822 2775 3137 2828 Sanctorum
3165 2788 3293 2841 apo-

1758 2869 2019 2923 stolorum
2046 2866 2191 2922 Petri
2223 2874 2276 2922 et
2297 2866 2470 2929 Pauli,
2525 2874 2582 2917 ut
2616 2865 2850 2917 diximus
2897 2864 3007 2934 (54)
3030 2862 3287 2917 Paulinus

1758 2956 2027 3011 Victorem
2062 2958 2117 3010 in
2160 2957 2503 3026 Aquitaniam
2534 2955 2599 3008 ad
2630 2953 2885 3008 Severum
2912 2951 3117 3006 dimisit
3171 2965 3292 3005 cum

133 3044 356 3109 prehenso
385 3058 443 3097 se
500 3040 737 3094 vertisse
790 3040 952 3094 dicat.
989 3040 1212 3094 Rulinus
1258 3058 1407 3105 vero,
1442 3060 1543 3096 non
1571 3060 1657 3097 so-
1682 3072 1722 3127 ρ
1754 3045 1911 3098 citata
1933 3044 2154 3113 epistola
2186 3045 2273 3106 51,
2299 3047 2384 3097 cui
2407 3057 2501 3111 pro
2523 3042 2930 3096 consecratione
2962 3055 3111 3094 novae
3145 3040 3295 3095 basi-

134 3132 225 3184 lnm
245 3150 274 3185 a
302 3131 597 3192 sententiis,
651 3130 739 3182 sed
777 3145 866 3182 nec
893 3147 925 3183 a
952 3130 1267 3183 sermonibus
1295 3131 1497 3199 quidem
1527 3133 1655 3187 satis

132 3223 609 3290 elocutionibuqu,
637 3236 695 3273 sc
717 3219 1035 3275 discessisse
1058 3221 1338 3289 proﬁtetur
1362 3240 1375 3277 :
1406 3238 1521 3293 qua:
1551 3239 1652 3284 res,

132 3314 304 3383 inquit,
334 3310 575 3383 quantivis
608 3311 778 3362 minus
812 3319 1052 3362 ornatum
1077 3349 1091 3372 ,
1123 3312 1285 3380 magis
1312 3323 1479 3367 tamen
1508 3312 1658 3381 ﬁdele

130 3405 430 3457 sanationis
462 3400 640 3456 neddit
670 3400 947 3469 eloquium.

182 3493 487 3548 V.Ruﬁnus
548 3490 693 3542 hunc
736 3504 846 3544 sua:
898 3487 1241 3543 Glementinte
1287 3490 1655 3544 translationis

125 3584 340 3640 laborem
393 3589 740 3648 susceperat,
790 3590 1008 3648 rogatus
1056 3578 1180 3632 olim
1224 3593 1253 3631 a
1284 3588 1467 3632 sancta
1491 3579 1653 3634 Silvia

119 3674 327 3738 virgine,
355 3684 526 3741 quam
552 3664 812 3721 Paulinus
866 3665 1047 3719 laudat
1097 3667 1339 3720 scribens
1392 3669 1457 3721 ad
1492 3666 1653 3722 Seve-

120 3776 225 3815 rum
257 3762 389 3831 (46),
420 3773 546 3813 eam
570 3765 819 3817 testatus,
869 3754 1147 3808 multorum
1187 3770 1250 3805 ea:
1281 3754 1487 3808 Oriente
1514 3774 1654 3809 mar-

116 3859 273 3918 tyrum
304 3849 570 3917 reliquias
599 3847 653 3899 in
683 3843 886 3897 Italiam
908 3843 1243 3897 convexisse.
1278 3842 1351 3898 De
1378 3845 1467 3898 illa
1500 3845 1651 3898 Ruﬁ-

116 3955 209 3994 nus
238 3941 293 3993 in
323 3940 559 4009 prologo
612 3936 790 4003 operis
836 3932 1152 3986 Clementini
1204 3932 1271 3986 ad
1299 3931 1649 3989 Gaudentium

110 4027 419 4083 Brixianum
466 4027 827 4095 episcopum:
882 4020 1028 4098 Nos,
1072 4022 1267 4090 inquit,
1314 4040 1439 4093 quos
1492 4035 1541 4079 et
1572 4026 1651 4078 in-

110 4123 233 4189 genii
262 4121 501 4174 tenuitas
525 4118 696 4169 minus
717 4123 997 4182 promptos,
1026 4122 1074 4164 et
1101 4123 1302 4166 senecta
1332 4114 1445 4181 jam
1477 4114 1651 4169 tardos

109 4209 269 4261 reddit
294 4226 356 4261 ac
380 4222 586 4275 segnes,
606 4219 730 4271 opus
753 4202 886 4271 quod
915 4200 1037 4254 olim
1067 4202 1362 4255 veneranda:
1397 4204 1652 4256 memoriw

107 4297 265 4351 Silvia
288 4296 623 4363 injunxerat,
678 4299 735 4341 ut
757 4289 1076 4341 'Clementem
1108 4296 1298 4340 nostra:
1328 4283 1515 4356 linguis
1536 4290 1651 4342 red-

1755 3134 1870 3189 lica:
1894 3134 2096 3188 addidit
2122 3134 2437 3202 particulam
2466 3131 2821 3186 sanctissimae
2868 3131 3069 3193 crucis,
3093 3144 3158 3183 cx
3187 3128 3293 3183 Me-

1755 3223 1896 3279 lania
1924 3224 2281 3291 impetratam.
2309 3221 2413 3277 Sed
2446 3236 2553 3276 non
2601 3222 2675 3275 ita
2706 3219 2908 3276 addidit
2937 3234 3120 3273 sacros
3148 3218 3295 3272 vine-

1754 3327 1840 3367 res
1867 3329 1897 3366 a
1924 3313 2121 3367 Severo
2149 3314 2433 3382 expetitos,
2474 3312 2669 3381 quibus
2718 3326 2902 3364 carere
2929 3324 2987 3364 se
3016 3311 3173 3363 dixit.
3198 3306 3293 3361 Vi-

1754 3410 1956 3456 ctorem
1998 3410 2175 3456 tamen
2206 3403 2299 3466 ait,
2332 3420 2471 3470 spem
2514 3402 2743 3469 ejusdem
2796 3400 2981 3468 gratia?
3031 3399 3291 3466 copiosam

1753 3490 1936 3544 habere
1986 3507 2018 3543 a
2068 3500 2250 3543 sancta
2304 3495 2495 3554 Silvia,
2534 3504 2648 3558 qua:
2702 3489 2782 3541 illi
2829 3488 2891 3541 de
2933 3489 3212 3542 multorum
3237 3488 3291 3541 in

1755 3577 1961 3632 Oriente
2008 3587 2293 3647 martyrum
2332 3578 2564 3645 reliquiis
2613 3576 2986 3644 spopondisset.
3018 3575 3157 3645 Ergo
3183 3574 3290 3629 Sil-

1751 3667 1835 3720 via
1855 3681 1919 3719 ex
1946 3663 2160 3719 Oriente
2197 3666 2250 3718 in
2294 3665 2500 3717 Italiam
2531 3662 2596 3715 ad
2632 3663 2765 3716 illud
2813 3672 3023 3730 tempus
3054 3672 3289 3716 reverte-

1748 3763 1849 3808 rat.
1878 3753 1987 3807 Ilac
2016 3770 2140 3807 vero
2166 3756 2305 3808 circa
2336 3755 2490 3809 tinent
2522 3754 2701 3808 saeculi
2754 3769 2805 3805 tv
2846 3752 3040 3806 Brixiae
3073 3753 3287 3805 demor-

1751 3855 1861 3906 tua,
1900 3843 2230 3898 Gaudentius
2262 3845 2411 3899 urbis
2455 3844 2741 3913 episcopus
2781 3843 2899 3910 jure
2939 3842 3272 3896 Ita'reditario

1749 3935 2116 3989 Clementinas
2148 3934 2530 4004 Recognitiones
2583 3935 2850 4005 poposcit,
2894 3949 3029 4003 quas
3060 3932 3286 3987 Ruﬁnus

1750 4033 1934 4079 noster
1987 4024 2165 4078 Silviae
2221 4026 2419 4078 viventi
2468 4024 2671 4094 pridem
2713 4025 3091 4093 spoponderat.
3142 4020 3284 4076 Idem

1751 4114 1974 4169 Ruﬁnus
2020 4116 2119 4170 sub
2152 4119 2305 4169 linem
2360 4113 2719 4184 perorationis
2775 4113 3283 4167 commentariorum

1751 4201 1994 4271 Origenis
2026 4204 2079 4256 in
2104 4202 2253 4255 Pauli
2284 4203 2573 4272 Epistolam
2604 4203 2667 4255 ad
2707 4201 2999 4267 Romanos,
3028 4202 3112 4255 his
3163 4218 3285 4257 ver-

1751 4292 1832 4345 bis
1866 4293 2019 4345 Iidem
2044 4306 2193 4347 suam
2238 4291 2537 4345 Gaudentio
2588 4291 2954 4360 obligaverat:
3015 4289 3140 4345 Post
3190 4290 3282 4341 hoc

104 4384 362 4445 deremus,
389 4391 444 4435 et
480 4393 535 4433 tu
593 4376 831 4443 deinceps
857 4376 975 4443 jure
1013 4373 1340 4427 hazreditario
1385 4379 1647 4444 poscebas,
1686 4395 1724 4446 ο
1749 4392 1875 4433 sane
1901 4390 2046 4433 vocat
2100 4397 2191 4433 nos
2231 4396 2377 4447 opus,
2419 4379 2553 4449 quod
2586 4381 2711 4433 olim
2762 4379 2965 4448 quidem
2993 4379 3279 4447 injunctum

103 4474 217 4525 licet
271 4471 479 4525 multas
508 4480 625 4535 post
656 4481 850 4526 moras,
900 4471 1070 4515 tamen
1119 4463 1397 4531 aliquando
1423 4466 1649 4519 restitui-

102 4578 233 4614 mus.
270 4558 527 4613 Prmdam
578 4572 682 4608 non
736 4570 966 4621 parvam,
1015 4552 1311 4607 Gra'corum
1337 4552 1648 4609 bibliothecis

97 4660 353 4717 ereptam,
390 4654 691 4698 nostrorum
736 4643 912 4695 usibus
956 4649 1004 4694 et
1033 4640 1340 4694 utilitatibus
1386 4652 1651 4695 concerta-

99 4755 235 4798 mus,
310 4746 372 4788 ut
434 4748 561 4803 quos
606 4731 830 4801 propriis
878 4746 975 4782 non
1034 4744 1321 4796 possumus,
1370 4731 1647 4800 peregrinis

96 4829 404 4880 nutriamus
447 4823 732 4876 alimentis.
766 4818 906 4872 Nam
937 4826 984 4870 et
1037 4819 1201 4870 solent
1230 4820 1466 4873 suaviora
1491 4821 1648 4873 videri

90 4919 397 4984 peregrina,
430 4911 691 4967 interdum
722 4919 771 4963 et
828 4909 1060 4961 utiliora.
1116 4908 1202 4961 Ait
1234 4907 1478 4973 Ruﬁnus,
1507 4908 1648 4963 Gau-

90 5008 339 5061 dentium
392 5001 733 5058 Itaereditario
778 5000 897 5068 jure
947 4997 1014 5048 ab
1069 5013 1126 5051 se
1173 4998 1480 5066 poposcisse
1508 4999 1647 5053 banc

94 5092 551 5155 translationem,
583 5096 864 5160 propterea
897 5086 1039 5153 quod
1073 5095 1258 5140 sancta
1288 5083 1452 5140 Silvia
1474 5089 1643 5158 virgo,

174 5248 293 5315 (46)
327 5243 511 5315 Paul,
537 5243 699 5315 epist.
725 5238 814 5297 51,
840 5235 913 5315 gl:
946 5233 1031 5315 tl.

313 5300 601 5397 “Bollandf,
661 5308 780 5360 Act.
831 5300 931 5355 SS.
977 5302 1171 5369 April.,
1219 5311 1350 5359 tom.
1384 5303 1471 5369 Ill.
1521 5319 1642 5377 P38-

103 5382 289 5516 49385)
313 5383 569 5509 ἴβῦηπάη
588 5438 953 5516 “msh-Laus”
983 5451 1110 5516 cap.
1142 5440 1261 5495 ita.

195 5458 289 5516 58)
328 5458 569 5509 Pallad.,
614 5458 750 5495 "ist.
775 5458 953 5497 unum,
983 5458 1110 5506 cap.
1142 5458 1261 5495 ιλιι,

169 5458 283 5585 ἑ49)
310 5515 519 5569 Parad.
579 5508 807 5569 Herarl.,
836 5516 949 5570 cap.
987 5506 1086 5569 42,
1121 5524 1239 5579 pag.
1269 5509 1400 5573 977,
1430 5511 1556 5567 edit.
1586 5513 1642 5580 2,

107 5584 368 5640 noswct'd
378 5624 389 5636 .

174 5638 560 5721 ιὸυγτίίιθῐηη
587 5646 735 5697 Mem.
764 5638 895 5699 εει-Ι..
926 5648 1069 5697 tom.
1123 5644 1217 5713 XI,
1251 5664 1369 5719 pag.
1401 5648 1522 5709 639.

420 5741 683 5813 ΡΑτιιοι.
725 5732 823 5785 Gn.
858 5728 899 5787 I.

1750 4479 1825 4521 est
1889 4470 1941 4537 (a
1969 4468 2176 4537 Silvia).
2228 4469 2330 4523 Sed
2378 4484 2513 4522 nunc
2565 4470 2705 4539 (post
2746 4469 2923 4523 Silviae
2969 4467 3216 4535 mortem)
3246 4483 3279 4519 a

1748 4557 1895 4610 beato
1941 4555 2234 4611 Gaudentio
2287 4560 2521 4626 episcopo
2566 4558 2903 4612 uehementius
2956 4567 3275 4624 perurgetur,

1748 4644 2022 4699 Clementis
2050 4646 2243 4699 scilicet
2267 4643 2485 4700 Romani
2523 4648 2763 4714 episcopi,
2790 4645 3140 4713 apostolorum
3190 4661 3278 4698 co-

1747 4735 1885 4787 mitis
1911 4749 1929 4786 :
1950 4749 2165 4804 quorum
2191 4745 2247 4787 ut
2280 4737 2666 4790 successoribus
2704 4735 2881 4787 darem
2919 4734 3274 4803 cognitionem,

1747 4821 1867 4875 libri
1893 4839 1925 4874 α
1953 4822 2098 4876 nobis
2120 4824 2173 4876 in
2204 4822 2447 4877 Latinum
2481 4834 2761 4879 uertuntur.

1813 4908 2147 4980 Rosweydus
2199 4911 2252 4964 in
2282 4912 2425 4966 notis
2480 4911 2548 4966 ad
2596 4908 2806 4965 Paulini
2855 4912 3135 4981 epistolam
3186 4910 3274 4976 47,

1745 4998 1862 5065 Quae
1891 4998 1944 5051 in
1975 5000 2109 5052 nova
2137 4998 2369 5053 editione
2414 5007 2497 5053 est
2523 4998 2611 5063 46,
2670 5006 2893 5069 postque
2918 5015 3040 5055 eum
3070 4998 3275 5054 Goteleo

1745 5090 1859 5143 rius
1909 5084 1973 5144 ad
2005 5088 2424 5157 Recognitianes,
2472 5098 2621 5159 aeque
2664 5092 2927 5160 ancipites
2952 5098 3096 5155 sunt,
3134 5088 3274 5143 ϐαυ-

1818 5238 1924 5311 (51)
1978 5238 2339 5308 Philostorg.,
2397 5240 2488 5296 lib.
2551 5257 2634 5305 Ix,
2679 5256 2797 5311 cap.
2854 5243 2920 5306 3,
2982 5243 3112 5300 edit.
3170 5242 3274 5299 Go-

1743 5308 1907 5362 tbofr.

1813 5374 1923 5446 (δῇ)
1954 5374 2184 5446 S_ocra_t.,
2211 5374 2314 5446 lib.
2339 5393 2392 5439 ν,
2417 5391 2537 5446 cap.
2567 5377 2618 5432 1.
2684 5404 2685 5407 η

1836 5444 1923 5526 ἕξ)
1952 5444 2203 5526 rauim.
2228 5444 2395 5526 ξρίειι
2432 5444 2627 5526 eaal-
2655 5447 2738 5526 ις.

1813 5511 1924 5579 (54)
1952 5511 2199 5574 Fohtan.,
2235 5511 2374 5567 Hist.
2433 5512 2614 5569 Litter.
2666 5514 2864 5584 Aquil.,
2914 5517 3009 5573 lib.
3043 5533 3115 5583 tv,
3147 5519 3260 5586 cap‘~

1742 5581 1795 5649 5,
1828 5580 1963 5653 ειη,
2007 5595 2124 5652 pag.
2162 5579 2275 5636 194.

2887 5742 2968 5805 38
