3806 6290
159 1275 498 1347 Clementis;
527 1288 593 1340 ab
625 1309 683 1344 eo
722 1311 786 1347 ea:
824 1296 1000 1353 (ἲν-ατο
1044 1306 1097 1357 in

142 1998 446 2072 Dupinium
474 2008 665 2065 audire
687 2016 841 2069 nobis
864 2020 1122 2088 contingit
1148 2024 1280 2093 (75),
1311 2029 1529 2083 omnino
1559 2034 1716 2087 aliam

139 2096 483 2148 sententiam
548 2098 875 2158 Bellarmino
932 2110 1282 2177 tribuentem,
1339 2132 1457 2171 eam
1511 2122 1715 2177 scilicet

136 2195 305 2247 quam
354 2185 741 2245 refutavimus.
774 2193 881 2249 Nec
924 2200 1101 2254 minus
1131 2208 1304 2271 spisso
1342 2224 1524 2264 errore
1566 2220 1714 2266 tanto

136 2277 259 2325 ante
290 2272 580 2331 irretitum
624 2280 1075 2350 deprehendimus
1119 2292 1462 2351 Anastasium
1508 2298 1710 2357 Biblio-

136 2359 450 2417 thecarium
488 2366 545 2420 in
584 2370 809 2437 epistola
840 2378 1000 2441 plodo
1030 2381 1278 2448 adducta,
1311 2402 1539 2460 cumque
1568 2392 1659 2448 illo
1680 2410 1711 2449 e

128 2448 459 2516 junioribus
491 2455 711 2513 Petrum
750 2461 1018 2520 Daniblem
1051 2470 1299 2527 Huetium
1331 2448 1469 2548 (74):
1495 2485 1707 2550 quando

133 2540 243 2597 haac
274 2546 477 2609 verba,
527 2549 727 2617 quibus
762 2551 988 2610 Ruﬁnus
1039 2540 1597 2626 praefationem'suam
1637 2574 1704 2627 ad

131 2629 508 2688 Gaudentium
533 2640 867 2706 auspicatur,
890 2656 945 2696 ut
975 2644 1280 2704 Clementem
1301 2664 1491 2711 nostra:
1514 2658 1705 2729 lingua:

128 2719 499 2787 redderemus,
532 2725 605 2778 ita
631 2739 974 2798 acceperunt,
998 2737 1148 2803 quasi
1166 2737 1549 2810 Ilecognitiones
1573 2748 1702 2817 ipsa:

128 2806 319 2865 Latine
383 2816 601 2882 scripta:
644 2820 877 2885 primum
929 2824 1174 2890 fuissent,
1213 2835 1549 2896 postmodum
1606 2839 1699 2891 de-

126 2902 388 2968 perditaz,
438 2913 497 2959 et
527 2905 742 2961 demum
785 2925 814 2962 a
852 2911 1045 2968 Ruﬁno
1073 2932 1100 2968 e
1131 2915 1331 2973 Crazcia
1383 2924 1437 2976 in
1482 2924 1695 2981 Latium

128 2991 417 3055 restitutae,
481 3009 591 3046 non
619 3012 648 3048 e
695 2995 874 3051 erca
904 3003 1193 3058 translatze.
1227 3007 1297 3059 At
1331 3011 1486 3077 plane
1526 3015 1691 3078 aliud,

125 3093 228 3132 non
254 3080 366 3135 hoc
398 3083 624 3153 scripsit
650 3084 897 3152 Ruﬁnus,
930 3094 1068 3159 apud
1099 3111 1255 3163 quem
1291 3099 1390 3154 viri
1422 3101 1564 3156 docti
1590 3107 1694 3172 pri-

122 3170 222 3223 mis
251 3178 475 3225 tantum
507 3176 736 3239 voculis,
770 3180 845 3231 uti
868 3181 943 3247 ﬁt,
973 3185 1165 3251 raptim
1191 3189 1441 3255 perlectis
1470 3193 1524 3247 in
1545 3210 1694 3249 erro-

124 3269 232 3308 rem
263 3259 499 3312 adducti
530 3270 677 3316 sunt.

186 3340 298 3398 Vll.
337 3344 456 3399 Nec
510 3350 726 3415 penitus
771 3356 927 3411 nobis
980 3366 1382 3426 praetereundus
1429 3377 1513 3423 est
1557 3370 1692 3425 alter

122 3429 435 3487 Bellarniini
464 3435 638 3501 locus,
668 3441 755 3492 ubi
792 3444 903 3498 haac
952 3447 1016 3499 de
1046 3451 1403 3511 Clementinis
1442 3458 1690 3530 Recogni-

117 3517 345 3572 tionibus
389 3524 587 3577 scribit
621 3527 731 3597 (75)
766 3547 781 3582 :
818 3531 963 3585 Teste
983 3534 1292 3605 Epiphanio,
1334 3546 1517 3599 hwresi
1559 3517 1686 3610 ἕνα,

116 3609 356 3663 Clemens
384 3612 499 3680 ipse
543 3622 764 3669 testatur
803 3619 1075 3679 Circuitus
1120 3626 1283 3692 Petri,
1314 3650 1346 3685 a
1375 3651 1427 3687 se
1457 3639 1687 3690 conscri-

110 3707 246 3764 ptas,
283 3702 353 3754 ab
385 3702 652 3763 haereticis
683 3706 989 3775 depravatos
1027 3715 1206 3782 fuisse.
1238 3718 1327 3772 Vir
1357 3735 1682 3793 purpuratus

111 3785 223 3843 haec
263 3792 462 3847 hausit
492 3810 524 3849 e
552 3799 762 3865 magnis
799 3800 1099 3859 Annalibus
1123 3804 1255 3875 (76).
1280 3785 1476 3865 Verum
1506 3813 1680 3871 Lucas

107 3876 436 3937 Holstenius
466 3900 578 3939 non
604 3886 709 3939 hoc
736 3888 919 3945 dicere
950 3892 1303 3962 Epiphaniam
1330 3901 1551 3965 detexit.
1584 3907 1678 3960 sed

102 3988 168 4025 er
194 3976 485 4043 encyclicis
513 3977 747 4043 epistolis
784 3979 918 4033 beati
963 3982 1237 4040 Clementis
1282 4005 1395 4057 qua:
1422 3992 1475 4045 in
1515 3995 1677 4049 eccle-

99 4061 196 4114 siis
228 4063 502 4132 leguntur,
532 4064 793 4120 Periodos
832 4070 960 4123 istas
997 4072 1247 4139 falsitatis
1283 4081 1532 4135 convinci.
1566 4082 1675 4137 Ne-

99 4169 200 4219 que
223 4156 367 4207 enim
392 4171 679 4223 congruere
697 4174 814 4210 cum
845 4160 981 4228 styla
1005 4166 1172 4217 sancti
1196 4164 1491 4235 Clementis,
1516 4189 1673 4242 neque

97 4258 218 4296 cum
238 4246 366 4315 ejus
393 4245 619 4299 docendi
642 4250 814 4303 modo.
844 4249 1017 4305 Verba
1048 4265 1174 4309 sunt
1195 4256 1452 4315 Holstenii
1481 4264 1534 4317 in
1566 4282 1667 4320 no-

98 4334 167 4386 tis
192 4351 335 4390 mss.
371 4337 440 4389 ad
475 4336 783 4392 Bellarmini
818 4340 1148 4410 Catalogum,
1189 4346 1243 4399 in
1272 4348 1454 4406 Museo
1480 4365 1667 4412 nostro

95 4434 405 4477 servatum.
448 4422 685 4492 Lapsum
730 4428 863 4480 tanti
896 4431 993 4482 viri
1033 4432 1287 4500 iudicavi,
1331 4455 1397 4493 ne
1431 4443 1521 4495 ulli
1549 4460 1666 4500 am-
1696 4477 1737 4530 υ

94 4511 242 4578 plius
272 4514 346 4568 ob
368 4514 606 4569 dicentis
629 4519 1007 4573 auctoritatem
1044 4523 1113 4575 sit
1142 4539 1304 4580 causa
1327 4530 1660 4598 offensionis,

93 4610 152 4651 ut
174 4617 359 4671 nuper
383 4602 490 4655 fuit
514 4604 670 4657 alteri
710 4606 828 4658 viro
856 4608 1036 4671 docto,
1068 4628 1224 4679 quem
1264 4620 1536 4688 corrigens
1565 4639 1663 4677 no-

89 4692 309 4747 minare
337 4709 451 4748 non
486 4693 680 4758 debeo,
713 4712 781 4750 ne
808 4698 1096 4754 amicitiam
1125 4720 1244 4772 quas
1277 4709 1407 4762 mihi
1434 4727 1555 4767 cum
1595 4732 1660 4772 eo

88 4780 408 4846 intercedit,
437 4782 633 4837 laedere
657 4784 856 4838 videar.
888 4784 1027 4840 Idem
1055 4788 1383 4861 Epiphanius
1414 4798 1659 4857 Clemen-

87 4870 237 4926 tinos
297 4871 475 4925 libros
513 4870 684 4926 fuisse
732 4873 801 4926 ab
845 4872 1110 4932 Ebionitis
1158 4894 1440 4953 corruptos
1490 4895 1657 4946 testa-

86 4968 176 5012 tur
226 4961 370 5031 (77).
423 4959 654 5015 Photius
695 4962 854 5015 etiam
902 4974 1057 5019 vocat
1094 4968 1205 5039 (78)
1236 4973 1480 5040 refertum
1527 4996 1655 5048 opus

83 5051 337 5105 absurdis
365 5053 543 5121 nugis,
576 5070 678 5105 non
702 5054 812 5106 sine
829 5053 1067 5120 pluribus
1092 5075 1158 5111 ea:
1183 5062 1300 5115 Arii
1335 5068 1572 5134 opinione
1600 5072 1654 5126 in

84 5141 294 5198 Filium
340 5144 697 5212 blasphemiis.
730 5145 853 5199 Hazc
890 5160 1175 5205 suaserunt
1212 5159 1384 5227 magni
1418 5164 1651 5220 nominis

148 5342 514 5438 (τίλβοιειη
548 5344 604 5398 in
657 5344 829 5400 Judic.
874 5346 941 5401 de
982 5349 1134 5406 libris
1184 5351 1469 5427 Recagnit.,
1524 5379 1642 5438 pag.

77 5410 180 5465 ‘84
212 5410 349 5468 edit.
382 5430 513 5469 nov.

149 5482 265 5555 (Z3)
307 5482 539 5555 Raram,
570 5483 637 5535 ad
664 5498 790 5555 an_n_.
822 5483 938 5555 102.
982 5485 1009 5555 §
1039 5505 1170 5545 χχιι.

146 5551 264 5619 (75)
308 5551 693 5619 Dupin.,_tom.
725 5551 785 5603 ΙΙΙ
817 5551 1063 5610 Biblioth.

147 5610 262 5698 £25}
301 5610 488 5698 se.
522 5610 773 5698 ’θίξιαν-
798 5622 1035 5698 ἔπιενρτε.
1073 5643 1192 5698 pas-
1226 5631 1337 5687 ist.

147 5625 238 5676 (7t
301 5625 488 5682 ﬂuet,
534 5625 614 5669 De
642 5625 773 5672 clar.
799 5625 1035 5690 interpr.,
1073 5643 1192 5698 pag.
1226 5631 1337 5687 151.

143 5625 262 5756 (75;
300 5687 585 5750 Bellarm.,
611 5682 689 5737 De
709 5689 879 5751 script.
907 5695 1111 5764 eccles.,
1136 5699 1199 5753 ad
1223 5715 1348 5761 ann.

1286 387 1842 455 RECOGNITIONES.
1883 437 1949 446 —-
1982 409 2330 474 PROOEMIA.

889 598 994 637 non
1037 595 1120 639 est
1177 591 1545 662 ambigendum
1580 619 1590 651 :
1624 601 1757 656 alias

174 664 291 702 rem
334 662 546 708 certam
595 675 698 728 pro
730 681 1034 727 commento
1073 692 1179 731 non
1222 680 1554 740 habuissent.
1591 687 1633 739 E
1668 690 1755 758 ju-

172 738 442 796 nioribus
495 744 825 818 Cotelerius,
878 756 1057 815 Ruﬁni
1104 780 1223 821 esse
1270 772 1629 837 praefationem
1687 779 1754 833 ad

169 827 560 890 Gaudentium
603 841 759 908 juxta
800 862 865 902 ac
906 854 1204 910 versionem
1252 862 1418 918 totius
1456 868 1654 934 operis,
1685 885 1751 923 ex

167 920 315 988 stylo
346 924 525 978 etiam
558 932 778 997 probari
823 940 895 990 ait
939 942 1048 1013 (71)
1076 965 1087 998 :
1121 954 1173 999 et
1206 950 1449 1006 codicum
1491 920 1750 1012 lvetustio-

163 1020 284 1059 rum
322 1014 599 1078 praesidio
624 1026 903 1093 utramque
929 1030 1118 1085 Ruﬁno
1142 1036 1395 1094 vindicat.
1429 1040 1578 1098 Unus
1604 1047 1747 1102 enim

160 1112 327 1163 quem
367 1100 588 1170 laudat,
640 1110 720 1162 sic
761 1112 948 1184 incipit
986 1138 999 1171 :
1059 1119 1238 1191 Ruﬁni
1291 1129 1575 1199 presbyteri
1611 1150 1747 1201 pra:-

158 1185 295 1253 fatio
366 1192 448 1243 ad
511 1194 863 1256 Gaudentium
922 1213 1215 1280 pontiﬁcem
1284 1218 1337 1269 in
1411 1218 1743 1280 ltincrarium

1136 1306 1379 1363 Latinum
1421 1332 1738 1375 conversum.

156 1367 221 1422 Et
277 1384 414 1441 post
470 1383 872 1452 praefationem,
932 1391 1325 1469 Clementisque
1370 1367 1738 1464 adJacobum

140 1462 488 1532 epistolam,
544 1472 616 1525 ita
654 1474 865 1534 habet:
923 1481 1193 1540 Itinerarii
1240 1490 1537 1561 Clementis,
1594 1500 1740 1553 Petri

153 1554 396 1617 apostoli
445 1565 789 1628 successoris,
835 1568 962 1622 liber
1003 1576 1201 1640 primus
1244 1580 1444 1649 incipit,
1472 1602 1504 1637 a
1548 1586 1736 1657 Ruﬁno

152 1643 467 1719 traductus.
504 1648 772 1708 Caeterum
805 1657 1160 1719 Bellarminus
1204 1673 1439 1737 agnovit,
1488 1675 1733 1732 Clemen-

149 1730 295 1787 tinas
339 1732 747 1807 Recognitiones
774 1759 803 1796 a
847 1745 1039 1803 Ruﬁno
1078 1768 1403 1813 conversas:
1436 1778 1583 1828 nam,
1632 1766 1732 1820 Ba-

148 1823 309 1875 ronio
333 1824 533 1892 judice
562 1830 697 1900 (72),
730 1850 875 1888 nemo
901 1848 977 1890 est
1000 1842 1087 1908 qui
1106 1842 1345 1901 dubitare
1370 1823 1579 1915 debeat,
1606 1870 1721 1908 cum
1757 1844 1796 1898 Β

146 1910 466 1970 Gennadius
517 1918 614 1972 hac
649 1922 816 1989 ipsum
845 1926 907 1979 de
936 1927 1121 1997 Rufina
1154 1942 1386 1992 testetur.
1446 1940 1511 1992 Et
1543 1950 1719 1999 tamen

1854 794 2142 861 nomianis,
2170 800 2394 870 ingesta,
2443 808 2579 863 idem
2620 811 2845 872 Ruﬁnus
2876 836 3153 879 monuerat
3185 831 3236 883 in
3263 848 3397 902 opu-

1854 882 1996 902 μμ.-
2060 885 2093 902 ι.
2228 892 2237 902 .
2286 892 2296 902 .
2443 899 2451 902 -

3230 882 3233 883 ,
3272 882 3365 902 τ-

1851 882 2004 937 sculo
2045 885 2122 940 De
2170 892 2547 953 adulteratione
2598 904 2845 961 librorum
2894 910 3147 983 Origenis,
3200 924 3393 993 quippe

1849 987 1991 1041 quat,
2014 977 2198 1032 eodem
2218 980 2410 1039 Ruﬁno
2437 996 2592 1053 teste,
2617 996 2966 1053 ecclesiastica
2987 1007 3164 1073 regula
3187 1015 3391 1068 omnino

1848 1079 1950 1116 non
1990 1070 2219 1135 recipiat.
2266 1073 2369 1129 Sed
2406 1084 2659 1136 memoria
2711 1094 3055 1157 repetendum
3100 1114 3201 1162 est,
3243 1103 3390 1160 binas

1844 1150 2268 1224 Recognitionum
2320 1174 2525 1224 veteres
2578 1173 2824 1230 editiones
2856 1195 2885 1232 a
2928 1181 3121 1241 Ruﬁno
3162 1190 3389 1249 indicari

1843 1242 1897 1296 in
1925 1246 2236 1313 praefatione
2275 1254 2341 1306 ad
2382 1255 2735 1317 Gaudentium
2768 1286 2780 1320 :
2813 1268 2970 1335 Puto,
3018 1276 3213 1346 inquit,
3252 1291 3387 1351 quod

1841 1348 1942 1386 non
1978 1346 2025 1389 te
2056 1338 2360 1415 (Gaudenti)
2400 1347 2581 1413 lateat,
2626 1354 2902 1414 Clementis
2929 1364 3082 1430 hujus
3118 1370 3169 1421 in
3208 1369 3386 1427 Crwco

1838 1422 2064 1489 ejusdem
2090 1432 2255 1496 operis
2283 1434 2673 1508 Ἀναγνώσεων,
2693 1447 2787 1501 hoc
2812 1461 2887 1503 est
2918 1452 3381 1529 Recognitionum,

1838 1527 1969 1568 DUAs
2002 1532 2282 1577 EDITIONES
2323 1525 2521 1593 haberi,
2557 1534 2607 1584 in
2654 1536 2940 1606 aliquantis
2976 1548 3178 1612 quidem
3222 1553 3385 1606 direr-

1833 1618 1958 1666 sas;
1990 1605 2040 1658 in
2078 1612 2254 1663 multis
2286 1622 2477 1682 tamen,
2516 1620 2744 1687 ejusdem
2783 1634 3123 1687 narrationis.
3153 1638 3381 1710 Denique

1833 1705 1954 1756 pars
1984 1695 2168 1749 ultima
2203 1700 2356 1768 hujus
2395 1712 2586 1776 operis,
2609 1714 2661 1764 in
2689 1732 2791 1782 qua
2824 1719 2886 1771 de
2921 1725 3381 1793 transformatiane

1841 1776 1894 1793 η.
2023 1783 2035 1793 .
2158 1786 2173 1793 ..

1834 1776 2058 1836 Simonis
2090 1786 2332 1853 refertur,
2363 1793 2415 1843 in
2456 1811 2554 1849 uno
2584 1815 2819 1860 conpone
2858 1807 3095 1867 habetur.
3124 1816 3254 1885 Sunt
3281 1837 3376 1872 au.-

1825 1876 1924 1920 tem
1946 1881 1996 1923 et
2023 1875 2261 1942 quwdam
2292 1882 2343 1932 in
2375 1898 2617 1949 unoque
2648 1906 2884 1948 conpone
2924 1900 2986 1952 de
3015 1903 3238 1972 ingenito
3269 1907 3375 1961 Deo

1820 1960 2088 2031 genitoque
2114 1967 2361 2037 disserta,
2390 1984 2438 2025 et
2466 1975 2528 2028 de
2567 1980 2688 2033 aliis
2718 1988 3000 2052 nonnullis,
3033 2008 3167 2060 quae,
3204 2007 3260 2047 ut
3288 1999 3371 2049 ni-

1820 2045 1897 2100 hil
1918 2054 2137 2120 amplius
2156 2058 2349 2125 dicam,
2368 2080 2695 2122 excesserunt
2711 2074 3098 2145 intelligentiam
3115 2095 3367 2141 nostram.

1817 2134 1933 2191 Jan)
1958 2140 2178 2211 dispice,
2210 2165 2496 2217 quamnam
2520 2156 2838 2217 Clementinl
2868 2134 3047 2235 operis
3084 2172 3368 2230 editionem

1815 2224 2145 2296 Epiphanius
2173 2245 2225 2289 et
2261 2239 2483 2297 Photius
2512 2261 2741 2304 censura
2774 2224 3213 2321 persirinxerint.
3246 2266 3363 2321 Non

1815 2324 1959 2371 certe
1985 2336 2142 2388 quam
2184 2325 2408 2384 Ruﬁnus
2432 2331 2616 2390 Latine
2645 2345 2927 2399 convertit.
2964 2347 3089 2405 Haec
3123 2355 3265 2408 enim
3297 2359 3365 2412 ab

1812 2405 2183 2468 haereticorum
2246 2420 2717 2489 depravationihus
2754 2447 2958 2504 vacat;
3015 2446 3365 2517 eamdemque

2946 2498 2955 2504 ,
3182 2498 3361 2517 ματη

1810 2498 1969 2552 etiam
2000 2500 2181 2559 Graece
2218 2513 2473 2581 scriptam
2517 2528 2759 2586 vaca’sse,
2791 2541 2891 2581 nos
2929 2536 3146 2588 credere
3170 2538 3361 2603 jubent

1808 2587 1909 2640 viri
1935 2594 2105 2645 sancti
2130 2594 2387 2657 Paulinus
2418 2613 2471 2657 et
2491 2606 2841 2679 Gaudentius,
2866 2619 2956 2685 qui
2973 2636 3088 2675 eam
3111 2640 3204 2692 per
3224 2632 3360 2682 ami-

1806 2688 1927 2729 cum
1954 2677 2104 2736 Latio
2140 2685 2438 2746 donandam
2477 2699 2818 2758 studuerunt.

1875 2766 2132 2824 Caeterum
2164 2772 2396 2833 Jacobus
2439 2780 2611 2839 Faber
2637 2787 2691 2841 in
2737 2794 2975 2861 margine
3025 2799 3355 2866 praefationis

1804 2850 1981 2910 Ruﬁni
2029 2861 2095 2913 ad
2145 2862 2520 2936 Gaudentium,
2559 2876 2651 2929 ubi
2698 2879 2763 2933 de
2806 2850 3041 2952 ingenita.
3087 2895 3355 2963 genitoque

1800 2942 1908 2997 Deo
1949 2949 2143 3016 agitur,
2174 2952 2285 3009 hac
2325 2961 2485 3016 verba
2520 2966 2797 3023 adnotavit
2824 2991 2838 3027 :
2863 2942 3001 3030 vPars
3044 2942 3141 3034 illa
3184 2983 3246 3037 de
3269 2942 3355 3039 1ἰη-

1798 3035 1967 3100 genito
1996 3041 2263 3111 genitoque
2292 3046 2420 3113 Dea,
2450 3060 2778 3122 cognoscitur
2801 3062 2863 3114 ab
2895 3064 3151 3125 Eunomia
3175 3086 3265 3127 aut
3284 3078 3349 3129 ab

1799 3122 1920 3175 aliis
1948 3128 2039 3194 qui
2070 3128 2316 3187 Eunomii
2341 3143 2686 3208 sequebantur
2716 3165 2938 3218 errares,
2968 3159 3184 3225 vitiata;
3216 3176 3272 3217 ut
3298 3178 3349 3219 et

1793 3212 2012 3276 epistola
2055 3217 2215 3272 Pauli
2260 3226 2328 3275 ad
2368 3227 2664 3289 Corinthios
2709 3256 2741 3290 a
2780 3239 3048 3301 Marciane
3104 3265 3348 3323 corrupta

1798 3300 1962 3323 f..-_-,.
2037 3306 2082 3323 Il
2149 3311 2181 3323 ο-
2271 3315 2282 3323 .
2324 3317 2335 3323 -

1792 3300 1981 3365 fuerat.
2026 3306 2215 3366 Merita
2264 3315 2423 3381 igitur
2451 3321 2583 3374 illud
2613 3325 2860 3382 Eunomii
2906 3335 3344 3404 interpretandum

1790 3407 1889 3443 non
1918 3394 2036 3461 fuit,
2070 3407 2125 3450 ut
2160 3417 2316 3470 neque
2344 3406 2580 3464 Marcion
2609 3415 2661 3466 in
2690 3416 2877 3475 Paulo.
2911 3422 3054 3479 Istud
3098 3430 3342 3486 Scholion

1790 3479 1842 3533 in
1869 3487 2078 3539 caeteris
2106 3491 2453 3558 cditionibns,
2491 3508 2543 3552 et
2575 3503 2627 3554 in
2661 3505 2772 3573 ipsa
2798 3508 3152 3584 Coteleriana,
3193 3520 3339 3575 desi-

1784 3569 2037 3639 deratur;
2067 3578 2278 3635 etiamsi
2322 3584 2377 3637 in
2415 3586 2723 3649 Coloniensi
2765 3600 2892 3652 anni
2924 3602 3059 3656 1547
3090 3609 3335 3667 scholion

1783 3662 2053 3726 persimile
2095 3668 2160 3720 ad
2201 3686 2348 3724 oram
2388 3676 2654 3744 legeretur
2698 3685 2780 3740 his
2818 3691 3038 3747 verbis:
3073 3695 3333 3767 Corrupta

3083 3747 3327 3767 _---w,-_

1781 3747 1890 3801 hazc
1920 3753 2080 3818 fuisse
2111 3762 2344 3825 suspicor
2372 3766 2435 3816 ab
2464 3766 2742 3826 Eunomia.
2766 3782 3195 3843 quemadmodum
3218 3792 3327 3856 epi~

1778 3840 1917 3893 stola
1959 3842 2120 3897 Pauli
2148 3847 2216 3899 ad
2269 3850 2565 3911 Corinthios
2603 3877 2635 3913 a
2671 3840 2957 3923 Marciane.
2989 3872 3112 3929 liazc
3155 3840 3333 3935 tamen

1775 3942 1893 3996 quae
1937 3930 1988 3984 in
2040 3934 2311 3994 Clemente
2361 3959 2479 4009 suo,
2514 3956 2570 4001 ut
2605 3951 2678 4004 ab
2733 3953 3000 4014 haereticis
3049 3976 3327 4036 corrupta.
3408 4040 3411 4045 γ

1775 4023 2113 4085 praetermisit
2153 4025 2399 4095 Rulinus,
2444 4038 2663 4108 reliquae
2688 4043 2805 4111 ejus
2854 4051 3089 4106 versioni
3129 4056 3327 4112 inserta

1772 4108 1967 4175 reperit
1990 4109 2283 4171 Cotelerius
2310 4119 2365 4173 in
2387 4123 2559 4181 tribus
2582 4108 2880 4197 codicibus,
2908 4134 3323 4209 Candeleriano,

1773 4194 2070 4255 S‘orbonico
2099 4213 2153 4257 et
2192 4206 2416 4265 Thuano
2447 4232 2460 4266 :
2495 4229 2726 4288 suntque
2755 4223 2927 4277 decem
2969 4232 3143 4298 capita
3186 4234 3327 4289 inter

1766 4373 1873 4425 scio
1891 4377 2006 4444 quis
2029 4379 2210 4448 igitur,
2240 4385 2375 4452 quod
2407 4403 2438 4439 a
2460 4387 2646 4459 Ruﬁno
2675 4373 3086 4463 praetermissum
3127 4373 3319 4477 fuerat,

1763 4461 1863 4514 sibi
1908 4471 2147 4535 sumpsit,
2190 4481 2248 4525 ut
2285 4461 2728 4546 interpretaretur.
2789 4488 2902 4544 Hoc
2950 4461 3320 4553 assumentum

1826 4730 1960 4790 Vlll.
1986 4737 2138 4792 Nunc
2159 4742 2226 4794 ad
2249 4747 2529 4812 epistolam
2560 4751 2981 4822 Recognitionum
3009 4759 3168 4817 libris
3194 4766 3322 4819 sub-

1751 4818 1947 4887 jectam
1996 4824 2360 4891 deveniamus.
2394 4836 2577 4894 Romae
2614 4818 2932 4895 exvzedibus
2976 4844 3175 4919 Papuli
3214 4818 3324 4908 Ro-

1753 4912 1919 4976 mani,
1955 4930 2097 4971 anno
2141 4921 2298 4985 1591,
2332 4928 2648 4993 prodierunt
2690 4932 2931 5000 epistola:
2955 4938 3324 5000 {summorum

1751 5440 1778 5511 ᾗ
1818 5376 1929 5447 (76)
1964 5376 2184 5445 Baron.,
2226 5380 2293 5434 ad
2332 5397 2459 5441 ann.
2490 5388 2576 5459 ll,
2625 5389 2655 5458 ᾗ
2728 5403 2792 5451 x,
2824 5394 2878 5442 et
2921 5387 2986 5440 ad
3043 5402 3185 5444 ann.
3224 5393 3340 5459 ιω,

1806 5460 1919 5499 ut.

1806 5460 1919 5499 XXI.

1816 5513 1927 5596 lZZl
1965 5513 2355 5596 EPiPh-v..’.'.¢r-
2385 5539 2510 5596 ως
2549 5527 2699 5596 5“-

1815 5582 1927 5673 l3§l
1961 5582 2144 5673 ,ξδέίίη
2179 5586 2315 5673 ‘1‘“-
2351 5594 2472 5673 σεεμ·
2498 5582 2669 5673 sine:
2850 5659 2884 5673 _
2942 5659 2982 5673 ..
3024 5660 3037 5671 .

1745 5714 1775 5788 ⁵
1812 5651 1924 5773 (⁷3)
1961 5651 2164 5721 Petam,
2191 5654 2578 5730 Dogm.Theal.,
2606 5663 2721 5718 lib.
2762 5675 2789 5714 ι
2841 5659 2919 5715 De
2942 5659 3130 5725 τῶι,
3159 5676 3284 5731 cap.
3304 5666 3363 5727 ὃ,

1824 5734 1855 5771 υ
1904 5760 1919 5777 ο
