3872 6422
514 341 653 405 1199

512 464 652 521 Huic
676 481 796 537 pag.
824 467 855 519 7
883 462 1191 526 adnectitur
1219 462 1403 530 spuria
1426 459 1695 529 appendix
1718 473 1843 512 cum
1871 459 2087 529 epigra-
2119 497 2162 554 Α

426 552 431 557 ⁴
511 556 615 629 phc
635 557 704 617 ad
728 572 879 612 oram
913 572 928 610 :
964 551 1397 621 Compendiolum
1422 551 1546 619 ﬁdei
1580 549 1921 604 Christiana.
1947 549 2087 604 Lab-

508 648 666 712 beus,
712 646 806 718 qui
850 652 996 699 toruo
1032 642 1053 697 l
1091 640 1472 705 Conciliorum,
1504 654 1627 710 pag.
1671 640 1760 705 89,
1812 639 1957 694 illam
2003 640 2088 693 in-

507 740 698 804 seruit,
725 738 790 792 de
829 735 1199 790 additamento
1245 738 1317 787 ita
1347 733 1537 788 scribit
1572 751 1584 785 :
1620 730 1721 783 llic
1752 729 1943 783 desinit
1974 732 2085 799 epi-

505 834 645 891 stola
667 834 717 885 in
747 829 1059 901 quibusdam
1081 827 1347 881 codicibus
1372 841 1390 880 .'
1414 834 1604 879 cratera
1627 834 1749 879 sunt
1773 824 1880 877 vice
1904 837 2089 891 appen-

504 926 637 980 dicis
695 923 879 977 addita
935 924 1079 976 circa
1134 936 1329 973 annum
1372 918 1498 984 800,
1547 928 1604 970 ut
1662 915 1886 971 videtur.
1940 913 2085 969 Idem

504 1014 675 1069 ferme
719 1014 793 1067 ait
846 1011 1191 1065 Mabillonius
1237 1009 1374 1081 (80).
1408 1007 1603 1063 Petrus
1658 1006 1872 1062 Crabbe
1928 1021 2087 1061 assu—

502 1113 684 1159 mento
713 1103 1062 1172 conjunctam
1091 1100 1374 1171 epistolam
1398 1098 1707 1153 inseruerat
1728 1098 1922 1152 tomol
1954 1094 2088 1151 Con-

500 1196 766 1259 vitiorum,
814 1208 937 1265 pag.
972 1192 1039 1248 14
1081 1192 1212 1248 edit.
1255 1190 1450 1246 Colon.
1483 1190 1642 1248 1558.
1672 1189 1740 1244 At
1786 1187 2085 1245 Sicbardus

501 1290 558 1343 in
607 1291 783 1359 prima
838 1303 936 1342 sua
989 1286 1419 1356 Recognitionum
1470 1283 1711 1339 editione
1764 1282 1895 1338 anni
1944 1278 2083 1336 1526

498 1388 708 1451 quarta:
737 1394 800 1435 ex
845 1378 1090 1448 epistolis
1135 1366 1454 1439 Clementis,
1485 1374 1841 1446 appendicem
1883 1373 1958 1427 ita
1999 1373 2086 1427 in-

500 1473 761 1542 scriptam
814 1470 1168 1538 subjecerat:
1212 1466 1590 1536 Compendium
1646 1465 1791 1536 ﬁdei.
1844 1465 1976 1531 Qua:
2025 1465 2082 1519 in

498 1566 664 1619 altera
694 1564 813 1632 ejus
842 1563 1083 1617 editione
1122 1560 1250 1614 anni
1282 1559 1420 1614 1556
1449 1560 1553 1630 ipsi
1579 1558 1824 1629 epistola:
1851 1555 2082 1627 conjun-

497 1654 660 1725 gitur.
699 1651 965 1707 Gruterus
1008 1665 1247 1721 quoque,
1294 1646 1619 1703 Sichardum
1663 1653 1905 1710 secutus,
1944 1660 2078 1699 con-

491 1746 673 1815 junxit
716 1729 842 1816 post
892 1741 1310 1799 Constitutionea
1383 1744 1731 1814 apostolicos,
1784 1754 1911 1809 pag.
1949 1737 2076 1802 545,

1367 348 1421 403 S.
1456 345 1852 402 CLEMENTIS
1890 346 1911 401 1
1955 346 2123 407 11011.
2166 350 2370 409 ΡΟΝΤ.
2415 352 2642 409 OPERA
2684 350 2909 407 DUBIA.

3634 353 3753 410 1200

2190 464 2595 533 exemplaribus
2614 461 2815 517 Grzneis
2833 478 2951 516 eam
2973 462 3128 517 libris
3157 461 3586 535 Recognitionum
3636 484 3757 537 pne-

2194 556 2320 623 poni
2351 556 2591 609 solitam.
2620 553 2975 624 Postponitur
3005 562 3185 610 tamen
3211 557 3267 610 in
3306 558 3496 614 codice
3524 558 3759 620 Palatino

2191 645 2312 701 sine
2334 648 2520 715 spuria
2548 647 2867 716 appendice.
2903 646 3157 715 Epistolis.
3188 647 3289 717 ipsi
3318 648 3540 704 additur
3569 653 3623 706 in
3658 656 3759 708 col-

2190 736 2519 792 lectionibus
2555 736 2829 811 Vaticanis
2872 736 3066 793 lsidori
3105 739 3228 793 cod.
3262 739 3388 806 629,
3434 739 3530 797 fol.
3562 742 3684 811 127,
3714 755 3761 801 et

2189 827 2449 890 cod.630,
2497 829 2589 883 fol.
2618 820 2678 883 ’6.
3458 820 3468 832 ’

2258 917 2400 983 Quin
2428 935 2559 991 ergo
2603 920 2898 977 Clementis
2929 923 3158 993 epistola
3200 922 3266 978 ad
3310 924 3579 981 Jacobum
3609 945 3757 999 quam

2189 1006 2349 1061 Rufin
2361 1026 2422 1064 us
2450 1008 2698 1063 Latinam
2730 1010 2879 1078 fecit,
2903 1028 2967 1067 ea
2987 1013 3057 1067 sit
3075 1029 3207 1083 pura
3227 1023 3354 1084 puta
3373 1032 3495 1085 quae
3528 1020 3757 1074 omnium

2142 1114 2145 1115 '
2188 1098 2443 1154 manibus
2468 1100 2821 1169 teritur,jure
2854 1102 3055 1173 ambigi
3080 1105 3305 1173 nequit;
3338 1123 3441 1160 nec
3466 1109 3761 1164 sanedubi-

2187 1197 2267 1244 tat
2298 1191 2655 1246 Bellarminus
2686 1194 2819 1263 (84).
2856 1195 3088 1265 Ipsemet
3132 1196 3447 1253 Blondellus
3493 1200 3599 1255 hoc
3629 1202 3760 1257 idem

2187 1286 2323 1342 satis
2356 1289 2578 1352 evincit,
2611 1289 2862 1358 quamvis
2893 1306 3004 1344 suae
3028 1299 3191 1345 secta:
3219 1292 3368 1347 virus
3392 1309 3642 1349 censura:
3670 1298 3762 1349 im—
3840 1284 3845 1289 ’

2185 1376 2434 1434 misceat.
2466 1379 2769 1436 Cotelerius
2813 1395 2937 1435 cum
2998 1397 3121 1452 post
3171 1383 3573 1455 Rceognitiones
3623 1398 3762 1440 eam-

2184 1463 2305 1521 dem
2358 1470 2645 1540 epistolam
2700 1472 2885 1530 Grazce
2918 1484 2969 1529 et
2996 1475 3189 1532 Latine
3232 1480 3350 1533 sine
3398 1481 3513 1533 ullo
3562 1480 3761 1535 addita-

2183 1566 2368 1611 mento
2400 1558 2683 1625 edidisset,
2714 1576 2839 1615 mox
2886 1562 3066 1617 Ruﬁni
3100 1566 3607 1636 interpretationem
3637 1572 3761 1626 sub-

2181 1645 2333 1716 jecit,
2367 1648 2435 1703 ad
2466 1658 2682 1705 veteres
2720 1652 2989 1708 editiones
3024 1661 3076 1707 et
3105 1654 3323 1710 codices
3354 1672 3491 1714 mss.
3524 1657 3593 1712 de
3621 1674 3765 1714 more

2184 1739 2457 1805 collatam,
2490 1748 2544 1795 et
2573 1741 2627 1795 in
2669 1745 2846 1813 capita
2880 1743 2950 1798 20
2978 1745 3293 1800 distinctam
3320 1767 3333 1802 :
3363 1764 3602 1817 quorum
3628 1749 3763 1805 duo-

495 1854 659 1910 quam
691 1847 872 1892 tamen
934 1835 1109 1890 Faber
1165 1845 1290 1889 ante
1346 1833 1706 1903 disjunxerat.
1754 1830 2076 1886 Theodorus
2108 1834 2151 1893 Β
2180 1830 2565 1887 devicesimum
2590 1835 2744 1889 citari
2773 1837 3084 1892 observavit
3109 1840 3161 1892 in
3184 1840 3422 1895 concilio
3459 1829 3725 1897 i\’asensi
3749 1878 3763 1899 ν

492 1926 810 1984 Bibliander
854 1927 995 1981 libro
1038 1925 1327 1994 inscripto,
1373 1920 1682 1978 Christiana
1720 1912 1769 1974 et
1812 1920 2073 1975 catholica

491 2021 757 2085 doctrina,
789 2018 1015 2073 Basileaa
1058 2032 1155 2087 per
1182 2014 1446 2070 Jacobum
1479 2012 1713 2067 Parcum
1762 2012 1920 2071 1550.
1952 2025 2075 2081 pag.

489 2108 618 2178 22l,
650 2110 896 2166 eamdem
927 2108 1214 2180 epistolam
1250 2105 1441 2175 Ruﬁno
1476 2105 1774 2175 interprete
1822 2102 2077 2167 inseruit,

492 2206 585 2260 sed
619 2204 799 2258 ablata
832 2201 1150 2272 appendice.
1184 2198 1258 2252 Ea
1285 2208 1467 2252 tamen
1507 2198 1624 2252 sine
1653 2195 1873 2250 nomine
1909 2194 2080 2249 inter-

489 2296 679 2366 pretis,
742 2305 796 2349 et
853 2294 971 2348 sine
1019 2291 1319 2362 appendice
1373 2290 1577 2344 dudum
1635 2288 1843 2343 inserta
1903 2286 2081 2341 fuerat

488 2404 612 2457 pag.
645 2386 676 2440 7
719 2387 944 2440 alterius
991 2384 1139 2448 libri,
1181 2384 1263 2451 sic
1302 2378 1585 2453 praznotati
1626 2399 1640 2437 :
1677 2379 1931 2449 Epistolis
1976 2380 2081 2432 ali-

485 2485 612 2549 quot
636 2477 889 2539 itlustres,
918 2491 1101 2546 graves
1125 2482 1177 2528 et
1208 2472 1451 2539 eruditur,
1476 2483 1631 2527 extra
1662 2470 1946 2525 bibliorum
1989 2485 2080 2523 ca-

485 2582 670 2619 nonem
695 2566 837 2626 licet,
862 2564 1171 2633 apostolica
1219 2573 1394 2616 tamen
1426 2562 1618 2632 etpite.
1660 2560 1914 2631 Augusta:
1952 2560 2079 2614 Vin-

484 2658 901 2728 deticorum,per
915 2655 1279 2711 Alexandrum
1308 2654 1714 2725 Weyssenhorm
1744 2652 1901 2717 1529,
1933 2653 1988 2705 in
2022 2652 2100 2707 8°-

560 2745 802 2801 Primam
859 2747 1002 2803 inter
1057 2746 1322 2815 epistolas
1384 2742 1819 2816 pseudo-lsidori
1875 2750 2080 2797 temere

487 2837 700 2900 statuit,
736 2837 829 2908 qui
858 2851 976 2891 eam
1025 2834 1313 2889 virulentis
1359 2832 1508 2887 notis
1534 2832 1601 2886 de
1630 2847 1781 2885 more
1830 2830 2076 2898 contigit,

485 2926 823 2984 Blondellus.
854 2925 1054 2993 Quanti
1099 2940 1219 2980 eam
1253 2923 1445 2979 fecerit
1488 2920 1817 2977 Franciscus
1861 2920 2082 2975 Turria.

486 3036 614 3084 nus,
646 3019 774 3073 inde
821 3024 1038 3073 constat
1076 3016 1225 3087 quod
1267 3029 1387 3071 eam
1429 3022 1483 3069 et
1529 3028 1628 3084 pro
1657 3026 1786 3068 vera
1827 3020 2068 3072 tueatur,

486 3120 541 3167 et
580 3110 785 3165 Latinae
814 3109 1057 3164 versioni
1103 3108 1445 3169 roborandus,
1481 3122 1550 3162 ex
1589 3105 1778 3160 codice
1798 3103 2075 3158 'Vaticanu

485 3203 737 3256 Graecum
769 3201 892 3269 ejus
923 3209 1235 3255 contextum
1264 3214 1373 3253 non
1396 3198 1563 3253 semel
1596 3198 1820 3252 advocet
1846 3194 1981 3267 (8i).
2006 3195 2075 3247 At
2103 3176 2145 3235 ϐ

484 3292 745 3351 Ruﬁnum
769 3292 1042 3347 versionis
1081 3299 1361 3345 auctorem
1388 3304 1531 3353 esse,
1564 3303 1687 3342 cum
1728 3294 1911 3341 careat
1952 3302 2074 3356 pro-

486 3384 623 3453 loga,
656 3397 764 3436 non
796 3381 1034 3436 admittit
1066 3380 1201 3451 (82).
1236 3379 1370 3445 Quis
1396 3393 1526 3433 vero
1555 3379 1792 3449 ignorat,
1817 3375 2072 3430 Rufinum

487 3474 825 3544 longioribus
870 3483 1080 3528 tantum
1111 3470 1425 3526 Grecorum
1471 3471 1715 3540 scriptis,
1760 3483 1873 3523 non
1922 3468 2072 3522 brevi

486 3581 550 3621 ac
579 3565 813 3635 simplici
834 3566 1103 3637 epistolae,
1129 3579 1195 3619 ex
1220 3562 1484 3618 Gennadii
1507 3564 1798 3625 sententia,
1828 3558 2073 3630 prologo:

484 3657 618 3713 dare
643 3657 940 3713 debuisse?
969 3656 1226 3727 Epistulae
1262 3654 1642 3723 antiquitatem
1680 3653 1878 3707 astruit
1919 3650 2074 3705 testi-

486 3753 731 3808 monium
759 3749 967 3816 Rufini,
998 3751 1067 3804 ab
1091 3764 1150 3805 se
1172 3750 1300 3803 olim
1330 3750 1755 3815 iuterpretatam,
1786 3754 1941 3815 atque
1969 3744 2075 3799 edi-

487 3856 598 3899 tam
629 3844 999 3899 asseverantis
1031 3842 1085 3896 in
1115 3842 1437 3912 praefatione
1454 3839 1522 3894 ad
1554 3838 1949 3900 Gaudentium;
1971 3835 2073 3890 Re-

486 3935 869 4007 cognitionibus
895 3951 1003 3990 non
1035 3935 1396 4005 praemissam,
1423 3934 1551 4003 quia
1572 3944 1798 4001 tempore
1816 3931 2073 3999 posterior

484 4035 586 4092 est,
616 4030 816 4095 nempe
862 4023 1321 4093 Recognitionibua
1350 4038 1380 4077 a
1422 4023 1717 4084 Clemente,
1752 4027 1811 4074 ut
1852 4020 2074 4090 putaba-

485 4124 599 4179 tur,
634 4124 794 4170 antea
822 4114 1174 4184 conscriptis.
1204 4113 1354 4169 Istud
1378 4114 1561 4169 Ruﬁni
1595 4112 1883 4168 consilium
1912 4110 2073 4165 Cote-

488 4207 656 4262 lerius
689 4212 935 4270 secutus,
958 4222 1077 4262 eam
1102 4214 1158 4262 et
1185 4208 1300 4277 ipse
1322 4207 1472 4277 Operi
1487 4204 1825 4260 Clementino
1850 4209 2073 4272 postpo-

488 4298 619 4361 suit,
654 4298 783 4354 licet
812 4298 994 4353 codici
1018 4297 1368 4355 Carmelitico
1397 4300 1659 4353 insertam
1703 4295 1844 4349 inter
1874 4292 2071 4363 praefa-

489 4391 694 4445 tionem
722 4397 779 4446 et
831 4389 1230 4461 Recognitiones
1266 4386 1582 4461 reperis'set.
1625 4387 1704 4441 lta
1733 4400 1867 4441 sane
1907 4385 2070 4440 etiam

488 4479 707 4537 codices
734 4482 936 4553 quibus
964 4499 1098 4539 usus
1129 4482 1233 4537 fuit
1279 4480 1643 4551 Stapulensis,
1676 4478 1936 4537 insertam
1973 4476 2072 4532 ha-

490 4574 770 4631 buerunt:
803 4582 859 4630 et
914 4573 1141 4631 Pbotius
1189 4587 1408 4645 quoque
1459 4577 1648 4642 aperte
1698 4569 1774 4623 ait
1827 4568 1962 4640 (85),
2014 4567 2071 4623 ἱιι

564 4751 677 4892 (80)
718 4751 946 4819 Mabill.,
974 4754 1213 4833 An_atect.
1244 4760 1379 4807 tom.
1412 4751 1453 4812 l,
1488 4764 1609 4819 pag.
1648 4747 1770 4803 142.

585 4824 647 4877 81
715 4822 993 4890 Turrian.,
1026 4824 1121 4878 lib.
1146 4838 1206 4888 ιι,
1231 4836 1389 4892 capp.
1422 4822 1456 4875 5
1484 4831 1539 4877 et
1580 4819 1671 4886 15,
1710 4834 1770 4891 pr

585 4818 676 4892 81)
715 4822 993 4890 Turrian.,
1026 4824 1121 4878 lib.
1146 4838 1206 4888 ιι,
1231 4836 1389 4892 capp.
1422 4822 1456 4875 5
1484 4818 1539 4877 et
1568 4818 1671 4886 15,
1710 4833 1810 4891 pro
1856 4818 2066 4874 Canon.

2102 4541 2152 4600 D

2182 1935 2327 1977 anno
2360 1924 2464 1977 412
2490 1926 2784 1991 celebrato,
2827 1944 2949 1984 can.
2993 1929 3027 1984 6
3072 1931 3208 2002 (85),
3250 1933 3304 1986 in
3359 1932 3761 2003 Capitularibus

2181 2028 2367 2084 regum
2392 2014 2726 2072 Francorum
2760 2020 2896 2090 (86),
2927 2021 3092 2091 inque
3123 2025 3356 2078 concilio
3391 2025 3620 2081 Metensi
3642 2042 3757 2081 can.

2182 2103 2251 2157 12
2287 2105 2421 2176 (87).
2473 2107 2688 2163 Citatur
2743 2127 2959 2182 quoque
2997 2129 3025 2165 a
3066 2113 3288 2171 Nicolao
3331 2116 3372 2179 l,
3417 2117 3579 2187 epist.
3611 2118 3694 2179 49,
3730 2134 3760 2171 a

2179 2196 2389 2251 Joanne
2411 2197 2547 2261 Vill,
2573 2202 2734 2271 epist.
2770 2203 2900 2268 254,
2928 2213 2981 2258 et
3010 2219 3040 2258 a
3071 2205 3331 2277 Gregorio
3364 2206 3475 2273 Vll,
3519 2209 3611 2264 lib.
3641 2225 3760 2275 vui,

2179 2288 2340 2358 epist.
2364 2289 2455 2343 2-l.
2484 2290 2563 2345 Ad
2601 2292 2721 2361 ejus
2751 2296 3086 2367 epigraphen
3125 2306 3276 2352 tanto
3299 2309 3426 2355 ante
3466 2282 3783 2356 allusit'Si-l

2179 2378 2375 2435 donius
2398 2380 2491 2435 lib.
2530 2398 2604 2447 vi,
2636 2383 2795 2452 epist.
2826 2386 2877 2449 1,
2909 2387 3265 2458 eamdemque
3303 2388 3760 2446 Bibliothecarius

2189 2464 2244 2561 in
2264 2465 2526 2523 Clemente
2541 2470 2799 2528 laudavit.
2823 2476 3220 2561 Antiquissima
3237 2492 3359 2532 esse
3378 2478 3623 2534 creditur
3642 2495 3761 2549 per-

2186 2556 2314 2614 inde
2354 2576 2418 2615 ac
2447 2574 2575 2618 sunt
2605 2566 2727 2643 libri
2756 2556 3212 2639 Recognitionum.
3243 2569 3314 2625 At
3341 2568 3608 2627 Clementi
3638 2584 3757 2629 ante

2178 2649 2539 2716 Blondellum,
2573 2654 2813 2723 quinque
2857 2656 3099 2727 insignes
3147 2656 3206 2712 S.
3241 2655 3307 2712 Β.
3344 2657 3404 2712 E.
3458 2657 3760 2711 cardinales

2179 2743 2625 2811 abjudicaverant
2654 2764 2668 2799 :
2712 2743 3126 2802 Turrecremata
3159 2749 3291 2819 (88),
3339 2749 3597 2804 Cosanus
3630 2750 3757 2821 (89),

2177 2831 2445 2890 Baronius
2475 2836 2609 2906 (90),
2652 2836 3010 2894 Bellarminus
3037 2839 3148 2907 (91)
3184 2847 3238 2892 et
3280 2837 3585 2894 Perronius
3630 2839 3754 2905 (92).

2179 2924 2254 2978 Et
2309 2927 2707 2997 antiquioribus
2761 2928 2901 2982 idem
2964 2939 3259 2986 sanxerant
3310 2927 3510 2985 Petrus
3574 2931 3760 2985 Come-

2179 3026 2295 3069 διοι-
2322 3016 2456 3088 (95),
2490 3034 2553 3073 ac
2584 3028 2769 3089 postea
2794 3020 3069 3076 Marsilius
3095 3021 3392 3077 Patavinus
3416 3022 3556 3091 (94),
3582 3032 3635 3076 et
3658 3022 3761 3077 Go-

2179 3108 2395 3163 belinus
2432 3109 2674 3164 Persona
2727 3110 2859 3179 (95).
2907 3109 2982 3166 De
3028 3111 3258 3182 epistola
3309 3112 3345 3166 5
3397 3111 3757 3172 Clementina,

2177 3199 2337 3269 cujus
2385 3200 2762 3270 interpretatio
2812 3200 3011 3256 Rufino
3060 3203 3224 3256 etiam
3272 3202 3574 3266 tribuitur,
3632 3204 3761 3255 nihil

2177 3292 2381 3357 dicam,
2412 3308 2537 3348 cum
2584 3293 2789 3363 liqueat
2814 3307 2931 3347 eam
2974 3291 3042 3346 ad
3087 3291 3281 3362 lsidori
3310 3307 3529 3347 merces
3558 3293 3626 3346 de
3654 3301 3759 3345 toto

2177 3390 2449 3451 Spectare.

2247 3473 2522 3528 Hactenus
2545 3475 2950 3531 eruditissimus
2986 3474 3328 3530 Fontaninus
3354 3494 3368 3532 :
3400 3491 3467 3530 ex
3500 3475 3661 3543 cujus
3681 3484 3758 3527 ta-

2176 3579 2298 3619 men
2322 3579 2484 3634 opere
2502 3565 2590 3618 illa
2606 3573 2816 3619 tantum
2842 3568 3239 3637 excerpsimus,
3266 3582 3388 3636 quae
3416 3566 3489 3621 ad
3523 3582 3636 3620 rem
3668 3581 3748 3619 ιιι)¹

2176 3664 2343 3709 stram
2374 3656 2718 3726 potissimum
2766 3658 3127 3727 pertinebant,
3164 3673 3338 3728 eaque
3376 3673 3483 3728 pro
3530 3658 3759 3713 instituti

2174 3747 2352 3802 nostri
2388 3748 2598 3803 ratione
2635 3748 2983 3818 digessimus.
3014 3749 3186 3805 Porro
3224 3750 3289 3805 ad
3329 3749 3759 3820 Recogm'tiomtm

2173 3840 2467 3895 editionem
2504 3848 2750 3894 nostram
2796 3842 2943 3912 quod
2978 3844 3192 3906 attinet,
3238 3845 3525 3913 exemplar
3550 3844 3757 3899 Cotele-

2174 3929 2409 3996 rianum,
2450 3930 2692 3983 omnium
2722 3930 3255 4000 praestantissimum,
3298 3932 3446 4003 typis
3488 3933 3760 3988 excuden-

2174 4017 2305 4072 dum
2342 4020 2686 4077 tradidimus.
2722 4018 3008 4078 Lectiones
3039 4024 3316 4077 variantes
3345 4026 3596 4093 potiores
3623 4040 3760 4078 mar-

2172 4109 2281 4179 gini
2311 4111 2610 4181 appositas,
2646 4113 2763 4167 suis
2806 4113 2944 4169 locis
2972 4114 3337 4169 restituimus.
3370 4113 3623 4170 Editoris
3663 4116 3758 4171 ob-

2174 4203 2512 4258 servationes
2541 4205 2714 4258 textui
2746 4204 3109 4261 subdidimus.
3142 4204 3275 4271 Quae
3301 4214 3489 4261 autem
3523 4209 3642 4263 suis
3664 4224 3759 4262 no-

2173 4297 2245 4351 tis
2298 4296 2530 4349 intexuit
2585 4294 2650 4351 V.
2682 4296 2747 4350 C.
2798 4305 2981 4351 vetera
3027 4304 3401 4358 monumenta,
3455 4313 3528 4352 ne
3582 4302 3759 4367 aperis

2172 4384 2335 4445 lectio
2365 4384 2530 4439 nimis
2567 4384 2946 4454 impediretur,
2986 4386 3043 4440 in
3088 4386 3460 4455 Appendicem
3505 4385 3758 4457 Recogni-

2177 4475 2402 4530 tionibus
2433 4474 2734 4545 subjectam
2767 4474 3080 4546 rejecimus.

2248 4748 2359 4819 (88)
2402 4748 2704 4820 Turrecr.,_
2728 4745 2933 4820 Summ.
2960 4746 3135 4820 Ecet.,
3172 4748 3271 4805 lib.
3309 4763 3369 4812 ιι,
3403 4764 3531 4820 cap.
3563 4751 3687 4806 101.

2248 4816 2361 4892 (89)
2394 4819 2632 4892 Cusan.,
2662 4816 3172 4892 C_oncord.‘eat[iol.,
3204 4820 3300 4875 lib.
3329 4836 3412 4884 ιιι,
3438 4816 3564 4892 cap.
3608 4822 3664 4876 2.

492 4885 670 4964 apost;
978 4885 989 4890 ⁷
1018 4963 1022 4964 ί
1191 4885 1200 4888 ⁷
1299 4885 1354 4892 ’“
1411 4959 1433 4964 Δ
1455 4961 1469 4964 _
1658 4885 1661 4886 ⁷
1711 4885 1731 4891 ”
2393 4889 2619 4964 garum,
2648 4887 2885 4964 ad_ann._
2912 4885 3001 4951 69,
3031 4886 3193 4964 ἕξιν.

564 4963 675 5033 (82)
716 4964 796 5033 id.
825 4964 981 5028 ibid.,
1010 4963 1114 5033 lib.
1145 4980 1219 5029 tv,
1254 4976 1375 5032 cap.
1406 4959 1498 5017 24.
2396 4955 2960 5033 Qellarna,-_De_script.
2973 4955 3133 5033 56ch
3159 4960 3225 5012 ad
3244 4975 3370 5012 ann.
3400 4959 3506 5033 92,_
3521 4977 3647 5030 pag.
3672 4962 3729 5015 5|
3750 5003 3764 5015 .

563 5026 677 5103 (85)
709 5032 896 5098 Phot.,
921 5026 1045 5090 cod.
1080 5026 1236 5089 exui.
1323 5026 1341 5032 “
1498 5101 1504 5103 Α
1986 5098 2000 5103 _
2024 5098 2038 5103 _
2245 5026 2357 5103 (92)
2380 5027 2738 5103 Perron.,__i‘n
2759 5027 2942 5085 iterat.
2963 5026 3217 5097 Rapum.
3243 5034 3313 5082 ad
3345 5046 3455 5099 reg.
3481 5026 3764 5092 Ηνὶῐωιιι..

563 5097 676 5174 (84)
716 5097 995 5171 Bellarm..
1027 5103 1104 5161 De
1142 5104 1295 5162 Rom.
1330 5101 1543 5173 ponti/2,
1574 5102 1670 5157 lib.
1712 5116 1773 5166 ιι,
1817 5114 1937 5170 cap.
1979 5098 2066 5163 14,

2184 5097 2296 5174 cap.
2309 5101 2438 5174 _51,_
2449 5114 2572 5170 pag.
2604 5097 2729 5174 159.

498 5166 625 5242 post
657 5166 804 5229 'init.
979 5166 989 5171 ’
1330 5166 1341 5173 ’
1477 5166 1487 5172 ’
1529 5166 1537 5170 ’
1677 5241 1682 5242 ί
1882 5166 1903 5170 ’
2243 5166 2361 5242 (95)
2396 5166 2845 5242 ρόηιέβῐη-Ηίδι.
2872 5166 2993 5242 Ac_t.
3019 5178 3236 5242 Διηιοδεη
3266 5186 3387 5241 cap.
3419 5172 3545 5226 101.

566 5242 679 5313 (85)
720 5244 874 5316 Apud
903 5244 1099 5310 Labb.,
1129 5252 1261 5300 tom.
1292 5243 1381 5310 Ill,
1406 5259 1530 5315 pag.
1557 5241 1718 5298 1458.

567 5312 682 5382 (86)
720 5314 957 5382 Capitul.
990 5332 1097 5382 reg.
1131 5313 1356 5377 Franc.,
1391 5324 1523 5369 tom.
1550 5314 1615 5376 ll,
1654 5328 1780 5382 pag.
1806 5310 1965 5370 1127.

2244 5236 2627 5382 ἓ94ὲ711πεὶιη
2678 5236 2868 5292 Patav.
2924 5236 3200 5309 Defensor.
3266 5236 3410 5309 pce,
3472 5249 3627 5313 part.
3702 5255 3763 5305 ιι,

2184 5328 2240 5368 ca
2285 5351 2301 5365 .
2408 5348 2420 5367 .

567 5310 682 5452 Eg?)
720 5310 957 5386 Capitul.
990 5332 1097 5386 reg.
1131 5313 1356 5377 Franc.,
1391 5310 1523 5369 toni.
1550 5314 1615 5376 ll,
1654 5328 1780 5389 pag.
1806 5310 1965 5370 1127.

666 5384 684 5452 )
723 5386 876 5452 Apud
908 5387 1102 5452 Labb.,
1137 5394 1269 5443 tom.
1305 5385 1395 5452 ιχ,
1429 5400 1552 5452 pag.
1580 5384 1707 5442 416.

1131 5348 1780 5458 ἷιίιιιῖη1’ὶὶ,ιῖξά.ιῖ1ξῗδ’
1811 5348 1965 5370 um.
2178 5348 2622 5455 ”“¹ξὸ5’)⁷ἒ;οι›οι.,
2651 5376 2955 5448 Cosmord.,
2979 5387 3123 5437 aetat.
3155 5398 3230 5448 vi,
3264 5370 3387 5455 cap.
3417 5381 3469 5437 7.
