3806 6254
130 298 272 357 nos
1264 295 1821 357 ﬂECOGNl'l'lONES.
1862 296 2214 353 ΡιιοαεΜιΑ.
3184 292 3316 350 1206

1417 607 2049 719 RUPINI

1156 813 1699 887 AQUILEIENSIS
1736 813 2219 875 PRESBYTER!

502 1142 608 1233 S.
687 1142 1346 1234 CLEMENTIS
1425 1142 2421 1236 RECOGNITIONUM
2502 1141 2922 1233 LIBROS

1326 1357 2139 1485 PR/EFATIO

1233 1594 1321 1647 AD
1356 1594 1492 1650 GAU
1504 1593 1804 1649 DENTIUM
1840 1592 2241 1649 EPISCOPUM.

1699 1770 1764 1782 ιιι-

183 1900 592 1971 Tibiquidem,
614 1898 877 1955 Gaudenti
910 1899 1036 1969 (98),
1051 1906 1355 1953 nostrorum
1379 1898 1776 1969 decusinsigne
1809 1900 2111 1963 doctorum,
2144 1907 2325 1952 tantus
2356 1900 2551 1968 ingenii
2579 1902 2748 1970 vigor,
2778 1903 2884 1955 imo
2906 1910 3052 1955 tanta
3089 1904 3315 1971 spiritus

117 1994 285 2063 gratia
318 2001 438 2054 est,
474 1999 538 2043 ut
566 1991 613 2045 si
636 1991 763 2059 quid
791 2007 819 2044 a
853 2000 903 2044 te
930 1978 1089 2043 etiam
1121 1988 1419 2057 quotidiani
1448 1988 1647 2055 eloquii
1680 2004 1827 2043 more
1874 1990 2093 2052 dicitur,
2138 1989 2180 2043 si
2213 1988 2340 2057 quid
2372 1990 2424 2041 in
2455 1990 2684 2063 ecclesia
2738 1991 3091 2057 declamatur,
3142 1993 3195 2045 id
3248 1994 3302 2049 in

117 2080 266 2134 libris
294 2079 503 2132 haberi
536 2087 590 2131 et
616 2078 682 2131 ad
718 2078 1127 2133 instructionem
1160 2078 1298 2129 tradi
1332 2078 1561 2145 posteris
1591 2076 1802 2132 debeat.
1828 2078 1937 2132 Nos
1961 2089 2159 2139 tamen,
2196 2093 2331 2146 quos
2364 2087 2416 2132 et
2441 2078 2636 2147 ingenii
2659 2082 2890 2135 tenuitas
2919 2084 3099 2138 minus
3123 2100 3309 2153 prom~

118 2176 253 2233 plus,
286 2176 345 2221 et
379 2178 613 2220 senecta
636 2167 749 2234 jam
779 2165 962 2219 tardos
993 2166 1167 2219 reddit
1193 2179 1256 2217 ac
1288 2181 1497 2233 segnes,
1521 2180 1658 2235 opus
1700 2166 1843 2234 quod
1874 2167 2000 2220 olim
2029 2166 2342 2219 veneranda
2393 2169 2661 2221 memoria
2703 2170 2855 2240 virgo
2887 2170 3051 2224 Silvia
3084 2172 3195 2242 (99)
3229 2174 3314 2227 in-

110 2258 401 2323 junxerat,
441 2263 503 2306 ut
533 2254 863 2308 Clementem
892 2262 1090 2310 nostra
1117 2257 1309 2326 lingua
1334 2256 1679 2310 redderemus
1705 2254 1873 2325 (100),
1910 2264 1962 2308 et
1994 2263 2051 2307 tu
2072 2255 2464 2324 deincepsjure
2485 2259 2824 2313 bareditario
2867 2262 3150 2328 poscebas,
3182 2263 3309 2316 licet

114 2347 309 2400 multas
342 2353 484 2414 post
508 2360 712 2405 moras,
751 2353 929 2399 tamen
956 2346 1245 2414 aliquando
1272 2346 1629 2405 restituimus,
1668 2345 2026 2414 pradamque,
2055 2353 2111 2396 ut
2137 2346 2349 2414 Opinor.
2385 2363 2489 2400 non
2518 2364 2758 2416 parvam,
2784 2349 3096 2404 Gracorum
3132 2351 3320 2413 biblio-

112 2438 281 2489 thecis
308 2445 598 2503 ereptam,
630 2444 938 2489 nostrorum
965 2438 1153 2491 usibus
1181 2444 1235 2491 et
1256 2437 1574 2490 utilitatibus
1608 2442 2008 2495 convectamus,
2043 2442 2099 2487 ut
2126 2452 2261 2504 quos
2284 2438 2515 2504 propriis
2541 2453 2645 2489 non
2673 2452 2988 2506 possumus,
3013 2440 3315 2507 peregrinis

112 2530 438 2582 nutriamus
474 2527 771 2581 alimoniis.
804 2526 937 2579 Nam
978 2535 1031 2580 et
1063 2530 1234 2582 solent
1260 2531 1505 2583 suaviora
1530 2528 1698 2582 videri
1727 2529 2024 2596 peregrina,
2044 2527 2309 2581 interdum
2332 2544 2459 2581 vero
2478 2538 2531 2581 ct
2563 2530 2793 2583 utiliora.
2822 2530 3061 2598 Denique
3081 2534 3318 2602 peregri-

112 2634 238 2671 num
257 2627 344 2672 est
381 2632 531 2685 pene
553 2612 711 2669 omne
737 2617 880 2684 quod
908 2617 1167 2671 medelam
1190 2618 1507 2686 corporibus
1537 2617 1765 2679 confert,
1789 2617 1930 2684 quod
1955 2616 2156 2669 morbis
2183 2616 2440 2681 occurrit,
2465 2618 2606 2685 quod
2636 2634 2839 2672 venena
2869 2620 3107 2689 depellit.
3131 2620 3316 2676 Judaa

114 2707 342 2761 balsami
382 2707 710 2775 lacrymam,
745 2702 903 2758 Creta
934 2720 1141 2758 comam
1168 2705 1425 2758 dictamni
1460 2704 1644 2767 mittit,
1675 2703 1872 2756 Arabia
1898 2712 2197 2755 aromatum
2226 2702 2406 2765 liores,
2424 2711 2477 2756 et
2500 2706 2768 2772 spicarum
2801 2708 2951 2761 nardi
2980 2706 3130 2761 India
3157 2723 3314 2778 sege-

113 2806 218 2851 tem
245 2800 439 2863 metit,
468 2813 593 2865 qua
622 2797 763 2865 apud
796 2812 914 2858 nos,
946 2797 1157 2849 etiamsi
1186 2795 1517 2864 aliquantulo
1546 2808 1708 2863 quam
1739 2793 1990 2862 proprius
2015 2807 2140 2861 ager
2188 2792 2390 2859 attulit,
2424 2793 2678 2848 fractiora
2730 2778 3095 2864 perveniunt,
3129 2798 3315 2851 odoris

114 2899 291 2943 tamen
321 2888 574 2957 gratiam
606 2888 818 2954 vimque
848 2884 1096 2938 medendi
1130 2884 1389 2953 integram
1419 2888 1655 2937 servant.
1692 2879 1919 2947 Suscipe
1952 2880 2136 2947 igitur,
2188 2880 2365 2933 anime
2396 2879 2491 2941 mi,
2536 2881 2847 2937 redeuntem
2880 2884 2947 2937 ad
2984 2893 3037 2939 te
3063 2885 3315 2940 Clemen-

112 2982 219 3029 tem
250 2984 548 3035 uostrum,
584 2975 798 3042 suscipe
822 2973 930 3040 jam
954 2970 1274 3025 Romanum.
1302 2969 1409 3023 Nec
1443 2970 1676 3031 mireris,
1709 2969 1753 3023 si
1802 2968 1939 3022 forte
1976 2968 2072 3021 tibi
2108 2969 2161 3021 in
2205 2984 2270 3021 eo
2317 2970 2496 3023 minus
2538 2972 2698 3025 solito
2728 2970 2950 3030 ﬂoridus
2995 2976 3316 3046 eloquentia

113 3072 297 3123 vultus
330 3073 632 3136 appareat.
676 3063 820 3117 Nihil
845 3064 1085 3124 interest,
1135 3060 1426 3114 dummodo
1452 3075 1642 3114 sensus
1670 3059 1809 3113 idem
1843 3057 2035 3127 sapiat.
2058 3056 2374 3127 Peregrinas
2405 3074 2533 3129 ergo
2558 3076 2765 3119 merces
2794 3064 2963 3117 multo
2989 3065 3043 3119 in
3077 3069 3307 3138 patriam

112 3158 313 3212 sudore
344 3154 787 3211 transvehimus.
822 3152 888 3204 Et
917 3151 1103 3206 nescio
1134 3166 1292 3219 quam
1311 3158 1495 3219 gratus
1524 3165 1609 3204 me
1654 3149 1851 3202 civium
1882 3149 2064 3202 vultus
2094 3149 2311 3217 accipit,
2343 3164 2536 3219 magna
2568 3151 2670 3204 sibi
2712 3151 2930 3208 Gracia
2966 3158 3141 3225 spolia
3170 3160 3318 3216 defe-

111 3256 351 3311 rentem,
387 3253 449 3300 et
485 3245 731 3298 occultos
761 3242 1035 3310 sapientia
1070 3241 1352 3294 thesauros
1389 3246 1587 3292 nostra
1621 3240 1813 3307 lingua
1839 3238 1987 3292 clave
2014 3248 2363 3293 reserantem.
2398 3238 2501 3293 Sed
2527 3242 2666 3295 votis
2698 3244 2807 3297 tuis
2849 3244 3022 3301 faveat
3050 3247 3213 3315 Deus,
3250 3261 3311 3307 ut

113 3337 299 3390 nullus
322 3334 503 3388 nobis
537 3332 760 3385 sinister
790 3330 1001 3391 oculus,
1032 3343 1130 3382 nec
1160 3329 1478 3395 cujusquam
1509 3327 1704 3381 lividus
1734 3334 1989 3379 occurrat
2023 3336 2293 3395 aspectus,
2318 3343 2385 3381 ne
2413 3336 2651 3381 extremo
2691 3333 2916 3401 prodigii
2945 3351 3157 3404 genere,
3184 3355 3308 3396 cum

112 3427 245 3479 nihil
277 3425 580 3478 invideant
609 3421 682 3472 illi
709 3420 903 3488 quibus
932 3418 1194 3481 aufertur,
1230 3418 1489 3472 livescant
1518 3424 1695 3470 tamen
1720 3417 1809 3470 isti
1833 3416 2029 3485 quibus
2051 3415 2346 3471 confertur.
2381 3417 2616 3486 Equum
2648 3428 2730 3473 est
2770 3437 2919 3486 sane,
2949 3426 3045 3479 tibi
3077 3428 3169 3496 qui
3192 3429 3321 3485 hac.

110 3516 272 3569 etiam
308 3516 393 3585 (1)
429 3511 622 3565 Grace
650 3509 842 3578 legeris
870 3509 959 3577 (ne
999 3507 1135 3563 forte
1166 3511 1219 3563 in
1270 3510 1537 3578 aliquibus
1586 3509 1762 3562 minus
1808 3524 1835 3561 a
1893 3509 2047 3563 nobis
2078 3517 2348 3563 servatura
2403 3510 2772 3565 translationis
2817 3516 3061 3570 ordinem
3106 3522 3313 3589 putes),

113 3600 603 3674 interpretationis
634 3611 829 3653 nostra
858 3598 1094 3652 indicare
1118 3599 1425 3653 consilium.
1453 3599 1591 3653 Puto
1621 3597 1763 3666 quod
1796 3613 1901 3649 non
1934 3605 1987 3650 te
2028 3598 2208 3659 lateat,
2244 3598 2531 3652 Clementis
2559 3600 2719 3667 hujus
2769 3603 2821 3655 in
2862 3603 3046 3660 Graeco
3076 3607 3313 3676 ejusdem

110 3697 295 3764 operis
341 3689 755 3758 Ἀναγνώσεων,
783 3690 885 3742 hoc
906 3697 987 3743 est
1016 3688 1456 3757 Recognitionum,
1482 3690 1616 3742 duas
1643 3688 1905 3741 editiones
1935 3687 2139 3749 haberi,
2178 3694 2233 3740 et
2261 3686 2368 3740 duo
2394 3702 2620 3757 corpora
2653 3706 2774 3745 esse
2804 3693 3086 3759 librorum,
3118 3698 3172 3751 in
3205 3699 3323 3751 alir

111 3789 336 3858 quantis
368 3784 601 3854 quidem
636 3782 845 3857 diversa
875 3780 971 3848 (2),
1005 3780 1055 3831 in
1087 3779 1267 3833 multis
1309 3788 1490 3832 tamen
1522 3778 1759 3846 ejusdem
1792 3778 2137 3831 narrationis.
2188 3777 2438 3845 Denique‘
2468 3794 2592 3845 pars
2621 3780 2809 3835 ultima
2840 3784 3002 3854 hujus
3020 3789 3221 3855 operis,
3251 3790 3309 3842 in

111 3895 221 3949 qua
251 3881 324 3934 de
352 3873 850 3930 transformatione
884 3869 1116 3923 Simonis
1148 3870 1399 3932 refertur,
1434 3872 1486 3922 in
1514 3885 1622 3922 uno
1651 3884 1874 3937 corpore
1909 3868 2157 3929 habetur,
2208 3870 2263 3922 in
2295 3870 2399 3921 alio
2448 3872 2661 3939 penitus
2710 3890 2816 3928 non
2873 3878 3118 3933 habetur.
3171 3881 3312 3937 Sunt

109 3981 294 4025 autem
309 3975 368 4022 et
386 3964 643 4035 quadam
663 3962 718 4015 in
734 3970 955 4029 utroque
972 3974 1194 4026 corpore
1207 3958 1273 4012 de
1298 3959 1533 4026 ingenito
1555 3958 1660 4012 Deo
1681 3958 2051 4027 genitoque(3)
2065 3958 2314 4021 disserta,
2333 3967 2386 4011 et
2406 3959 2472 4012 de
2492 3961 2611 4015 aliis
2636 3966 2928 4030 nonnullis,
2953 3980 3156 4038 qua,ut
3181 3975 3312 4028 nihil

109 4062 360 4130 amplius
384 4058 595 4115 dicam,
626 4056 975 4105 excesserunt
999 4048 1399 4117 intelligentiam
1425 4056 1685 4100 nostram.
1718 4046 1841 4099 Haec
1870 4062 1997 4115 ergo
2027 4061 2146 4115 ego,
2175 4054 2429 4115 tanquam
2455 4066 2572 4118 qua
2585 4067 2745 4121 supra
2769 4055 2909 4111 vires
2940 4075 3084 4115 meas
3109 4072 3310 4127 essent,

109 4153 235 4206 aliis
271 4158 577 4204 reservare
614 4142 800 4204 malui,
826 4154 985 4208 quam
1017 4139 1194 4191 minus
1229 4138 1381 4206 plena
1402 4138 1661 4205 proferre.
1692 4136 1745 4188 In
1770 4138 1979 4191 cateris
2010 4144 2469 4204 autem,quantum
2497 4143 2787 4209 potuimus,
2809 4162 3022 4215 operam
3046 4152 3309 4217 dedimus,

1414 4375 1768 4430 COTELERII
1817 4376 2044 4432 ΝΟΤᾸΞ.

1780 4526 2006 4602 scribit__:
2047 4525 2286 4602 Quinimo
2324 4531 2458 4602 sicut
2484 4540 2531 4581 et
2564 4532 2742 4598 ipsum.
2761 4550 2967 4602 quoque
2997 4534 3320 4590 Clementem

182 4542 333 4614 (98)_
354 4536 649 4614 gaudenti.
702 4532 912 4614 Omnes
952 4528 1194 4614 codicesg
1221 4544 1377 4614 manu
1429 4534 1635 4614 exarati
1662 4572 1677 4596 ,
1780 4528 2459 4614 scribitur-guininto‘sicuj
2484 4540 2531 4581 et
2564 4532 2967 4614 ipsumququ
2997 4534 3098 4614 Cie]

1778 4612 1935 4670 quem_
1956 4594 2171 4662 Ruﬁnus
2202 4594 2608 4670 nostratinguu:
2644 4594 2929 4670 redditum,
2976 4604 3267 4656 restitutum
3290 4648 3307 4670 ,

105 4598 254 4682 quos
280 4598 484 4682 {ﬁdere
523 4604 653 4682 mih-i
695 4600 945 4682 contigit;
986 4612 1075 4682 sex
1096 4636 1148 4682 ,μ
1178 4598 1379 4682 scilicet
1402 4639 1417 4661 ,
1446 4601 1677 4680 habent,

104 4664 252 4750 55,54.
285 4664 867 4750 Gaudenti-Intellige
890 4664 1243 4718 Gaudentium
1278 4664 1675 4731 Novariensem,

106 4741 205 4804 seu
236 4747 443 4815 potius
474 4741 821 4815 Βγὶξεὶεξηβεξιη.ξ

178 4801 303 4884 (9'9)
346 4812 528 4884 -Υὲνθο
558 4806 755 4884 δυίιῖία·
786 4803 957 4884 Etiam
991 4801 1437 4884 ess-.lefleler-
1468 4808 1679 4884 θερειν-

102 4868 298 4939 ηιέιίἱί
346 4868 511 4946 γὶτᾷο
536 4868 740 4928 nomine
761 4872 957 4946 Silvig.
979 4869 1144 4946 Apud
1176 4868 1680 4946 P_alladium,ﬂisto-

102 4937 203 5003 nvi:
236 4937 543 5003 Lausidca
601 4959 720 5009 cap.
754 4940 873 5009 ut.
906 4937 1121 5009 saxeta,
1154 4939 1330 5009 minus
1361 4941 1511 5001 bene,
1538 4951 1679 4995 recte

105 5021 286 5073 Silvia
324 5020 385 5069 in
426 5006 726 5083 Heraclidis
756 5006 1044 5083 Ρςτᾳάὶεο,
1076 5020 1193 5083 cap.
1234 5007 1337 5083 42,
1368 5018 1420 5060 et
1456 5011 1679 5083 episloja

106 5091 165 5140 Η
209 5087 273 5141 S.
315 5082 569 5137 Paulini.
600 5078 717 5129 Alia
746 5090 775 5127 a
808 5074 1020 5144 Silvana
1049 5074 1208 5126 vidua
1230 5112 1244 5138 ,
1302 5076 1371 5129 de
1403 5074 1507 5144 qui.
1545 5080 1680 5133 εετί-

103 5166 306 5226 plores
327 5152 484 5226 ‘Vi'ta
615 5142 1036 5226 Chrysostomi‘.)

179 5222 346 5292 (100)
392 5210 828 5292 Πευϐιεηιεηξςηι
874 5219 1061 5261 nostra:
1104 5210 1677 5292 linguworedderemus.

102 5279 444 5344 Ro‘man'um
492 5284 687 5349 lingua
729 5279 1109 5349 Romanorum.
1152 5279 1376 5333 Inferius
1418 5301 1428 5334 :
1474 5281 1680 5347 Suscipe

99 5362 299 5428 igitur.
337 5345 623 5428 animenn'ti
653 5352 775 5428 (ms.
820 5345 1037 5428 Candel.
1057 5349 1418 5428 ‘magnanirue,
1447 5345 1677 5428 garlnel.

100 5412 179 5480 iiii
210 5412 486 5480 Domine,
512 5418 629 5470 I‘ct.
662 5412 731 5468 ini
749 5415 952 5480 amice),
984 5412 1271 5465 redeuntem
1290 5416 1355 5465 ad
1381 5428 1425 5469 te
1448 5417 1681 5471 Clemen-

100 5507 209 5547 tem
248 5499 567 5555 nostrum:
602 5486 795 5555 suscipe
824 5480 1276 5555 jgntfiontanuin.
1309 5482 1470 5555 Gravi
1511 5488 1678 5555 siqui-

100 5566 229 5617 dem
263 5572 475 5615 errnre
510 5548 827 5620 Anastasius
856 5548 1315 5610 Bibliothecarius.
1350 5548 1591 5620 Epistold
1614 5557 1681 5607 ad

98 5632 388 5687 Joannem
412 5624 701 5675 diaconum
728 5617 1028 5684 Romanum,
1050 5633 1147 5672 nec
1169 5617 1438 5677 intellecto
1462 5622 1675 5690 Ruﬁno,

1777 4663 1826 4742 et
1846 4663 2229 4742 redeuntemque!
2256 4663 2598 4742 Gaudentium
2620 4669 2842 4742 scribens
2869 4671 3037 4722 innuit
3059 4687 3077 4732 ;
3098 4682 3147 4723 et
3172 4663 3310 4742 quod

1778 4733 1962 4785 Latine
1985 4735 2217 4807 scriptus
2249 4735 2511 4807 fuerit,_iet
2541 4736 2787 4807 amissus,
2814 4805 2829 4807 Α
2852 4753 3131 4807 rursusque
3170 4733 3310 4793 rece-

1779 4812 1917 4869 ptus,
1949 4802 2215 4868 signanter
2255 4804 2472 4855 ostendit
2501 4821 2518 4856 :
2553 4818 2670 4855 cum
2717 4803 2941 4858 Ruﬁnus
2970 4802 3155 4860 contra
3200 4825 3308 4864 non

1780 4872 2006 4924 obscure
2049 4871 2310 4937 signiticet
2365 4872 2414 4923 id
2460 4872 2601 4937 quod
2649 4886 2734 4923 res
2776 4880 2876 4933 est,
2923 4873 3024 4926 Rec

1781 4937 2236 5008 priinituerraece
2267 4940 2495 5006 scriptas
2521 5006 2528 5008 _
2559 4938 2742 5008 fuisse.
2808 4939 2998 4994 Postea

1781 5006 1965 5076 inagna
1984 5007 2284 5076 sibigratiie
2309 5008 2475 5074 spolia
2494 5006 2823 5073 deferentem.

1852 5073 1925 5142 (Ἰ)
1966 5076 2063 5128 Ms.
2090 5073 2351 5140 Pet.jam.

1871 5145 1924 5211 2)
1966 5144 2061 5197 Ms.
2095 5142 2263 5195 Cand.
2294 5152 2345 5196 et
2363 5142 2423 5196 P.
2451 5143 2681 5195 diversa}.

1871 5148 1924 5211 2)
1966 5148 2061 5197 Ms.
2095 5148 2263 5195 Cand.
2294 5152 2345 5196 et
2365 5148 2423 5196 P.
2451 5148 2681 5195 diversa}.

1848 5148 1921 5283 :3)
1963 5213 2037 5265 De
2073 5212 2292 5283 ingenito
2333 5211 2457 5273 Deo,
2496 5212 2778 5283 genimque,
2804 5217 2913 5283 etc.
2946 5209 3004 5263 In
3030 5216 3309 5271 sublimis-

3092 4876 3307 4931 "itiones

3094 4946 3305 5010 armel.,

1779 5278 1912 5338 sima
1959 5283 2057 5335 hac
2101 5280 2421 5344 quastione,
2465 5278 2910 5346 quemadmodum
2952 5284 3253 5346 appellatur
3282 5301 3313 5338 a

1777 5351 2069 5407 Claudiano
2105 5347 2357 5419 Mamerto
2377 5365 2401 5419 ;_
2422 5357 2473 5398 et
2503 5345 2716 5419 in_aliis
2755 5345 3084 5419 quibusdam
3110 5352 3313 5419 depra-

1780 5430 1929 5474 vatas
1960 5420 2123 5471 fuisse
2150 5417 2507 5470 Clementinas
2541 5414 2929 5478 Recognitiones
2976 5430 3075 5480 per
3106 5414 3317 5471 hareti-

1778 5505 1892 5547 cos,
1922 5488 2191 5540 Ebionitas
2211 5524 2225 5548 ,
2255 5482 2484 5536 Arianos
2503 5521 2516 5541 ,
2544 5491 2598 5534 et
2628 5480 2991 5548 Eunomianos
3013 5520 3027 5541 ,
3053 5483 3320 5538 discimus

1780 5558 1845 5611 ab
1876 5555 2200 5625 Epiphanio,
2224 5551 2460 5625 .Ruﬁno,
2486 5549 2697 5605 Photio.
2742 5547 2872 5602 Vide
2906 5548 3046 5602 infra
3070 5590 3084 5612 ,
3112 5553 3207 5607 lib.
3260 5562 3329 5603 ut

1780 5642 1897 5694 Cap.
1920 5622 1989 5690 εί
2005 5634 2105 5683 CIC.
