3872 6352
446 258 587 327 ηοτ
1297 258 1358 315 8.
1399 253 1790 314 CLEMENTIS
1821 251 1843 307 Ι
1879 252 2020 313 ROB!

2131 252 2300 311 0N1.
2335 253 2570 312 OPERA
2610 254 2843 315 DUBIA.
3556 257 3704 316 £208

444 391 557 434 non
586 371 765 430 solum
801 388 832 429 a
867 369 1177 439 sententiis,
1204 369 1300 427 sed
1323 384 1394 426 ne
1422 384 1455 423 a
1484 368 1834 425 sermonibus
1871 367 2092 439 quidem
2113 370 2251 424 satis
2273 368 2788 442 elocutionibusque
2813 369 3119 431 discedere.
3167 370 3300 443 Quae
3323 387 3415 429 res
3444 373 3705 444 quamvis

443 468 628 522 minus
647 476 925 532 ornatum,
950 464 1128 536 magis
1156 470 1341 518 tamen
1364 461 1523 517 fidele
1546 459 1883 517 narrationis
1910 459 2089 516 reddit
2109 458 2414 530 eloquium.
2440 458 2739 529 Epistolam
2768 477 2924 526 sane,
2957 462 3014 517 in
3034 477 3143 533 qua
3172 462 3314 518 idem
3342 462 3603 519 Clemens
3630 463 3705 518 ad

442 556 708 616 Iacobum
738 559 959 615 fratrem
984 557 1202 612 Domini
1227 557 1478 614 scribens
1509 553 1577 611 de
1604 554 1757 610 obitu
1787 553 2009 611 nuntiat
2025 552 2176 623 Petri
2206 552 2307 625 (4),
2336 551 2561 623 etquod
2603 568 2663 609 se
2691 554 2977 625 reliquerit
3004 569 3387 612 successorem
3411 554 3698 611 cathedra

441 662 497 710 et
524 655 790 711 doctrina:
821 668 955 717 suae,
988 652 1045 708 in
1065 667 1175 723 qua
1203 650 1367 707 etiam
1398 650 1467 707 de
1494 650 1645 706 omni
1674 649 1867 704 ordine
1892 648 2276 706 ecclesiastico
2295 650 2630 714 continetur,
2650 648 2774 706 ideo
2799 665 2949 706 nunc
2969 649 3099 704 huic
3117 649 3270 721 operi
3293 665 3406 705 non
3436 650 3705 721 praemisi.

442 750 573 821 quia
600 757 655 808 et
682 757 929 818 tempore
951 745 1227 817 posterior
1257 752 1364 809 est,
1390 753 1446 800 et
1474 744 1608 798 olim
1640 759 1671 799 a
1697 758 1785 799 me
1818 742 2179 814 interpretata
2198 748 2254 798 et
2288 742 2453 799 edita.
2485 740 2592 798 Sed
2622 742 2769 812 quod
2792 744 2848 798 in
2867 758 2933 799 ea
2956 743 3242 799 nonnullis
3264 742 3505 799 fortasse
3541 743 3707 800 vide-

442 843 595 900 bitur
625 842 1052 911 inconsequens,
1081 839 1131 897 si
1157 839 1247 894 hic
1273 838 1617 908 explanetur,
1641 853 1754 893 non
1784 843 1917 909 puto
1945 835 2249 893 absurdum
2270 834 2465 892 videri.
2497 835 2729 902 Quidam
2759 838 2905 894 enim
2939 838 3249 908 requirunt,
3277 837 3557 908 quomodo
3576 851 3709 893 eum

441 934 615 991 Linus
638 943 695 989 et
714 933 904 989 Cletus
933 932 1011 1005 (5)
1036 933 1092 987 in
1116 934 1253 989 urbe
1270 930 1445 987 Roma
1476 943 1603 986 ante
1629 928 1965 986 Clementem
2011 929 2161 985 hunc
2184 927 2390 985 fuerint
2418 928 2687 1000 episcopi,
2720 929 2836 1001 ipse
2867 928 3123 987 Clemens
3153 929 3222 985 ad
3252 929 3527 985 Jacobum
3561 929 3711 986 scri-

439 1030 599 1093 bens,
626 1028 733 1085 sibi
767 1026 965 1083 dicata
995 1026 1158 1085 Petro
1180 1025 1413 1082 docendi
1437 1025 1755 1081 cathedram
1785 1023 2068 1082 traditam.
2091 1021 2264 1092 Cujus
2288 1022 2369 1078 rei
2391 1021 2535 1078 hanc
2563 1022 2878 1093 accepimus
2889 1038 3014 1080 esse
3044 1022 3333 1088 rationem,
3358 1022 3510 1094 quod
3534 1020 3712 1078 Linus

440 1132 498 1180 et
520 1123 709 1178 Cletus
739 1119 966 1176 fuerunt
994 1118 1219 1192 quidem
1247 1126 1377 1174 ante
1406 1118 1741 1174 Clementem
1787 1114 2036 1186 episcopi
2078 1115 2137 1169 in
2178 1114 2314 1170 urbe
2345 1112 2542 1179 Roma,
2570 1114 2667 1171 sed
2691 1103 2993 1186 superstite
3020 1113 3209 1182 Petro,
3241 1115 3505 1171 videlicet
3534 1123 3595 1170 ut
3624 1111 3712 1169 illi

441 1216 795 1288 episcopatus
826 1225 1015 1267 curam
1039 1217 1311 1282 gererent,
1344 1209 1462 1278 ipse
1484 1221 1615 1263 vero
1631 1206 1976 1277 apostolatus
2006 1203 2256 1277 impleret
2285 1203 2545 1270 ofﬁcium,
2571 1204 2714 1261 sicut
2744 1204 3021 1261 invenitur
3033 1206 3198 1263 etiam
3226 1205 3370 1277 apud
3394 1205 3708 1261 Caesaream

440 1307 664 1371 fecisse,
693 1304 786 1361 ubi
816 1318 941 1359 cum
973 1302 1090 1373 ipse
1112 1308 1259 1356 esset
1285 1314 1549 1373 praesens,
1582 1298 1907 1356 Zaechmum
1932 1305 2116 1351 tamen
2148 1310 2179 1349 a
2206 1312 2265 1353 se
2313 1296 2631 1351 ordinatum
2663 1296 2900 1353 habebat
2929 1298 3269 1369 episcopum.
3303 1296 3372 1351 Et
3402 1297 3514 1351 hoc
3543 1297 3713 1353 modo

441 1407 737 1467 utrumque
766 1409 955 1451 verum
993 1391 1287 1457 videbitur,
1317 1398 1376 1445 ut
1399 1399 1454 1447 et
1482 1391 1560 1446 illi
1591 1399 1717 1447 ante
1736 1390 2073 1446 Clementem
2102 1397 2462 1444 numerentur
2484 1390 2752 1462 episcopi,
2771 1397 2826 1447 et
2851 1390 3107 1447 Clemens
3135 1398 3318 1445 tamen
3348 1399 3478 1461 post
3494 1390 3711 1445 obitum

440 1492 592 1551 Petri
621 1489 857 1546 docendi
888 1486 1193 1556 susceperit
1220 1483 1428 1541 sedem.
1465 1483 1573 1540 Sed
1604 1485 1721 1556 jam
1753 1483 2059 1549 videamus,
2093 1484 2345 1541 scribens
2381 1482 2590 1541 Jacoho
2628 1483 2786 1541 fratri
2829 1484 3067 1553 Domini,
3100 1486 3285 1557 operis
3315 1486 3405 1541 sui
3450 1485 3712 1545 Clemens

441 1584 561 1657 ipse
582 1582 729 1656 quod
760 1587 944 1638 sumat
972 1580 1313 1636 narrationis
1336 1579 1579 1635 initium.

455 1710 3711 1739 Μ

1049 1875 2072 1972 BECOGNITIONUM
2146 1880 2505 1968 LIBER
2576 1879 3069 1971 PRIMUS.

520 2214 560 2271 Ι.
600 2207 716 2287 Ego
753 2211 1007 2279 Clemens
1051 2210 1107 2265 in
1150 2208 1287 2264 urbe
1313 2207 1484 2264 Roma
1513 2213 1698 2267 natus.
1732 2221 1799 2261 ex
1844 2204 2019 2276 prima
2048 2208 2095 2266 Α
2123 2201 2201 2257 Ex
2231 2214 2342 2272 quo
2385 2198 2587 2255 factum
2632 2204 2738 2263 est,
2784 2206 2844 2253 ut
2889 2199 3131 2269 lugerem
3182 2198 3539 2269 postmodum
3586 2215 3711 2265 eos,

446 2313 607 2364 aetate
649 2291 925 2376 pudicitia:
975 2300 1219 2356 studium
1261 2298 1404 2368 gessi
1439 2297 1540 2370 (6),
1573 2296 1703 2350 dum
1734 2310 1822 2351 me
1849 2295 2017 2348 animi

449 2390 683 2447 intentio
712 2390 861 2445 velut
887 2388 1126 2445 vinculis
1174 2385 1504 2457 quibusdam
1548 2383 1938 2440 sollicitudinis
1965 2390 2020 2438 et

448 2483 703 2540 maeroris
730 2497 763 2536 a
783 2496 954 2553 puero
983 2480 1242 2535 innexum
1266 2484 1495 2534 teneret.
1519 2475 1700 2532 luerat
1715 2476 1862 2531 enim
1882 2474 2018 2529 mihi

448 2574 709 2646 cogitatio
752 2574 1045 2647 (incertum
1097 2587 1230 2628 sane
1270 2570 1640 2626 nndeinitium
1680 2568 2019 2639 sumpserit),

448 2661 644 2726 crebro
671 2667 742 2723 ad
769 2668 1088 2724 memoriam
1113 2681 1286 2720 meam
1323 2664 1692 2720 conditionem
1720 2663 2023 2718 mortalita-

448 2760 526 2816 tis
573 2759 888 2824 adducens,
938 2758 1211 2828 simulque
1258 2757 1608 2813 discutiens:
1645 2762 1903 2811 utrumne
1951 2755 2024 2810 sit

447 2851 584 2907 mihi
632 2850 815 2921 aliqua
870 2849 983 2906 vita
1032 2856 1157 2920 post
1205 2856 1459 2913 mortem,
1505 2864 1575 2902 an
1621 2847 1757 2903 nihil
1800 2846 2024 2903 omnino

446 2950 637 3014 postea
666 2943 771 2998 sim
793 2941 1035 3006 futurus,
1058 2940 1106 2997 si
1146 2954 1256 2997 non
1286 2938 1483 2995 fuerim
1508 2946 1799 3009 antequam
1826 2954 2022 2995 nasce-

445 3046 559 3097 rer,
574 3033 661 3088 vel
683 3031 731 3087 si
760 3031 911 3087 nulla
940 3045 1168 3100 prorsus
1196 3030 1318 3085 vitae
1343 3028 1508 3099 hujus
1535 3030 1638 3086 erit
1668 3037 1792 3100 post
1813 3029 2022 3085 obitum

442 3122 780 3188 recordatio,
811 3130 867 3177 et
899 3123 970 3176 ita
999 3120 1338 3176 immensitas
1366 3118 1631 3190 temporis
1659 3126 1855 3174 cuncta
1886 3118 2025 3179 obli~

444 3216 598 3272 vioni
642 3229 708 3271 ac
756 3214 978 3272 silentio
1005 3212 1175 3277 dabit,
1211 3218 1273 3267 ut
1317 3226 1428 3267 non
1476 3212 1652 3266 solum
1684 3226 1796 3268 non
1825 3211 2020 3275 simus,

448 3308 546 3364 sed
592 3322 772 3378 neque
816 3304 966 3376 quod
1015 3304 1304 3369 fuerimus,
1348 3302 1618 3358 habeatur
1647 3303 1702 3359 in
1735 3304 2021 3363 memoria.

449 3394 559 3452 Sed
604 3403 660 3451 et
711 3393 847 3450 illud
895 3393 1219 3449 versabatur
1246 3393 1303 3447 in
1328 3401 1568 3462 pectore,
1601 3393 1819 3463 quando
1846 3393 2024 3448 factus

2121 2309 2261 2367 quos
2289 2294 2444 2364 prius
2478 2294 2738 2363 ignorans
2768 2290 2959 2348 beatos
2988 2291 3292 2348 credebam.

2190 2386 2281 2444 ll-l.
2323 2386 2493 2459 Igitur
2545 2400 2671 2441 cum
2715 2398 2747 2437 a
2792 2386 2968 2456 prima
3012 2391 3173 2442 aetate
3222 2385 3278 2439 in
3318 2385 3711 2455 hujuscemodi

2122 2480 2428 2533 animorum
2471 2475 2772 2532 intentione
2804 2490 3074 2542 versarer,
3108 2476 3336 2547 cupiens
3363 2477 3577 2549 aliquid
3629 2476 3715 2531 di-

2123 2578 2298 2637 scere,
2354 2567 2805 2640 philosophorum
2857 2566 3269 2638 frequentabam
3318 2569 3567 2635 scholas,
3618 2570 3716 2625 ubi

2120 2665 2260 2720 nihil
2293 2664 2464 2729 aliud,
2497 2679 2661 2733 quam
2690 2664 3004 2734 dogmatum
3042 2665 3374 2719 assertiones
3422 2670 3479 2718 et
3528 2662 3718 2733 impu-

2123 2757 2410 2831 gnationes
2439 2757 2689 2812 videbam
2734 2756 2821 2827 agi
2854 2756 2974 2812 sine
3021 2755 3148 2819 fine,
3194 2755 3526 2821 certamina,
3559 2762 3743 2812 artes.

2124 2849 2566 2923 syllogismorum
2602 2848 3128 2918 conclusionumque
3175 2847 3370 2918 agitari
3404 2846 3713 2902 versutias.

2125 2939 2191 2993 Et
2237 2941 2283 2995 si
2323 2939 2544 3009 quando
2588 2938 2808 3008 quidem
2855 2938 3135 2994 obtinebat
3185 2937 3273 2992 hic
3317 2952 3528 3001 sermo,
3561 2938 3714 3008 quod

2126 3030 2450 3085 immortalis
2477 3036 2625 3085 esset
2649 3029 2853 3093 anima,
2873 3029 3219 3100 gratulabar;
3251 3029 3299 3085 si
3328 3026 3556 3098 quando
3580 3041 3716 3083 vero

2125 3120 2458 3191 arguebatur
2510 3121 2667 3191 quasi
2697 3121 2965 3186 mortalis,
2996 3136 3121 3176 cum
3175 3120 3402 3175 tristitia
3456 3118 3717 3174 discede-

2126 3213 2272 3271 bam.
2300 3211 2564 3267 Neutrum
2610 3221 2790 3269 tamen
2837 3214 2894 3269 in
2937 3214 3105 3270 corde
3150 3228 3273 3267 meo
3313 3211 3715 3267 firmitudinem

2126 3304 2373 3359 veritatis
2399 3305 2641 3372 tenebat,
2657 3306 2752 3360 sed
2778 3305 2883 3361 hoc
2909 3313 3121 3359 tantum
3151 3304 3548 3375 intelligebam,
3565 3299 3716 3373 quod

2129 3398 2413 3453 sententia:
2442 3412 2505 3453 ac
2533 3398 2881 3453 definitiones
2902 3413 3107 3462 rermu,
3128 3413 3236 3452 non
3262 3410 3362 3468 pro
3388 3405 3592 3450 natura
3628 3396 3715 3451 sui

446 3490 519 3546 sit
546 3486 807 3553 mundus,
835 3486 925 3543 vel
952 3493 1244 3555 antequam
1273 3486 1447 3550 fleret,
1473 3485 1603 3555 quid
1632 3493 1772 3549 erat,
1809 3494 1905 3540 aut
1934 3503 2028 3542 vc-
2062 3561 2079 3562 7
2128 3507 2197 3545 ae
2221 3492 2451 3546 veritate
2479 3505 2791 3551 causarum,
2822 3489 2918 3545 sed
2966 3505 3068 3560 pro
3118 3490 3351 3562 ingeniis
3406 3488 3716 3545 defenden-

446 3596 511 3636 ro
554 3595 770 3650 semper
819 3578 1005 3634 fuerit.
1034 3576 1169 3631 Nam
1198 3586 1405 3633 certum
1437 3577 1744 3638 videbatur,
1788 3578 1933 3648 quod
1976 3580 2023 3633 si
2057 3561 2098 3616 Β
2125 3584 2281 3645 tium,
2318 3582 2467 3638 falsae
2510 3582 2960 3653 imaginarcntur,
2994 3591 3089 3637 aut
3125 3561 3286 3645 verae,
3313 3597 3494 3651 eoque
3533 3582 3716 3653 magis

447 3676 593 3726 esset
624 3668 827 3733 factus,
862 3677 1010 3723 esset
1036 3675 1091 3723 et
1118 3667 1365 3737 profecto
1393 3668 1709 3731 solvendus,
1741 3677 1794 3723 et
1838 3669 1882 3725 si
1912 3670 2025 3723 sol-

448 3771 627 3826 vatur,
662 3758 793 3830 quid
821 3759 1017 3815 iterum
1047 3759 1189 3814 erit?
1212 3758 1327 3816 Nisi
1360 3758 1500 3815 forte
1525 3760 1729 3816 oblivio
1751 3770 1949 3814 cuncta
1970 3767 2025 3815 et

448 3852 726 3927 silentium
762 3857 926 3922 teget,
968 3859 1062 3904 aut
1093 3848 1232 3905 forte
1279 3851 1487 3921 aliquid
1537 3853 1665 3918 erit,
1699 3852 1844 3922 quod
1876 3868 2023 3907 nunc

449 3940 657 3997 sentire
686 3941 1002 3996 mortalium
1037 3956 1147 3996 non
1175 3948 1357 4010 potest
1382 3933 1581 3996 meus.‘

518 4030 583 4088 ll.
622 4030 749 4087 Haac
777 4040 830 4088 et
857 4032 944 4087 bis
975 4032 1196 4097 similia,
1228 4031 1415 4087 nescio
1443 4031 1610 4099 unde,
1645 4033 2029 4112 indesinenter

448 4123 631 4179 animo
659 4123 964 4188 revolvens,
993 4123 1274 4178 nimietate
1316 4125 1569 4179 mmroris
1623 4125 2019 4181 incredibiliter

448 4212 818 4283 tabesceham,
845 4219 900 4269 et
931 4211 1079 4283 quod
1100 4220 1185 4267 est
1214 4212 1455 4284 gravius,
1487 4214 1533 4269 si
1557 4215 1776 4284 quando
1805 4231 2023 4285 respue.

446 4316 509 4356 re
535 4316 566 4354 a
595 4316 682 4355 me
704 4300 1080 4369 hujuscemodi
1109 4317 1273 4358 curas
1300 4304 1447 4361 velut
1476 4304 1657 4359 minus
1685 4305 1847 4360 utiles
1869 4306 2021 4377 cogi-

446 4388 650 4453 tabam,
680 4390 975 4446 validiores
1005 4391 1060 4446 in
1093 4408 1177 4448 me
1203 4392 1400 4448 fluctus
1428 4394 1861 4449 sollicitudinum
1885 4412 2019 4451 con-

447 4480 763 4551 surgebant.
799 4480 974 4536 Inerat
995 4483 1141 4537 enim
1172 4483 1304 4539 mihi
1329 4499 1513 4539 comes
1539 4486 1766 4555 optima,
1788 4502 1911 4556 quae
1934 4503 2020 4543 me

450 4572 734 4643 quiescere
786 4588 897 4629 non
947 4572 1173 4633 sineret.
1206 4573 1636 4631 immortalitatis
1690 4578 1912 4647 cupido.
1949 4578 2022 4633 Ut

450 4662 597 4718 enim
621 4671 744 4733 post
774 4679 957 4719 rerum
986 4664 1165 4720 exitus
1194 4664 1401 4731 docuit,
1430 4676 1486 4722 et
1515 4670 1689 4739 gratia
1720 4668 1815 4725 Dei
1843 4671 2021 4726 omni-

447 4756 687 4828 potentis
710 4758 966 4823 ostendit,
989 4757 1105 4815 haec
1132 4774 1219 4815 me
1248 4760 1417 4815 animi
1444 4761 1676 4817 intentio
1700 4763 1768 4817 ad
1791 4764 2022 4834 inquisi-

2125 3675 2180 3728 in
2214 3673 2484 3743 profundo
2511 3674 2748 3743 pectoris
2772 3675 3082 3739 cruciabar,
3108 3675 3253 3745 quod
3283 3690 3463 3745 neque
3501 3672 3715 3744 aliquid

2124 3780 2191 3819 ex
2220 3765 2326 3828 his,
2350 3780 2470 3835 qum
2496 3765 2839 3829 dicebantur,
2870 3772 3127 3834 tanquam
3153 3765 3369 3820 firmum
3401 3774 3592 3821 tenere
3614 3780 3718 3835 po-

2124 3864 2315 3921 teram,
2344 3872 2519 3926 neque
2570 3857 2809 3926 abjicere
2854 3855 3187 3911 desiderium
3222 3857 3581 3927 requirendi;
3612 3858 3715 3913 δαὶ

2125 3957 2330 4017 quanto
2366 3947 2539 4017 magis
2568 3947 2843 4017 negligere
2873 3946 3116 4000 conabar
3148 3961 3212 3999 ac
3238 3960 3526 4016 spernere,
3558 3953 3716 4001 tanto

2128 4039 2435 4101 ardentius,
2464 4045 2525 4092 ut
2555 4053 2719 4107 supra
2750 4038 2885 4101 dixi,
2920 4038 3067 4093 velut
3094 4052 3220 4093 eum
3260 4038 3502 4108 quadam
3556 4038 3714 4093 voln-

2128 4138 2273 4198 ptate
2302 4129 2535 4185 latenter
2564 4128 2812 4199 irrepens
2841 4128 3217 4197 hujuscemodi
3248 4127 3535 4199 cogitatio,
3552 4142 3711 4183 men-

2128 4226 2234 4273 tem
2260 4227 2423 4288 atque
2447 4219 2687 4273 animum
2722 4218 3063 4289 possidebat.

2198 4309 2288 4366 ιγ.
2328 4310 2733 4383 Coangustatus
2775 4313 2940 4384 igitur
2966 4312 3282 4367 inventione
3328 4328 3546 4373 rerum,
3594 4312 3711 4366 aie-

2127 4401 2251 4455 bam
2279 4402 2421 4470 apud
2454 4404 2832 4471 memetipsnm
2865 4396 3048 4468 :Quid
3097 4402 3335 4456 inaniter
3364 4403 3707 4468 laboramus,

2122 4507 2246 4546 cum
2298 4491 2624 4548 manifestus
2654 4493 2726 4548 sit
2757 4494 3021 4548 terminus
3052 4493 3272 4548 rerum?
3302 4492 3358 4547 Si
3390 4494 3541 4546 enim
3584 4501 3711 4563 post

2126 4591 2355 4641 mortem
2408 4598 2518 4637 non
2562 4598 2681 4648 ero,
2714 4598 2862 4638 nunc
2892 4583 3166 4653 superﬂuo
3209 4584 3460 4651 crucior;
3494 4584 3545 4638 si
3580 4600 3709 4640 vero

2126 4675 2233 4729 erit
2278 4675 2414 4730 mihi
2459 4674 2568 4728 vita
2601 4683 2723 4745 post
2751 4674 2987 4740 obitum,
3020 4689 3301 4730 servemus
3331 4674 3408 4729 illi
3440 4675 3572 4731 vitae
3621 4675 3708 4730 sui

2127 4769 2386 4837 temporis
2411 4774 2613 4831 motus,
2642 4782 2710 4822 ne
2741 4766 2881 4822 forte
2914 4768 3019 4835 his,
3052 4784 3173 4837 qua:
3201 4783 3349 4824 nunc
3376 4770 3587 4837 patior.
3608 4769 3708 4823 ali-

448 4851 651 4907 tionem
677 4851 947 4916 veritatis,
976 4860 1031 4909 et
1059 4852 1389 4924 agnitionem
1418 4869 1561 4909 verae
1604 4854 1744 4912 lueis
1772 4856 2019 4915 adduxit.
2049 4854 2092 4912 C
2123 4874 2230 4928 qua
2274 4873 2360 4914 me
2410 4858 2487 4913 ibi
2535 4859 2777 4913 tristiora
2808 4857 3105 4928 excipiant,
3136 4857 3244 4915 nisi
3272 4858 3360 4928 pie
3403 4873 3472 4914 ac
3523 4860 3708 4914 sobrie

1758 5009 2124 5068 COTELERII
2190 5011 2429 5069 NOTIE.

514 5144 595 5228 (4)
636 5143 713 5228 ρο
758 5142 903 5228 orbita
945 5144 1171 5228 nuntiat.
1200 5144 1367 5228 ξεττ-ξε
1414 5143 1492 5200 Ita
1537 5149 2015 5228 omnes-codices.

446 5212 745 5289 Epistolam
776 5213 1071 5289 Clementis
1106 5214 1173 5269 ad
1212 5214 1487 5289 Iacobum
1519 5217 1760 5289 praeponi
1803 5220 2018 5274 solitam

444 5284 635 5358 libris;
667 5284 1132 5358 Recognitionum,
1172 5284 1798 5358 apertedieit‘Photius.
1843 5289 2021 5358 Atque

450 5357 638 5411 eadem
667 5356 720 5407 in
751 5354 942 5409 codice
971 5354 1331 5412 Carmeliticae
1362 5356 1711 5412 Bibliotheca:
1730 5354 2014 5424 inseritur,

449 5425 590 5500 inter
618 5423 798 5500 R_u_fini
833 5424 1212 5500 Praefationem
1270 5441 1335 5481 ac
1374 5428 1529 5500 ipsas
1593 5426 2012 5500 Recognitioncs.

521 5494 599 5565 (5)
638 5494 804 5549 Linus
836 5505 885 5567 et
913 5493 1113 5567 Cletus,
1142 5512 1239 5551 seu
1274 5493 1460 5567 potius
1490 5493 1799 5563 Anaclettis,
1827 5512 1886 5554 ut
1917 5500 2015 5553 ha-

449 5562 587 5637 bent
606 5579 821 5637 quoque
849 5565 1242 5637 Cand.,Carm.
1273 5562 1327 5622 et
1356 5567 1473 5637 Pet.
1499 5567 1693 5624 Fuisse
1722 5571 1821 5624 hos
1853 5570 2012 5637 duos,

453 5634 605 5689 urbis
633 5634 829 5707 Romae;
859 5634 1179 5707 episcopos,
1214 5638 1317 5707 sub
1354 5635 1517 5693 Petro
1545 5642 1809 5707 apostolo,
1827 5634 2016 5696 existi;

451 5712 602 5762 luant
631 5720 753 5759 cum
799 5704 996 5759 Rufino
1026 5704 1201 5771 Beda,
1228 5706 1516 5774 Rabanus,
1558 5704 1804 5781 llaymo,
1831 5711 1922 5782 qui
1957 5711 2023 5768 de

2120 5150 2247 5205 vitis
2300 5147 2670 5203 Romanorum
2726 5146 3051 5218 pontificum
3080 5147 3463 5218 scripserunt,
3511 5155 3708 5204 auctor

2120 5220 2379 5274 Chronici
2427 5214 3227 5289 episcoporum_Metensium,'
3275 5214 3501 5288 aliique.
3563 5218 3705 5289 Lege

2123 5286 2484 5359 Epiphaniam
2536 5286 2735 5359 haeresi
2776 5287 2882 5359 27,
2922 5290 2980 5351 6,
3021 5297 3075 5342 et
3112 5304 3233 5358 qua:
3265 5286 3589 5359 notavimus
3635 5286 3701 5343 ad

2123 5357 2287 5429 caput
2327 5358 2396 5413 46
2429 5358 2551 5413 libri
2584 5373 2665 5429 vn
2690 5357 2927 5429 Conligit.
2965 5357 3161 5426 apost.,
3211 5359 3341 5412 item
3391 5358 3697 5415 Marianum

2123 5426 2369 5491 Scotum,
2418 5444 2482 5482 ac
2510 5427 2794 5496 epistolam
2822 5426 3016 5481 Joanni
3052 5429 3114 5482 lll
3151 5429 3438 5484 tributam.

2192 5500 2270 5567 (6)
2294 5497 2576 5568 Pudicitia:
2599 5498 2831 5550 studium
2858 5499 3013 5568 gessi.
3039 5497 3104 5568 Et
3124 5497 3317 5568 lgnatii
3338 5497 3700 5567 interpolator

2122 5567 2295 5638 Epist.
2323 5569 2390 5622 ad
2412 5567 2869 5638 Pliiladelplginos,
2896 5575 2962 5621 n°
2984 5567 3038 5631 4,
3062 5567 3398 5624 Clementem
3431 5582 3559 5620 cum
3590 5569 3699 5620 viro

2125 5636 2341 5710 ginihus
2387 5636 2667 5710 collocat.’
2695 5636 2848 5710 Quod
2882 5649 3008 5710 _tum
3063 5655 3248 5709 prosa,
3290 5642 3696 5694 tum‘earmme

2130 5708 2446 5766 Aldhelmus
2468 5708 2775 5765 celebravit.
