3806 6290
170 299 297 359 ηοε-

1284 296 1839 356 RECOGNITIONUM
1876 297 2002 357 LIB.
2039 297 2080 352 l.

3149 282 3303 355 isto

166 418 339 479 vixero,
368 421 419 469 et
445 414 729 470 secundum
758 417 1134 471 nonnullorum
1157 416 1448 471 sententias
1475 416 1645 485 philo-
1672 418 1846 480 A-sim
1880 416 1935 469 in
1965 413 2190 484 imperio
2224 410 2429 469 Tiberii
2462 414 2709 481 Czesaris,
2748 417 2902 474 initio
2942 433 3008 474 ex
3049 416 3309 476 Orientis‘

168 508 437 575 sophorum,
467 505 947 577 Pyriphlegethonti
996 506 1156 561 ﬂuvio
1192 508 1275 561 vel
1304 505 1552 569 Tartaro,
1587 514 1673 561 ut'

167 596 392 666 Sisyphus
435 603 486 650 et
527 594 734 666 Tityus,
765 606 817 653 et
855 607 913 651 ut
940 596 1088 652 lxion
1119 612 1182 651 ac
1209 596 1466 651 Tantalus
1493 604 1647 651 aeter-

163 686 234 739 nis
255 686 315 737 iur
331 684 530 739 inferno
561 687 837 754 suppliciis
861 686 1064 742 tradar.
1097 685 1160 738 Et
1184 701 1373 741 rursus
1393 684 1523 737 mihi
1545 683 1648 753 ipsi
1670 682 1675 687 ’

163 774 509 843 respondebam
543 793 557 828 :
590 774 692 829 Sed
721 775 835 829 haec
865 776 1055 830 fabula:
1081 783 1226 836 sunt,
1243 781 1335 828 aut
1364 776 1411 829 si
1441 774 1513 827 ita
1544 781 1647 840 est,

160 866 202 917 in
227 867 370 918 rebus
394 865 566 919 dubiis
606 874 822 935 praestat
851 867 937 935 pie
965 866 1165 920 vivere.
1199 864 1303 919 Sed
1333 865 1525 919 iterum
1562 878 1650 919 re-

158 959 374 1025 putabam
406 972 632 1021 mecum,
665 957 933 1026 quomodo
968 973 1178 1027 possem
1209 956 1310 1011 sub
1340 956 1541 1010 incerto
1562 956 1649 1024 ju-

157 1048 290 1100 stitiae
332 1047 565 1112 praemio,
615 1061 645 1099 a
693 1048 900 1116 peccati
946 1062 1032 1102 me
1073 1045 1295 1100 libidine
1342 1044 1651 1100 continere?

155 1138 349 1190 liaxime
375 1152 494 1190 cum
525 1138 707 1199 etiam,
740 1153 857 1206 quae
899 1139 970 1193 sit
996 1138 1110 1205 ipsa
1134 1136 1362 1204 justitia,
1396 1150 1516 1204 quae
1542 1134 1650 1189 Deo

153 1226 347 1291 placeat,
372 1224 508 1293 apud
551 1241 636 1281 me
685 1226 943 1279 habeatur
988 1226 1272 1289 incertum,
1304 1232 1357 1281 et
1388 1240 1561 1293 neque
1603 1225 1647 1280 si

153 1316 436 1369 immortalis
473 1316 542 1371 sit
585 1317 786 1380 anima,
817 1331 879 1369 ac
909 1317 997 1379 sit,
1026 1331 1145 1386 qua:
1185 1315 1387 1385 aliquid
1434 1330 1651 1384 sperare

150 1406 310 1472 possit,
340 1420 641 1472 agnoscam,
672 1421 848 1474 neque
875 1407 1002 1474 quid
1032 1406 1165 1460 certi
1193 1405 1430 1461 futurum
1462 1406 1533 1459 sit
1560 1419 1654 1459 no-

149 1493 304 1545 verim.
328 1492 429 1547 Nec
459 1502 635 1547 tamen
658 1495 936 1563 quiescere
964 1495 1031 1548 ab
1060 1495 1427 1563 hujuscemodi
1452 1495 1652 1565 cogita-

150 1582 355 1636 tionibus
382 1597 621 1650 possum.

201 1668 255 1723 ν.
291 1670 421 1735 Quid
469 1672 631 1740 igitur
675 1672 907 1728 faciam?
944 1672 1231 1743 Egyptum
1257 1680 1456 1741 petam,
1489 1680 1650 1742 atque

1744 505 2003 575 partibus
2034 512 2269 574 sumpto,
2317 507 2555 574 pervenit
2602 506 2667 561 ad
2705 522 2826 575 nos,
2858 515 2912 563 et
2952 524 3044 578 per
3071 510 3282 580 singula

1745 595 2161 659 convalescens,’
2191 596 2335 649 velut
2377 610 2408 649 a
2449 594 2558 650 Deo
2591 596 2765 652 bonus
2806 600 3018 668 quidam
3066 603 3311 657 nuntius

1744 684 1965 750 missus,
1994 685 2305 739 universum
2349 684 2589 754 replebat
2616 687 2822 751 orbem,
2854 704 2953 742 nec
2982 691 3313 758 patiebatur'

1746 775 1981 830 divinam
2012 777 2341 831 voluntatem
2358 776 2581 833 silentio
2614 776 2719 846 tegi
2749 777 2861 847 (7).”
2886 776 3315 833 Dill‘undebatnr‘

1746 880 1872 936 ergo
1898 880 1993 934 per
2020 866 2227 935 singula
2253 865 2391 930 loca,
2437 866 2784 932 annuntians,
2816 862 2957 937 quod
2998 877 3139 923 esset
3167 871 3288 938 qui-

1746 954 1870 1008 dam
1918 955 1973 1008 in
2016 952 2220 1017 Iudaea,
2254 956 2343 1024 qui
2375 964 2589 1024 sumpto
2633 970 2661 1007 a
2692 961 2932 1025 tempore
2961 959 3101 1013 veris
3128 975 3285 1014 exor-

1746 1042 1838 1104 dio
1854 1043 1954 1113 (8).
1969 1059 2191 1114 regnum
2214 1043 2307 1099 Dei
2330 1046 2719 1115 evangelizaret
2738 1044 2961 1113 Iudaeis,
2984 1048 3143 1117 idque
3164 1063 3288 1117 per-

1746 1140 1996 1201 cepturos
2040 1135 2242 1189 diceret
2286 1151 2400 1201 eos,
2431 1136 2922 1204 qui‘mandatorum
2965 1154 3184 1192 suorum
3230 1146 3286 1193 et

1747 1221 2005 1278 doctrinae
2034 1224 2276 1279 instituta
2306 1235 2630 1282 servassent.
2667 1227 2736 1282 Ut
2765 1235 2937 1281 autem
2965 1243 3140 1282 sermo
3167 1222 3285 1296 ejus

1749 1312 1852 1367 ﬁde
1886 1312 2101 1382 dignus,
2134 1328 2197 1369 ac
2222 1314 2516 1371 divinitatis
2558 1317 2748 1385 plenus
2793 1331 2913 1373 esse
2958 1316 3285 1381 crederetur,
3318 1346 3324 1355 -

1746 1401 1971 1455 virtutes
1994 1402 2212 1466 multas,
2246 1409 2299 1456 et
2328 1403 2579 1473 signatae
2619 1406 2863 1476 prodigia
2900 1406 3037 1459 mira
3081 1405 3288 1462 edicere

1743 1488 1990 1558 jussione
2017 1491 2129 1544 sola
2153 1491 2456 1559 dicebatur,
2489 1493 2561 1548 ita
2593 1503 2670 1558 ut,
2711 1503 2963 1565 tanquam
2991 1511 3021 1549 a
3051 1495 3156 1551 Deo
3194 1513 3289 1566 po-

1749 1585 1993 1635 testatem
2022 1579 2244 1645 habens,
2274 1582 2469 1637 surdos
2500 1582 2697 1637 faceret
2724 1584 2908 1638 audire
2929 1592 2981 1640 et
3010 1600 3183 1641 caecos
3205 1587 3289 1640 vi-

1750 1668 1894 1733 dere,
1926 1670 2144 1726 claudos
2166 1672 2421 1741 erigeret,
2452 1680 2612 1742 atque
2659 1688 2872 1731 omnem
2924 1675 3284 1731 infirmitatem

146 1755 203 1809 ibi
229 1757 581 1828 hierophantis
609 1761 695 1814 vel
738 1760 1014 1829 prophetis
1047 1761 1135 1829 qui
1186 1762 1358 1831 adytis
1384 1768 1644 1829 praesunt,
1677 1767 1718 1820 Β
1745 1769 2077 1830 cunctosque
2116 1762 2384 1817 daemones
2428 1778 2495 1817 ex
2543 1763 2848 1820 hominibus
2876 1766 3149 1836 eil‘ugaret,
3191 1767 3284 1821 sed

147 1847 320 1902 amicus
345 1848 562 1911 elﬁciar,
589 1856 644 1903 et
666 1850 893 1918 pecunia
922 1850 990 1903 ab
1017 1852 1097 1906 eis
1125 1850 1407 1904 invitatum
1434 1865 1646 1921 magum
1682 1870 1689 1873 Α

144 1935 388 2002 precabor,
419 1945 475 1989 ut
504 1937 702 1991 educat
745 1937 873 1989 mihi
904 1939 1136 1993 animam
1167 1938 1234 1992 de
1271 1938 1514 2000 infernis,
1555 1954 1651 2007 per

144 2039 238 2079 eam
281 2041 431 2095 quam
474 2030 901 2081 necromantiam
932 2036 1143 2090 vocant,
1174 2038 1425 2097 tanquam
1457 2031 1523 2083 de
1551 2029 1652 2081 ali—

143 2130 230 2183 quo
251 2118 454 2186 negotio
480 2119 768 2172 consulere
795 2118 1049 2187 cupienti.
1085 2118 1211 2174 Mihi
1252 2135 1379 2173 vero
1408 2119 1517 2174 haec
1548 2119 1651 2174 erit

143 2206 429 2259 consultatio
455 2226 468 2260 :
502 2206 548 2261 si
576 2207 898 2261 immortalis
925 2216 1007 2261 est
1036 2208 1232 2262 anima.
1271 2206 1522 2263 Probatio
1550 2223 1648 2263 au-

143 2302 227 2348 tem
253 2298 451 2363 animae,
480 2298 625 2366 quod
655 2298 980 2352 immortalis
1012 2300 1101 2359 sit,
1134 2313 1241 2351 non
1290 2314 1356 2354 ex
1405 2314 1469 2357 eo
1508 2299 1648 2369 quod

141 2383 363 2452 loquitur,
390 2388 493 2440 erit
522 2387 654 2440 mihi
680 2393 851 2448 certa,
882 2386 965 2440 vel
994 2401 1058 2439 ex
1080 2401 1145 2440 eo
1169 2386 1309 2454 quod
1339 2387 1520 2450 audio,
1556 2389 1650 2443 sed

138 2490 190 2527 ex
214 2490 272 2529 eo
297 2477 431 2545 quod
458 2478 647 2543 video;
674 2483 737 2529 ut
764 2477 936 2533 oculis
965 2476 1099 2530 meis
1118 2490 1344 2531 cernens
1374 2494 1512 2540 eam,
1533 2494 1651 2533 cer-

137 2564 367 2620 tissimam
392 2568 458 2622 de
491 2568 706 2637 reliquo
736 2567 1153 2625 immortalitatis
1181 2567 1299 2635 ejus
1329 2570 1646 2624 sententiam

134 2660 333 2709 teneam.
364 2657 547 2726 Neque
575 2660 726 2713 enim
756 2658 896 2711 ultra
941 2658 1135 2727 poterit
1172 2660 1459 2713 veritatem
1479 2659 1648 2723 visus,

133 2746 383 2801 verborum
424 2748 634 2802 fallacia
691 2759 743 2803 et
789 2749 990 2801 auditio
1035 2749 1240 2801 incerta
1274 2748 1507 2803 turbare.
1547 2746 1653 2803 Ve-

138 2843 403 2890 rumtamen
434 2838 573 2892 hanc
608 2840 785 2907 ipsam
814 2837 1251 2892 deliberationem
1288 2852 1458 2890 meam
1494 2838 1650 2892 retuli

136 2922 189 2974 ad
226 2926 496 2992 quemdam
544 2924 868 2978 familiarem
918 2938 1093 2976 meum
1126 2922 1525 2993 phil050plium,
1557 2923 1649 2994 qui

137 3013 245 3065 mihi
270 3015 547 3069 consilium
576 3014 754 3080 dedit,
785 3030 853 3068 ne
890 3014 992 3067 hoc
1022 3013 1197 3068 facere
1224 3014 1496 3071 auderem.
1527 3013 1651 3071 Sive

134 3104 274 3169 enim,
306 3107 495 3175 inquit,
521 3105 776 3161 evocanti
808 3118 962 3173 mago
988 3119 1093 3157 non
1125 3105 1339 3158 obediat
1362 3105 1560 3170 anima,
1592 3113 1651 3162 tu

134 3201 236 3260 post
280 3196 387 3249 haec
434 3203 693 3266 tanquam
723 3194 855 3248 nihil
885 3209 1005 3249 esse
1030 3201 1224 3264 putans
1250 3204 1369 3264 post
1400 3203 1645 3257 mortem,

132 3281 493 3353 desperabilius
524 3287 695 3344 vives,
727 3284 925 3352 quippe
951 3283 1042 3351 qui
1086 3290 1138 3336 et
1185 3283 1370 3337 illicita
1407 3290 1649 3339 tentave-

133 3374 213 3427 ris.
244 3374 296 3428 Si
320 3391 445 3430 vero
489 3384 544 3430 et
595 3374 796 3443 aliquid
829 3373 900 3426 ibi
936 3373 1116 3427 videre
1160 3372 1255 3426 tibi
1284 3374 1433 3428 visus
1464 3373 1648 3439 fueris,

130 3478 230 3529 quae
255 3463 345 3518 tibi
371 3464 584 3533 religio,
614 3470 709 3514 aut
734 3474 853 3530 quae
883 3460 1053 3527 pietas
1082 3474 1147 3513 ex
1179 3458 1382 3513 illicitis
1412 3460 1653 3513 tradetur

130 3562 170 3605 et
196 3554 399 3623 impiis?
435 3553 678 3607 Exosum
703 3564 937 3618 namque
966 3548 1244 3602 Divinitati
1280 3550 1651 3617 hujuscemodi

126 3641 374 3711 negotium
427 3640 633 3700 ferunt,
667 3646 720 3692 et
748 3637 1021 3691 adversari
1066 3637 1228 3691 Deum
1274 3636 1359 3691 bis
1411 3638 1501 3706 qui
1536 3638 1652 3690 ani-

128 3745 227 3783 mas
249 3738 366 3799 post
396 3730 802 3786 absolutionem
832 3741 1117 3794 corporum
1149 3736 1361 3779 vexant.
1379 3726 1488 3796 Ego
1505 3742 1648 3794 vero,

122 3816 197 3871 his
236 3820 457 3881 auditis,
504 3818 715 3887 pigrior
762 3815 978 3884 quidem
1031 3829 1147 3868 sum
1186 3814 1425 3869 redditus
1455 3817 1519 3869 ad
1552 3817 1652 3871 hoc

120 3911 247 3975 quod
275 3913 557 3980 parabam,
591 3923 692 3962 nec
715 3914 890 3960 tamen
923 3921 1304 3973 usquequaque
1326 3914 1416 3959 aut
1442 3907 1655 3963 deside-

117 3999 244 4053 rium
284 4017 492 4072 ponere
534 4007 808 4069 poteram,
846 4004 938 4049 aut
982 3995 1277 4049 molestiam
1316 3996 1656 4065 cogitationis

117 4092 362 4157 abjicere.

177 4181 255 4238 Vl.
297 4185 363 4237 Et
392 4200 463 4238 ne
487 4184 653 4250 longa
679 4187 802 4232 utar
825 4175 1153 4237 narratione,
1185 4190 1306 4228 cum
1331 4176 1419 4230 his
1448 4191 1545 4246 ego
1566 4193 1659 4233 co-

110 4276 379 4339 gitationis
398 4289 541 4329 mea:
570 4271 788 4326 aestibus
819 4266 1069 4334 agitarer,
1096 4264 1233 4316 fama
1262 4266 1502 4332 quaedam
1536 4282 1659 4320 seu-

1747 1851 2037 1906 et-oblatos
2063 1851 2164 1906 sibi
2186 1862 2440 1911 mortuos
2472 1855 2774 1918 suscitaret,
2809 1856 3049 1924 leprosos
3073 1873 3287 1927 quoque

1748 1939 1957 1994 eminus
1984 1942 2174 1997 videns
2204 1950 2440 2008 curaret,
2468 1952 2521 2001 et
2546 1944 2678 1998 nihil
2709 1946 2928 1999 omnino
2952 1955 3112 2009 esset,
3143 1948 3286 2017 quod

1747 2030 1797 2084 ci
1818 2030 2147 2098 impossibile
2174 2031 2464 2087 videretur.
2497 2032 2619 2088 Haec
2642 2042 2696 2088 et
2726 2034 2913 2088 horum
2946 2036 3139 2089 similia
3162 2052 3289 2106 pro-

1707 2180 1709 2183 ,
1747 2133 1903 2173 oessu
1939 2119 2213 2187 temporis,
2260 2122 2467 2176 crebris
2508 2121 2619 2189 jam
2660 2138 2769 2176 non
2817 2124 3147 2192 rumoribus,
3194 2125 3288 2179 sed

1749 2206 2049 2261 manifestis
2079 2208 2471 2276 quodammodo
2506 2209 2909 2265 adventantium
2938 2227 3003 2268 ex
3032 2214 3136 2267 illis
3165 2229 3292 2284 par-

1748 2296 1894 2352 tibus
1921 2297 2128 2351 nuntiis
2158 2297 2527 2361 ﬁrmabantur,
2552 2306 2606 2354 et
2633 2300 2746 2368 ipsa
2768 2302 2879 2369 jam
2910 2318 3005 2371 per
3028 2302 3145 2359 dies
3174 2305 3288 2359 sin-

1748 2385 1905 2455 gulos
1933 2386 2009 2439 rei
2042 2386 2241 2444 veritas
2268 2389 2597 2456 patescebat.

1818 2475 1931 2530 VII.
1975 2477 2209 2546 Denique
2239 2478 2293 2531 in
2325 2478 2454 2535 urbe
2483 2494 2577 2548 per
2607 2480 2722 2533 loca
2753 2488 3049 2536 conventus
3091 2483 3204 2538 ﬁeri
3233 2494 3289 2539 et

1749 2565 1816 2621 dc
1840 2566 1944 2622 hoc
1972 2583 2221 2623 sermone
2249 2570 2489 2633 tractari,
2517 2576 2678 2636 atque
2721 2571 2777 2623 in
2821 2571 3174 2628 admiratione
3202 2589 3289 2630 res

1749 2654 1934 2710 haberi
1962 2658 2144 2726 coapit,
2176 2659 2421 2727 quisnam
2451 2658 2499 2713 is
2526 2667 2691 2721 esset,
2722 2660 2816 2728 qui
2851 2662 3182 2729 apparuerit,
3202 2664 3288 2718 vel
3332 2694 3337 2701 ε

1748 2744 1876 2813 quid
1900 2746 2070 2799 nuntii
2096 2761 2126 2799 a
2158 2745 2267 2800 Deo
2293 2747 2600 2802 hominibus
2633 2748 2949 2815 detulisset;
2981 2751 3151 2804 donec
3184 2751 3288 2807 sub

1749 2834 1934 2889 eodem
1961 2850 2103 2889 anno
2133 2836 2215 2888 vir
2242 2836 2460 2905 quidam
2494 2843 2678 2891 astans
2724 2838 2779 2890 in
2826 2838 2978 2893 urbis
3006 2840 3125 2893 loco
3149 2839 3293 2894 cele-

1748 2924 2003 2987 berrimo,
2033 2924 2386 2992 proclamaret
2414 2923 2481 2977 ad
2509 2925 2787 2994 populum,
2822 2925 3009 2981 dicens
3041 2945 3054 2981 :
3096 2927 3293 2983 Audite

1748 3027 1854 3077 me,
1880 3027 1915 3067 ο
1955 3012 2101 3069 cives
2139 3010 2402 3079 Romani;
2435 3012 2605 3069 Filius
2642 3014 2735 3069 Dei
2763 3016 2915 3070 adest
2953 3017 3008 3070 in
3049 3018 3291 3086 partibus

1677 3092 1719 3149 ϐ
1749 3099 1964 3165 Iudaeis,
1994 3102 2313 3171 promittens
2340 3103 2588 3157 omnibus
2631 3106 2935 3160 volentibus
2986 3107 3170 3161 audire
3209 3124 3288 3172 se,

1748 3191 1912 3246 vitam
1938 3199 2216 3256 aeternam,
2242 3192 2287 3247 si
2315 3192 2438 3261 quis
2461 3200 2639 3261 tamen
2667 3193 2743 3264 (9)
2776 3195 3069 3248 secundum
3098 3197 3289 3249 volun-

1750 3284 1911 3332 tatem
1933 3280 2070 3348 ejus,
2101 3294 2130 3333 a
2158 3294 2265 3347 quo
2293 3278 2492 3333 missus
2521 3287 2603 3333 est
2636 3280 2725 3334 Dei
2756 3280 2951 3346 Patris,
2979 3289 3130 3334 actus
3156 3298 3286 3337 suos

1751 3371 2025 3426 direxerit.
2045 3370 2269 3439 Propter
2296 3370 2437 3438 quod
2459 3372 2829 3425 convertimini
2861 3387 2891 3425 a
2921 3372 3073 3426 malis
3097 3373 3162 3425 ad
3193 3375 3293 3427 bo-

1752 3477 1842 3525 na,
1870 3476 1900 3513 a
1922 3460 2305 3528 temporalibus
2336 3459 2402 3512 ad
2428 3470 2645 3514 aeterna.
2674 3460 2960 3529 Agnoscite
2979 3476 3144 3515 unum
3171 3477 3294 3520 esse
3350 3496 3351 3499 η

1752 3550 1919 3604 Deum
1948 3550 2068 3603 (εωὶί
2094 3556 2353 3617 terraeque
2381 3557 2663 3611 reetorem,
2689 3549 2741 3602 in
2763 3546 2918 3617 cujus
2942 3550 3106 3618 justis
3135 3566 3293 3622 aspe-

1755 3639 1931 3696 ctibus
1980 3653 2077 3692 vos
2124 3638 2308 3705 injusti
2360 3638 2622 3691 mundum
2650 3638 2767 3707 ejus
2795 3640 3065 3697 habitatis.
3097 3640 3200 3695 Sed
3244 3645 3291 3698 si

1753 3728 2123 3785 convertimini
2142 3735 2195 3782 et
2217 3728 2508 3782 secundum
2535 3729 2861 3783 voluntatem
2888 3730 3005 3798 ejus
3026 3732 3202 3800 agitis,
3221 3734 3289 3786 ad

1754 3819 1991 3873 futurum
2022 3820 2275 3873 smculum
2305 3820 2580 3874 venientes
2629 3827 2682 3873 et
2721 3820 2904 3874 aeterni
2930 3820 3122 3888 eﬂ‘ecti,
3156 3822 3293 3877 inef-

1754 3909 2004 3963 fabilibus
2044 3909 2162 3973 ejus
2207 3909 2365 3963 bonis
2411 3924 2475 3962 ac
2505 3909 2738 3977 praemiis
2769 3908 3137 3977 perfruamini.
3164 3911 3293 3966 Erat

1757 4008 1932 4055 autem
1957 3999 2040 4051 vir
2070 4000 2190 4063 iste,
2220 3999 2310 4068 qui
2345 4000 2456 4053 haec
2486 3999 2802 4067 loquebatur
2833 3999 2895 4053 ad
2924 4001 3198 4068 populum,
3224 4018 3291 4061 ex

1757 4087 1993 4143 Orientis
2037 4089 2300 4156 partibus,
2341 4089 2558 4141 natione
2596 4087 2849 4144 Hebraaus
2892 4089 3025 4160 (10),
3076 4092 3295 4147 nomine

1761 4179 2055 4241 Barnabas,
2087 4181 2177 4249 qui
2207 4196 2264 4235 se
2287 4181 2447 4234 etiam
2470 4196 2633 4234 unum
2659 4195 2720 4235 ex
2748 4182 2865 4249 ejus
2886 4181 3163 4250 discipulis
3182 4185 3295 4255 (li)

1764 4282 1883 4321 esse
1916 4268 2145 4334 dicebat,
2176 4273 2506 4337 missumque
2534 4270 2604 4323 ob
2625 4269 2745 4332 hoc,
2777 4277 2835 4322 ut
2859 4270 2970 4324 haec
2991 4270 3297 4327 volentibus

1393 4377 1751 4433 COTELERII
1805 4379 2036 4434 ΝΟΤιιΕ.

170 4506 243 4571 (7)
298 4505 451 4574 Tegi.
508 4501 569 4553 in
617 4495 865 4552 Frecull‘o
889 4534 904 4559 ,
946 4504 1133 4564 tegere,
1181 4488 1325 4559 quod
1368 4492 1655 4560 respondet
1686 4500 1728 4553 D
1766 4494 2201 4574 Alexandrinum.
2231 4492 2516 4547 Eusebium
2545 4503 2599 4547 et
2638 4491 3008 4572 Epiphanium.
3042 4489 3129 4569 Sic
3155 4504 3291 4610 (glo-

170 4589 285 4610 mnn
343 4572 567 4610 mem-iv
1764 4581 1866 4610 nne
1902 4567 1951 4610 in
1978 4562 2232 4610 Chronico
2263 4573 2448 4610 vneam
2477 4562 2846 4610 Alexandrino.
2885 4561 3128 4610 θυι-011101
3203 4574 3291 4610 un-

103 4570 292 4644 Grieco
343 4570 586 4638 σῖτέγειν.
911 4632 923 4644 ,
1112 4629 1143 4644 ..
1221 4626 1468 4644 ..,,.
1543 4628 1556 4640 .

168 4626 241 4710 (8i
266 4626 496 4710 Sumpt'o
522 4655 556 4689 a
578 4648 802 4710 temme
820 4632 955 4710 veris
966 4629 1195 4710 exordio.
1221 4626 1651 4710 hiartyrologium

104 4695 415 4780 Hieronymi
447 4695 709 4780 dictum}
755 4699 1173 4780 qumdLIMOaii.
1205 4695 1653 4780 Litilittnt'pritldi-

100 4764 321 4832 cationi;
356 4777 582 4831 Domini
612 4773 776 4826 nostri
806 4770 931 4822 Jesu
961 4767 1176 4822 Christi.
1205 4764 1651 4820 Wandalbertus:

202 4847 386 4901 Maias
420 4845 605 4912 prima
627 4849 802 4895 sacrat
827 4838 1021 4912 CII-1:1.in
1044 4832 1583 4912 doctrinae-[intendam
1653 4896 1659 4903 _

168 4918 245 4985 (9)
288 4915 350 4969 Si
381 4902 508 4982 quis
539 4917 870 4985 tameu,_etc._
892 4902 1214 4985 Freeultllus:
1247 4902 1651 4985 Singuintamerr,

99 4993 149 5039 et
172 4969 499 5039 direxerint.
519 4976 964 5048 quemadmodum
988 4976 1039 5025 in
1072 4969 1273 5048 (amco.
1303 4969 1474 5048 Simili
1500 4970 1656 5048 modo

102 5036 288 5120 piiStea
308 5036 387 5105 nc
410 5036 651 5119 primitiis
675 5048 826 5120 abest
854 5060 881 5120 ᾳ
914 5036 1155 5120 Freculfo
1178 5044 1229 5120 et
1255 5052 1286 5090 a
1310 5037 1526 5120 Graecis.
1559 5036 1659 5120 No:

104 5104 539 5190 {auidi-“qudque
574 5116 723 5190 varia
754 5104 1659 5190 ιεειίοηάορεξιμίερεξι-,ἔξξενξίέίίηίῖι

103 5170 717 5266 ὖὶῖἆίῖυὲἶόηῐειιοηάα
761 5192 880 5231 cum
914 5172 1110 5227 Graecis
1147 5170 1409 5237 Epitomes
1450 5184 1511 5223 ac
1539 5170 1658 5223 Cle-

102 5264 491 5305 memineram.

171 5324 286 5392 (10)
327 5318 573 5373 Natione
616 5314 883 5392 Hebraeis.

444 5506 742 5574 [monachus
767 5519 818 5569 in
848 5506 1097 5582 Eneomio
1124 5508 1179 5559 S.
1206 5506 1476 5582 Barnabas:

175 5573 508 5664 unum
532 5602 597 5640 ex
617 5587 721 5645 eius
750 5583 1030 5653 discipulis.
1059 5577 1132 5628 Ita
1162 5573 1299 5644 apud
1328 5577 1652 5638 Clementem

932 5305 1226 5361 Barnabam
1275 5274 1524 5370 Cyprium
1578 5305 1660 5360 fa-

102 5362 714 5455 ciJI.Ii.fr}£-5Eéi}zs‘}{gi
872 5362 952 5440 iv,
977 5377 1063 5434 56,
1096 5387 1310 5455 necnon
1321 5362 1584 5455 Epiphani
1593 5393 1660 5430 us

102 5440 465 5515 ἱιῶἑὲὲεἷῗιὶοῖ
531 5467 581 5505 c.
631 5452 719 5514 25,
765 5440 1245 5515 Hieronymusnin“
1272 5440 1549 5515 Catalogo,
1602 5455 1659 5498 ct

1764 4581 1867 4634 que
1901 4567 1952 4617 in
1978 4562 2243 4634 Chronico
2263 4573 2448 4634 vocato
2476 4561 3128 4634 .4lt’af‘artdrjno.nDrn‘Olllci
3149 4561 3294 4634 Δδξμμ

1756 4623 1888 4697 ipsi,
1929 4627 2339 4701 et‘Laud‘atione
2375 4627 2682 4701 Alexandri.
2715 4624 2816 4701 Sed
2843 4623 2982 4701 Beda
3008 4631 3184 4701 l'l‘ogttt,
3212 4625 3294 4701 in—

1755 4688 1909 4751 ﬁrmo
1951 4696 2108 4749 nixus
2146 4696 2510 4751 fundamento.
2542 4693 2758 4755 Mirum,
2798 4692 2990 4759 inquit,
3014 4688 3292 4744 Re'tracta-

1756 4768 1900 4837 tione
1926 4765 2004 4837 ju
2046 4765 2176 4837 Acta
2231 4767 2615 4837 apojtolorum,
2656 4762 2721 4813 ad
2763 4775 2890 4837 gap.
2939 4761 2991 4818 4,
3040 4760 3293 4837 quomodo

1757 4836 1888 4886 hunc
1920 4833 2237 4891 Barnabmn.
2266 4827 2355 4901 'qni
2376 4842 2551 4899 postea
2596 4846 2709 4901 cum
2754 4827 3293 4901 Paulo‘gentiunuest

1760 4905 2026 4956 ordinatus
2058 4894 2316 4974 apostolus
2343 4940 2356 4960 ,
2376 4894 2385 4899 ’
2406 4917 2466 4951 ac
2507 4909 2617 4974 post
2648 4896 2994 4974 longuntrjus
3023 4894 3296 4974 contuear-

1760 4975 1901 5025 nium
1932 4962 2155 5039 Cyprum
2188 4970 2319 5021 unde
2339 4980 2481 5020 ortus
2505 4962 3093 5039 [iierrrt,_prrcdicattrrus
3119 4962 3290 5027 rediit,

1761 5032 2017 5094 Eusebius
2046 5043 2097 5091 in
2130 5039 2360 5090 Historia
2414 5032 2795 5093 ecclesiastica,
2830 5032 2892 5083 de
2929 5046 3137 5083 nutriero
3183 5047 3294 5086 esse

1760 5125 1859 5162 Lxx
1887 5109 2253 5175 discipulorum
2288 5107 2489 5175 Domini
2518 5101 2801 5156 Salvatoris
2832 5100 3141 5175 arbitratur,
3175 5115 3293 5151 cum

1760 5168 2035 5245 manifeste
2061 5175 2251 5247 scribat
2416 5173 2580 5224 Lucas
2621 5185 2735 5247 eum
2783 5178 2897 5233 post
2943 5168 3293 5247 ascensionem

1762 5237 1971 5300 Domini
2017 5246 2082 5297 ad
2111 5244 2475 5309 discipularum
2520 5237 2866 5314 apostolorum
2911 5238 3149 5314 venisse;
3194 5237 3297 5287 nisi

1762 5318 1892 5383 forte
1940 5302 2387 5381 putandum'est,
2442 5302 2559 5383 eum
2611 5306 2754 5372 prius
2801 5305 2874 5383 ita
2921 5302 3295 5383 discipularum

1767 5371 1959 5440 Christi
2004 5391 2251 5440 secutum,
2296 5388 2349 5429 ut
2395 5371 2617 5430 necdum
2650 5374 3015 5424 renuntiaverit
3058 5371 3295 5440 euntibus

1765 5437 1877 5522 qua:
1926 5437 2248 5522 possidebqt_,
2293 5447 2650 5522 quo-(iuutrum
2690 5441 3001 5522 evangelij
3045 5437 3290 5494 doctrina

1767 5516 2069 5583 convenerit,
2100 5516 2257 5569 cuivis
2292 5516 2542 5583 facillime
2560 5517 2721 5574 patet.
