3872 6358
407 287 411 290 ~
445 255 581 324 12H

1301 259 1357 318 S.
1400 258 1849 317 CLEMENTISI
1887 259 2054 318 ROM.
2096 261 2301 320 PONT.
2341 261 2576 322 OPERA
2615 265 2849 325 DUBIA.

3576 274 3710 331 lii!

442 374 731 431 indicaret.
763 373 974 442 Quibus
999 389 1100 446 ego
1134 372 1361 440 auditis,
1391 390 1518 432 eum
1547 375 1759 447 reliqua
1783 377 2030 432 multitu-
2059 383 2111 440 Α
2134 378 2480 450 omnipotens
2500 380 2839 438 abscondita
2856 380 3012 439 vobis
3026 383 3360 441 voluntatem
3382 400 3719 458 suam,quos

440 466 569 523 dine
601 468 758 539 sequi
787 483 912 525 eum
937 466 1078 538 coepi
1104 473 1160 522 et
1196 465 1408 532 audire,
1441 482 1565 537 quae
1596 467 1827 523 diceret.
1860 466 2026 524 Intel-

439 559 671 631 ligebam
704 575 839 616 sane
884 558 1032 630 quod
1082 558 1221 613 nihil
1266 557 1571 615 dialectica:
1612 559 1749 615 artis
1790 568 1939 616 esset
1967 560 2026 617 in

438 652 679 722 homine,
712 653 809 710 sed
838 651 1164 723 simpliciter
1185 659 1240 707 et
1262 652 1472 723 absque
1495 651 1607 707 ullo
1630 652 1849 708 dicendi
1872 650 2021 717 fuco,

438 764 564 821 quae
610 747 856 803 audisset
904 760 936 799 a
981 742 1123 800 Filio
1167 742 1264 799 Dei
1296 742 1383 800 vel
1409 743 1661 805 vidisset.
1700 752 2020 815 exponeret.

435 839 780 895 Asscrtiones
808 836 955 890 enim
989 850 1123 891 suas
1170 849 1281 890 non
1328 843 1778 905 argumentorum
1822 837 2031 892 virtute

434 930 736 993 mttuiebat,
767 927 864 983 sed
893 926 1191 982 verborum
1246 934 1302 982 et
1354 927 1713 993 mirabilium,
1749 943 1872 999 quze
1919 943 2020 982 an-

431 1020 751 1085 nuntiabat,
798 1024 969 1075 testes
1006 1019 1230 1083 multos,
1277 1034 1345 1075 ex
1390 1018 1511 1089 ipso
1557 1019 1725 1075 etiam
1778 1021 2019 1076 circum-

430 1119 612 1167 stante
638 1111 863 1183 populo,
893 1110 1253 1182 producebat.

499 1225 635 1281 Vlll.
676 1223 878 1281 Verum
910 1223 1173 1295 quoniam
1208 1222 1279 1278 ad
1305 1236 1393 1286 ea,
1428 1236 1553 1293 quae
1605 1222 1822 1278 sincere
1867 1221 2017 1277 dice-

424 1318 651 1381 bantur,
682 1316 914 1371 libenter
942 1329 1187 1369 annuere
1212 1313 1450 1384 populus
1495 1320 1551 1368 et
1601 1312 1856 1385 amplecti
1897 1327 2015 1368 ser-
2046 1332 2047 1335 η

426 1425 645 1467 monem
678 1408 981 1481 simplicem
1012 1406 1200 1477 cepit,
1231 1406 1288 1460 hi
1319 1406 1416 1478 qui
1457 1405 1563 1462 sibi
1611 1405 1814 1461 eruditi
1857 1404 2013 1461 vide-

424 1507 628 1562 bantur
652 1506 738 1561 vel
768 1501 1108 1575 philosophi,
1141 1498 1324 1560 ridere
1352 1499 1632 1556 hominem
1658 1513 1723 1553 ac
1751 1513 2014 1568 spernere

422 1608 661 1663 coepere,
689 1597 744 1647 et
778 1591 1234 1662 syllogismorqu
1276 1590 1333 1644 in
1370 1605 1496 1645 eum
1532 1588 1839 1644 tendiculas
1864 1590 2013 1644 velut

421 1684 766 1740 validissima
798 1697 951 1736 arma
988 1680 1341 1752 proferre.At
1363 1681 1456 1737 ille
1501 1681 1788 1737 interritus
1816 1687 1871 1735 et
1896 1680 2012 1736 vel-

425 1787 486 1834 ut
530 1780 890 1835 deliramenta
925 1779 1168 1848 argutias
1198 1793 1389 1833 eorum
1421 1777 1653 1841 ducens,
1686 1793 1757 1833 ne
1785 1792 2012 1849 respon-

422 1875 578 1928 sione
607 1872 824 1943 quidem
858 1871 1053 1941 dignos
1089 1870 1391 1940 judicabat,
1422 1869 1519 1926 sed
1548 1885 1612 1925 ea
1642 1886 1764 1941 quae
1807 1886 2009 1942 propo-

421 1973 629 2030 suerat,
659 1964 1058 2033 exsequebatur
1088 1962 1417 2032 intrepidus.
1458 1962 1705 2033 Denique
1748 1978 1873 2017 cum
1922 1963 2008 2018 loc

418 2060 605 2129 quenti
637 2058 686 2112 ei
719 2057 939 2128 quidam
972 2056 1373 2127 proposuisset,
1412 2070 1515 2109 cur
1541 2056 1616 2109 ita
1651 2055 1830 2112 factus
1861 2065 2008 2112 esset

419 2152 580 2205 culex
612 2149 747 2220 (li),
783 2157 842 2204 ut
872 2164 998 2202 cum
1038 2148 1111 2203 sit
1142 2147 1346 2201 animal
1378 2146 1661 2216 exiguum,
1692 2152 1746 2200 et
1777 2161 1873 2201 sex
1910 2146 2008 2201 ha-

417 2243 543 2299 beat
588 2240 776 2312 pedes,
810 2242 1037 2310 insuper
1064 2240 1261 2294 additae
1294 2239 1405 2294 sint
1432 2238 1480 2293 ei
1513 2248 1566 2293 et
1592 2237 1712 2301 alat,
1745 2237 2008 2308 elephan-

416 2344 506 2392 tus
532 2351 664 2391 vero
692 2350 817 2389 cum
847 2334 922 2391 sit
950 2333 1189 2387 immane
1218 2331 1421 2386 animal
1442 2345 1621 2402 neque
1643 2331 1759 2387 alas
1781 2331 2002 2396 habeat,

415 2437 653 2500 quatuor
682 2434 892 2482 tantum
925 2425 1091 2497 pedes
1127 2425 1323 2480 habeat
1355 2443 1367 2477 :
1399 2422 1469 2478 ad
1488 2423 1603 2478 haec
1627 2423 1717 2478 ille
1739 2439 1807 2479 ne
1830 2424 2007 2494 respi-

416 2521 570 2576 ciens
609 2519 852 2590 quidem,
889 2533 1201 2574 sermonem
1248 2532 1433 2581 suum,
1468 2533 1633 2587 quem
1689 2517 2004 2587 importuna

414 2614 721 2685 propositio
749 2613 1137 2681 interruperat,
1169 2610 1494 2666 continuata
1528 2609 1831 2663 intentione
1879 2623 2005 2678 per-

416 2707 635 2778 agebat,
671 2706 775 2760 hac
808 2707 925 2761 sola
957 2704 1330 2760 admonitione
1362 2720 1458 2774 per
1481 2703 1726 2773 singulas
1755 2716 2003 2771 quasque

410 2798 842 2869 interruptiones
869 2799 1051 2853 addita
1087 2818 1099 2853 :
1130 2796 1242 2854 Nos
1268 2796 1388 2867 ejus
1420 2796 1513 2867 qui
1545 2797 1695 2851 misit
1734 2810 1838 2850 nos
1877 2809 2003 2849 ver-

412 2892 483 2949 .ba
514 2894 768 2963 factaque
801 2892 1076 2946 mirabilia
1106 2893 1436 2947 annuntiare
1463 2891 1622 2946 vobis
1673 2890 1729 2944 in
1779 2889 2002 2944 manda-

411 2986 487 3042 tis
516 2985 805 3048 habemus,
839 2984 1108 3053 iidemque
1133 2999 1321 3039 eorum
1357 2999 1479 3054 qua:
1506 2982 1760 3045 dicimus,
1792 2997 1903 3036 non
1932 2996 1998 3035 ex

412 3076 751 3147 argumentis
798 3082 915 3130 arte
970 3075 1238 3144 quaesitis,
1274 3073 1368 3130 sed
1401 3090 1467 3129 ex
1503 3073 1659 3128 vobis
1690 3074 1825 3143 ipsis
1869 3088 2000 3144 pro-

411 3166 595 3223 ductis
623 3167 861 3221 testibus
892 3164 1242 3221 confirmare.
1272 3166 1524 3235 Agnosco
1551 3166 1695 3220 enim
1728 3164 1998 3235 plurimos

412 3266 598 3315 astare
628 3258 685 3312 in
713 3257 895 3313 medio
916 3266 1158 3314 vestrum
1178 3273 1245 3313 ex
1277 3258 1383 3324 his,
1405 3273 1543 3328 quos
1572 3272 1680 3312 una
1709 3257 1997 3314 nobiscum

410 3349 635 3406 memini
667 3350 891 3404 audisse
919 3366 1040 3420 quae
1069 3350 1401 3414 audivimus,
1438 3358 1494 3405 et
1520 3348 1725 3405 vidisse
1751 3365 1872 3419 quae
1912 3350 1999 3404 vi-

410 3440 615 3495 dimus.
652 3439 736 3495 Sit
765 3448 946 3496 autem
991 3444 1045 3495 in
1077 3448 1260 3503 vestra
1287 3450 1575 3511 potestate,
1624 3442 1708 3497 vel
1750 3442 1997 3512 recipere

406 3544 531 3600 qua:
559 3530 971 3595 annuntiamus,
1004 3532 1089 3586 vel
1114 3547 1392 3601 spernere.
1415 3530 1526 3588 Nos
1558 3532 1705 3587 enim
1736 3534 1883 3602 quod
1907 3549 1997 3588 ex-

408 3620 597 3691 pedire
626 3622 782 3677 vobis
809 3618 1086 3686 no'vimus,
1118 3631 1303 3679 tacere
1338 3638 1450 3677 non
1500 3638 1818 3693 possumus,
1864 3625 1993 3694 quia

406 3714 589 3777 nobis,
625 3713 672 3769 si
702 3721 1005 3779 taceamus,
1032 3716 1293 3769 damnum
1346 3723 1451 3781 est,
1495 3716 1653 3771 vobis
1694 3733 1842 3781 vero,
1873 3734 1993 3787 qua:

405 3804 666 3870 dicimus,
699 3806 745 3861 si
774 3821 886 3860 non
916 3807 1225 3875 recipiatis,
1263 3806 1555 3877 pernicies.
1592 3806 1697 3862 Sed
1730 3815 1783 3862 et
1810 3807 1993 3863 stultis

406 3898 881 3967 propositionibus
910 3898 1112 3954 vestris
1138 3898 1471 3967 respondere
1489 3898 1747 3968 perfacile
1763 3900 1989 3969 possim,

407 3989 453 4044 si
485 3989 732 4045 veritatis
760 3989 1037 4046 discendae
1073 4005 1243 4045 causa
1291 3991 1632 4059 quau-cretis,
1684 3990 1752 4046 de
1798 3991 1992 4047 culicis

405 4078 532 4134 dico
564 4088 729 4151 atque
757 4080 1065 4149 elephantis
1087 4080 1425 4146 differentia;
1459 4081 1555 4137 sed
1582 4097 1728 4136 nunc
1752 4082 1819 4137 de
1837 4097 1992 4137 crea-

404 4170 546 4225 turis
574 4169 758 4225 dicere
788 4169 946 4224 vobis
976 4168 1183 4240 aliquid
1214 4170 1515 4225 absurdum
1556 4179 1661 4235 est,
1702 4187 1879 4227 cuma
1901 4188 1994 4227 vo-

401 4259 489 4316 bis
520 4261 635 4329 ipse
666 4260 910 4314 omnium
939 4258 1169 4314 Creator
1191 4267 1245 4313 et
1274 4258 1539 4315 Conditor
1572 4260 1877 4331 ignoretur.

471 4349 565 4406 1X.
610 4348 735 4404 llaec
768 4357 949 4405 autem
981 4365 1106 4405 cum
1135 4350 1386 4417 dixisset,
1423 4352 1566 4407 velut
1598 4367 1662 4407 ex
1696 4365 1807 4405 uno
1855 4364 1988 4404 con-

2128 474 2407 545 agnitione
2448 474 2536 530 sui
2575 474 2827 545 praevidit
2854 475 3127 549 indignos,
3151 477 3299 532 sicut
3345 493 3417 534 ex
3465 479 3560 535 his
3601 497 3719 550 qua

2127 578 2276 618 nunc
2299 564 2485 635 agitis,
2514 580 2711 621 sanum
2732 566 3069 637 sapientibus
3094 569 3272 639 palam
3296 579 3406 625 est.
3435 568 3579 625 Nam
3596 586 3718 628 cum

2126 655 2359 712 videatis
2378 656 2768 728 praedicatores
2793 658 3095 716 voluntatis
3123 659 3216 716 Dei
3247 661 3572 729 advenisse,
3592 666 3716 734 quia

2125 748 2331 824 nullam
2384 765 2567 805 sermo
2613 765 2806 807 eorum
2851 754 3225 821 grammaticae
3252 754 3390 812 artis
3424 758 3715 814 scientiam

2123 840 2431 913 profitetur,
2462 842 2562 898 sed
2592 842 2938 913 simplicibus
2981 853 3037 899 et
3066 847 3330 917 impolitis
3360 849 3716 906 sermonibus

2124 934 2406 1004 perferunt
2436 935 2505 990 ad
2537 951 2634 991 vos
2664 936 2849 993 divina
2878 937 3157 1002 mandata,
3190 939 3266 993 ita
3305 949 3365 995 ut
3394 955 3598 997 omnes
3622 942 3715 1012 qui

2122 1027 2377 1092 audiunt,
2404 1028 2563 1098 sequi
2595 1029 2810 1098 possint
2839 1039 2894 1085 et
2926 1031 3231 1102 intelligere
3259 1049 3385 1103 qua:
3412 1032 3715 1103 dicuntur;

2120 1117 2319 1173 ridetis
2338 1118 2532 1174 salutis
2563 1128 2762 1176 vestrae
2785 1121 3077 1177 ministros
3095 1131 3149 1178 et
3177 1123 3429 1190 nuntios,
3460 1124 3713 1195 ignoran-

2118 1216 2202 1265 tes
2265 1211 2394 1281 quia
2424 1218 2628 1279 vestra,
2656 1211 2751 1282 qui
2777 1212 2933 1268 vobis
2958 1213 3117 1283 periti
3167 1222 3224 1269 et
3264 1215 3600 1287 eloquentes
3632 1216 3715 1271 vi-

2116 1301 2343 1365 demini,
2362 1303 2746 1360 condemnatio
2761 1312 2865 1372 est,
2892 1307 3039 1377 quod
3067 1308 3211 1378 apud
3234 1316 3487 1379 agrestes
3508 1312 3566 1365 et
3587 1310 3714 1365 bar-

2116 1391 2279 1447 baros
2309 1393 2542 1449 habetur
2569 1394 2819 1452 veritatis
2847 1397 3211 1468 agnitio.Qu:e
3237 1415 3363 1456 cum
3390 1399 3463 1455 ad
3489 1417 3595 1457 vos
3622 1402 3719 1457 ad-

2115 1484 2347 1549 venerit,
2379 1501 2481 1541 nec
2506 1488 2665 1557 quasi
2699 1487 2915 1559 hospita
2945 1492 3267 1561 suscipitur.
3300 1510 3425 1564 qua:
3463 1496 3577 1551 nisi
3626 1497 3714 1553 in-

2116 1578 2477 1646 temperantia
2507 1586 2690 1633 vestra
2719 1587 2772 1634 et
2802 1581 2970 1635 libido
2996 1582 3312 1648 obsisteret,
3337 1585 3479 1642 civis
3510 1602 3640 1643 esse
3658 1598 3715 1643 et

2113 1669 2408 1724 vernacula
2431 1669 2747 1738 debuisset;
2774 1681 2833 1725 ut
2860 1689 2926 1728 ex
2961 1673 3047 1730 his
3069 1678 3401 1746 arguamini,
3423 1680 3577 1749 quod
3600 1696 3711 1736 non

2112 1762 2358 1817 veritatis
2406 1762 2569 1817 amici
2608 1770 2663 1819 et
2695 1762 3029 1835 philosophi,
3062 1768 3158 1822 sed
3204 1770 3495 1838 jactantize
3530 1782 3713 1828 secta-

2112 1859 2284 1917 tores,
2316 1862 2370 1908 et
2398 1854 2676 1926 vaniloqui
2708 1856 2864 1921 estis,
2898 1858 2991 1926 qui
3018 1859 3305 1916 veritatem
3335 1877 3450 1917 non
3482 1864 3541 1918 in
3573 1866 3712 1919 sim-

2111 1943 2348 2015 plicibus
2379 1946 2585 2013 verbis,
2615 1947 2711 2002 sed
2740 1948 2795 2002 in
2830 1951 3067 2007 versutis
3114 1958 3168 2006 et
3213 1953 3435 2011 callidis
3477 1957 3713 2013 creditis

2110 2036 2380 2101 habitare,
2401 2048 2451 2094 et
2476 2039 2901 2096 innumerabilia
2920 2044 3215 2099 verborum
3237 2045 3525 2115 profertis,
3542 2050 3709 2106 unius

2107 2131 2260 2187 verbi
2295 2147 2644 2203 nequaquam
2675 2135 2852 2205 pretio
2887 2138 3233 2206 pensitanda.
3265 2138 3413 2205 Quid
3442 2156 3579 2211 ergo
3610 2159 3713 2213 pu-

2108 2224 2239 2279 tatis
2270 2223 2515 2277 fulurum
2557 2224 2625 2280 de
2653 2226 2831 2291 vobis,
2865 2242 2962 2283 vos
2990 2242 3024 2282 o
3058 2229 3239 2283 omnis
3283 2231 3450 2285 turba
3486 2230 3712 2289 Graeco—

2108 2331 2250 2383 rum,
2283 2317 2328 2371 si
2358 2320 2463 2371 erit
2482 2317 2748 2387 judicium
2766 2318 2882 2386 Dei,
2910 2321 3053 2375 sicut
3078 2321 3181 2376 iste
3203 2321 3374 2377 dicit?
3392 2322 3505 2379 Sed
3532 2341 3707 2390 nunc,

2106 2409 2422 2466 omittentes
2458 2410 2636 2466 ridere
2687 2411 2742 2465 in
2792 2412 3091 2481 perniciem
3120 2414 3288 2470 vestri
3316 2416 3499 2470 virum
3534 2416 3709 2482 hunc,

2106 2500 2435 2571 respondeat
2459 2502 2593 2556 mihi
2621 2503 2714 2574 qui
2744 2504 2862 2557 vult
2883 2520 2951 2559 ex
2980 2506 3158 2571 vobis,
3183 2508 3447 2577 quoniam
3478 2509 3707 2579 quidem

2106 2594 2225 2648 solo
2256 2594 2459 2649 latratu
2490 2606 2675 2650 vestro
2725 2597 3039 2654 obturbatis
3080 2599 3247 2653 etiam
3281 2616 3477 2655 eorum
3512 2616 3709 2666 aures,

2104 2687 2198 2757 qui
2229 2688 2367 2742 salvi
2399 2704 2524 2744 esse
2552 2689 2766 2753 volunt,
2799 2696 2853 2745 et
2884 2698 3096 2746 mentes
3125 2706 3246 2762 qua:
3290 2692 3359 2745 ad
3404 2692 3573 2746 ﬁdem
3608 2709 3707 2763 pa-

2103 2784 2237 2833 ratae
2269 2785 2419 2843 sunt,
2452 2779 2521 2834 ad
2552 2780 2890 2835 infidelitatis
2912 2782 3129 2851 lapsum
3188 2783 3392 2838 vestris
3430 2783 3702 2838 obturbao

2102 2870 2346 2925 tionibus
2385 2871 2676 2927 declinatis
2709 2891 2722 2927 :
2754 2887 2875 2943 quae
2910 2874 3067 2928 vobis
3096 2874 3199 2929 erit
3228 2890 3477 2946 unquam
3511 2877 3703 2938 venia,

2102 2964 2194 3034 qui
2238 2962 2552 3020 Divinitatis
2594 2967 2870 3031 nuntium,
2901 2968 3310 3036 promittentem
3339 2969 3506 3024 vobis
3547 2968 3703 3039 agni-

2101 3056 2306 3111 tionem
2340 3055 2456 3123 Dei,
2478 3058 2671 3113 ridetis
2702 3068 2756 3114 et
2779 3057 2999 3129 injuriis
3020 3059 3274 3116 adicitis?
3306 3078 3476 3132 quem
3507 3063 3707 3132 utique

2100 3149 2316 3205 etiamsi
2346 3150 2486 3204 nihil
2518 3151 2767 3208 veritatis
2797 3151 3033 3219 afferret,
3068 3168 3168 3223 pro
3198 3154 3319 3224 ipso
3375 3164 3564 3209 tamen
3595 3155 3700 3210 be—

2100 3242 2382 3314 nignitatis
2406 3258 2532 3312 erga
2564 3258 2661 3298 vos
2690 3246 2995 3316 proposito,
3029 3253 3246 3317 gratum
3286 3255 3705 3319 acceptumque

2098 3333 2301 3389 habere
2327 3334 2622 3392 deberetis.

2166 3427 2236 3484 Χ.
2278 3426 2406 3483 litae
2430 3436 2485 3483 et
2516 3428 2603 3484 his
2634 3430 2837 3485 similia
2865 3446 2991 3485 eum
3011 3446 3395 3501 prosequerer,
3416 3433 3701 3503 plurimus

2096 3519 2329 3576 astantis
2362 3519 2546 3589 pepuli
2578 3518 2834 3577 fremitus
2861 3521 3411 3586 concitabatur,dum
3441 3524 3540 3577 alii
3574 3525 3700 3579 vel-

2097 3621 2155 3667 ut
2195 3628 2325 3685 erga
2364 3612 2637 3683 hospitem
2680 3614 3037 3671 miseratione
3068 3624 3443 3680 moverentur,
3478 3632 3701 3672 meum-

2095 3723 2201 3777 que
2232 3721 2543 3762 sermonem
2570 3712 2629 3759 ut
2659 3716 3059 3777 consequenter
3087 3707 3330 3762 habitum
3360 3708 3694 3778 probarent,

2094 3800 2183 3852 alii
2216 3798 2526 3869 petulantes
2566 3807 2621 3854 et
2668 3798 2877 3863 stolidi,
2903 3799 2960 3853 in
2999 3814 3086 3855 me
3113 3813 3332 3868 quoque
3361 3798 3598 3868 pariter,
3634 3808 3699 3853 ut

2095 3890 2148 3943 in
2180 3889 2509 3956 Barnabam,
2541 3889 2788 3946 effrenati
2842 3890 3010 3944 animi
3059 3890 3406 3949 iracundiam
3437 3890 3698 3944 concita-

2093 3989 2233 4037 rent.
2261 3980 2365 4038 Sed
2399 3998 2523 4037 cum
2550 3981 2620 4037 ad
2650 3997 2933 4052 vesperam
2959 3981 3071 4050 jam
3096 3981 3399 4036 declinaret
3429 3982 3572 4046 dies,
3600 3998 3699 4053 ap-

2092 4077 2360 4143 prehensa
2397 4073 2665 4129 Barnabm
2691 4074 2938 4137 dextera,
2970 4074 3340 4129 obluctantem
3372 4074 3505 4129 licet
3530 4090 3689 4137 eum,

2091 4168 2159 4222 ad
2204 4182 2380 4222 meam
2435 4177 2617 4223 tamen
2647 4167 2848 4222 adduxi
2881 4168 3124 4235 domum,
3156 4174 3320 4237 atque
3350 4167 3428 4222 ibi
3457 4184 3694 4225 manere

2094 4258 2216 4323 feci,
2256 4275 2325 4314 ne
2353 4260 2479 4329 quis
2514 4258 2653 4316 forte
2682 4276 2747 4315 ex
2783 4259 3004 4314 indocili
3031 4260 3193 4330 vulgo
3220 4260 3478 4328 injiceret
3496 4261 3549 4316 ei
3574 4278 3694 4315 rua-

2089 4369 2216 4409 nus.
2244 4352 2615 4422 Aliquantulis
2643 4351 2809 4423 igitur
2832 4350 3025 4407 diebus
3056 4367 3162 4405 una
3190 4351 3379 4421 positi,
3398 4351 3692 4406 disseren-

403 4457 593 4507 sensu,
631 4442 1043 4512 indisciplinato
1073 4456 1167 4497 ore
1194 4458 1387 4498 omnes
1436 4443 1599 4500 simul
1629 4443 1801 4498 risum
1830 4441 1990 4497 dede-
2025 4457 2062 4507 ῃ
2091 4452 2143 4500 te
2174 4461 2239 4500 eo
2272 4443 2537 4517 [paucis],
2571 4458 2883 4498 sermonem
2912 4443 3157 4497 veritatis
3206 4442 3443 4497 libenter
3484 4442 3688 4498 audie-

403 4549 485 4597 re,
516 4534 764 4589 incutere
796 4534 846 4589 ei
878 4535 1263 4590 verecundiam
1293 4552 1358 4591 ac
1385 4537 1663 4593 silentium
1708 4536 1989 4608 imponere

402 4626 708 4698 cupientes,
741 4626 1147 4699 barbarumque
1167 4640 1221 4683 et
1244 4631 1426 4684 minus
1456 4645 1602 4684 sana:
1629 4629 1829 4686 mentis
1859 4645 1985 4685 eum

403 4725 797 4779 acclamantes.
830 4724 941 4795 Ego
964 4739 1095 4779 vero
1124 4739 1248 4778 cum
1284 4724 1399 4779 tunc
1425 4725 1500 4778 ita
1534 4725 1646 4781 ﬁeri
1678 4741 1983 4790 cernerem,

402 4814 521 4868 zelo
549 4812 788 4883 quodam
821 4814 1009 4868 nescio
1042 4812 1187 4868 unde
1215 4813 1476 4883 repletus,
1511 4828 1575 4867 ac
1608 4815 1865 4884 religioso
1896 4813 1983 4869 fu-

399 4920 526 4961 rore
556 4920 882 4969 succensus,
915 4906 1076 4961 silere
1098 4920 1207 4959 non
1248 4906 1420 4977 potui,
1454 4904 1547 4961 sed
1580 4922 1703 4960 cum
1736 4906 1886 4959 omni
1914 4905 1982 4959 li-

400 4995 613 5054 bertate
658 4997 1005 5067 proclamans
1045 5015 1061 5054 :
1098 4995 1425 5052 Rectissime
1478 4996 1621 5053 Deus
1645 5039 1660 5065 ,
1711 4998 1934 5069 inquam
1967 5031 1984 5059 ,

2089 4539 2250 4605 bam;
2279 4538 2506 4608 urgebat
2532 4545 2715 4591 tamen
2747 4534 3166 4606 profectionem,
3204 4534 3399 4590 dicens
3425 4550 3487 4591 se
3532 4536 3687 4590 diem

2088 4630 2285 4686 festum
2336 4628 2619 4699 religionis
2667 4643 2801 4689 suae,
2833 4628 2926 4697 qui
2974 4627 3305 4692 immineret,
3336 4627 3687 4683 omnimodis

2088 4723 2229 4792 apud
2260 4719 2502 4775 Judzeam
2532 4720 2957 4783 celebraturum,
2990 4720 3174 4790 ibique
3204 4720 3272 4775 de
3302 4722 3523 4791 reliquo
3551 4736 3683 4775 cum

2090 4814 2206 4870 suis
2248 4813 2463 4867 civibus
2515 4827 2581 4867 ac
2628 4811 2894 4873 fratribus
2923 4827 3365 4881 permansurum.
3393 4813 3687 4868 evidenter

2088 4905 2343 4960 indicans
2384 4904 2598 4974 injuria:
2630 4919 2689 4958 se
2718 4904 2948 4959 horrore
2975 4905 3311 4973 perculsum.

2150 4996 2241 5053 XI.
2284 4989 2527 5067 Denique
2567 5010 2691 5050 cum
2735 5010 2837 5068 ego
2872 4995 3108 5050 dicerem
3139 5014 3151 5050 :
3188 4992 3269 5050 Tu
3294 4994 3429 5050 mihi
3458 5003 3683 5051 tanturn

1704 5194 2069 5251 COTELERII
2125 5193 2359 5251 NOTE.

475 5352 587 5420 (12)
629 5353 738 5407 Cur
776 5353 872 5406 ita'
895 5353 1069 5421 factus
1113 5366 1244 5407 esset
1274 5352 1850 5423 culeleieronymus,
1877 5352 1949 5405 l.t

402 5425 651 5494 adversus
682 5424 1023 5494 Pelagianos,
1059 5425 1089 5476 7
1132 5444 1145 5477 :
1189 5423 1471 5492 Elephanti
1517 5434 1677 5477 tanttc
1722 5424 1897 5485 molis,
1925 5433 1976 5476 et

401 5493 621 5615 ῃγῖρΙιεε
654 5496 705 5546 in
723 5493 828 5547 sua,
848 5498 1104 5564 gravitate
1132 5505 1437 5553 causentur,
1471 5511 1566 5547 cur
1594 5495 1863 5564 quaternis
1888 5509 1976 5560 pe-

401 5565 457 5615 di
476 5580 557 5615 ms
606 5563 887 5615 incedant.
939 5582 1056 5615 cum
1106 5582 1297 5615 mnsam
1341 5565 1656 5615 culicesane.
1698 5578 1749 5615 et
1784 5573 1975 5615 caztera

401 5563 557 5635 dibus
606 5563 887 5635 incedant,
939 5582 1056 5619 cum
1106 5582 1297 5619 masere
1341 5563 1671 5635 calicesque,
1698 5578 1749 5617 et
1784 5573 1975 5635 cwtera

404 5634 706 5705 lmjasmodi
749 5638 1041 5689 animantia
1082 5636 1175 5689 sub
1214 5636 1455 5705 pannulis
1489 5652 1637 5690 senos
1664 5634 1824 5703 pedes
1880 5634 1975 5688 Ita-

404 5703 597 5769 beant;
638 5712 689 5759 ct
732 5705 895 5777 aliqui
931 5703 1223 5762 vermiculi‘
1248 5707 1351 5761 sint
1376 5746 1389 5773 ,
1422 5707 1512 5777 qui
1556 5707 1715 5761 tantis
1755 5705 1975 5775 pedibus

2081 5361 2350 5415 scateant,
2388 5361 2445 5405 ut
2476 5352 2886 5408 innumerabiles
2929 5353 3091 5407 simul
3129 5363 3298 5407 matus
3344 5353 3497 5407 nulla
3532 5357 3677 5411 acia

2081 5422 2502 5495 comprehendat.
2538 5423 2605 5495 Et
2637 5438 2724 5495 tu,
2753 5435 2938 5477 contra
2968 5422 3245 5495 Ruﬁnum,
3277 5422 3312 5477 8
3346 5442 3360 5478 :
3402 5423 3546 5495 Ergo
3567 5428 3681 5479 nisi

2081 5492 2175 5546 tibi
2199 5494 2457 5548 rationem
2481 5493 2779 5559 reddidero,
2808 5510 2969 5563 quare
2997 5493 3243 5561 formica,
3281 5492 3507 5562 parvum
3547 5497 3674 5549 ani-

2080 5564 2189 5616 ntal
2210 5573 2259 5617 et
2288 5574 2559 5631 punctum,
2586 5575 2640 5617 ut
2667 5566 2743 5618 ita
2764 5564 2957 5629 dicam,
2984 5565 3243 5631 corporis,
3270 5580 3364 5617 sea:
3386 5566 3542 5630 pedes
3570 5566 3681 5619 Im-

2081 5632 2234 5758 beat
2264 5652 2383 5689 tum
2409 5634 2747 5703 elephantus,
2791 5644 2940 5689 tanta
2967 5634 3161 5701 moles,
3193 5644 3427 5703 quatuor
3446 5636 3675 5704 pedibus

2082 5720 2194 5758 tace
2236 5722 2311 5758 at.

2082 5720 2311 5760 incertat.
