3806 6276
150 315 295 372 12ιὸ
1384 332 1935 391 RECOGNI’I‘IONUM
1969 333 2100 393 LIB.
2136 336 2173 390 l.
3220 341 3349 397 12H

121 434 241 505 ejus
267 423 408 487 viri.
433 437 581 528 quem
608 429 970 528 appui‘uisse
996 446 1153 511 dicis,
1176 462 1379 517 expone
1398 447 1717 513 doctrinam,
1746 458 1793 514 Α
1884 448 2019 503 Xlll.
2058 449 2126 504 At
2158 449 2575 519 benignissimus
2622 447 2830 518 Petrus,
2875 452 3059 507 audito
3106 457 3345 521 nomine,

116 540 171 584 et
188 541 322 599 ego
351 516 870 615 “'Fi'sf‘fmomb‘ls
908 543 1019 592 tua
1046 539 1190 593 dicta
1227 516 1571 609 componens,
1600 555 1716 593 om-
1813 553 2102 595 accurrens
2150 516 2393 609 protinus
2442 540 2653 593 inhaesit
2696 542 2898 598 osculis
2945 543 3101 608 meis,
3131 552 3185 599 et
3226 556 3350 615 post

126 608 444 689 ιιὶβοιεηῑίε
474 606 860 705 ,θεῖ-τειςῐιιιιιι
906 626 1287 698 iustitiamque
1317 606 1635 698 praedicabo,
1664 637 1716 684 et
1812 628 1925 682 haec
1950 642 2071 681 cum
2099 606 2285 684 sedere
2315 644 2399 684 me
2426 629 2659 694 fecisset,
2692 631 2765 683 ait
2795 649 2810 685 :
2840 631 2981 687 Bene
3007 606 3180 688 fecisti
3209 606 3347 705 prae-

131 718 260 778 post
288 705 417 758 haec
443 699 492 754 si
520 700 785 768 volueris,
818 714 997 770 etiam
1037 719 1298 786 navigabo
1337 725 1532 782 tecum,
1564 718 1717 772 valde
1811 717 2098 773 dicatorem
2125 718 2361 773 veritatis
2381 718 2611 787 hospitio
2631 721 2863 789 recipere
2880 699 3348 785 Barnabam,nihil

140 800 295 853 enim
324 792 512 848 videre
541 794 703 864 cupio
728 794 1001 869 Iudaeam,
1030 807 1303 861 vobiscum
1333 805 1578 861 fortassis
1602 822 1717 876 per-
1809 807 2010 861 veritus
2061 808 2238 877 populi
2289 807 2606 863 insanientis
2658 808 2929 875 furorem;
2974 812 3160 867 beatus
3214 814 3345 869 eris.

140 896 320 958 petuo
358 899 782 954 permansurus.
846 892 929 948 Ad
997 895 1109 950 haec
1150 897 1238 950 ille
1270 915 1284 951 :
1314 896 1416 959 Tu,
1447 897 1637 965 inquit,
1666 896 1713 951 si
1812 890 1961 945 Sicut
1987 895 2128 947 enim
2157 903 2212 947 tu
2231 895 2458 964 legatum
2485 898 2725 951 veritatis
2741 899 3105 954 omnibonore
3118 901 3337 971 dignum

133 977 362 1047 quidem
398 974 594 1032 videre
624 979 706 1033 vis
737 983 969 1048 patriam
998 992 1258 1048 nostram,
1291 994 1343 1039 et
1366 986 1573 1040 discere
1597 1001 1715 1054 qua:
1808 979 2030 1047 duxisti,
2063 982 2135 1035 ila
2170 990 2221 1036 te
2249 999 2462 1053 quoque
2512 987 2939 1053 peregrinantem
2991 996 3044 1041 et
3078 988 3342 1056 hospitem

126 1068 463 1129 desideras,
493 1066 606 1135 jam
629 1084 777 1124 nunc
806 1087 1016 1126 mecum
1046 1074 1245 1142 pariter
1270 1074 1493 1144 naviga;
1519 1075 1565 1128 si
1587 1091 1714 1131 vero
1810 1071 2007 1124 veritas
2035 1071 2150 1140 ipsa
2180 1072 2455 1140 suscipiet,
2474 1080 2527 1127 et
2548 1073 2716 1127 civem
2744 1075 2971 1143 propria:
3002 1076 3152 1131 urbis
3179 1078 3348 1131 ascri-

122 1169 176 1214 te
207 1162 446 1230 aliquid
476 1168 646 1224 tenet,
674 1162 830 1230 signa
874 1164 973 1218 tibi
1018 1164 1361 1219 habitationis
1391 1174 1588 1219 nostra:
1616 1166 1711 1220 de-
1808 1154 1918 1217 hei.
1958 1163 2011 1209 ει
2038 1164 2162 1210 ιυηο
2192 1158 2287 1219 tibi
2317 1160 2421 1212 erit
2448 1160 2702 1228 Raudium
2740 1176 3015 1231 magnum.
3041 1165 3185 1232 quod
3230 1167 3347 1219 eii-

117 1251 487 1319 relinquam,
521 1258 582 1304 ut
610 1267 734 1306 cum
760 1255 943 1308 venire
962 1254 1215 1319 volueris,
1245 1256 1483 1311 invenire
1511 1271 1611 1311 nos
1635 1256 1713 1309 fa-
1807 1259 1963 1314 suam
1992 1262 2135 1299 nunc
2164 1246 2477 1315 ίηιρεπιίοῐιε
2515 1249 2762 1318 Statium.
2807 1259 3131 1307 aeternorum
3177 1253 3345 1310 bono—

115 1341 226 1393 cile
260 1341 506 1408 possis;
542 1356 641 1410 ego
667 1341 810 1395 enim
835 1344 1069 1397 crastino
1094 1344 1194 1397 iter
1220 1344 1515 1413 aggrediar.
1543 1344 1709 1410 Quem
1808 1350 1927 1388 Tum
1972 1336 2143 1389 mures
2189 1338 2460 1393 Scriberis.
2488 1337 2642 1394 Nunc
2673 1355 2801 1409 δι’εο
2841 1356 2907 1396 ne
2942 1343 3154 1397 labores
3177 1356 3343 1412 eXPO'

116 1432 215 1484 ubi
248 1432 621 1484 immobilem
664 1431 794 1493 vidi,
822 1432 1073 1487 descendi
1116 1448 1237 1487 cum
1286 1436 1402 1503 ipso
1434 1450 1604 1503 usque
1643 1436 1709 1489 ad
1806 1440 1933 1479 nere
1958 1427 2086 1479 mihi
2122 1428 2359 1480 animum
2393 1435 2578 1491 tuum;
2611 1436 2804 1482 cuncta
2839 1430 2979 1482 enim
3006 1430 3073 1483 de
3100 1438 3152 1483 te
3191 1438 3243 1485 et
3276 1431 3342 1486 de

118 1526 379 1586 portum,
422 1534 496 1572 ac
528 1519 814 1587 diligenter
838 1521 906 1575 ab
931 1536 996 1574 eo
1023 1522 1194 1591 signa,
1224 1538 1343 1591 qua;
1368 1524 1596 1587 dixerat,
1621 1523 1711 1576 ha-
1806 1515 2046 1569 moribus
2071 1516 2178 1569 tuis
2206 1514 2476 1568 Barnabas
2514 1515 2654 1569 ﬁdeli
2685 1531 2930 1570 sermone
2950 1516 3183 1583 edocuit,
3207 1533 3342 1586 quo-

116 1607 437 1663 bitationis
464 1609 678 1677 accepi,
710 1610 898 1664 dicens
920 1611 968 1664 ei
997 1630 1008 1664 :
1035 1613 1159 1680 quia
1188 1612 1292 1665 nisi
1319 1613 1707 1681 aliquantulum
1806 1604 1934 1658 lidie
1964 1620 2096 1673 Pelle
2120 1612 2173 1658 ei
2202 1606 2565 1658 iudeSineHiel‘
2602 1606 2866 1660 bonorum
2897 1616 3106 1660 lu0wm
3138 1624 3337 1662 memo-

113 1696 386 1762 pecuniae
424 1697 747 1749 necessario
784 1698 912 1749 mihi
941 1707 1083 1753 esset
1123 1714 1153 1752 ει
1192 1700 1523 1755 debitoribus
1552 1716 1709 1769 τορο-
1804 1696 1939 1748 riam
1970 1703 2233 1763 repetens.
2254 1696 2317 1748 Et
2337 1704 2395 1749 ut
2421 1697 2516 1749 tibi
2540 1697 2790 1763 breviter,
2814 1705 3066 1767 tanquam
3098 1700 3337 1753 unanimi

115 1784 436 1847 scendum,
472 1784 616 1837 nihil
663 1785 882 1838 omnino
912 1786 1211 1850 dinei-rem,
1246 1790 1496 1843 velociter
1523 1797 1701 1845 tamen
1728 1772 1771 1829 Β
1794 1783 1902 1852 jam
1928 1784 2120 1846 amica.
2146 1784 2289 1853 quod
2314 1787 2367 1838 in
2394 1800 2451 1839 re
2472 1794 2554 1839 est
2574 1785 2842 1849 deﬁniam.
2862 1787 2908 1840 si
2932 1788 3064 1839 nihil
3092 1788 3337 1856 estquod

116 1876 400 1943 insequar
454 1875 566 1927 iter
597 1881 769 1929 tuum.
802 1875 933 1929 Cum
978 1877 1092 1931 hzec
1134 1878 1412 1942 dixissem,
1441 1894 1706 1935 οοωωεη-
1806 1879 1861 1925 te
1896 1871 2168 1940 impediat,
2198 1873 2298 1927 iter
2327 1887 2423 1942 age
2444 1874 2747 1938 nobiscum,
2774 1882 2828 1929 et
2868 1876 2992 1930 audi
3035 1892 3337 1931 sermonem

115 1963 256 2017 dato
284 1980 357 2019 eo
389 1964 671 2017 attentius
704 1963 808 2028 his,
837 1964 929 2032 qui
956 1966 1077 2018 navi
1106 1974 1389 2034 pmerant,
1420 1983 1702 2036 regressus
1801 1962 2064 2027 Veritatis.
2099 1979 2257 2033 quem
2301 1965 2533 2018 hahilul'i
2586 1981 2772 2022 sumus
2801 1982 2895 2036 Per
2939 1968 3054 2023 1003
3100 1968 3334 2033 Singu'a.

115 2072 245 2111 sum
270 2056 494 2109 tristis.
530 2054 775 2109 Habebat
800 2056 941 2109 enim
971 2071 1054 2110 mc
1085 2056 1383 2109 recordatio
1412 2065 1702 2111 consuetu-
1801 2065 2080 2121 usquequo
2104 2052 2169 2105 ad
2198 2052 2371 2121 ipsam
2402 2054 2557 2107 nobis
2598 2057 3013 2122 perveniendum
3040 2058 3109 2111 sit
3145 2059 3333 2113 urbem

113 2147 272 2199 dinis
298 2146 453 2199 boni
488 2145 729 2212 hospitis
757 2153 811 2197 et
840 2146 1024 2213 optimi
1054 2146 1230 2199 amici.
1798 2138 2049 2207 Romam;
2075 2148 2128 2195 et
2155 2157 2299 2195 nunc
2324 2149 2380 2194 tu
2410 2145 2453 2195 si
2484 2144 2612 2211 quid
2642 2144 2939 2205 desideras.
2968 2147 3151 2200 dicito.

186 2234 308 2287 XII.
361 2234 587 2287 Diebus
612 2240 790 2285 autem
822 2233 1008 2300 paucis
1048 2241 1364 2297 remoratus,
1393 2241 1447 2288 et
1473 2235 1556 2289 his
1583 2252 1701 2304 quae
1866 2227 2003 2282 Χιν-
2039 2231 2277 2299 Cumque
2303 2232 2349 2284 ei
2376 2233 2764 2299 exposuissem.
2794 2236 2918 2302 quid
2951 2237 3019 2289 ab
3037 2238 3187 2290 initio
3212 2254 3338 2307 pro-

113 2323 488 2377 debebantur
536 2336 603 2374 ex
646 2326 797 2388 parte
854 2319 1031 2387 aliqua
1096 2319 1383 2389 proﬂigatis
1428 2321 1445 2389 (
1473 2323 1700 2389 plurima
1799 2318 1957 2386 positi
1985 2320 2261 2387 gesserim,
2288 2328 2340 2374 et
2363 2322 2630 2389 quomodo
2657 2337 2752 2390 per
2780 2324 2966 2379 inanes
3002 2327 3201 2383 elfusus
3232 2331 3333 2384 sim

114 2414 271 2467 enim
300 2411 629 2467 festinandi
669 2410 847 2465 studio
872 2411 1101 2479 neglexi,
1133 2426 1201 2464 ne
1234 2426 1263 2462 a
1292 2413 1564 2480 proposito
1606 2413 1701 2465 im-
1797 2410 2118 2479 quaestiones
2150 2408 2237 2480 [et
2270 2411 2359 2464 illa
2389 2416 2720 2482 omnia,qua3
2750 2414 2867 2481 tibi,
2899 2415 3112 2471 domine
3142 2422 3213 2472 mi
3238 2419 3333 2473 Ja-

112 2506 347 2575 pedirer
375 2506 429 2574 ),
489 2503 776 2572 enavigavi
821 2503 1078 2558 continuo
1107 2504 1162 2564 in
1190 2502 1449 2565 Judaaam,
1482 2510 1534 2557 et
1578 2510 1699 2572 post
1798 2496 1953 2562 cobe,
1985 2496 2039 2548 in
2059 2497 2336 2566 principiis
2351 2500 2599 2563 indicavi,
2619 2502 2693 2553 uti
2712 2518 2778 2555 ne
2791 2503 2973 2556 eadem
2995 2507 3330 2577 repetam“],

112 2597 237 2651 dies
270 2594 617 2665 quindecim
650 2593 946 2646 Caesaream
964 2592 1249 2657 Stratonis,
1285 2608 1403 2662 qua:
1431 2601 1511 2647 est
1540 2593 1701 2647 Palaa-
1797 2585 2026 2640 libenter
2066 2588 2307 2656 promisi,
2343 2604 2464 2643 cum
2509 2591 2626 2660 ipso
2655 2608 2740 2647 me
2772 2593 2874 2647 iter
2904 2601 3183 2661 acturum;
3229 2598 3333 2651 hoc

113 2686 278 2739 stitia:
330 2685 490 2739 urbs
538 2682 795 2746 maxima,
826 2683 1080 2751 appulsus
1126 2696 1265 2735 sum.
1296 2682 1534 2751 Cumque
1576 2683 1697 2736 navi
1796 2687 1878 2731 est
1904 2678 2068 2742 enim.
2099 2680 2203 2743 aio.
2244 2682 2387 2750 quod
2426 2683 2771 2751 cupidissime
2804 2686 3200 2755 exspectabam.
3225 2686 3332 2743 Ve-

110 2788 421 2843 egressus,
456 2769 753 2839 hospitium
778 2784 1090 2837 quaererem,
1122 2785 1335 2824 rumore
1361 2772 1541 2840 p0puli
1560 2785 1701 2825 com-
1795 2772 2093 2819 rumtamen
2138 2769 2288 2834 prius
2333 2769 2465 2821 mihi
2491 2771 2649 2839 cupio
2677 2772 2937 2826 rationem
2961 2775 3206 2830 veritatis
3234 2792 3325 2829 ex-

112 2864 233 2932 peri
287 2862 462 2933 quod
498 2859 692 2913 Petrus
720 2859 954 2927 quidam,
986 2859 1131 2913 illius
1169 2860 1261 2927 qui
1305 2861 1358 2911 in
1399 2858 1577 2913 Judaa
1605 2875 1699 2928 ap-
1795 2853 1954 2921 poni,
1982 2861 2040 2908 ut
2074 2856 2263 2921 sciam,
2294 2858 2341 2912 si
2372 2859 2634 2924 mortalis,
2667 2875 2736 2915 an
2766 2862 3080 2919 immortalis
3107 2866 3177 2920 sit
3213 2867 3331 2919 ani.

110 2950 323 3019 paruit,
362 2956 433 3003 et
481 2948 641 3016 signa
688 2947 853 2999 multa
882 2960 946 2999 ac
974 2945 1215 3016 prodigia
1249 2946 1503 3002 divinitus
1550 2960 1697 3017 gesta
1794 2958 1902 3007 ma,
1929 2951 1983 2997 et
2030 2947 2077 2999 si
2120 2945 2460 3014 immortalis,
2488 2958 2666 3003 utrum
2696 2967 2793 3021 pro
2823 2953 2908 3008 his
2935 2969 3055 3023 quae
3084 2955 3171 3009 hic
3198 2958 3328 3025 agit,

110 3044 260 3095 inter
302 3038 588 3094 homines
626 3034 882 3099 ostendit,
915 3034 1212 3103 discipulus
1259 3036 1694 3104 probatissimus,
1721 3095 1762 3120 ρ
1796 3033 2023 3089 ducatur
2068 3037 2136 3091 ad
2174 3039 2457 3107 judicium.
2491 3041 2593 3097 Sed
2628 3051 2682 3097 et
2711 3061 2829 3114 qua:
2856 3048 3177 3116 sitjustitia,
3210 3068 3331 3120 quae

869 3095 877 3099 ν
1056 3095 1074 3103 ,
1259 3095 1277 3104 -
1677 3095 1690 3101 -
2174 3095 2192 3107 .
2638 3095 2675 3097 ρ
2717 3095 2827 3114 τη-
2857 3095 3177 3116 ---,-------,
3251 3095 3328 3105 ...ν

111 3133 373 3187 crastino
427 3144 559 3182 cunt
609 3124 827 3180 Simone
876 3126 1107 3194 quodam
1139 3125 1478 3180 Samaritano
1506 3142 1571 3181 ex
1599 3143 1693 3181 ca-
1720 3095 1762 3153 ε
1794 3123 1901 3178 Deo
1925 3126 2152 3194 placeat,
2189 3131 2327 3184 scire
2351 3131 2756 3188 desidero.Tum
2783 3145 3058 3203 prmterea,
3086 3140 3130 3196 si
3155 3095 3329 3198 tacitus

111 3223 271 3276 stello
324 3218 663 3275 Gethonum
710 3214 821 3285 (15)
845 3254 861 3279 ,
915 3214 1197 3268 habiturus
1228 3223 1369 3269 esset
1410 3216 1695 3271 verborum
1793 3222 1876 3268 est
1903 3217 2156 3282 mundus,
2190 3221 2273 3274 vel
2300 3237 2465 3290 quare
2492 3223 2684 3287 factus,
2711 3236 2800 3280 aut
2831 3228 2875 3281 si
2906 3230 3193 3284 solvendus
3221 3240 3324 3296 est,

109 3313 619 3380 quaestionumque
669 3314 960 3359 certamen.
990 3303 1198 3368 Quibus
1227 3320 1324 3373 ego
1353 3306 1570 3370 auditis,
1604 3322 1695 3361 ro-
1791 3319 1861 3358 an
1891 3305 1944 3359 in
1970 3308 2160 3363 melius
2188 3313 2545 3377 renovandus,
2577 3322 2668 3367 aut
2705 3316 2749 3369 si
2794 3318 3010 3372 omnino
3054 3328 3173 3388 post
3216 3321 3326 3376 haec

106 3403 304 3472 gabam
342 3396 731 3454 demonstrari
760 3394 889 3448 mihi
914 3395 1030 3462 ejus
1054 3395 1339 3463 hospitium
1364 3415 1378 3463 ;
1406 3396 1549 3465 quod
1571 3412 1693 3451 cum
1789 3410 1897 3448 non
1927 3397 2028 3450 erit
2051 3399 2304 3463 mundus,
2334 3408 2387 3454 et
2413 3418 2481 3456 ne
2508 3418 2603 3470 per
2628 3404 2835 3472 singula
2864 3409 3194 3475 progrediar,
3214 3411 3325 3465 haec

107 3493 490 3560 mpm-issem,
524 3496 686 3556 atque
727 3492 852 3538 ante
892 3484 1033 3539 fores
1061 3486 1442 3550 constitissem,
1484 3488 1692 3556 ingere-
1789 3494 1948 3554 atque
1976 3488 2165 3541 horum
2193 3491 2385 3543 similia
2410 3500 2468 3544 ut
2497 3508 2555 3547 se
2585 3494 2836 3558 habeant,
2858 3498 3063 3551 discere
3084 3516 3168 3553 me
3189 3503 3324 3557 velle

104 3580 235 3634 bam
276 3576 563 3650 janitori,
594 3576 841 3642 quisnam
873 3589 1045 3628 essem
1078 3584 1235 3644 atque
1263 3576 1405 3629 unde
1434 3575 1690 3629 adventa-
1788 3577 2059 3645 respondi.
2091 3578 2172 3633 Ad
2200 3579 2311 3633 haec
2352 3579 2541 3635 Petrus
2573 3600 2586 3636 :
2619 3582 2874 3647 Breviter,
2907 3582 3098 3655 inquit,
3132 3590 3250 3654 tibi,
3288 3607 3322 3645 ο

103 3689 257 3739 rem;
285 3683 353 3729 et
391 3683 534 3723 ecce
562 3665 834 3718 Barnabas
858 3664 1170 3732 procedens,
1202 3666 1381 3718 statim
1412 3673 1470 3717 ut
1493 3680 1577 3718 me
1604 3666 1688 3719 vi-
1786 3663 2050 3729 Clemens,
2085 3682 2262 3721 rerum
2288 3668 2564 3722 scientiam
2590 3672 2819 3738 tradam,
2850 3683 2903 3728 et
2939 3680 3183 3732 ausculta
3204 3681 3318 3746 jam

99 3759 205 3823 dit,
235 3760 285 3812 in
319 3753 666 3822 complexus
694 3764 840 3805 meos
863 3748 1119 3811 cucurrit,
1148 3751 1340 3817 gaudio
1362 3751 1684 3819 lacrymans,
1785 3768 1948 3808 nunc.

100 3859 271 3918 atque
325 3845 751 3917 apprehensum
783 3857 868 3897 me
897 3855 1057 3894 manu
1099 3839 1472 3893 introducebat
1500 3841 1566 3893 ad
1594 3839 1691 3894 Pe-
1852 3843 1964 3898 XV.
2007 3843 2263 3902 Voluntas
2310 3846 2402 3901 Dei
2454 3856 2508 3903 et
2548 3853 2832 3906 consilium
2877 3855 3029 3908 latuit
3075 3858 3317 3915 ιιυηιίηρε

98 3947 274 3994 trum,
312 3937 514 4002 Quem
544 3946 669 3985 cum
694 3931 825 3982 mihi
853 3930 1060 3984 eminus
1083 3929 1435 3985 ostendisset:
1458 3931 1555 3984 Hic
1580 3939 1681 3996 est,
1782 3936 1965 3990 multis
2012 3953 2076 3992 ex
2122 3939 2321 3992 causis.
2361 3939 2541 3995 Primo
2588 3943 2801 4010 quidem
2848 3961 2945 4013 pro
2984 3947 3318 4004 institutione

94 4030 305 4098 inquit,
350 4026 587 4084 Petrus,
619 4036 776 4089 quem
809 4012 904 4073 tﬁﬁ
930 4021 1218 4072 maximum
1246 4036 1364 4075 esse
1392 4023 1445 4075 in
1472 4022 1565 4076 Dei
1595 4037 1678 4077 sa-
1782 4026 1941 4087 mala,
1972 4040 2069 4093 pro
2094 4026 2461 4082 sodalitatibus
2506 4030 2777 4101 pessimis,
2810 4012 2907 4102 pro
2932 4039 3318 4096 consuetudine

90 4122 315 4188 pientis
352 4114 643 4174 dicebam,
664 4112 856 4178 cuique
873 4111 938 4163 de
958 4122 1008 4163 te
1033 4126 1221 4165 rursus
1242 4112 1359 4165 sine
1384 4115 1681 4169 cessatione
1780 4129 2029 4184 nequam,
2062 4131 2159 4183 pro
2192 4117 2474 4185 colloquiis
2518 4134 2625 4172 non
2676 4120 2859 4185 bonis,
2910 4139 3009 4192 pro
3060 4141 3317 4194 praesum-

89 4212 328 4263 locutus
398 4217 550 4258 sum.
599 4199 878 4268 Ingredere
919 4199 1080 4267 igitur
1137 4208 1390 4269 tanquam
1453 4203 1588 4259 bene
1630 4206 1678 4258 ei
1779 4208 2050 4277 ptionibus
2089 4208 2266 4264 minus
2295 4211 2548 4276 rectis“,
2595 4228 2693 4281 pro
2734 4213 2835 4280 his,
2876 4216 3113 4285 inquam,
3143 4221 3316 4274 omni-

90 4299 402 4367 cognitus.
438 4290 638 4345 Omnia
676 4288 818 4341 enim
847 4304 964 4355 quae
991 4290 1047 4341 in
1073 4297 1126 4343 te
1165 4299 1290 4345 sunt
1333 4292 1489 4355 bona,
1516 4296 1680 4348 veris—
1776 4296 1896 4360 bus,
1928 4299 2155 4365 primum
2182 4314 2351 4363 error,
2384 4300 2574 4356 deinde
2598 4310 2955 4373 contemptus,
2982 4313 3094 4360 tum
3126 4309 3314 4363 inlide-

84 4392 238 4444 sime
263 4380 580 4452 comperit,
611 4386 664 4432 et
686 4378 988 4445 religiosum
1016 4380 1342 4478 propositum
1372 4390 1521 4435 tuum
1550 4384 1674 4437 dili-
1705 4425 1749 4478 Β
1776 4385 1897 4439 litas
1925 4389 2193 4442 etmalitia
2218 4390 2349 4459 (id),
2375 4392 2598 4445 avaritia
2628 4410 2840 4463 quoque
2866 4404 2918 4449 et
2940 4412 3073 4450 vana
3099 4399 3312 4465 jactan-

83 4484 294 4548 genter
328 4468 593 4543 agnovit,
622 4482 684 4521 ex
715 4480 822 4534 quo
846 4474 897 4519 et
926 4482 1135 4521 summo
1184 4469 1446 4525 desiderio
1499 4474 1674 4541 agitur
1705 4468 1744 4478 ”
1775 4472 1868 4537 tia,
1900 4475 2109 4543 aliaque
2136 4477 2219 4530 his
2250 4478 2443 4531 similia
2490 4481 2650 4545 mala,
2681 4487 2827 4535 velut
2868 4483 3048 4539 fumus
3094 4486 3309 4553 quidam

79 4565 327 4621 videndi
374 4568 454 4613 te.
493 4554 648 4608 Unde
681 4569 927 4622 magnum
957 4556 1005 4608 ei
1035 4556 1192 4609 hodie
1222 4574 1415 4614 munus
1458 4563 1592 4616 meis
1622 4570 1674 4616 te
1773 4562 2088 4627 immensus,
2120 4566 2424 4621 universam
2461 4568 2677 4623 domum
2715 4572 2873 4639 hujus
2918 4573 3101 4625 mundi
3134 4574 3309 4641 reple-

83 4654 375 4709 manibus
410 4643 620 4707 oﬂero;
658 4641 921 4710 simulque
944 4643 1119 4697 oblato
1162 4660 1266 4705 me.
1309 4647 1423 4700 ait:
1458 4646 1554 4703 Hic
1591 4657 1674 4705 est
1773 4651 1867 4714 vit,
1898 4659 1950 4704 et
1997 4652 2359 4709 habitantibus
2406 4657 2727 4715 intrinsecus
2772 4658 3309 4729 intuendi‘COndito-

80 4745 400 4802 Clemens.
432 4736 614 4789 Pell‘e-
1774 4755 1887 4794 rem
1910 4756 2087 4804 suum,
2113 4751 2387 4811 aspectum
2410 4745 2636 4800 liberum
2664 4764 2768 4801 non
2797 4748 2963 4810 dedit,
2992 4763 3165 4816 neque
3186 4766 3305 4818 qua:

163 4930 220 4960 εδ
264 4926 416 4990 Quae
446 4917 607 4973 uncis
642 4917 992 4995 inclusimus,
1026 4916 1220 4995 desunt
1253 4919 1567 4995 in__utroque
1611 4922 1767 4995 codd.
1799 4923 1975 4995 Lipss.
2003 4932 2055 4978 et
2097 4926 2154 4977 in
2186 4927 2501 4994 quibusdam
2534 4929 2671 4980 aliis.
2730 4929 2773 4958 ⁸⁸
2813 4929 2979 4983 Codd.
3011 4926 3182 4993 Lipss.
3220 4928 3305 4980 bis

82 4983 352 5070 ρενειιῇι
405 5003 534 5056 cap.
580 5000 695 5054 seq.
748 4986 1026 5039 vocabulis
1052 5000 1064 5034 :
1094 4983 1420 5053 Impossibt'le
1442 4983 1566 5059 ergo
1597 4989 1659 5044 de
1684 4992 1832 5045 rebus
1853 4983 2063 5059 divinis,
2095 4983 2221 5059 etc.';
2254 4996 2459 5063 reliqua
2489 4996 2699 5050 desunt.

1409 5154 1763 5212 COTELERII
1792 5160 2017 5215 NOTE.

169 5370 299 5441 (εξ)
367 5363 459 5418 Ex
489 5358 720 5441 rastello
770 5351 1211 5441 ‘th’thon‘ttttthge
1242 5355 1458 5441 nomine
1494 5357 1664 5441 hujus
1768 5369 1926 5441 rapte
1943 5363 2079 5441 apud
2118 5362 2483 5441 Philastt'i'um,
2532 5363 2583 5416 in
2627 5361 2843 5441 Simone
2874 5381 2889 5417 :
2922 5361 3003 5415 De
3020 5358 3160 5441 _vt'lla
3190 5374 3317 5441 qua.

84 5419 443 5495 viei'c’rmco
471 5432 704 5486 diximus
725 5426 787 5478 ad
818 5419 1231 5498 Constitution“.
1260 5419 1461 5500 Latinae
1483 5419 1662 5480 autiam
1766 5419 2070 5484 est'Ct'lh'cus
2100 5432 2337 5482 vocitata.
2362 5419 2528 5483 Porro
2557 5431 2791 5484 scribere
2817 5436 3043 5498 pra’slat
3067 5442 3161 5494 per
3186 5419 3325 5479 {vel

93 5503 493 5550 ριηιορςςῑοηίς
520 5498 813 5550 varietates
851 5491 1051 5545 videbis
1080 5487 1199 5549 btc,
1228 5494 1281 5541 et
1316 5490 1454 5542 infra
1485 5496 1660 5550 capite
1763 5514 1808 5550 ε.
1845 5514 2001 5550 uuam
2034 5514 2126 5550 ner
2148 5514 2214 5550 u:
2251 5504 2302 5549 et
2335 5512 2428 5550 per
2451 5514 2651 5550 ranam
2676 5514 2770 5550 ner
2801 5517 2856 5550 η.

93 5526 163 5563 ex
215 5503 493 5561 ressionis
520 5502 813 5552 varietates
851 5502 1051 5545 videbis
1081 5502 1199 5549 ηις,
1228 5502 1281 5541 et
1316 5502 1454 5542 intra
1485 5502 1596 5560 capi

97 5525 309 5638 'Liibri
332 5571 623 5638 n.Quibus
648 5561 784 5638 adde
799 5560 948 5638 aliam
987 5554 1206 5638 regulii
1237 5563 1375 5638 tom.
1400 5558 1461 5638 ll,
1496 5561 1588 5638 lib.

1845 5514 2001 5563 quam
2034 5514 2126 5566 per
2148 5514 2214 5568 y;
2251 5504 2302 5549 et
2335 5512 2428 5563 per
2451 5516 2477 5549 r
2495 5514 2651 5567 quam
2676 5514 2770 5563 per
2801 5517 2856 5553 η.

1832 5566 1948 5638 (Η).
1983 5566 2108 5618 Tum
2144 5565 2423 5638 inﬁdelitas
2460 5577 2507 5621 ct
2548 5566 2770 5622 malitia.
2806 5569 3048 5626 Ruﬁnus
3080 5560 3329 5631 legebat,

714 5628 914 5695 inquit,
941 5626 1025 5694 qui
1064 5622 1252 5675 dicitur
1288 5623 1485 5682 Gittlto.
1517 5630 1605 5685 Co;

901 5666 914 5693 ,
941 5626 1025 5694 qui
1064 5622 1252 5675 dicitur
1288 5623 1485 5682 Gittlto.
1517 5620 1667 5710 Cor-1
1762 5620 2004 5705 ποῦηρῖα,
2034 5651 2139 5690 non
2169 5620 2402 5706 τέορνεέα.
