3806 6246
515 308 671 368 ηις

1364 302 1422 359 S.
1460 292 1841 355 CLEMENTIS
1869 293 1889 346 1
1921 289 2087 349 ROM.
2124 285 2328 344 PONT.
2366 281 2596 340 OPERA
2632 279 2862 336 DUBIA.

3498 283 3601 341 me

512 427 565 477 ei
584 430 766 479 essent
789 422 982 494 placita
1012 412 1489 490 pervidendi.Quid
1518 412 1681 478 igitur
1710 410 1795 464 his
1820 409 1912 477 qui
1934 413 2059 461 sunt

2157 416 2277 471 qua:
2298 399 2365 453 ad
2387 415 2473 453 me
2502 399 2723 451 locutus
2748 400 2852 456 est,
2885 392 2938 446 in
2959 391 3191 446 ordinem
3214 391 3449 460 redigens,
3461 395 3609 453 librum

512 513 842 569 intrinsecus
872 509 1117 565 convenit
1131 507 1180 576 υ
1201 505 1303 558 nisi
1342 510 1400 557 ut
1428 518 1495 557 ex
1522 501 1723 555 intimis
1745 499 2052 568 praecordiis

514 603 750 657 clamore
779 601 1003 671 prolato,
1032 594 1289 647 auxilium
1328 592 1578 644 invocent
1606 590 1744 656 ejus,
1775 602 1932 657 quem
1964 600 2053 639 so-

515 690 628 745 lum
655 691 843 745 domus
885 687 1029 740 fumo
1060 683 1261 751 repleta
1302 693 1409 733 non
1448 678 1668 739 claudit,
1710 686 1765 729 ut
1793 674 2053 729 accedens

518 782 720 851 aperiat
760 778 979 846 januam
1006 773 1219 834 domus,
1252 784 1359 838 quo
1404 769 1575 837 possit
1618 766 1794 819 fumus
1838 764 2051 833 quidem

518 870 609 941 qui
635 867 955 921 intrinsecus
976 861 1220 923 habetur,
1248 858 1483 920 excludi,
1510 858 1601 909 lux
1627 868 1754 908 vero
1780 855 1909 909 solis
1933 865 2053 922 quae

518 959 855 1015 extrinsecus
885 949 1207 1020 resplendet,
1236 949 1437 1002 induci.

589 1042 725 1097 XVI.
765 1041 921 1094 Hunc
944 1055 1073 1107 ergo
1096 1039 1186 1108 qui
1214 1038 1278 1091 ad
1313 1035 1571 1089 auxilium
1591 1034 1801 1098 domus,
1829 1032 2055 1101 caligine

518 1130 849 1203 ignorantiae,
876 1136 929 1183 et
956 1128 1205 1181 vitiorum
1253 1126 1397 1179 fumo
1440 1125 1672 1192 repletae.
1704 1122 2051 1191 perquiritur,

516 1225 666 1278 illum
708 1236 829 1275 esse
859 1220 1108 1281 dicimus,
1143 1216 1235 1284 qui
1278 1214 1577 1282 appellatur
1618 1227 1777 1267 verus
1821 1211 2053 1280 pr0p|ie-

517 1324 571 1367 ta
602 1312 734 1383 (15),
767 1311 858 1379 qui
888 1310 1035 1364 solus
1068 1307 1369 1360 illuminare
1402 1304 1608 1357 animas
1640 1303 1915 1356 hominum
1958 1314 2057 1368 po-

517 1410 641 1462 test,
674 1400 748 1452 ita
783 1407 840 1451 ut
870 1396 1041 1451 oculis
1061 1394 1173 1449 suis
1202 1392 1342 1445 viam
1374 1390 1567 1444 salutis
1593 1389 1868 1442 evidenter
1896 1386 2058 1453 inspi-

518 1486 681 1540 ciant.
710 1484 875 1537 Aliter
903 1483 1045 1537 enim
1073 1478 1404 1547 impossibile
1430 1486 1545 1540 est,
1576 1475 1643 1529 de
1671 1476 1831 1529 rebus
1860 1474 2056 1527 divinis

517 1575 837 1641 aeternisque
861 1584 1205 1639 cognoscere,
1236 1568 1338 1621 nisi
1380 1567 1471 1635 qui
1516 1566 1584 1620 ab
1630 1566 1734 1620 isto
1766 1579 1890 1618 vero
1926 1579 2056 1634 pro-

2152 491 2220 544 de
2249 504 2379 543 vero
2419 487 2684 557 prepheta
2713 483 3037 551 conscripsi,
3070 497 3290 551 eumque
3315 483 3375 537 de
3398 484 3610 553 Caesarea,

2154 581 2221 634 ad
2252 587 2325 642 te,
2360 579 2480 646 ipso
2512 576 2763 644 iubente,
2792 573 3092 628 transmisi,
3122 571 3326 626 Dicebat
3349 560 3471 627 enim
3503 592 3617 633 man-

2151 671 2338 725 datum
2374 684 2433 722 se
2463 666 2749 735 accepisse
2788 665 2887 718 abs
2925 672 2997 727 te,
3028 670 3087 715 ut
3110 677 3201 730 per
3224 662 3439 730 singulos
3466 678 3611 731 annos,

2151 762 2199 814 si
2229 773 2336 827 qua
2377 763 2566 812 essent
2604 769 2638 808 a
2679 768 2741 809 se
2779 753 2925 807 dicta
2955 759 3225 821 gestaque,
3256 752 3317 805 ad
3344 761 3389 805 te
3411 751 3619 824 descripta

2150 846 2546 905 transmitteret
2565 844 2634 897 ⁸⁷.
2671 841 2885 897 Interea
2915 842 3069 898 initio
3104 840 3352 899 sermonis
3390 834 3480 903 sui,
3502 859 3620 911 quem

2152 938 2325 1004 prima
2359 933 2447 988 die
2475 933 2669 986 habuit
2699 931 2768 985 ad
2790 946 2878 986 me
2900 931 2969 986 de
2995 946 3121 986 vero
3141 930 3382 999 propheta
3405 937 3451 985 et
3467 930 3519 986 de
3534 936 3624 993 aliis

2152 1025 2423 1094 plurimis,
2456 1037 2583 1078 cum
2618 1036 2708 1076 me
2735 1021 3087 1075 instruxisset
3121 1020 3407 1088 plenissime
3428 1059 3441 1083 ,
3473 1024 3624 1079 addidit

2154 1116 2316 1169 etiam
2353 1114 2469 1169 haec
2497 1129 2513 1164 :
2545 1110 2718 1173 Vide,
2770 1111 2983 1179 inquit,
3014 1112 3080 1165 de
3108 1112 3321 1180 reliquo,
3349 1123 3397 1168 et
3432 1114 3626 1170 interesto

2155 1204 2477 1257 tractatibus
2511 1202 2653 1256 meis
2682 1219 2698 1267 ;
2737 1216 2904 1269 quos,
2928 1201 2975 1254 si
3003 1202 3216 1269 quando
3243 1205 3498 1258 necessitas
3520 1214 3624 1256 attu-

2156 1294 2297 1355 lerit,
2332 1294 2543 1348 habebo
2581 1308 2711 1348 cum
2744 1292 2833 1349 his
2880 1293 2977 1360 qui
3022 1293 3407 1359 contradicunt;
3434 1295 3627 1349 adversus

2156 1398 2295 1453 quos
2325 1382 2647 1451 disputans,
2673 1383 2843 1437 etiam
2870 1382 2916 1436 si
2949 1381 3088 1437 forte
3115 1382 3328 1437 inferior
3349 1384 3476 1437 visus
3499 1385 3625 1449 fuero,

2155 1487 2266 1525 non
2293 1472 2543 1534 verebor,
2578 1487 2650 1527 ne
2674 1472 2820 1525 forte
2844 1478 2901 1524 tu
2934 1470 3002 1525 de
3022 1471 3131 1535 his,
3156 1486 3271 1540 quae
3290 1472 3376 1526 tibi
3403 1486 3429 1525 a
3451 1487 3521 1526 me
3540 1481 3630 1526 sunt

2155 1563 2375 1626 tradita,
2412 1562 2468 1615 in
2494 1561 2730 1616 dubium
2769 1569 2989 1626 venias,
3032 1562 3157 1631 quia
3184 1563 3379 1617 etiamsi
3410 1578 3492 1631 ego
3524 1564 3631 1616 visus

517 1662 673 1732 pheta
704 1661 973 1722 didicerit;
1010 1659 1196 1728 “quia
1224 1659 1361 1712 sicut
1384 1657 1496 1725 ipse
1525 1655 1684 1725 paulo
1711 1661 1834 1709 ante
1861 1668 2060 1708 memoo
2158 1652 2311 1707 fuero
2339 1653 2613 1721 superari,
2644 1666 2761 1706 non
2796 1660 2980 1707 tamen
3015 1652 3215 1707 idcirco
3241 1661 3291 1707 et
3309 1668 3386 1715 ea,
3407 1668 3506 1721 qua:
3520 1653 3632 1705 nobis

517 1753 697 1815 rabas,
729 1750 858 1804 ﬁdes
886 1764 1062 1803 rerum
1093 1761 1487 1814 causarumque
1522 1744 1819 1803 sententias,
1849 1757 1946 1811 pro
1976 1742 2061 1796 in-
2088 1741 2132 1796 Β
2159 1758 2319 1798 verus
2346 1743 2614 1812 propheta
2657 1742 2911 1805 tradidit,
2935 1742 3146 1796 inﬁrma
3175 1743 3483 1797 videbuntur.
3512 1742 3632 1819 Spero

518 1842 687 1911 geniis
736 1840 907 1909 magis
957 1836 1357 1893 defendentium
1401 1835 1785 1904 ponderantur.
1820 1831 1973 1887 Unde
2006 1838 2061 1886 et
2160 1840 2340 1887 tamen
2371 1832 2516 1900 quod
2552 1847 2659 1885 nec
2709 1833 2770 1885 in
2814 1832 3271 1901 disputationibus
3306 1847 3583 1901 superentur,
3600 1833 3633 1885 si

518 1931 704 1987 eadem
732 1945 895 1984 causa
943 1944 1087 1982 nunc
1130 1928 1277 1996 justa
1299 1965 1313 1986 .
1347 1941 1490 1980 nunc
1516 1931 1734 1992 p‘utatur
1761 1924 1981 1991 injusta,
2008 1931 2069 1977 et

518 2020 663 2095 quod
713 2019 871 2072 modo
917 2032 1103 2072 verum
1152 2018 1450 2081 videbatur,
1502 2016 1721 2069 alterius
1766 2016 2061 2070 assertione

519 2109 715 2163 falsum
744 2108 972 2161 videtur.
1002 2108 1108 2161 Ista
1136 2107 1202 2160 de
1251 2121 1412 2160 causa
1447 2105 1720 2175 religionis
1766 2119 1829 2158 ac
1891 2106 2062 2173 pieta-

519 2202 591 2256 tis
641 2199 772 2254 ﬁdes
817 2200 928 2254 veri
981 2198 1251 2267 prophetae
1292 2198 1633 2266 praesentiam
1660 2195 1969 2265 postulavit,
2003 2201 2061 2247 ut

518 2290 635 2357 ipse
660 2288 814 2342 nobis
840 2286 1037 2341 diceret
1064 2288 1129 2340 de
1162 2286 1407 2355 singulis,
1437 2292 1594 2354 prout
1619 2299 1676 2339 se
1709 2285 1824 2353 ipsa
1862 2284 2060 2338 veritas

517 2377 703 2440 habet,
770 2386 824 2431 et
867 2358 1086 2429 doceret
1125 2374 1391 2444 quomodo
1436 2382 1678 2444 oporteat
1723 2373 1789 2427 de
1834 2374 2060 2443 singulis

516 2467 683 2521 credi.
710 2465 774 2519 Et
818 2466 940 2520 ideo
989 2473 1114 2519 ante
1156 2464 1336 2518 omnia
1380 2464 1536 2519 ﬁdem
1582 2464 1874 2537 prophetae,
1915 2464 2060 2517 omni

516 2572 647 2611 cum
661 2558 1057 2613 examinatione
1075 2565 1286 2626 Oportet
1303 2558 1539 2627 probari;
1557 2572 1713 2625 quem
1732 2571 1851 2609 cum
1869 2569 2062 2625 cogno-

516 2648 657 2703 veris
688 2662 812 2702 vere
840 2662 959 2702 esse
986 2647 1324 2716 prophetam,
1341 2647 1408 2701 de
1430 2647 1637 2715 reliquo
1658 2654 1849 2699 cuncta
1869 2645 1917 2698 ei
1943 2660 2060 2699 cre-

516 2736 613 2791 das
645 2743 875 2803 oportet,
912 2750 1014 2789 nec
1043 2736 1181 2788 ultra
1227 2736 1495 2790 discutere
1542 2750 1664 2790 eum
1711 2750 1804 2804 per
1850 2735 2059 2803 singula

516 2840 636 2894 quae
655 2823 916 2887 docuerit,
943 2824 1035 2878 sed
1065 2824 1261 2878 habere
1292 2824 1444 2878 ﬁrma
1472 2833 1524 2879 et
1554 2831 1887 2893 sanctaqua‘:
1908 2822 2058 2886 dieit,

520 2928 748 2984 quaeque
781 2912 1026 2981 quamvis
1055 2912 1156 2966 ﬁde
1181 2914 1383 2980 suscipi
1409 2912 1708 2973 videantur,
1755 2911 2061 2966 antehabita

519 3014 698 3058 tamen
747 3002 1063 3071 probatione
1108 3002 1419 3057 creduntur.
1455 3002 1590 3055 Cum
1632 3002 1773 3056 enini
1801 3003 1965 3055 semei
1994 3018 2060 3057 ex

518 3094 672 3149 initio
699 3091 973 3161 propheta:
1005 3092 1206 3145 veritas
1233 3092 1533 3145 examinata
1574 3092 1890 3159 constiterit,
1936 3092 2064 3146 reii~

519 3198 628 3253 qua
657 3182 870 3236 demum
895 3180 995 3235 ﬁde
1010 3182 1273 3235 audienda
1298 3186 1424 3235 sunt
1454 3188 1507 3235 et
1532 3181 1780 3243 tenenda,
1810 3197 1914 3250 qua
1935 3197 2057 3237 eum

518 3273 796 3327 doctorem
814 3270 1054 3325 veritatis
1077 3286 1195 3325 esse
1215 3270 1327 3338 jam
1353 3277 1581 3325 constat.
1608 3269 1671 3323 Et
1693 3272 1832 3325 sicut
1851 3279 2057 3326 certum

517 3370 622 3425 est,
651 3368 847 3415 cuncta
875 3360 1167 3414 secundum
1187 3358 1425 3413 veritatis
1450 3360 1684 3428 regulam
1704 3360 1872 3413 teneri
1897 3375 2058 3428 opor-

521 3461 653 3514 tere.
685 3466 803 3521 quae
834 3451 898 3504 ad
929 3450 1163 3503 divinam
1191 3449 1466 3503 scientiam
1497 3456 1761 3517 spectant,
1794 3450 1865 3502 ita
1894 3450 2055 3505 indu-

522 3544 745 3597 bitatum
771 3547 873 3603 est,
896 3540 1103 3592 a'nullo
1132 3539 1236 3593 aiio
1266 3539 1370 3593 nisi
1398 3539 1466 3591 ab
1492 3538 1607 3607 ipso
1637 3540 1755 3593 soio
1782 3540 1906 3593 sciri
1935 3555 2060 3609 pos-

521 3650 599 3699 se,
627 3632 768 3701 quod
799 3646 985 3686 verum
1015 3640 1116 3685 est.

589 3719 747 3775 XVII.
782 3718 845 3773 Et
874 3721 958 3774 his
985 3720 1166 3785 dictis,
1190 3727 1297 3772 tam
1332 3719 1461 3772 mihi
1487 3728 1669 3788 aperte
1690 3726 1743 3774 et
1775 3729 1879 3773 tam
1912 3720 2059 3774 dilu-

519 3810 659 3873 cide,
684 3809 807 3877 quis
836 3809 935 3862 iste
971 3814 1114 3862 esset
1146 3806 1432 3875 propheta,
1468 3814 1521 3860 et
1556 3805 1823 3874 quomodo
1852 3805 2060 3861 inveni-

520 3907 687 3960 retur,
720 3898 987 3965 exposuit,
1018 3904 1075 3950 ut
1096 3912 1193 3965 ego
1223 3895 1350 3947 mihi
1387 3902 1511 3948 ante
1539 3896 1724 3949 oculos
1765 3896 1980 3959 habere,
2005 3904 2058 3952 et

521 4006 683 4044 manu
740 3996 1078 4043 contrectare
1122 3987 1331 4040 viderer
1384 3987 1758 4055 probationes,
1804 4002 1940 4055 quas
1988 3989 2057 4044 de

522 4082 834 4151 prophetica
864 4081 1086 4136 veritate
1128 4080 1448 4148 protulerat,
1494 4078 1804 4148 ingentique
1842 4090 2059 4150 stupore

521 4172 798 4240 deﬁgerer,
830 4170 1097 4239 quomodo
1133 4184 1197 4224 ea
1228 4182 1346 4237 qua:
1382 4184 1570 4223 omnes
1604 4179 1884 4238 quaerunt,
1930 4179 2057 4228 ante

522 4262 708 4314 oculos
754 4260 930 4329 posita
961 4259 1142 4314 nullus
1177 4259 1339 4314 videt.
1392 4258 1808 4328 Unde.jubente
1853 4278 1939 4328 eo,
1994 4278 2055 4317 ea

2156 1922 2317 1977 modo
2356 1922 2721 1976 rationabiles
2752 1922 2869 1976 sint
2898 1922 3173 1976 auditores
3193 1930 3243 1976 et
3265 1922 3409 1975 amici
3435 1922 3631 1981 veritatis.

2157 2013 2251 2081 qui
2277 2011 2593 2066 discernere
2623 2013 2855 2067 valeant
2883 2013 2994 2068 vim
3042 2013 3366 2083 speciemque
3402 2012 3633 2075 verborum,

2156 2112 2210 2158 et
2240 2117 2535 2172 agnoscere
2575 2103 2675 2172 qui
2734 2118 2923 2157 sermo
2958 2119 3024 2157 ex
3051 2103 3457 2171 arte.50pliistica
3493 2102 3632 2163 veniat,

2157 2207 2267 2246 non
2300 2193 2587 2246 veritatem
2621 2194 2953 2258 continens,
2998 2194 3095 2249 sed
3133 2193 3401 2264 imaginem
3438 2191 3632 2250 veritatis.

2157 2290 2211 2337 et
2241 2282 2332 2352 qui
2380 2283 2450 2337 sit
2490 2285 2585 2353 qui
2635 2285 2974 2353 simpliciter
3032 2301 3096 2339 ac
3140 2285 3255 2339 sine
3292 2286 3402 2338 fuco
3433 2283 3634 2353 prolatus,

2158 2387 2373 2427 omnem
2395 2374 2503 2427 vim
2538 2389 2656 2428 non
2688 2376 2745 2428 in
2774 2376 2965 2445 specie
2988 2383 3043 2437 et
3065 2384 3273 2437 ornatu,
3303 2374 3386 2429 sed
3408 2376 3454 2428 in
3478 2373 3637 2427 veritate

2160 2470 2212 2516 et
2242 2463 2461 2518 ratione
2483 2465 2810 2534 possideat,

2230 2551 2417 2607 XVIII.
2457 2553 2540 2606 Ad
2582 2554 2711 2609 haec
2759 2571 2863 2625 ego
2891 2576 2905 2613 :
2934 2554 3312 2626 Omnipotenti,
3341 2555 3543 2625 inquam,
3569 2551 3639 2605 Deo

2161 2644 2366 2711 gratias
2397 2658 2521 2713 ago,
2544 2646 2686 2712 quia
2711 2654 2773 2699 ut
2793 2645 3126 2709 desideravi,
3153 2647 3425 2701 instructus
3440 2660 3548 2699 sum.
3575 2641 3642 2695 Ve-

2160 2739 2467 2786 rumtamen
2515 2732 2584 2788 de
2632 2750 2725 2789 me
2778 2735 2836 2790 in
2886 2744 3099 2792 tantum
3145 2754 3262 2793 esse
3290 2738 3433 2792 debes
3464 2749 3639 2795 securus.

2160 2822 2306 2891 quod
2329 2822 2396 2875 de
2415 2823 2502 2876 his
2527 2838 2661 2891 quae
2686 2827 2859 2881 didici
2885 2830 2987 2883 abs
3010 2840 3085 2892 te,
3111 2831 3387 2887 induhium
3412 2831 3554 2884 venire
3569 2844 3641 2881 non

2162 2913 2392 2980 possim,
2426 2922 2489 2967 ut
2519 2916 2569 2969 si
2596 2926 2657 2969 tu
2686 2917 2807 2986 ipso
2838 2919 2977 2974 velis
3009 2921 3293 2990 aliquando
3320 2921 3451 2975 fidem
3477 2934 3601 2973 meam
3621 2932 3641 2968 a

2162 3016 2291 3055 vero
2341 3004 2614 3072 propheta
2650 3008 2965 3065 transferre
2986 3049 3002 3068 .
3030 3013 3249 3065 omnino
3279 3027 3375 3065 non
3400 3010 3564 3079 possis;
3593 3009 3641 3059 ίί³

2162 3094 2325 3163 pleno
2352 3095 2554 3163 spiritu
2592 3097 2797 3161 hausi,
2829 3113 2955 3169 quae
2991 3101 3283 3157 tradidisti.
3325 3099 3385 3154 Et
3410 3115 3468 3154 ne
3488 3096 3643 3168 putes“

2163 3196 2424 3254 magnum
2455 3187 2557 3239 tibi
2604 3203 2696 3243 me
2726 3190 2939 3258 aliquid
2972 3192 3236 3261 polliceri,
3265 3191 3393 3260 quod
3415 3186 3644 3242 abhaclide

2164 3291 2354 3344 negem
2394 3291 2481 3330 me
2518 3292 2696 3345 posse
2730 3282 3066 3345 transferri,
3098 3291 3298 3337 certum
3335 3288 3409 3335 est
3441 3277 3547 3348 apud
3570 3290 3640 3337 me,

2162 3367 2289 3436 quia
2329 3368 2659 3437 quicunque
2702 3371 2996 3427 hominum
3044 3374 3185 3427 hanc
3222 3374 3285 3427 de
3320 3388 3431 3426 vero
3462 3367 3641 3439 propheta

2162 3456 2436 3524 acceperit
2465 3460 2778 3524 rationem,
2803 3462 3063 3518 dubitare
3087 3465 3224 3517 ultra
3249 3464 3310 3518 de
3330 3463 3514 3516 veritate
3529 3458 3643 3512 nulli-

2162 3551 2325 3599 tenus
2344 3549 2573 3614 poterit.
2600 3549 2669 3604 Et
2689 3552 2819 3608 ideo
2848 3555 3070 3609 conﬁdo
3093 3556 3157 3610 de
3178 3556 3275 3609 hoc
3296 3554 3456 3608 divino
3473 3551 3645 3617 dogmate

2164 3636 2383 3690 caelitus
2413 3636 2673 3704 deﬁnito,
2704 3642 2765 3696 in
2796 3659 2910 3713 quo
2946 3646 3126 3701 omnis
3162 3661 3249 3701 ars
3274 3643 3467 3699 malitia:
3489 3650 3642 3708 super”

2163 3731 2271 3778 tur.
2329 3726 2621 3786 Adversus
2670 3735 3027 3801 prophetiam
3069 3738 3262 3791 etenim
3300 3751 3454 3804 neque
3484 3747 3551 3785 ars
3578 3729 3644 3782 ulla

2163 3826 2311 3869 sxare
2342 3817 2603 3881 sufiiciet,
2639 3837 2827 3892 neque
2857 3826 3255 3895 scphismatum
3291 3824 3646 3896 syllogismorum»

2162 3918 2269 3972 que
2288 3909 2572 3963 versutiae.
2612 3911 2727 3966 Sed
2759 3919 2950 3970 omnis
2980 3919 3075 3986 qui
3105 3918 3329 3972 audierit
3354 3918 3410 3971 de
3440 3928 3539 3967 vero
3566 3922 3645 3976 ιπο·

2162 3993 2342 4062 pheta,
2366 4011 2607 4054 necesse
2626 4008 2717 4056 est
2738 4010 2802 4056 ut
2825 4008 3016 4059 statim
3039 4000 3352 4061 deSiderium
3377 3998 3645 4073 rapiatipsius

2161 4085 2406 4140 νθτίῑὶὶῑίε
2430 4125 2446 4149 9
2490 4105 2603 4145 nec
2650 4094 2802 4147 ultra
2837 4100 2945 4151 sub
2985 4101 3273 4153 occasione
3301 4098 3400 4151 veri
3424 4086 3643 4164 querendi.

2160 4174 2409 4230 diversos
2437 4182 2698 4246 patietur
2718 4200 2967 4243 errores.
2986 4187 3213 4259 Propter
3232 4185 3380 4258 quod,
3404 4182 3569 4239 domine
3585 4175 3643 4233 mi,

2163 4279 2195 4317 ο
2237 4264 2430 4331 Petre,
2464 4272 2606 4327 nolo
2638 4275 2722 4330 sis
2758 4279 2911 4332 ultra
2956 4282 3241 4343 sollicitus,
3274 4289 3493 4349 tanquam
3528 4271 3575 4324 de
3606 4279 3645 4318 eo

595 4389 638 4420 θ’
661 4388 1784 4483 931539393152"PES“?319.93%!!"l‘15.
1798 4396 2243 4483 932':,d,es“"‘.i"
2276 4408 2521 4483 ‘13?qu
2552 4409 2727 4465 εοάάο
2761 4411 2952 4483 Lipss.
2998 4416 3040 4447 "’
3064 4414 3352 4471 Vocabula:
3378 4404 3645 4475 ιἠάείκδεητι

520 4473 581 4512 eo
606 4489 674 4534 _—_—
703 4460 1071 4534 transmitteret
1123 4472 1230 4511 non
1292 4459 1541 4528 leguntur
1586 4463 1641 4515 in
1683 4459 2053 4534 coddCLipss.

524 4526 682 4585 codd.
719 4526 775 4579 Li
783 4542 898 4597 pss.

2166 4468 2210 4498 ⁸⁸
2282 4469 2352 4521 Et
2416 4468 2489 4527 ne
2542 4489 2704 4545 putes
2748 4468 3361 4552 —'perveniatndesunt
3404 4482 3449 4533 in
3492 4468 3645 4536 ιὶιτορυε

1788 4684 2144 4741 COTELERII
2193 4686 2426 4743 ΝΟΤᾹΞ.

594 4806 1324 4901 €15)..93:f£”'3€?"1‘.':t£"3€£‘f
1351 4809 1859 4901 rr°r_':e.'2-':9991i°
1876 4830 2055 4901 esui:
2083 4820 2126 4874 ο
2155 4814 2677 4901 βπεεξεοεεερίιοιηοε
2718 4834 2830 4889 ista
2863 4840 3052 4892 omasi:
3072 4881 3085 4901 .
3108 4837 3366 4893 Catholica
3385 4846 3489 4888 vero
3508 4822 3641 4901 subs.“-

527 4883 650 4944 pata
690 4878 902 4945 quidem
939 4878 1005 4929 ab
1035 4878 1320 4931 Ambrosio
1348 4882 1401 4930 in
1431 4880 1622 4945 psalm.
1648 4896 1833 4944 cxviu,
1875 4883 1962 4942 6'5.
1997 4892 2051 4936 et

529 4943 594 4996 ab
615 4943 828 4997 auctore
855 4943 1351 4999 Commentariorum
1384 4943 1439 4999 in
1467 4948 1881 5011 Lamentationes
1907 4950 2055 5005 lere-

528 5012 645 5063 mia:
669 5012 808 5083 apud
826 5013 1206 5083 Iiieronymum
1234 5016 1298 5068 ad
1323 5032 1380 5079 ιι,
1405 5016 1457 5077 9,
1482 5018 1692 5072 merito.
1728 5015 1923 5072 Verum
1961 5035 2055 5073 su-

532 5087 711 5152 specta
738 5082 795 5152 in
825 5082 910 5134 his
940 5083 1180 5152 Iib_ris,in
1206 5085 1429 5152 epistola
1457 5087 1519 5138 ad
1551 5085 1826 5151 Jacobum,
1859 5088 1913 5141 in
1938 5086 2058 5143 Cle-

529 5149 801 5226 mentinis,
832 5157 964 5226 utet
995 5149 1273 5226 Propheta,
1311 5149 2056 5226 atqueProphetarfritatis;

530 5218 655 5296 quia
678 5222 828 5296 'teste
846 5218 1181 5296 “Epiphanio,
1212 5218 1398 5296 haeresi
1430 5223 1518 5283 50,
1537 5218 2063 5296 ΔΕὓὶοηξιίλί-Ρεξτὶοίιοέ-

532 5293 649 5330 rum
664 5278 816 5360 .Petri
841 5278 1289 5360 Clementinarum
1326 5278 1752 5360 interpolatores,
1776 5278 2051 5347 Christum

533 5348 859 5464 Ετοῐιῗιοιθῐη.
890 5362 942 5407 et
983 5358 1293 5427 prephetam
1333 5348 1573 5412 veritatis
1610 5348 1876 5429 appellare
1916 5364 2057 5416 sole-

573 5421 694 5464 ant:
727 5422 873 5464 quasi
897 5438 1097 5464 mni-nm
1131 5428 1427 5464 hnminpm-
1463 5428 1607 5464 invln
1640 5432 2054 5464 urnunmnntniin-

573 5421 875 5495 ξοην-ειυθῇ
897 5421 1099 5495 merum
1130 5428 1429 5492 hominem;
1458 5428 1610 5495 juxta
1639 5421 2056 5495 argumentatio-

703 5481 987 5566 Ihcgdoti,
1033 5498 1086 5551 in
1136 5481 1323 5553 eodem
1367 5481 1662 5566 Epiphanio
1700 5481 1895 5551 haeresi

778 5550 1094 5635 Hebraeique
1119 5550 1349 5635 iﬁ'Nilo,
1374 5550 1527 5635 Iibfi,
1546 5567 1701 5634 epist.
1718 5550 1847 5635 71277,
1872 5572 1923 5619 ct
1946 5550 2057 5635 cpi1

538 5618 745 5672 nionem
776 5618 1091 5692 Esscuoruui
1119 5618 1262 5711 apud
1294 5618 1655 5690 P'liilastr'iu'm;
1690 5618 1847 5691 Unde
1867 5618 2055 5701 auctor

2154 4888 2492 4978 ξξιξὲτ-ιξξᾳρβ
2536 4912 2610 4978 ex
2658 4901 2788 4978 istis
2828 4888 3405 4978 castigabis—terrorem,
3432 4895 3642 4978 ξεῃοιίμιξ

2155 4966 2789 5045 ξξῇιξτίξῐξιὶξξηιοιιξο-ἱη
2812 4966 3020 5045 parte",
3059 4979 3273 5032 Davidis
3310 4966 3640 5045 Bioudelli,.v‘irl

2156 5026 2292 5115 aliis
2322 5026 2674 5115 9?9ti8_5_imi.
2702 5041 2765 5115 in
2806 5026 3642 5115 ἑτᾶιὲξὸιῖιέιίῖξ’Ξιάᾞέὲυμφιςίᾳφ

2157 5107 2466 5186 ξειξινεεξιξί
2487 5102 2584 5186 υν
2613 5111 2791 5186 use,
2824 5100 3072 5186 οεηίίῑυο
3100 5100 3393 5186 ιιυεΑταεεῖε
3418 5100 3639 5186 videmus:

2159 5176 2265 5254 (itis:
2275 5248 2295 5254 Α
2303 5167 2647 5254 corruptus"
2666 5176 2778 5233 lsid
2786 5184 2871 5236 ori
2889 5167 2892 5168 ν
2908 5167 3003 5240 lib}.
3013 5167 3035 5169 ἡ
3049 5167 3168 5247 ifilli
3183 5167 3457 5252 VOVriginum.
3493 5189 3578 5242 cal’-
3594 5167 3621 5247 ,⁵
3630 5183 3637 5215 ⁵

2455 5230 3183 5320 Christum‘p—e-r-prop/retain

2157 5308 2297 5389 ῗξξίῘῩ
2320 5315 2525 5389 Ρηέωξί
2555 5308 3218 5389 cﬂcclunt,§nisi'doceret
3239 5321 3448 5376 Historia
3476 5308 3638 5368 erch-

2381 5372 2614 5461 Ruﬁno"
2629 5372 3459 5461 ve‘rsafi'eg—i-d-ebere‘,‘aristam
3483 5398 3548 5450 Ρθτ
3564 5392 3638 5461 Pi”:

2154 5435 2610 5531 ᾖίξίαηιν
2654 5435 2837 5531 pirum
2869 5435 3293 5531 ,ᾔῗιδῖιινιῖινρῖἀαηι
3328 5435 3543 5527 effectum.
3573 5455 3636 5531 αξξ)

2155 5508 2321 5594 modo
2352 5513 2531 5594 etiam
2577 5508 2833 5591 quidam
3114 5508 3634 5594 rapocfilib'

2155 5570 2413 5671 1L1
2447 5570 2815 5671 Lentis—lian-
3422 5570 3500 5667 (ξίῖ
3509 5570 3631 5643 ista:

2159 5658 2189 5693 α
2222 5649 2483 5712 gentibus
2515 5649 2782 5728 propheta
2809 5649 3067 5725 rer—italis;
