3806 6258
187 322 303 377 1217

1371 311 1923 369 RECGGNITIONUM
1962 312 2086 365 LIB.
2121 311 2159 364 l.

3185 298 3319 361 1218

183 434 260 503 qui
296 429 487 485 nesciat
522 429 647 497 quid
678 428 973 496 acceperit,
1034 428 1098 481 et‘
1123 437 1380 495 quantum
1410 427 1511 482 sibi
1536 439 1684 481 com-
1708 429 1757 485 Α
1785 432 1839 478 et
1868 439 1899 477 a
1923 439 2052 493 quo,
2077 430 2129 477 et
2154 437 2249 493 per
2275 436 2432 492 quem
2465 420 2546 475 vel
2580 426 2797 490 propter
2821 432 3009 488 quem;
3044 425 3224 472 utrum
3253 416 3321 470 ab

183 524 381 577 missum
414 520 483 574 sit
511 519 781 582 muneris;
823 525 1007 572 certus
1048 525 1196 583 esto,
1230 518 1373 586 quod
1409 517 1598 571 scienti
1631 524 1685 571 et

182 609 470 679 iutelligenti
506 609 729 675 gratiam
779 607 1088 669 contulisti,
1128 622 1227 662 nec
1269 607 1424 661 facile
1464 620 1682 675 possum

178 701 354 771 decipi,
388 713 481 768 pro
510 712 573 753 eo
610 697 784 765 quod,
825 713 945 766 quae
990 699 1082 752 diu
1127 698 1534 760 desiderabam,
1576 698 1684 751 cito

179 792 336 846 videor
364 789 603 856 adeptus.
636 786 820 843 Potest
864 789 1011 842 enim
1051 789 1166 843 ﬁeri
1198 797 1256 842 ut
1289 789 1428 843 alius
1470 787 1686 843 deside-

177 897 281 936 rans
306 879 407 935 cito
438 877 790 948 adipiscatur,
811 879 951 934 alius
982 894 1083 933 nec
1114 879 1267 934 tarde
1293 879 1360 933 ad
1382 879 1685 934 desiderata

176 969 445 1039 perveniat.

229 1057 352 1112 XIX.
390 1057 453 1110 Et
492 1056 716 1121 Petrus,
755 1057 841 1111 bis
870 1073 901 1111 a
928 1073 1013 1114 me
1043 1060 1241 1114 auditis
1270 1078 1283 1112 :
1322 1058 1534 1113 Gratias
1563 1074 1682 1129 ago,

174 1149 349 1217 inquit,
386 1146 493 1200 Deo
535 1160 675 1211 meo,
705 1156 759 1201 et
788 1164 884 1217 pro
916 1150 1091 1203 salute
1121 1158 1239 1211 tua,
1268 1158 1320 1204 et
1360 1164 1458 1218 pro
1503 1150 1687 1218 requie

174 1252 299 1301 mea;
329 1236 475 1290 valde
508 1237 650 1290 enim
678 1237 939 1303 delector,
988 1240 1112 1307 quia
1153 1240 1483 1294 intellexisse
1519 1249 1569 1293 te
1607 1240 1686 1292 vi-

172 1327 274 1387 deo,
313 1336 505 1396 quanta
537 1328 611 1381 sit
640 1331 861 1383 virtutis
905 1331 1232 1399 prophetica;
1261 1329 1591 1399 magnitudo,
1632 1338 1685 1383 et

172 1418 278 1487 quia
299 1457 312 1480 ,
348 1426 403 1471 ut
439 1420 553 1481 ais,
586 1434 687 1473 nec
709 1420 755 1473 si
785 1436 884 1489 ego
910 1422 1024 1489 ipse
1043 1421 1253 1490 cupiam
1275 1462 1290 1485 ,
1329 1421 1473 1489 quod
1507 1421 1679 1475 absit!

173 1516 333 1576 potero
367 1516 419 1563 te
445 1517 810 1564 transvertere
839 1511 894 1563 in
928 1511 1087 1563 aliam
1130 1511 1301 1565 fidem.
1339 1511 1414 1564 Ex
1452 1512 1551 1564 hoc
1570 1511 1682 1577 jam

173 1599 324 1667 incipe
368 1615 487 1654 esse
531 1600 849 1663 nobiscum,
898 1608 952 1654 et
1004 1602 1243 1655 crastina
1291 1602 1377 1655 die
1424 1603 1682 1655 interesto

172 1688 598 1758 disputationibus
629 1692 873 1757 nostris;
905 1693 1009 1746 erit
1053 1693 1195 1746 enim
1244 1693 1374 1745 mihi
1407 1702 1680 1746 certamen

171 1796 274 1834 cum
304 1779 512 1835 Simone
537 1781 712 1852 Mago.
743 1782 985 1851 Cumque
1015 1784 1126 1836 hac
1154 1783 1400 1846 dixisset,
1433 1785 1676 1849 secessit,

171 1881 219 1926 ut
244 1874 409 1928 cibum
428 1882 639 1943 caperet
663 1889 789 1926 cum
818 1875 932 1927 suis
956 1873 1091 1942 (16),
1125 1889 1209 1927 me
1231 1881 1409 1927 autem
1437 1890 1680 1927 seorsum

170 1964 293 2017 vesci
319 1963 493 2032 jussit.
542 1963 609 2016 Et
654 1971 779 2032 post
816 1963 996 2017 cibum
1035 1978 1156 2016 cum
1203 1964 1415 2017 laudem
1446 1964 1684 2020 dedisset

172 2050 261 2105 Deo
286 2060 333 2107 et
355 2054 550 2122 gratias
579 2053 801 2122 egisset,
832 2054 991 2107 etiam
1022 2053 1184 2120 hujus
1206 2054 1373 2121 ipsius
1402 2053 1524 2106 facti
1553 2054 1684 2109 mihi

171 2140 374 2194 reddidit
401 2143 685 2205 rationem,
717 2149 771 2195 et
802 2143 1025 2204 addidit,
1058 2142 1285 2197 dicens:
1324 2143 1422 2197 Det
1449 2131 1546 2197 tibi
1575 2143 1684 2198 Do-

170 2229 323 2285 minus
366 2235 630 2301 exmquari
678 2233 837 2287 nobis
882 2233 938 2286 in
986 2234 1237 2287 omnibus
1263 2272 1278 2297 ,
1328 2242 1387 2287 ut
1432 2244 1684 2304 percepto

170 2316 454 2387 baptismate
482 2323 659 2390 possis
700 2322 767 2375 ad
808 2323 1049 2377 eamdem
1078 2324 1361 2377 nobiscum
1392 2327 1683 2380 convenire

172 2422 400 2465 mensam.
437 2411 501 2466 Et
534 2413 617 2467 his
657 2412 858 2475 dictis,
888 2414 1168 2482 quiescere
1206 2430 1291 2469 me
1332 2416 1524 2483 jussit;
1570 2416 1682 2484 jam

169 2498 290 2550 enim
320 2500 380 2553 ad
420 2516 663 2555 somnum
690 2510 746 2556 et
770 2511 965 2557 natura
993 2506 1258 2574 corporis,
1289 2514 1342 2559 et
1371 2507 1512 2559 ratio
1543 2515 1681 2559 tem-

172 2589 302 2653 poris
332 2590 604 2647 invitabat.

226 2676 329 2735 XX.
365 2680 581 2736 Postera
615 2698 746 2738 vero
773 2684 860 2739 die
888 2685 1187 2739 matutinus
1206 2685 1269 2737 ad
1294 2701 1393 2740 nos
1426 2687 1688 2755 ingredie-

168 2765 303 2823 batur
321 2771 620 2841 Zacchaeus,
643 2782 701 2827 et
731 2789 853 2827 cum
888 2776 1194 2837 salutasset,
1220 2776 1295 2828 ait
1324 2777 1389 2829 ad
1419 2776 1635 2830 Petrum
1665 2796 1677 2830 :

169 2858 327 2915 Dili‘ert
352 2862 531 2919 Simon
560 2865 874 2920 certaminis
910 2864 1051 2919 diem
1082 2866 1137 2918 in
1164 2866 1501 2919 undecimam
1533 2883 1684 2921 men-

168 2951 230 3004 sis
275 2956 577 3021 prtesentis,
632 2971 757 3025 quae
810 2964 895 3010 est
945 2965 1067 3024 post
1107 2967 1309 3025 septem
1344 2958 1476 3012 dies.
1529 2956 1682 3012 Tunc

1784 529 1911 580 uno,
1941 529 2010 566 an
2048 529 2077 566 a
2108 513 2342 575 duobus,
2376 527 2443 566 an
2488 526 2519 564 a
2564 510 2749 563 multis
2780 524 3032 579 accepere
3065 509 3321 563 substan-

1783 602 1946 669 tiam;
1977 611 2030 657 et
2064 612 2244 656 utrum
2272 617 2338 656 ex
2371 601 2536 655 nullis
2567 600 2943 654 substantibus
2963 640 2978 665 ,
3019 614 3087 652 an
3116 614 3180 653 ex
3220 598 3319 650 ali-

1782 694 1978 763 quibus
2016 701 2230 763 sumpta
2276 693 2418 755 sint,
2463 701 2517 747 et
2561 691 2850 756 adornata;
2892 700 3002 746 tum
3053 690 3100 746 si
3144 690 3321 757 aliqua

1783 785 1954 839 virtus
1991 794 2075 839 est
2103 785 2157 838 in
2184 784 2486 845 altissimis,
2515 788 2607 836 aut
2645 783 2699 836 in
2726 780 2984 845 infernis;
3021 779 3067 834 si
3108 788 3191 835 est
3224 779 3324 843 ali-

1782 874 1910 944 quid
1945 875 2135 928 melius
2165 875 2438 936 omnibus,
2470 880 2562 926 aut
2589 871 2801 926 cunctis
2827 869 3086 935 inferius;
3119 871 3163 923 si
3194 875 3323 935 sunt

1783 965 1945 1034 aliqui
1975 973 2174 1027 motus,
2211 972 2303 1017 aut
2328 965 2491 1028 nulli;
2523 965 2569 1018 si
2597 964 2711 1016 haec
2738 977 2857 1031 quae
2876 961 3142 1021 videntur,
3168 970 3322 1019 erant

1784 1072 2016 1124 semper,
2053 1064 2107 1110 et
2134 1063 2334 1122 erunt;
2384 1056 2430 1110 si
2476 1057 2733 1109 exstitere
2774 1054 2923 1106 nullo
2963 1059 3239 1122 operante,
3269 1060 3323 1106 et

1784 1147 1933 1199 nullo
1969 1147 2209 1200 solvente
2237 1146 2560 1199 dilabentur.
2602 1144 2679 1207 Si,
2713 1145 2951 1212 inquam,
2983 1159 3045 1196 ex
3087 1142 3171 1196 his
3215 1142 3320 1195 itii-

1784 1237 1914 1289 tium
1943 1237 2214 1304 acceperit
2259 1235 2581 1304 disputatio,
2607 1243 2737 1304 puto
2761 1232 2905 1302 quod
2934 1248 2995 1285 ea
3029 1246 3148 1300 quae
3176 1243 3320 1298 quaa-

1784 1334 1989 1390 reutur,
2022 1326 2265 1393 diligenti
2298 1325 2697 1379 examinatione
2740 1324 2988 1377 discussa
3022 1321 3179 1373 facile
3214 1320 3326 1377 cla.-

1783 1425 2015 1471 rescant.
2051 1416 2185 1469 Cum
2230 1423 2408 1470 autem
2450 1416 2564 1469 haec
2611 1414 2902 1468 claruerint
2928 1451 2941 1474 ,
2972 1426 3158 1467 eorum
3205 1425 3325 1477 qua:

1783 1516 2103 1576 sequuntur,
2125 1508 2177 1560 in
2208 1516 2455 1575 promptu
2480 1506 2774 1574 reperietur
2804 1504 3025 1573 agnitio.
3057 1502 3169 1570 Ego
3193 1500 3323 1569 quid

1784 1599 2042 1652 senserim
2071 1597 2304 1667 protuli;
2335 1596 2465 1666 quid
2487 1597 2646 1650 etiam
2675 1596 2771 1649 tibi
2796 1596 3060 1657 videatur,
3084 1593 3325 1646 indicare

1783 1704 1849 1742 ne
1875 1689 2067 1755 pigeat.

1852 1778 1990 1832 XXI.
2025 1777 2106 1833 Ad
2136 1778 2249 1833 haec
2285 1777 2478 1832 Petrus
2512 1791 2526 1827 :
2571 1775 2700 1839 Dic,
2740 1775 2942 1845 inquit,
2981 1774 3194 1831 interim
3236 1773 3323 1827 Si-

1782 1869 1957 1936 moni,
1988 1868 2147 1923 faciat
2180 1876 2238 1922 ut
2267 1870 2423 1931 libet,
2463 1876 2642 1922 certus
2698 1869 2862 1937 quod,
2911 1868 3094 1921 divina
3140 1865 3327 1918 Provi-

1782 1960 1963 2014 dentia
1993 1959 2253 2028 largiente
2276 1997 2289 2021 ,
2320 1975 2532 2028 semper
2576 1975 2674 2014 nos
2708 1960 2942 2012 inveniet
2992 1966 3224 2027 paratos.
3260 1954 3327 2007 Et

1784 2052 2073 2107 Zacchaaus
2116 2052 2329 2120 quidem
2359 2066 2479 2120 qtue
2510 2052 2775 2116 audierat,
2816 2063 3069 2118 egressus
3110 2055 3191 2101 est
3237 2044 3324 2097 Si-

1783 2145 1928 2198 moni
1959 2144 2224 2197 nuntiare.
2260 2141 2453 2197 Petrus
2494 2158 2624 2195 vero
2657 2142 2953 2209 respiciens
2996 2139 3063 2192 ad
3106 2151 3207 2191 nos
3228 2174 3242 2199 ,
3274 2140 3327 2188 et

1783 2234 2085 2303 intelligens
2110 2233 2486 2286 eontristatum
2524 2247 2608 2286 me
2634 2246 2755 2285 esse
2785 2246 2884 2299 pro
2911 2229 3167 2283 dilatione
3202 2240 3324 2279 cer-

1783 2325 2032 2386 taminis,
2085 2324 2199 2376 ait:
2229 2322 2331 2388 Qui
2381 2323 2554 2376 credit
2601 2322 2797 2376 summi
2844 2320 2936 2375 Dei
2986 2321 3325 2389 providentia

1781 2412 2085 2481 dispensari
2116 2413 2397 2476 mundum,
2428 2428 2536 2466 non
2574 2411 2752 2475 debet,
2788 2426 2822 2465 o
2859 2412 3029 2465 amice
3053 2411 3323 2476 Clemens,

1780 2502 1847 2556 de
1870 2504 2098 2571 singulis
2127 2518 2245 2571 quae
2275 2516 2491 2572 quoquo
2532 2503 2689 2556 modo
2721 2503 2991 2566 accidunt,
3031 2518 3325 2572 aspernan-

1780 2600 1864 2647 ter
1885 2594 2147 2661 accipere,
2179 2602 2361 2649 certus
2386 2594 2528 2671 qpod
2548 2593 2758 2662 justitia
2776 2592 2893 2656 Dei,
2917 2595 3076 2648 etiam
3100 2609 3183 2657 ea,
3207 2607 3325 2663 qum

1781 2684 2050 2751 superflua
2079 2684 2334 2738 videntur
2359 2690 2453 2735 aut
2481 2683 2773 2745 contraria,
2800 2684 2852 2736 in
2882 2698 3209 2753 unoquoque
3239 2700 3328 2738 ne-

1782 2774 1928 2840 gotio
1980 2782 2286 2842 opportuno
2337 2773 2483 2826 exitu
2530 2774 2964 2842 competentiqne
3014 2774 3324 2842 dispensat,

1781 2864 2051 2934 praecipue
2090 2873 2270 2919 tamen
2308 2879 2435 2934 erga
2466 2879 2558 2918 eos
2616 2865 2709 2933 qui
2741 2880 2863 2918 eum
2892 2864 3208 2918 familiarius
3235 2880 3332 2918 co-

1781 2956 1928 3020 lunt;
1959 2960 2011 3008 et
2041 2953 2220 3008 ideo"
2251 2955 2343 3023 qui
2382 2956 2449 3008 de
2484 2954 2601 3017 his,
2634 2963 2694 3008 ut
2738 2955 2871 3018 dixi,
2918 2962 3100 3009 certus
3137 2964 3239 3021 est,
3280 2955 3327 3009 si

168 3042 287 3093 enim
316 3046 475 3115 magis
504 3061 735 3099 vacuum
778 3046 880 3099 sibi
926 3046 1260 3114 disceptandi
1300 3059 1507 3116 tempus
1540 3049 1682 3103 allir-
1708 3057 1750 3114 (ι
1783 3044 1911 3114 quid
1940 3045 2153 3099 eveniat
2181 3052 2369 3098 contra
2407 3044 2751 3107 sententiam,
2784 3045 2932 3099 novit
2978 3059 3075 3113 pro
3100 3058 3163 3099 eo
3190 3059 3327 3097 mm-

168 3139 276 3185 mat.
303 3132 401 3188 Sed
422 3144 472 3190 et
492 3138 622 3190 mihi
639 3138 856 3191 videtur
878 3137 1368 3205 comperendinatio
1388 3140 1503 3200 eius
1522 3142 1682 3194 etiam

170 3222 304 3277 nobis
342 3239 458 3280 esse
494 3228 803 3281 necessaria
826 3268 839 3292 ,
869 3233 928 3280 ut
970 3228 1153 3296 plures
1202 3230 1545 3291 conveniant,
1593 3234 1685 3300 qui

164 3309 514 3380 disputationis
543 3326 745 3372 nostrte
772 3318 855 3370 vel
884 3317 1157 3372 auditores
1186 3320 1268 3371 vel
1294 3319 1507 3387 judices
1534 3321 1680 3373 ﬁant.

169 3396 517 3460 Verumtamen
555 3407 599 3461 si
628 3407 911 3475 probabile
942 3408 1035 3461 tibi
1077 3408 1307 3471 videtur,
1343 3411 1483 3462 inter
1507 3426 1684 3466 moras

162 3501 231 3551 θεν
260 3507 371 3561 quae
410 3496 463 3549 in
507 3498 935 3550 controversiam
974 3497 1158 3551 venire
1195 3514 1353 3567 posse
1382 3502 1681 3568 opinamur,

161 3576 281 3632 inter
301 3587 657 3655 nosmetipsos
685 3587 836 3654 prius
854 3585 1295 3652 discutiamus,et
1318 3591 1687 3659 unusquisque

158 3679 402 3740 nostum,
433 3692 551 3731 cum
588 3692 711 3746 quam
740 3678 1083 3745 proponenda
1115 3679 1222 3731 sint
1244 3690 1296 3732 et
1322 3696 1439 3747 quae
1463 3696 1685 3748 reSpou-

161 3754 336 3819 denda.
368 3765 704 3833 cognoverit,
744 3763 883 3831 apud
914 3763 1262 3831 semetipsum
1297 3773 1604 3833 pertractet,
1641 3765 1685 3819 si

157 3857 283 3902 recte
309 3866 366 3905 se
393 3852 648 3918 habeant,
683 3862 776 3906 aut
801 3854 845 3905 si
876 3852 1118 3906 invenire
1147 3854 1342 3921 poterit
1364 3854 1565 3922 aliquid
1585 3855 1684 3907 ad-

94 3944 103 3981 ι
152 3942 405 3996 versarius
432 3945 580 4012 quod
606 3944 851 4013 objiciat,
882 3951 975 3995 aut
996 3957 1102 4010 quo
1130 3943 1339 4010 objecta
1372 3944 1681 4000 frustretur.

154 4025 201 4079 Si
230 4045 347 4085 vero
377 4047 442 4086 ex
467 4035 619 4087 omni
652 4035 841 4097 latere,
876 4048 995 4101 qua:
1026 4045 1056 4083 a
1083 4034 1239 4086 nobis
1266 4032 1497 4087 dicenda
1528 4044 1679 4099 sunt,

146 4115 381 4174 claruerit
414 4137 536 4178 esse
568 4123 799 4185 inunita,
834 4122 907 4175 ita
932 4122 1147 4176 demum
1180 4124 1511 4179 confidenter
1539 4142 1685 4194 quaa-

146 4206 323 4264 stionis
368 4211 584 4266 ineatur
632 4212 937 4266 exordium.
994 4211 1059 4263 Et
1093 4213 1309 4281 quidem
1337 4213 1379 4244 "
1407 4228 1525 4268 mea
1572 4217 1683 4271 haec

140 4304 214 4347 est
260 4304 555 4368 sententia,
606 4304 752 4372 quod
803 4313 925 4355 ante
960 4304 1138 4357 omnia
1180 4304 1383 4373 requiri
1415 4314 1680 4375 oporteat,

1784 3150 1959 3189 rorem
1990 3135 2055 3189 de
2093 3136 2285 3190 animis
2316 3136 2599 3204 expellere,
2632 3136 2839 3189 meliori
2869 3137 3133 3189 sententia
3163 3134 3330 3187 mani-

1785 3224 1979 3279 festum
2013 3226 2238 3288 habens,
2275 3226 2417 3295 quod
2439 3226 2841 3295 dispensatione
2864 3225 2991 3278 boni
3022 3224 3134 3290 Dei,
3166 3227 3327 3277 etiam

1782 3317 1925 3385 quod
1953 3317 2281 3369 contrarium
2315 3325 2552 3385 putatur,
2586 3323 2828 3370 vertatur
2864 3316 2918 3367 in
2949 3316 3153 3369 melius.
3191 3315 3326 3368 Pro-

1783 3417 1902 3477 pter
1929 3407 2092 3476 quod,
2125 3421 2157 3459 0
2188 3406 2457 3468 Clemens,
2488 3406 2800 3457 etiamnunc
2830 3420 2939 3457 non
2964 3413 3015 3456 te
3044 3405 3328 3458 contristet
3374 3465 3386 3474 _

1784 3497 1920 3566 Magi
1954 3495 2191 3551 Simonis
2219 3497 2319 3549 ista
2343 3495 2548 3548 dilatio.
2573 3494 2749 3548 Credo
2769 3495 2911 3547 enim
2940 3493 3083 3563 quod
3112 3508 3206 3561 per
3234 3493 3325 3548 Dei

1783 3587 2172 3657 providentiam
2214 3592 2425 3654 gestum
2474 3586 2543 3637 sit
2594 3582 2661 3635 ad
2711 3583 2997 3635 utilitatem
3042 3589 3219 3643 tuam,
3268 3588 3328 3637 ut

1786 3682 1986 3750 possim
2027 3681 2124 3734 ti’bi
2171 3681 2432 3733 rationem
2467 3678 2588 3731 ﬁdei
2624 3688 2850 3740 nostrae,
2886 3677 2939 3728 in
2978 3676 3080 3729 hac
3124 3685 3325 3745 septem

1783 3771 1991 3824 dierum
2030 3768 2617 3837 comperendinatione,
2645 3769 2847 3834 absque
2884 3766 3065 3834 aliquo
3097 3767 3326 3834 strepitu

1783 3876 1880 3931 per
1907 3861 2151 3913 ordinem
2178 3874 2340 3913 conse
2362 3866 2571 3926 [uenter
2593 3871 2859 3925 exponere
2886 3855 3178 3909 secundum
3211 3863 3325 3907 tra-

1782 3951 2042 4005 ditionem
2063 3950 2106 3980 τί
2136 3949 2247 4002 veri
2278 3948 2570 4017 prOphetaa,
2593 3948 2685 4014 qui
2718 3947 2865 3999 solus
2887 3946 3009 4006 scit,
3039 3960 3158 4014 qua:
3186 3944 3327 4015 facta

1784 4050 1944 4105 sunt,
1980 4048 2037 4094 ut
2070 4040 2209 4093 facta
2241 4038 2369 4098 sint,
2406 4045 2457 4092 et
2488 4053 2606 4106 quin
2636 4036 2791 4100 fiunt,
2823 4045 2881 4089 ut
2922 4036 3070 4098 fiant,
3103 4052 3328 4104 quaeque

1782 4136 1979 4191 erunt,
2031 4139 2088 4182 ut
2134 4135 2324 4191 erunt;
2376 4140 2496 4194 quae
2540 4132 2719 4179 tamen
2772 4124 3054 4178 manifeste
3110 4126 3327 4193 quidem

1783 4221 1946 4283 dicta,
1969 4236 2076 4272 non
2101 4204 2279 4271 tamen
2305 4216 2588 4270 manifeste
2618 4216 2817 4284 scripta
2843 4223 2987 4279 sunt,
3014 4216 3066 4268 in
3096 4223 3324 4276 tantum,

1786 4318 1844 4364 ut
1866 4325 1987 4363 cum
2018 4311 2290 4379 leguntur,
2325 4307 2549 4375 intelligi
2579 4306 2696 4359 sine
2727 4308 3031 4377 expositore
3064 4322 3169 4358 non
3203 4321 3328 4373 pos-

142 4386 258 4451 quid
295 4391 363 4443 sit
389 4393 636 4446 omnium
686 4391 920 4461 primum
942 4431 956 4456 ,
1012 4393 1211 4462 quidve
1260 4372 1675 4462 immediatum,
1712 4372 1760 4430 υ
1786 4401 1894 4456 sint
1935 4372 2154 4469 propter
2190 4406 2471 4467 peccatum
2498 4372 2641 4465 quod
2669 4372 3327 4457 coadolevithorninibus,

136 4480 268 4543 quod
296 4484 457 4537 etiam
487 4498 715 4539 causam
743 4498 864 4538 esse
892 4484 1131 4537 omnium
1159 4500 1277 4553 quae
1301 4498 1445 4553 sunt,
1479 4490 1679 4543 docen-

136 4564 252 4621 dum
278 4579 388 4637 est;
419 4574 620 4628 deinde
651 4580 845 4627 cuncta
884 4588 1002 4643 qua:
1039 4584 1190 4638 sunt,
1223 4576 1269 4629 si
1319 4576 1461 4632 facta
1511 4591 1676 4644 sunt,

1786 4492 1926 4546 sicut
1953 4490 2203 4558 superius
2232 4490 2485 4543 diximus.
2526 4486 2730 4540 Idcirco
2764 4486 2927 4554 igitur
2959 4483 3329 4549 explanahun-

1785 4588 1875 4634 tur
1900 4580 1994 4634 tibi
2028 4595 2124 4649 per
2151 4595 2235 4632 me
2270 4579 2473 4644 omnia,
2505 4584 2564 4631 ut
2592 4576 2647 4629 in
2680 4575 2764 4628 bis
2789 4590 2907 4643 qua:
2939 4574 3140 4641 scripta
3182 4579 3326 4636 sunt,

206 4705 257 4793 ξς
287 4707 981 4793 [ξιραωεηι-τ-Ιερρνὶᾳῑιιν
1008 4713 1204 4793 agnitio
1243 4730 1346 4767 non
1383 4719 1695 4788 iegunturin
1722 4732 1950 4793 utroque
1978 4723 2327 4793 codd.Lipss.
2405 4724 2450 4753 ⁷⁰
2488 4721 2556 4774 Et
2583 4719 2820 4774 ideo—in
2846 4712 3025 4770 melius
3054 4709 3250 4764 desunt
3276 4711 3330 4764 in

132 4774 278 4829 codd.
322 4774 501 4850 Lipss.
599 4780 643 4812 ⁷³
679 4774 969 4833 Secundum
1001 4774 1675 4859 traditionem—agnoscas

1784 4774 2385 4861 anni—'i'n‘edddf'ﬁpés.

1407 4954 1763 5015 COTELERII
1810 4959 2037 5015 NOTAE.

195 5112 305 5180 (16)
342 5113 593 5176 Secessit,
625 5124 682 5167 ut
712 5114 881 5166 cibum
907 5121 1108 5180 caperet
1127 5128 1240 5164 cum
1261 5113 1394 5180 suis,
1419 5125 1522 5171 etc.
1550 5118 1681 5173 Pas-

135 5194 233 5252 sim?
261 5183 389 5252 rhic.
438 5184 599 5252 Apud
650 5179 1000 5243 Athanasium
1046 5180 1164 5245 Lib.
1208 5179 1297 5252 _de
1337 5184 1677 5252 Avirginitate,

134 5260 188 5328 ρ..
218 5251 402 5305 1052⁴ε
445 5248 578 5328 fedv
605 5252 661 5304 δὲ
690 5252 879 5328 eapse?)
913 5248 1285 5328 κατηχουμένῃ
1332 5249 1392 5328 ἐγ
1417 5248 1681 5328 τ’ραῑτέζῃζ

136 5312 204 5385 μὴ
236 5321 578 5388 συνευχέσθω
613 5312 879 5388 μετὰέτῶίὶ
914 5312 1291 5388 emendos;
1326 5319 1402 5388 μὴ
1448 5312 1686 5386 iudicii}

140 5337 204 5385 μη
236 5337 578 5388 συνευχεσυω
653 5337 746 5372 ετα
773 5337 877 5370 των
914 5337 1143 5379 πιστων,
1175 5337 1291 5366 ouo:
1326 5337 1402 5388 μη
1448 5337 1679 5386 καυισεις

140 5390 314 5452 φαγεῖν
340 5388 434 5440 τὸν
462 5337 656 5457 ψωμῶ
683 5405 773 5440 σου
809 5390 919 5457 μετ’
948 5384 1131 5457 αὐτῆς.
1164 5382 1555 5449 Capitularium
1588 5393 1679 5446 lib.

139 5439 362 5525 vlicap.
478 5439 639 5512 ⁸εΝοὶι
670 5439 820 5509 liceat
851 5439 1123 5525 baptizal't's
1154 5439 1263 5525 cuni
1293 5439 1683 5525 cateclzruineu-ia

141 5519 467 5587 manducare,
491 5541 585 5576 nec
603 5525 832 5577 osculum
858 5519 928 5576 eis
956 5522 1100 5595 dare,
1132 5519 1207 5595 vel
1228 5535 1315 5571 ave
1338 5522 1453 5575 illis
1472 5525 1680 5580 dicere:

145 5603 325 5654 quanto
373 5594 539 5652 maais
603 5587 1218 5661 cumexcommunicatis
1270 5596 1338 5639 ab
1415 5596 1679 5661 episcopo,

147 5673 362 5714 autcum
391 5661 709 5730 gentilibus?
739 5660 1018 5728 Episcopus
1050 5662 1220 5707 tamen
1245 5671 1372 5709 cum
1404 5659 1680 5717 Consuan-

1771 5123 1900 5185 1tino
1930 5118 2533 5193 imperatoremondum
2572 5115 2841 5193 baptizata
2881 5110 3327 5193 epulatosfuisse

1787 5194 1942 5246 testis
1982 5183 2065 5245 est
2113 5190 2215 5244 fide
2256 5189 2449 5257 dignus
2482 5183 2762 5247 Eusebius,
2785 5183 3065 5257 quamvis
3076 5183 3155 5257 _ei.
3191 5183 3325 5257 nolit

1785 5262 2007 5315 credere
2055 5248 2385 5326 Nicephorus
2449 5257 2719 5326 Callistus.
2751 5248 2884 5326 Δ8ὲεί
2934 5248 3323 5326 et__Cli_ris-t.iani

1787 5329 1938 5383 multi
1970 5344 2077 5381 non
2115 5317 2249 5379 adeo
2283 5340 2311 5378 a
2344 5326 2563 5395 paganis
2596 5323 2970 5395 rgfugiehautL
2993 5317 3146 5395 Unde
3178 5318 3324 5371 Non-

1786 5414 1908 5450 nam
1941 5404 2164 5450 matrem
2199 5386 2359 5447 suam'
2390 5386 2570 5447 laudat
2609 5386 2897 5457 Gregorius
2929 5386 3320 5447 Nazianzenus,

1785 5467 1926 5534 quod
1969 5468 2316 5534 cibu_m_euin
2357 5461 2618 5516 idolorum
2657 5460 2951 5534 cultoribus
2986 5470 3322 5534 communem

1786 5525 2061 5603 nunquam,
2094 5531 2366 5603 habuerit,
2403 5528 2789 5603 ‘nec_gen_til_is;
2817 5528 3027 5603 femina:
3072 5525 3327 5603 manibus

1784 5596 2025 5659 dextram
2053 5601 2315 5670 injcccrit,
2358 5607 2448 5653 aut
2479 5596 2623 5656 labra
2657 5596 2821 5653 labris
2853 5596 3148 5651 miscuerit.
