3872 6344
485 309 624 366 1ἳ19
1373 307 1425 361 S.
1467 302 1864 359 CLEMENTIS
1904 304 1923 358 1
1960 304 2028 361 11(

2166 298 2372 358 PONT.
2409 297 2636 355 OPEBA
2672 297 2899 353 DUBIA.
3602 300 3734 356 1920

480 424 721 481 dilucide
772 438 893 494 qua:
951 424 1023 478 sit
1068 421 1339 477 sententia
1389 422 1721 492 legislatoris
1764 435 2051 491 agnoscas.
2084 428 2130 484 Α
2161 436 2265 474 non
2297 417 2501 480 omnia,
2533 418 2660 486 quia
2692 424 2950 483 tanquam
2980 415 3270 469 vernacula
3305 416 3509 470 animae
3530 425 3734 474 mearet

551 514 716 569 XXII.
748 516 994 587 Cumque
1026 514 1143 568 haec
1180 514 1432 580 dixisset,
1461 529 1734 585 exponere
1779 514 1909 567 mihi
1940 514 2056 567 sin-
2156 511 2396 580 ingenita
2422 509 2612 563 efferta
2646 517 2794 571 sunt,
2828 523 2950 578 qua:
2974 507 3181 562 dixisti.
3207 507 3454 562 Nimium
3486 510 3635 564 enim
3661 513 3735 567 si-

481 608 605 679 gula
648 608 716 663 de
764 608 889 671 his,
951 624 1073 677 qua:
1117 607 1173 661 in
1220 606 1524 676 quaestione
1562 621 1687 661 esse
1731 606 2056 660 videbantur
2155 603 2311 657 tieuti
2352 602 2484 656 mihi
2516 601 2897 656 dulcissimum
2928 602 3183 671 poculum
3225 603 3549 670 porrexisti.
3582 601 3648 657 Et
3671 621 3736 660 ne

478 698 615 769 legis
644 698 900 769 capitulis
934 698 1101 767 ccepit
1125 738 1139 761 ,
1169 698 1238 752 ab
1267 697 1424 751 initio
1470 707 1736 751 creatura:
1777 712 1949 767 usque
1985 696 2052 749 ad
2152 702 2313 766 putes
2330 695 2397 757 ⁷⁸,
2431 693 2576 764 quod
2604 708 2788 747 rerum
2814 694 3121 757 immemor,
3151 694 3336 748 verbis
3366 704 3420 749 te
3447 710 3734 766 occupem,

478 791 534 846 id
561 791 847 861 temporis,
872 806 982 861 quo
1008 790 1074 845 ad
1100 806 1223 845 eum
1255 789 1560 844 Caesaream
1585 789 1874 844 devolutus
1905 804 2046 843 sum.

477 881 605 937 Haec
636 882 770 936 mihi
814 882 1027 945 dicens,
1068 882 1258 937 dilatio
1290 882 1530 936 Simonis
1564 882 1827 944 contulit,
1868 889 1928 934 ut
1953 895 2051 950 per

474 975 723 1029 ordinem
750 984 951 1029 cuncta
974 990 1385 1045 cognoscerem.
1417 975 1588 1039 Alias,
1620 975 1817 1044 inquit,
1850 990 2048 1030 secun-

475 1065 604 1119 dum
645 1081 709 1119 ea
753 1081 874 1135 qua:
920 1067 1300 1136 opportunitas
1342 1068 1613 1122 sermonis
1656 1066 1922 1133 attulerit,
1978 1066 2049 1120 de

474 1153 707 1224 singulis
738 1156 1068 1225 quibusque,
1104 1172 1225 1226 quae
1248 1172 1394 1211 nunc
1423 1157 1866 1226 compendiosius
1906 1156 2048 1210 dixi-

472 1261 619 1309 mus,
664 1246 829 1301 latius
857 1248 1213 1313 disseremus,
1249 1258 1308 1304 ut
1337 1250 1636 1305 secundum
1678 1265 1739 1305 ea
1767 1265 1889 1319 qua:
1927 1250 2046 1320 pol-

470 1338 655 1394 licitus
705 1354 824 1394 sum
871 1340 993 1404 tibi,
1036 1343 1251 1412 plenius
1277 1344 1344 1399 de
1365 1344 1619 1398 omnibus
1642 1343 2045 1413 perfectiusque

468 1446 769 1504 cognoscas
791 1436 860 1489 τ’.
907 1434 1045 1501 Quia
1071 1450 1201 1505 ergo
1249 1435 1508 1491 hodierna
1557 1436 1736 1489 adhuc
1758 1434 1919 1489 nobis
1946 1452 2042 1489 su-

467 1534 651 1595 perest
671 1526 810 1591 dies,
844 1543 907 1581 ex
934 1528 1018 1581 his
1049 1543 1169 1597 quae
1199 1528 1364 1582 dilata
1396 1535 1544 1591 sunt,
1579 1530 1703 1583 volo
1728 1530 1825 1583 tibi
1850 1546 2043 1585 rursus

465 1633 531 1671 ea
557 1632 679 1687 quae
713 1618 858 1672 dicta
884 1633 1013 1674 sunt
1042 1620 1279 1674 breviter
1302 1621 1522 1684 iterare,
1555 1627 1614 1673 ut
1638 1620 1812 1691 magis
1843 1622 1941 1675 tibi
1973 1623 2039 1676 ad

468 1709 786 1762 memoriam
840 1719 1191 1766 revocentur.
1237 1709 1301 1764 Et
1349 1711 1475 1765 exin
1523 1711 1689 1781 coepit
1735 1712 1839 1766 hoc
1879 1715 2040 1769 modo

2147 787 2260 855 jam
2297 802 2445 840 nunc
2488 800 2612 856 qua:
2641 785 2787 838 dicta
2818 790 2947 838 sunt
2976 786 3033 839 in
3065 787 3391 839 memoriam
3422 788 3734 853 revocabo;

2152 878 2207 931 in
2236 894 2348 949 quo
2381 893 2468 931 me
2500 876 2796 946 plurimum
2825 876 2980 945 juvat
3008 876 3146 929 ordo
3173 876 3575 946 disputationis
3611 886 3731 932 tuas.

2150 969 2365 1023 Etenim
2415 969 2544 1039 quia
2596 976 3002 1036 consequenter
3034 966 3241 1020 directa
3274 974 3406 1021 sunt
3447 977 3508 1023 et
3547 969 3735 1024 librate

2148 1059 2422 1122 ordinata,
2455 1076 2579 1130 quae
2612 1059 2776 1123 dicis,
2802 1057 3009 1112 idcirco
3036 1068 3090 1112 et
3124 1057 3284 1112 facile
3311 1058 3379 1111 ad
3412 1060 3731 1113 memoriam

2146 1152 2359 1208 ordinis
2402 1152 2489 1207 sui
2536 1150 2696 1205 lineis
2741 1158 3091 1205 revocantur.
3130 1149 3359 1204 Multum
3393 1164 3643 1219 namque
3669 1152 3731 1204 ad

2146 1244 2548 1300 recordandum
2599 1242 2823 1313 prodest
2865 1242 3002 1295 ordo
3054 1241 3373 1309 dictorum;
3424 1257 3558 1295 cum
3591 1244 3729 1297 enim

2146 1338 2388 1392 recolere
2424 1337 2638 1406 singula
2679 1351 2775 1404 per
2822 1335 3268 1404 consequentiam
3320 1336 3603 1405 cii-peris,
3648 1335 3728 1389 ubi

2144 1428 2351 1498 aliquid
2383 1428 2559 1495 deest,
2594 1427 2780 1482 statim
2812 1442 3009 1482 sensus
3046 1426 3297 1496 inquirit,
3326 1436 3382 1479 et
3412 1442 3544 1479 cum
3582 1426 3732 1480 inve.

2143 1521 2305 1583 nerit,
2344 1527 2546 1582 servat,
2594 1526 2689 1572 aut
2729 1526 2901 1579 certe,
2934 1518 2981 1572 si
3012 1518 3348 1588 investigare
3370 1519 3673 1588 nequierit,
3699 1533 3727 1571 a

2143 1613 2412 1682 magistro
2443 1612 2724 1681 requirere
2755 1627 2865 1665 non
2897 1610 3119 1681 pigebit.
3157 1609 3263 1664 Sed
3302 1627 3372 1665 ne
3404 1626 3621 1664 moram
3652 1610 3729 1663 ia-

2142 1705 2281 1757 ciam
2312 1704 2367 1756 in
2399 1702 2677 1758 reddendo
2695 1718 2758 1757 ea
2784 1718 2905 1772 quae
2935 1703 3118 1772 poscis
3141 1718 3171 1757 a
3201 1718 3309 1767 me,
3338 1713 3585 1757 retexam
3609 1702 3728 1757 bre-

465 1800 741 1855 mentibus
785 1802 922 1857 meis
954 1803 1213 1857 innovare
1242 1817 1363 1871 qua:
1406 1801 1624 1857 dixerat
1659 1822 1672 1858 :
1718 1802 2036 1871 Meministi,
2071 1783 2113 1837 Β
2141 1798 2281 1853 viter
2305 1812 2426 1867 qua:
2462 1796 2529 1851 de
2566 1796 2813 1851 veritatis
2841 1797 3162 1851 deﬁnitione
3188 1796 3494 1851 tradidisti.

462 1904 498 1943 ο
526 1891 702 1946 amice
747 1891 1031 1954 Clemens,
1065 1909 1186 1962 quae
1215 1894 1348 1947 mihi
1382 1893 1545 1949 fuerit
1587 1896 1654 1950 de
1695 1906 1900 1951 aeterno
1936 1914 2039 1953 sae-

462 1982 608 2044 culo,
624 1998 687 2037 ac
721 1982 881 2037 ﬁnem
912 1984 1504 2047 nescientemarratin?
1527 1986 1663 2040 Tum
1694 2004 1793 2059 ego
1830 2006 1842 2040 :
1869 1990 2035 2054 Nihil,

462 2072 708 2143 inquam,
741 2089 775 2129 ο
816 2073 994 2139 Petre,
1030 2077 1325 2147 aliquando
1354 2079 1634 2147 retinebo,
1664 2080 1708 2136 si
1744 2081 1848 2137 hoc
1877 2083 2038 2137 omit-

459 2171 576 2218 tere
605 2172 699 2218 aut
727 2166 977 2220 oblivisci
1012 2175 1261 2237 potuero.

529 2254 723 2311 XXIII.
755 2256 823 2311 Et
852 2256 1047 2313 Petrus
1091 2259 1327 2314 libenter
1369 2260 1473 2315 hac
1512 2276 1631 2317 mea
1675 2264 2037 2332 responsione

458 2358 749 2417 suscepta:
783 2346 1042 2403 Gratulor
1070 2350 1187 2414 tibi,
1223 2352 1421 2420 inquit,
1455 2352 1601 2422 quod
1634 2355 1707 2407 ita
1738 2356 2037 2426 responde-

457 2437 559 2500 ris,
582 2446 637 2493 et
667 2454 776 2493 non
799 2439 946 2509 quod
968 2440 1083 2496 tunc
1115 2442 1233 2512 ipsa
1264 2442 1425 2500 facile
1451 2444 1605 2502 dicas
1625 2447 1691 2508 ⁷³,
1728 2448 1821 2502 sed
1849 2456 1902 2502 te
1931 2465 2037 2503 me-

457 2528 687 2585 minisse
714 2532 1043 2600 protuleris;
1073 2549 1195 2605 qua:
1224 2536 1369 2590 enim
1399 2553 1615 2592 summa
1638 2550 1787 2605 sunt,
1813 2539 2035 2595 silentio

454 2619 718 2675 honorari
755 2622 968 2677 volunt.
1022 2624 1107 2679 Ad
1138 2624 1297 2680 ﬁdem
1342 2634 1527 2698 tamen
1564 2645 1783 2693 eorum,
1814 2647 1936 2698 quae
1967 2632 2034 2688 de

453 2710 826 2769 ineﬁ'abilibus
846 2715 1169 2786 meministi,
1187 2718 1275 2772 dic
1298 2693 1420 2788 qu'ae
1451 2720 1655 2775 retines
1684 2737 1746 2775 ex
1778 2693 1886 2789 his,
1911 2739 2033 2794 qua:

451 2804 662 2860 inloco
693 2808 938 2863 secundo
986 2824 1017 2863 a
1059 2810 1220 2866 nobis
1259 2810 1404 2865 dicta
1454 2822 1602 2878 sunt,
1646 2831 1766 2884 qua:
1797 2815 2027 2886 proferri

453 2893 616 2953 facile
656 2907 894 2968 queunt,
942 2908 1000 2954 ut
1046 2903 1337 2972 pervidens
1369 2907 1719 2962 tenacitatem
1752 2910 2031 2964 memoriae

456 2991 584 3049 tuae,
615 2987 681 3041 de
705 2988 907 3056 quibus
938 2991 1081 3054 volo,
1111 3000 1420 3063 promptius
1450 2996 1549 3050 tibi
1581 2997 1840 3063 indicem,
1880 3008 1933 3055 et
1967 3001 2030 3055 li-

451 3075 644 3132 benter
665 3080 924 3147 aperiam.
947 3079 1085 3135 Tum
1098 3096 1218 3152 ego,
1240 3084 1331 3139 ubi
1353 3085 1560 3140 adverti
1578 3102 1699 3142 eum
1718 3091 2025 3146 auditorum

452 3170 713 3223 memoria
742 3170 998 3240 gaudere,
1031 3171 1151 3227 Non
1182 3175 1380 3241 solum,
1410 3177 1655 3246 inquam,
1692 3180 2024 3239 deﬁnitionis

451 3264 558 3311 tua:
595 3272 808 3345 memor
844 3276 998 3328 sum,
1030 3263 1125 3317 sed
1164 3271 1218 3319 et
1265 3266 1643 3334 praeﬁnitionis
1688 3272 1855 3336 illius,
1902 3291 2024 3345 quae

452 3348 579 3395 ante
607 3341 973 3399 deﬁnitionem
1007 3349 1181 3417 posita
1223 3361 1327 3415 est,
1352 3359 1405 3407 et
1442 3356 1686 3411 omnium
1732 3374 1868 3428 pene
1899 3341 2022 3432 quas

450 3431 777 3499 exposuisti,
808 3449 1031 3489 sensum
1080 3438 1352 3510 integrum
1384 3458 1575 3512 servo,
1608 3447 1825 3504 etiamsi
1855 3431 2018 3507 verba

2210 1886 2402 1942 XXIV.
2447 1885 2582 1941 Erat
2613 1902 2853 1957 semper,
2885 1895 2940 1942 et
2974 1896 3081 1954 est,
3129 1895 3185 1943 et
3229 1889 3337 1944 erit
3382 1889 3527 1943 illud
3557 1904 3588 1941 a
3618 1904 3727 1959 quo

2139 1976 2315 2048 prima
2338 1978 2593 2031 voluntas
2622 1978 2804 2047 genita
2842 1980 3280 2046 sempiternitate
3309 1988 3555 2047 constat,
3582 1988 3637 2035 et
3661 1997 3724 2035 ex

2137 2070 2315 2140 prima
2366 2071 2646 2126 voluntate
2696 2070 2892 2125 iterum
2949 2072 3203 2126 voluntas
3235 2071 3372 2143 (17).
3423 2070 3563 2126 Post
3615 2072 3723 2127 hac

2137 2163 2398 2225 mundus,
2432 2178 2498 2217 ex
2531 2162 2734 2216 mundo
2763 2169 3000 2231 tempus,
3035 2180 3100 2216 ex
3130 2164 3234 2217 hoc
3269 2163 3565 2216 hominum
3589 2166 3724 2217 mul-

2136 2256 2335 2320 titudo,
2355 2272 2420 2311 ex
2447 2255 2794 2311 multitudine
2815 2257 3010 2313 electio
3038 2257 3362 2320 amicorum,
3394 2272 3463 2311 ex
3488 2272 3719 2327 quorum

2137 2348 2500 2404 unanimitate
2522 2348 2810 2418 paciﬁcum
2834 2347 3177 2403 construitur
3214 2348 3308 2402 Dei
3335 2364 3593 2418 regnum.
3622 2349 3721 2403 lle—

2137 2442 2283 2511 liqua
2314 2454 2477 2502 vero,
2512 2455 2633 2507 qua:
2671 2439 2786 2493 haec
2823 2440 3085 2509 consequi
3139 2441 3405 2494 deberent
3430 2478 3444 2501 ,
3488 2440 3630 2493 alias
3670 2450 3721 2495 te

2134 2534 2267 2588 mihi
2308 2533 2589 2588 dicturum
2624 2547 2748 2587 esse
2778 2532 3130 2602 promiseras.
3162 2529 3295 2585 Post
3325 2531 3465 2592 haec,
3501 2545 3632 2584 cum
3654 2530 3720 2584 de

2133 2634 2386 2680 creatura
2409 2625 2597 2679 mundi
2622 2623 2997 2693 exposuisses,
3017 2622 3393 2677 deﬁnitionem
3413 2621 3537 2685 Dei,
3557 2637 3718 2693 quam

2133 2718 2188 2772 in
2217 2728 2518 2787 conspectu
2555 2717 2801 2772 omnium
2826 2716 3131 2786 primorum
3166 2716 3491 2785 angelorum
3526 2714 3594 2769 de
3623 2730 3720 2771 sua

2132 2811 2417 2866 voluntate
2446 2810 2723 2882 promisit,
2765 2824 3039 2880 quamque
3074 2816 3335 2864 aeternam
3367 2809 3551 2873 legem
3586 2824 3720 2863 cun-

2129 2904 2237 2959 ctis
2256 2905 2470 2968 statuit,
2493 2904 2778 2969 intimasti,
2804 2912 2859 2959 et
2880 2903 3026 2975 quod
3048 2903 3158 2958 duo
3184 2918 3355 2974 regna
3372 2904 3491 2975 (18)
3512 2905 3716 2973 posuit,

2130 2996 2418 3068 praesentis
2446 2994 2571 3049 dico
2610 2994 2877 3063 temporis
2902 3002 2957 3048 et
2987 2993 3178 3056 futuri,
3207 3001 3261 3048 et
3292 3002 3550 3063 tempora
3580 2994 3719 3047 utri-

2130 3103 2239 3157 que
2286 3087 2597 3151 constituit,
2632 3086 2939 3155 statuitque
2978 3085 3287 3155 esspectari
3313 3085 3519 3153 judicii
3547 3085 3714 3147 diem,

2132 3194 2294 3248 quam
2317 3178 2432 3248 ipse
2457 3177 2723 3239 deﬁnivit,
2755 3177 2810 3230 in
2838 3192 2945 3245 qua
2972 3175 3221 3230 habenda
3253 3176 3325 3230 sit
3353 3191 3568 3238 rerum,
3601 3178 3718 3229 ani-

2132 3286 2458 3340 marumque
2485 3269 2770 3332 discretio,
2802 3276 2863 3321 ut
2904 3267 3056 3336 impii
3082 3267 3302 3336 quidem
3340 3283 3445 3336 pro
3473 3267 3717 3337 peccatis

2130 3362 2249 3417 suis
2281 3362 2392 3431 igni
2429 3361 2719 3415 tradantur
2747 3369 2976 3423 aeterno,
3009 3358 3062 3412 hi
3094 3374 3224 3413 vero
3273 3359 3368 3428 qui
3409 3357 3713 3413 secundum

2126 3452 2465 3508 voluntatem
2499 3451 2802 3506 conditoris
2831 3449 2926 3505 Dei
2963 3450 3231 3512 vixerint,
3262 3464 3364 3519 pro
3393 3450 3560 3504 bonis
3588 3466 3715 3519 ope-

497 3563 674 3656 l’nUl
700 3568 1359 3656 '{egundum—cognoscas
1388 3578 1595 3656 desunt
1626 3582 1680 3636 in
1722 3584 1880 3639 codd.
1916 3584 2091 3655 Lipss.
2168 3588 2215 3619 "
2275 3599 2325 3639 et
2355 3604 2457 3641 non
2489 3584 2698 3656 quod—
2720 3584 2939 3639 libenter
2963 3583 3195 3656 aperiam
3227 3580 3433 3656 desunt
3454 3581 3712 3656 _in_codd.

656 3638 895 3728 _::Quze
920 3632 1224 3711 sequuulur
1247 3632 1880 3725 usqueadillavcapiwz‘iwl’i
2191 3678 2206 3714 :
2229 3632 2673 3728 'EingEiBn
2966 3632 3710 3722 tibi;

452 3703 587 3761 Vide
614 3703 826 3776 praefat.

1721 3874 2091 3931 COTELERII
2140 3877 2373 3934 NOT/E.

523 4014 643 4087 (l7),
682 4014 748 4069 Et
782 4032 848 4071 ea:
882 4017 1057 4087 prima
1097 4014 1365 4070 voluntate
1396 4018 1584 4071 iterum
1630 4020 1893 4073 voluntas.
1950 4020 2025 4076 De

452 4087 590 4160 Filio
616 4086 868 4160 Qltﬂnens
906 4088 1309 4160 Alexandrinus
1353 4087 1574 4160 l’wdag.
1604 4106 1690 4150 Ill,
1716 4105 1836 4158 cap.
1873 4092 1969 4145 IIII.
2006 4109 2019 4144 :

448 4156 654 4230 ᾁγαϐοὖ
684 4157 897 4230 Πατρδς
934 4156 1410 4230 ἀγαθὸνᾼβοιρκημα
1432 4175 1444 4187 ·
1479 4156 1677 4219 Sirom.
1713 4174 1766 4222 v,
1785 4156 1850 4228 'p.
1874 4162 1977 4214 547
2004 4179 2019 4215 :

449 4226 659 4301 θέλημα
692 4226 1183 4301 τρανέοκρατορξκὰν
1200 4246 1212 4256 ·
1235 4226 1628 4301 Ἱ“‹ξ1ίιιιιιὶειηυδ1
1662 4230 1738 4283 De
1758 4226 2017 4301 oratione,

449 4270 630 4369 ἆρ’ἴῖ
654 4321 676 4369 5
707 4270 827 4366 ιρεὲ
840 4270 965 4351 ἀντη
996 4270 1308 4353 voluntas-ev!
1328 4270 1804 4366 ρόἱὲἓῖὶἱὶϊαῖἧὲξ
1821 4270 2023 4355 ᾗῗὸἷυῖ

450 4368 611 4438 geue,
641 4368 717 4422 Ile
739 4370 1009 4438 principiis
1030 4411 1045 4434 ,
1070 4377 1125 4421 et
1155 4370 1280 4424 alibi
1314 4388 1328 4424 :
1362 4368 1539 4423 Natus
1573 4386 1639 4424 ea;
1669 4370 1852 4431 Patre,
1884 4373 2021 4424 velut

450 4440 690 4493 voluntas
746 4456 811 4493 ea:
860 4450 1025 4493 mente
1073 4440 1375 4509 procedens.
1437 4441 1590 4508 Apud
1638 4439 2017 4503 Athanasium,

2129 4020 2238 4074 Deo
2267 4038 2378 4074 esse
2409 4023 2547 4093 quod
2568 4021 2745 4094 relic;
2776 4024 2870 4077 hoc
2898 4023 3046 4087 velle,
3073 4023 3212 4094 quod
3252 4040 3462 4093 sapere,
3496 4036 3555 4081 et
3586 4028 3713 4081 reli-

2129 4108 2257 4159 qua.
2284 4092 2436 4156 Quod
2460 4095 2525 4145 ad
2556 4092 2813 4162 Spiritum
2838 4092 3335 4164 sanctumspectat,
3360 4099 3713 4153 commodum

2131 4162 2184 4215 in
2204 4158 2536 4216 Bibliotheca
2565 4164 2730 4222 lteaia
2762 4167 2885 4219 cod.
2921 4180 3024 4219 ms.
3065 4165 3225 4222 1026.
3257 4166 3407 4220 istud
3434 4165 3711 4222 [ramen-

2131 4178 2184 4215 ιιι
2204 4178 2536 4216 mmmtneca
2565 4178 2730 4235 magna
2762 4178 2885 4219 coa.
2921 4180 3024 4219 ms.
3065 4178 3225 4228 wzo,
3257 4178 3407 4220 istud
3434 4178 3709 4236 Iragmen-

2128 4239 2244 4305 tum
2276 4242 2465 4287 nostro
2495 4236 2794 4305 ascriptum
2821 4236 3023 4289 inveni.
3061 4234 3197 4289 Illud
3233 4235 3536 4303 rejecimus
3568 4239 3709 4292 intra

2130 4302 2184 4355 in
2216 4305 2516 4373 subjectam
2541 4302 2998 4375 Recbgnitionibus
3022 4302 3369 4376 Appendicem
3391 4304 3710 4362 Monumen-

2127 4381 2323 4437 torum,
2356 4390 2507 4427 num.
2542 4377 2591 4430 1.

2200 4444 2312 4519 (18)
2356 4444 2474 4497 Duo
2507 4445 2885 4519 regna.__Quod
2925 4445 3038 4502 haec
3081 4445 3393 4519 similiaque
3422 4450 3709 4519 complura

448 4517 590 4596 2!’3"-
618 4509 652 4562 ε
681 4519 733 4564 ει
756 4510 1033 4596 ρηςοηιτα
1054 4511 1303 4596 Arines.
1330 4526 1382 4579 ρ-
1410 4510 1535 4596 4.02.
1562 4511 1669 4596 51.4.
1744 4511 2025 4596 eorum

2134 4513 2185 4596 i_n
2208 4509 2331 4569 istis
2347 4509 2673 4596 apocrypbis
2702 4509 3401 4596 Ebi‘onisnium_redolcant,
3426 4509 3708 4596 auctorem

448 4579 659 4652 θέλημα
690 4579 784 4652 τοῦ
820 4582 1049 4652 Πατρός.
1089 4581 1413 4652 Similiaque
1432 4581 1582 4650 legas
1610 4579 1875 4652 VictOrini
1897 4579 2024 4635 ’Δί’τί

449 4650 543 4704 lib.
572 4665 610 4713 ι,
643 4651 892 4704 adversus
931 4650 1139 4715 Arium,
1172 4650 1420 4705 Faustini
1458 4652 1670 4706 diaconi
1701 4651 1769 4705 ad
1798 4650 2026 4707 Flaccil-

451 4720 579 4781 Iam,
618 4720 804 4789 Cyrilli
848 4722 1200 4776 Alexandrini
1230 4731 1416 4774 contra
1445 4722 2022 4790 Anthropomorpln'tas,

447 4805 570 4863 cap.
602 4792 689 4853 id,
734 4801 787 4846 et
834 4793 1089 4855 aliorum,
1108 4793 1195 4863 ge
1230 4792 1429 4863 quibus
1472 4791 1833 4863 Hieronymus
1871 4793 2024 4847 initio

447 4859 975 4918 commentariorum
1009 4863 1061 4915 in
1100 4859 1394 4930 Epistolam
1424 4862 1492 4914 ad
1521 4859 1794 4930 Ephesios,
1825 4872 1880 4918 et
1911 4864 2024 4916 Au-

446 4931 823 5004 gustinusgv,
863 4932 934 4985 De
959 4931 1244 5004 Trinitate,
1290 4932 1381 5004 20,
1414 4947 1625 4986 necnon
1651 4934 1883 4987 duarum
1902 4949 2025 5004 syn-

446 5001 679 5056 odorum
711 5001 1133 5066 Toletanarum,
1185 5003 1406 5057 decima:
1436 5004 1638 5071 quinta:
1685 5018 1750 5055 ac
1796 5001 2023 5057 decima:

447 5082 634 5127 sextae.
665 5071 873 5129 Prioris
905 5075 1058 5127 locus
1092 5075 1146 5126 iu
1174 5074 1317 5127 binis
1342 5073 1550 5128 levibus
1574 5074 1786 5128 mendis
1815 5073 2017 5127 cubat:

446 5142 697 5197 Diximus
720 5159 740 5197 :
783 5143 1040 5198 Voluntas
1084 5143 1260 5213 genuit
1297 5142 1617 5196 voluntatem
1642 5183 1658 5205 ,
1689 5145 1823 5197 sicut
1853 5152 1903 5196 et
1932 5159 2022 5195 sa-

446 5215 641 5271 rientia
665 5216 1004 5285 sapientiam.
1043 5214 1195 5280 Quod
1228 5213 1309 5267 vir
1344 5214 1435 5266 ille
1474 5215 1741 5285 incuriosa
1783 5214 2019 5267 lectionis

448 5284 845 5339 transcursione
864 5286 1190 5355 prwteriens,
1212 5285 1533 5355 existimavit
1562 5284 1671 5338 lucc
1702 5286 1821 5352 ipsa
1848 5286 2020 5355 nonni-

449 5368 536 5425 μα,
568 5357 624 5409 id
640 5353 936 5425 at(legein
954 5366 1047 5408 aut
1063 5354 1657 5425 potiusjuxta,errandi
1678 5355 1898 5410 occasio
1918 5353 2020 5407 fuit

451 5424 708 5498 brevians
732 5424 1036 5498 Scriptura)
1057 5424 1357 5490 relativum,
1381 5434 1473 5478 aut
1489 5426 2018 5498 secundumfompa-

450 5495 708 5550 rationem
728 5494 971 5552 humanae
996 5494 1184 5551 mentis
1223 5513 1317 5549 nos
1347 5497 1602 5563 posuisse.
1630 5504 1737 5550 ctc.
1774 5494 1885 5548 Nos
1916 5510 2017 5547 au—

452 5577 553 5619 tem
603 5584 706 5621 non
754 5570 1037 5622 secundum
1093 5567 1227 5621 hanc
1282 5568 1725 5635 comparationem
1774 5567 2017 5617 humata:

451 5639 659 5702 mentis,
686 5655 774 5691 nec
796 5639 1081 5692 secundum
1103 5638 1399 5700 relativum,
1426 5637 1513 5689 sed
1538 5638 1821 5690 secundum
1842 5652 2016 5688 essen-

452 5708 581 5760 tiam
632 5710 903 5763 diazimus:
942 5709 1194 5763 Voluntas
1230 5723 1295 5762 ex
1334 5709 1634 5769 voluntate,
1674 5709 1809 5760 sicut
1840 5716 1888 5759 et
1926 5723 2017 5759 sa-

451 5780 649 5844 pientia
671 5796 736 5836 ex
765 5782 1045 5849 sapientia.
1075 5778 1189 5833 Hoc
1213 5782 1349 5833 enim
1376 5794 1441 5833 ea;
1469 5777 1658 5851 (dubio
1696 5778 1884 5849 procul
1912 5777 2012 5849 est)

2127 4586 2322 4657 damus
2353 4585 2719 4655 Epiphanium
2752 4586 3023 4642 haereseos
3053 4588 3200 4657 illius
3233 4590 3413 4657 capite
3453 4589 3526 4641 16
3562 4610 3575 4643 :
3608 4592 3709 4643 Δύο

2123 4653 2180 4706 δέ
2210 4672 2380 4722 τινας,
2400 4653 2497 4718 ὥς
2528 4658 2682 4726 ἔφην,
2718 4657 3038 4711 συνιστῶσιν
3060 4659 3124 4710 ἐκ
3152 4653 3704 4780 Θιοῦἲεεταῖειένους

2123 4724 2218 4778 ἕνα
2261 4725 2358 4780 μὲν
2398 4726 2488 4779 τὸν
2518 4727 2749 4780 Χοιστὸν
2773 4769 2788 4780 .
2819 4729 2913 4779 ἕνα
2938 4727 2995 4780 δὲ
3024 4727 3113 4779 τὸν
3151 4726 3417 4780 διάϐολον.
3517 4730 3577 4780 ai.
3620 4732 3704 4780 τὸν

2123 4724 2218 4797 ἕνα
2260 4725 2358 4797 μὲν
2398 4726 2488 4797 τὸν
2518 4724 2749 4797 Χριζστὸν
2773 4769 2788 4793 ,
2819 4729 2913 4779 ἕνα
2938 4727 2995 4780 δὲ
3024 4727 3113 4779 τὸν
3151 4726 3417 4780 διάϐολον.
3460 4724 3577 4782 Καὶ
3620 4732 3707 4783 τὸν

2125 4744 2218 4778 ενα
2303 4744 2358 4777 εν
2398 4744 2488 4779 τον
2518 4744 2749 4797 λριστον
2773 4769 2788 4793 ,
2820 4744 2913 4779 ενα
2938 4744 2995 4780 οε
3024 4744 3113 4779 τον
3151 4744 3417 4780 οιαοολον.
3460 4744 3577 4782 nat
3620 4744 3705 4783 τὸν

2125 4796 2225 4869 μὲν
2255 4744 2487 4869 ﬁmi»
2516 4797 2734 4869 λέγφνσςι
2762 4796 2858 4869 τερῦ
2893 4797 3175 4869 μέλλᾳντος
3200 4797 3397 4860 αἰῶνος
3424 4798 3705 4869 ξίλῃφέναι

2120 4865 2213 4939 τὸν
2243 4865 2461 4939 κλῆρον·
2494 4868 2585 4920 τὸν
2612 4867 2668 4920 δὲ
2682 4865 2955 4939 διάϐολον,
2977 4868 3163 4939 τᾳῦτον
3191 4865 3595 4939 πεπιστεῦσοὼ.
3618 4872 3706 4923 τὸν

2121 4935 2307 5010 al‘ti'iya-
2334 4935 2399 4990 ἔκ
2428 4938 2742 5010 προσταγῆς
2762 4937 2926 5010 δῆθεν
2931 5009 2936 5010 γ
2951 4937 3045 4990 τοῦ
3078 4937 3543 5010 παντοκρὰτρρος,
3568 4940 3706 4993 κατὰ

2121 5006 2336 5078 αἴτησιν
2364 5006 2637 5079 ἑκαέἐρων
2666 5006 2875 5079 acum,
2896 5006 3041 5061 Duos
3063 5048 3077 5071 ,
3113 5017 3169 5061 ut
3192 5006 3315 5079 jam
3344 5006 3463 5061 dixi
3483 5050 3499 5073 ,
3533 5028 3567 5062 ιι
3598 5012 3705 5064 Deo

2119 5079 2433 5134 constitutos
2453 5078 2693 5133 asserunt
2714 5094 2732 5140 ;
2752 5078 3019 5131 Christum
3056 5087 3109 5131 et
3137 5078 3433 5132 diabolum.
3460 5079 3705 5145 Quorum

2119 5147 2203 5200 illi
2246 5150 2434 5214 futuri,
2472 5151 2591 5202 huic
2638 5150 2911 5217 praesentis
2951 5149 3134 5203 seaculi
3169 5157 3402 5215 potestas
3444 5159 3525 5202 est
3568 5168 3705 5205 com-

2119 5219 2286 5290 missa
2310 5234 2329 5273 :
2367 5222 2521 5290 idque
2559 5221 2688 5272 adeo
2719 5220 3091 5288 omnipotentis
3123 5218 3270 5290 illius
3318 5218 3602 5286 mandato,
3635 5222 3702 5274 ad

2113 5288 2801 5359 utriusquepostulationem
2821 5306 2931 5343 esse
2955 5292 3177 5359 factum.
3211 5289 3334 5355 Quo
3356 5305 3423 5343 ex
3453 5292 3579 5346 loco
3612 5292 3701 5345 lux

2118 5367 2297 5432 oritur
2321 5362 2493 5432 alteri
2522 5360 2801 5432 capitis73,
2828 5376 2989 5432 quem
3031 5362 3302 5429 interpres
3349 5360 3700 5432 indiligenter

2120 5432 2173 5483 in
2214 5429 2468 5501 Latinum
2502 5431 2775 5485 convertit
2813 5447 2827 5482 :
2860 5430 3084 5484 Πάντων
3126 5447 3185 5482 τε
3225 5429 3575 5501 κυριεύοντᾶ,
3606 5432 3699 5485 καὶ

2116 5501 2161 5573 ξς
2172 5500 2351 5571 ριστὸν
2377 5501 2647 5570 λέγεσθαι,
2675 5502 2765 5553 τὸν
2792 5503 2969 5554 ἐκεῖσε
2991 5501 3048 5554 δὲ
3082 5501 3257 5573 αἰῶνα
3285 5500 3697 5573 κεκληρῶσθαι.

2117 5570 2234 5626 Hec
2264 5583 2348 5627 est
2387 5590 2401 5625 :
2431 5577 2598 5636 Atque
2631 5576 2864 5626 omnium
2900 5589 3076 5625 rerum
3116 5570 3477 5624 dominatum
3504 5582 3691 5636 tenere,

2116 5652 2166 5694 et
2195 5644 2455 5713 appellari
2490 5643 2763 5698 Christum
2788 5657 2805 5695 :
2836 5646 2889 5697 in
2920 5653 3116 5698 sortem
3152 5658 3270 5696 vero
3304 5644 3571 5709 accepisse
3595 5660 3687 5698 str-

2118 5716 2293 5769 culum
2317 5716 2453 5784 quod
2478 5714 2589 5769 illic
2618 5715 2740 5768 erit.
