3806 6246
204 315 318 372 ηξι

1352 306 1903 363 RECOGNITlONUM
1938 306 2059 360 LIB.
2102 307 2140 359 I.

3187 301 3321 357 ηἳὲ

200 430 333 483 ribus
368 424 729 480 benedictione
771 430 1049 492 suscepta,
1080 420 1381 475 clarissima
1422 420 1542 473 luce
1583 417 1689 471 ful-
1721 423 1763 476 Α
1790 424 1845 469 et
1890 416 1955 469 de
1984 412 2239 467 memoria
2266 413 2424 482 rupit,
2463 412 2623 465 etiam
2648 410 2694 465 si
2709 410 2835 464 velit
2863 406 3055 463 salvari
3086 422 3197 462 non
3227 425 3323 478 po-

198 526 380 588 gcntes,
417 515 702 568 introducti
732 515 799 567 ad
829 522 1079 568 aeternam
1104 513 1283 567 sedem
1301 549 1316 574 ,
1343 517 1396 565 et
1438 511 1490 563 in
1520 510 1697 562 incor-

198 607 420 675 ruptione
460 605 745 669 durantes,
788 603 1134 657 ineﬂ‘abilium
1181 602 1442 655 bonorum
1475 611 1694 652 munera

198 702 378 748 aeterna
410 692 720 760 percipiant.

255 801 405 857 XXV.
447 802 565 855 Ilazc
594 818 675 856 me
707 811 1077 869 prosequente,
1108 800 1302 870 gaudio
1326 799 1572 869 perfusus
1598 799 1694 853 Pc-

197 903 299 947 trus
325 899 374 945 et
403 899 651 958 tanquam
685 905 844 957 super
886 889 992 942 lilio
1030 889 1346 957 tripudians,
1383 904 1448 941 ne
1477 887 1611 939 forte
1640 888 1692 938 in

194 982 495 1049 reliquorum
524 978 775 1031 memoria
802 978 1059 1038 titubans,
1082 977 1448 1031 erubescercm
1479 984 1696 1044 pr0pter

194 1086 273 1125 eos
300 1069 385 1137 qui
411 1068 665 1121 aderant:
695 1052 939 1129 Sufficit,
977 1067 1166 1134 inquit,
1209 1081 1239 1119 o
1270 1066 1553 1129 Clemens;
1583 1065 1696 1117 evi—

193 1159 383 1212 dentius
407 1157 543 1210 enim
571 1159 680 1209 haec
707 1172 863 1224 quam
890 1172 918 1208 a
949 1171 1033 1209 me
1058 1158 1173 1223 ipso
1194 1157 1433 1224 exposita
1463 1155 1691 1215 fuerant,

192 1244 404 1299 edidisti.
431 1243 495 1296 Et
528 1258 626 1312 ego
655 1246 740 1297 aio
767 1263 779 1298 :
813 1243 1073 1297 Narrandi
1096 1244 1359 1306 ordinem,
1383 1253 1434 1297 et
1463 1245 1693 1299 lucidius

192 1347 243 1385 ea
268 1347 377 1400 qua:
402 1347 484 1385 res
524 1332 722 1400 expetit
762 1331 1086 1399 proferendi,
1124 1332 1355 1385 eruditio
1379 1332 1534 1385 nobis
1564 1347 1695 1385 con-

190 1422 297 1474 tulit
322 1422 572 1483 liberalis,
597 1437 701 1489 qua
734 1422 777 1475 si
810 1429 1023 1474 utamur
1046 1423 1100 1475 in
1129 1422 1462 1491 antiquitatis
1498 1424 1695 1477 errori-

190 1511 296 1574 bus,
322 1512 371 1564 in
400 1512 687 1579 perniciem
720 1512 838 1564 vitae
866 1514 1149 1566 ver-borum
1180 1512 1372 1567 decore
1414 1528 1476 1566 ac
1514 1513 1693 1566 suavi-

188 1610 281 1655 tate
316 1602 629 1669 decidimus;
662 1604 705 1657 si
748 1619 875 1657 vero
914 1603 980 1657 ad
1027 1605 1367 1659 asserendam
1412 1604 1689 1658 veritatem

188 1690 513 1746 eruditionem
544 1695 807 1747 sermonis
834 1701 885 1747 et
913 1677 1134 1762 gratiam
1167 1692 1504 1748 conferamus
1524 1732 1537 1753 ,
1563 1701 1692 1762 puto

187 1797 241 1835 ex
275 1782 365 1834 hoc
392 1797 494 1834 non
534 1798 719 1851 parum
753 1783 1000 1836 utilitatis
1036 1784 1260 1851 acquiri.
1292 1782 1686 1844 Verumtamen,

188 1868 250 1920 mi
294 1868 499 1923 domine
547 1869 730 1933 Petre,
763 1878 961 1939 quanta
1008 1886 1093 1924 me
1130 1871 1408 1925 arbitraris
1454 1873 1691 1939 gratula—

189 1956 313 2010 tione
337 1959 617 2022 sublatum,
649 1976 769 2013 cum
804 1960 858 2013 in
889 1961 1095 2013 caeteris
1120 1960 1387 2021 omnibus,
1416 1970 1523 2012 tum
1557 1975 1692 2028 pne-

188 2044 323 2112 cipue
350 2045 401 2097 in
441 2046 586 2100 illius
621 2046 879 2099 doctrinae
924 2045 1206 2107 sententia,
1239 2060 1342 2113 qua
1374 2049 1453 2098 ais
1486 2063 1500 2099 :
1541 2045 1691 2101 Unus

187 2145 258 2188 est
297 2135 450 2199 Deus,
497 2139 651 2206 cujus
697 2153 833 2206 opus
879 2137 1110 2191 mundus
1157 2143 1275 2199 est,
1319 2137 1537 2205 quique.
1566 2137 1690 2205 quia

183 2224 342 2290 justus
378 2234 456 2279 est
499 2226 824 2280 omnimodis
846 2265 861 2289 ,
904 2225 1191 2293 unicuique
1219 2240 1317 2293 pro
1345 2226 1552 2279 actibus
1579 2225 1689 2279 suis

185 2314 365 2369 reddet.
415 2316 478 2369 Et
524 2324 644 2386 post
674 2318 790 2370 haec
817 2315 1102 2379 addidisti,
1135 2315 1357 2370 dicens:
1392 2314 1494 2369 Pro
1536 2316 1691 2384 cujus
1752 2374 1756 2378 Α

184 2403 420 2473 dogmatis
445 2409 743 2461 assertione
766 2408 1041 2461 innumera
1065 2410 1347 2462 verborum
1377 2408 1542 2459 millia
1573 2422 1689 2460 mo~

183 2492 454 2560 vehuntur;
486 2496 577 2550 sed
609 2497 663 2549 in
696 2497 809 2556 his,
851 2497 1044 2564 quibus
1082 2497 1196 2549 veri
1243 2495 1510 2563 prophetae
1555 2509 1689 2547 con-

184 2597 318 2637 cessa
336 2594 413 2638 est
433 2587 674 2649 scientia,
702 2586 876 2639 omnis
899 2588 999 2640 ista
1020 2585 1304 2639 verborum
1330 2585 1461 2638 silva
1481 2585 1690 2638 succisa

183 2679 273 2726 est.
313 2672 373 2725 Et
423 2684 635 2743 propter
672 2676 778 2728 hoc
824 2690 943 2727 cum
976 2676 1105 2727 mihi
1139 2674 1421 2727 tradideris
1457 2674 1522 2726 de
1560 2688 1689 2726 vero

182 2761 415 2828 prapheta
435 2778 759 2826 sermonem,
783 2763 926 2816 omni
950 2779 1033 2817 me
1054 2764 1410 2817 assertionum
1443 2764 1692 2817 ﬁrmitate

182 2847 445 2904 roborasti.
469 2850 596 2904 Inde
616 2850 849 2918 denique
873 2864 971 2917 ego
997 2863 1115 2902 cum
1138 2850 1485 2904 advertissem
1511 2850 1565 2901 in
1590 2850 1690 2901 hoc

179 2954 424 2995 summam
465 2942 630 2996 totius
670 2941 945 3010 religionis
988 2940 1307 3010 pietatisque
1357 2941 1685 3001 consistere,

1796 507 1950 571 terit;
1986 505 2158 574 perdit
2186 504 2325 556 enim
2353 504 2515 565 viain,
2546 515 2649 569 qua
2679 500 2984 569 pervenitur
3032 498 3098 551 ad
3135 499 3318 555 vitam.

1796 594 2019 662 Propter
2047 593 2187 662 quod
2238 607 2301 646 eo
2331 591 2499 658 magis
2526 600 2830 656 repetamus
2861 605 2977 657 quae
3000 589 3140 643 dicta
3173 597 3320 654 sunt,

1794 693 1845 739 et
1872 684 2250 737 conﬁrmemus
2278 698 2340 736 ea
2389 682 2442 733 in
2464 681 2624 733 corde
2653 687 2745 732 tuo
2764 697 2779 744 ;
2814 678 2865 730 id
2921 687 3022 745 est,
3054 680 3323 747 quomodo

1793 776 1876 829 vel
1919 790 1948 826 a
1972 790 2076 843 quo
2104 774 2277 827 factus
2304 774 2372 827 sit
2402 770 2654 832 mundus,
2689 776 2745 821 ut
2772 768 3057 821 tendamus
3095 769 3160 821 ad
3189 770 3325 822 ami-

1795 867 1976 920 citiam
2017 864 2340 917 Conditoris.
2390 862 2640 915 Amicitia
2696 868 2872 911 autem
2911 859 3137 912 elficitur
3186 861 3324 914 bene

1797 954 2025 1008 vivendo
2055 961 2106 1006 et
2128 952 2386 1006 voluntati
2422 952 2537 1019 ejus
2569 950 2887 1011 obediendo,
2928 966 3045 1017 qua:
3078 952 3325 1005 voluntas

1794 1044 2031 1096 omnium
2080 1043 2369 1095 viventium
2438 1042 2692 1095 lex.est.
2749 1038 2987 1093 Breviter
3044 1054 3171 1107 ergo
3227 1040 3325 1094 tibi

1794 1133 1905 1186 haec
1932 1132 2115 1185 eadem
2170 1131 2420 1183 ﬁrmioris
2466 1144 2630 1183 causa
2688 1129 2955 1181 memoria:
3000 1136 3323 1184 retexcmus.

1861 1221 2069 1276 XXVII.
2113 1219 2168 1274 In
2226 1219 2491 1289 principio
2527 1234 2649 1271 cum
2688 1216 2902 1271 fecisset
2938 1216 3092 1283 _Deus
3130 1218 3324 1270 coelum

1791 1321 1843 1367 et
1881 1312 2163 1374 terram”,
2198 1319 2450 1378 tanquam
2489 1309 2705 1363 domum
2745 1323 2926 1372 unam,
2954 1308 3068 1375 ipsa
3108 1323 3224 1376 quae
3261 1323 3327 1360 ex

1792 1404 2108 1472 corporibus
2148 1402 2331 1455 mundi
2372 1401 2577 1456 reddita
2615 1409 2698 1454 est
2728 1400 2937 1462 umbra,
2970 1400 3054 1452 his
3091 1415 3207 1467 qua:
3246 1399 3329 1450 in-

1791 1496 2058 1547 trinsecus
2095 1494 2276 1547 clausa
2315 1492 2553 1555 fuerant,
2592 1492 2838 1545 tenebras
2853 1505 2917 1543 ex
2934 1504 2991 1543 se
3028 1488 3193 1543 dedit.
3224 1487 3326 1542 Sed

1790 1598 1912 1635 cum
1940 1583 2187 1637 voluntas
2213 1583 2304 1636 Dei
2334 1582 2719 1635 introduxisset
2753 1581 2944 1641 lucem,
2970 1580 3200 1634 tenebrae
3227 1580 3330 1631 illae

1792 1688 1910 1741 quae
1946 1689 2010 1725 ex
2035 1674 2222 1725 umbra
2256 1688 2539 1741 corporum
2570 1671 2724 1725 factae
2755 1670 2966 1724 fuerant
2986 1669 3131 1740 .(19),
3156 1670 3329 1723 conti-

1791 1780 1898 1816 nuo
1920 1763 2187 1817 devorata}
2214 1772 2374 1829 sunt;
2406 1771 2534 1815 tunc
2562 1761 2755 1815 deinde
2780 1762 2867 1813 lux
2897 1761 2951 1812 in
2990 1760 3152 1823 diem,
3180 1767 3329 1812 teneo

1790 1854 1900 1907 lira:
1933 1854 2255 1922 deputantur
2296 1855 2352 1906 in
2402 1861 2633 1907 noctem.
2680 1850 2797 1904 .Iam
2852 1866 2978 1905 vero
3022 1864 3180 1917 aqua,
3212 1862 3330 1916 quae

1790 1954 1905 1999 crat
1931 1947 2071 2000 intra
2100 1947 2380 2008 mundum,
2410 1947 2463 1999 in
2503 1945 2677 1999 medio
2704 1942 2861 2011 primi
2900 1942 3045 1995 illius
3079 1940 3203 1992 οωιὶ
3231 1950 3332 1992 ter.-

1792 2052 1969 2107 rmque
2008 2039 2220 2107 Spatio,
2276 2038 2430 2105 quasi
2490 2038 2611 2104 gelu
2658 2042 2909 2087 concreta
2963 2039 3017 2085 et
3072 2030 3328 2099 crystallo

1791 2128 2017 2180 solidata
2046 2128 2388 2189 distenditur,
2408 2133 2461 2179 et
2481 2125 2791 2193 hujusmodi
2822 2125 3155 2176 firmamento
3187 2122 3332 2174 velut

1790 2217 2227 2271 intercluduntur
2257 2217 2430 2270 media
2460 2216 2583 2269 cteli
2628 2229 2692 2267 ac
2725 2222 2882 2266 terra:
2920 2213 3094 2279 spatia
3123 2229 3137 2276 ;
3170 2212 3331 2279 idque

1790 2308 2177 2359 firmamentum
2199 2307 2395 2358 cmlum
2425 2304 2682 2358 Conditor
2723 2303 3025 2369 appellavit,
3056 2302 3330 2369 antiquio-

1790 2397 1866 2450 ris
1893 2397 2035 2449 illius
2062 2397 2319 2449 vocabulo
2342 2402 2723 2461 nuncupatum.
2758 2392 2821 2443 Et
2841 2394 2915 2444 ita
2942 2394 3107 2444 totius
3137 2393 3328 2444 mundi

1788 2487 2109 2548 machinam,
2134 2501 2254 2539 cum
2304 2500 2408 2537 una
2433 2486 2624 2537 domus
2648 2490 2814 2545 esset,
2849 2482 2905 2534 in
2956 2482 3094 2534 duas
3135 2480 3329 2535 dividit

1789 2576 2052 2645 regiones.
2107 2575 2399 2629 Divisionis
2455 2582 2631 2627 autem
2655 2573 2767 2626 haec
2792 2570 2894 2624 fuit
2923 2586 3106 2635 causa,
3132 2581 3212 2641 ut.
3238 2585 3329 2624 su—

1789 2681 1955 2735 perna
1982 2667 2128 2736 regio
2158 2668 2362 2735 angelis
2392 2644 2775 2728 h‘abitaculum,
2801 2663 3024 2717 inferior
3044 2676 3171 2716 vero
3199 2677 3331 2729 prae-

1790 2757 1941 2810 beret
1994 2756 2321 2809 hominibus.
2375 2754 2503 2809 Post
2554 2755 2667 2808 haec
2713 2754 2856 2823 quod
2912 2754 3177 2821 reliquum
3228 2750 3330 2803 fuit

1790 2847 1845 2900 in
1874 2846 2217 2900 inferioribus
2250 2861 2532 2914 aquarum,
2559 2846 2714 2914 jussu
2760 2844 3051 2897 voluntatis
3087 2849 3322 2902 aeternae,
3364 2894 3369 2897 _

1790 2939 1942 2991 locus
1970 2937 2134 2991 maris
2178 2945 2229 2989 et
2285 2938 2447 2990 chaos
2505 2935 2750 2988 effectum
2796 2932 3018 3000 recepit,
3050 2932 3232 2999 eisque
3260 2929 3327 2981 ad

180 3027 307 3083 illico
336 3030 583 3100 respondi
618 3046 630 3080 :
662 3029 874 3098 Optime
902 3038 1216 3098 prosecutus
1244 3045 1323 3091 es,
1354 3029 1529 3093 Petre,
1562 3045 1686 3098 pro-
1715 3040 1757 3097 (ζ
1789 3028 2032 3082 demersa
2053 3034 2105 3080 et
2141 3042 2379 3080 concava
2404 3026 2786 3087 deﬂuentibus,
2819 3022 2969 3076 arida
2995 3022 3211 3091 quidem
3238 3036 3330 3087 ap-

177 3124 281 3184 pter
299 3122 435 3189 quod
460 3122 523 3175 de
546 3122 757 3190 reliquo
779 3121 888 3188 jam
917 3127 1171 3189 tanquam
1195 3120 1407 3183 scienti,
1441 3136 1557 3189 quae
1582 3122 1697 3174 sint

181 3205 500 3264 fundamenta
522 3212 644 3265 fidei
671 3218 725 3265 et
751 3211 986 3278 pietatis,
1016 3211 1128 3264 veri
1152 3210 1420 3279 prophetze
1440 3211 1687 3263 traditio-

176 3310 261 3352 nes
296 3299 667 3354 incunctanter
697 3315 923 3367 expone,
958 3299 1043 3351 cui
1076 3299 1173 3352 soli
1211 3299 1533 3352 credendum
1569 3314 1688 3353 esse

176 3389 430 3443 evidenter
459 3392 746 3458 probatum
779 3396 879 3443 est.
916 3389 1063 3440 Illam
1104 3403 1231 3441 vero
1274 3389 1683 3457 expositionem,

175 3491 281 3543 qua:
320 3479 705 3533 assertionibus
734 3488 786 3531 et
812 3476 1142 3546 argumentis
1181 3476 1432 3545 indigeat,
1461 3475 1689 3528 infideli-

172 3568 262 3623 bus
294 3587 462 3633 serva,
491 3572 689 3640 quibus
723 3569 959 3623 nondum
995 3568 1327 3620 committere
1367 3567 1688 3635 prophetica:

172 3660 339 3724 gratiae
368 3660 772 3714 indubitabilem
796 3657 1120 3725 judicaveris
1139 3656 1313 3710 fidem.
1340 3656 1402 3707 Et
1424 3671 1545 3708 cum
1574 3656 1687 3709 haec

172 3746 425 3811 dixissem,
483 3758 538 3802 tu
572 3756 861 3815 utrumque
881 3785 895 3809 ,
937 3746 1176 3815 inquam,
1209 3745 1479 3814 pollicitus
1507 3760 1564 3798 es
1586 3782 1602 3806 ,
1633 3753 1687 3797 et

173 3832 295 3888 hanc
318 3844 365 3891 te
390 3838 517 3890 mihi
545 3836 843 3904 simplicem
868 3835 1252 3903 expositionem
1276 3848 1337 3886 ac
1361 3834 1524 3887 totius
1544 3848 1687 3887 erro-

168 3923 235 3978 ris
270 3936 563 3995 expertem,
610 3936 664 3980 et
707 3925 850 3977 illam
880 3938 997 3991 qua:
1040 3937 1133 3990 per
1171 3923 1410 3990 singulas
1446 3937 1685 3990 quasque

168 4017 471 4081 quaestiones
498 4017 821 4086 explicatur,
844 4030 962 4083 qua:
982 4014 1354 4075 movebuntur,
1374 4014 1426 4066 in
1449 4020 1685 4081 tempore

165 4105 499 4160 traditurum.
532 4106 599 4158 Et
630 4114 752 4175 post
781 4105 891 4158 haec
912 4102 1207 4171 exposuisti
1240 4118 1334 4172 per
1361 4103 1629 4165 ordinem,
1654 4118 1685 4155 a

164 4192 412 4264 principio
442 4194 634 4249 mundi
676 4209 845 4262 usque
874 4193 941 4246 ad
970 4207 1205 4261 prmsens
1245 4199 1456 4261 tempus
1494 4207 1683 4245 conse-

162 4285 420 4349 quentiam
461 4299 675 4347 rerum;
707 4290 761 4337 et
796 4282 841 4338 si
878 4282 1086 4352 placet,
1124 4296 1341 4351 possum
1386 4283 1691 4336 memoriter

166 4374 407 4428 universa
438 4383 705 4429 retexere.

222 4484 402 4542 XXVI.
450 4487 532 4542 Ad
563 4489 677 4543 haec
711 4486 904 4542 Petrus
943 4504 956 4539 :
984 4484 1284 4555 Magnifice,
1316 4488 1519 4557 inquit,
1544 4487 1687 4541 dele-

162 4581 289 4639 ctor,
309 4596 341 4631 ο
370 4577 645 4643 Clemens,
671 4577 815 4649 quod
865 4585 974 4631 tam
1024 4585 1140 4631 tuto
1171 4577 1319 4631 cordi
1361 4579 1521 4633 verba
1543 4593 1691 4632 com-

163 4666 405 4735 mittam;
438 4682 732 4724 memorem
769 4683 1000 4737 namque
1052 4683 1174 4722 esse
1224 4684 1409 4722 eorum
1439 4683 1558 4739 qua:
1606 4670 1689 4723 di-

159 4764 364 4821 cuntur,
414 4759 676 4813 indicium
724 4764 808 4812 est
854 4758 908 4810 in
956 4768 1201 4826 promptu
1246 4758 1439 4812 habere
1466 4773 1687 4828 Operum

160 4842 337 4901 fidem:
371 4848 459 4902 cui
484 4863 615 4903 vero
644 4848 817 4902 malus
835 4847 1042 4901 daemon
1067 4848 1256 4903 salutis
1286 4848 1447 4902 verba
1480 4847 1688 4902 furatur

221 5019 263 5050 "
278 5018 424 5079 ,Gen.
458 5038 498 5076 ι.

1788 3119 1966 3187 paruit
1981 3126 2141 3173 terra.
2166 3117 2618 3187 Congregationes
2641 3122 2820 3167 autem
2839 3112 3330 3182 aquarum,eﬁecta

1789 3218 1916 3264 sunt
1946 3211 2132 3263 maria.
2187 3209 2252 3262 Et
2295 3217 2416 3279 post
2445 3210 2556 3262 haec
2604 3215 2769 3271 terra,
2815 3222 2933 3276 quae
2984 3216 3327 3275 apparuerat,

1788 3301 2073 3356 herbarum
2102 3308 2155 3355 et
2191 3301 2545 3369 virgultorqu
2592 3299 2803 3353 diversa
2827 3311 3023 3366 genera
3053 3296 3325 3363 produxit,

1792 3393 1966 3445 fontes
2022 3406 2234 3460 quoque
2283 3399 2335 3445 et
2367 3389 2558 3445 ﬂuvios
2620 3406 2724 3442 non
2781 3390 2953 3442 solum
3013 3387 3067 3438 in
3112 3385 3324 3453 planis,

1790 3483 1884 3536 sed
1903 3490 1956 3536 et
1983 3482 2036 3535 in
2069 3483 2338 3534 montibus
2358 3481 2611 3548 protulit;
2648 3487 2700 3532 et
2730 3493 2807 3533 sxc
2824 3485 3015 3530 cuncta
3032 3484 3327 3543 praeparata

1791 3580 1938 3633 sunt,
1964 3580 2022 3623 ut
2044 3570 2352 3623 hominibus
2373 3570 2463 3636 qui
2494 3569 2799 3621 habitarent
2830 3570 2886 3618 in
2938 3580 3021 3628 ea,
3053 3573 3194 3618 esset
3239 3564 3322 3616 fa-

1790 3663 1964 3716 cultas
1995 3663 2077 3714 his
2108 3661 2357 3714 omnibus
2385 3674 2483 3726 pro
2513 3660 2736 3711 arbitrio
2766 3657 2865 3719 uti,
2917 3657 2970 3709 id
2999 3662 3080 3710 est
3119 3657 3231 3709 sive
3259 3657 3326 3709 ad

1792 3754 1927 3805 bona
1954 3751 2137 3812 velint,
2163 3750 2274 3803 sive
2304 3750 2463 3802 etiam
2497 3749 2559 3802 ad
2594 3749 2749 3801 mala.

1857 3838 2086 3893 XXVIII.
2140 3838 2269 3892 Post
2298 3840 2409 3893 hmc
2465 3840 2634 3893 stellis
2666 3837 2894 3891 adornat
2937 3837 3133 3891 cmlum
3178 3836 3322 3890 istud

1788 3931 2015 3985 visibile.
2070 3930 2247 3983 Solem
2308 3946 2520 3998 quoque
2564 3938 2617 3984 et
2657 3931 2837 3982 lunam
2891 3929 3040 3996 ponit
3064 3929 3117 3979 in
3149 3942 3232 3993 eo,
3268 3936 3326 3981 ut

1789 4022 2008 4076 alterius
2037 4022 2236 4075 lumine
2261 4021 2397 4083 dies,
2422 4032 2473 4074 ct
2505 4038 2609 4075 nox
2647 4029 2887 4075 uteretur
2944 4021 3186 4082 alterius,
3244 4022 3319 4074 si-

1788 4112 2007 4179 mulque
2036 4118 2095 4164 ut
2123 4119 2304 4165 essent
2327 4111 2525 4164 indicio
2543 4127 2721 4165 rerum
2753 4114 3167 4180 praeteritarum,
3188 4128 3322 4180 prae-

1789 4201 2024 4255 sentium
2055 4210 2108 4255 ct
2137 4201 2459 4255 futurarum.
2506 4201 2611 4254 Pro
2634 4202 2804 4270 signis
2849 4202 2992 4255 enim
3023 4208 3321 4271 temporum

1792 4295 1933 4349 facta
1962 4302 2088 4350 sunt
2119 4310 2182 4348 ac
2212 4296 2442 4358 dierum,
2475 4310 2592 4363 qua:
2614 4294 2864 4348 videntur
2889 4294 3103 4362 quidem
3129 4295 3196 4346 ab
3219 4309 3328 4345 om-

1795 4389 1973 4451 nibus,
2003 4387 2375 4455 intelliguntur
2405 4394 2582 4438 autem
2612 4384 2678 4436 ab
2705 4384 2935 4438 eruditis
2954 4392 3005 4435 et
3028 4382 3325 4450 intelligen-

1795 4480 1940 4533 tibus
1969 4478 2120 4532 solis.
2173 4477 2415 4545 Cumque
2462 4481 2583 4543 post
2610 4474 2723 4527 haec
2769 4473 2835 4527 de
2887 4482 3027 4525 terra
3072 4479 3125 4523 et
3170 4474 3323 4537 aquis

1794 4569 2016 4640 produci
2041 4567 2297 4637 jussisset
2326 4561 2963 4631 animantia,paradisum
2995 4558 3140 4620 fecit,
3161 4574 3320 4626 quem

1793 4668 1846 4714 et
1874 4659 2185 4722 deliciarum
2226 4657 2403 4709 locum
2432 4652 2747 4708 nominavit.
2798 4649 2925 4703 Post
2986 4647 3098 4699 lucc
3143 4654 3320 4699 autem

1796 4750 1977 4805 omnia
2005 4748 2274 4802 hominem
2307 4746 2453 4808 fecit,
2476 4751 2693 4812 propter
2709 4756 2867 4810 quem
2897 4747 3089 4793 cuncta
3116 4750 3323 4805 praepa-

1794 4850 2027 4908 raverat,
2078 4841 2232 4910 cujus
2285 4840 2493 4892 interna
2529 4834 2735 4904 species
2770 4840 2853 4886 est
2883 4826 3153 4896 antiquior
3183 4825 3321 4894 (ΞΩ),

1419 5209 1776 5281 COTELERII
1827 5211 2054 5268 NOTAE.

222 5368 327 5437 (I9)
369 5366 614 5437 Tenebrae
644 5364 772 5437 iure,
801 5377 914 5431 qua:
940 5362 1207 5437 ex_t_tmbra
1243 5378 1510 5437 corporum
1542 5367 1693 5432 facta:

156 5429 375 5501 fuerant.
410 5434 739 5489 Consulendi
772 5429 980 5501 veteres
1009 5429 1319 5501 Hexaemeri
1351 5429 1690 5501 interpretes,

154 5496 270 5566 cum
300 5505 542 5559 Caesarie
587 5511 780 5571 quaast.
813 5499 874 5550 61
909 5508 968 5571 _e_t
1016 5499 1136 5560 114,
1177 5496 1417 5571 Cedreno
1446 5496 1690 5571 aliisque.

158 5564 381 5652 (ἰθύνειὶὶ
405 5572 571 5652 verba
600 5564 852 5652 corrupta
873 5565 1161 5652 videntur:
1288 5564 1610 5652 3&9791610;
1631 5570 1693 5621 ἐκ

164 5642 255 5711 τῆς
281 5641 374 5694 τοῦ
428 5638 655 5711 οὐρανοῦ
684 5633 1057 5703 ὲφὰπλώσεως,
1108 5634 1199 5689 καὶ
1246 5633 1312 5686 τὰ
1361 5633 1462 5686 ὑπὸ
1506 5636 1691 5690 τούτου

1795 5369 2096 5437 σκεπόμενα
2114 5367 2347 5437 γέχονεγ.
2378 5365 2514 5437 Quid
2537 5364 2583 5417 si
2610 5364 2871 5437 legamus.
2898 5362 3036 5437 κᾳτά
3059 5361 3179 5413 loco
3208 5360 3322 5423 καί,

1788 5437 1892 5491 hoc
1926 5431 2084 5491 sensu
2118 5431 2135 5488 ἑ
2168 5431 2208 5486 Τ
2208 5434 2405 5487 εηεὸνιε
2430 5435 2582 5493 enim.
2617 5431 2727 5483 cwlt’
2763 5434 3053 5487 extensione
3082 5444 3235 5495 super
3261 5445 3328 5481 ea

1797 5521 1911 5573 qua:
1943 5505 2123 5573 abjillo
2154 5502 2450 5571 tegebantur
2475 5501 2819 5573 exstiterunt?

1867 5565 2177 5643 (20)7'Cuju_s
2202 5565 2428 5643 virtterna
2471 5570 2675 5643 species
2701 5571 3095 5643 est_antiquior.
3141 5565 3328 5643 Codex

1794 5632 2022 5699 Cai'mel.
2064 5632 2156 5710 qui
2203 5640 2345 5696 uotis
2380 5632 2763 5709 marginalibus
2791 5637 2846 5692 in
2894 5632 3101 5692 textum
3140 5632 3330 5685 relatis
