3872 6386
429 343 583 399 1227

1288 339 1345 396 S.
1380 339 1781 396 CLEHENTIS
1817 339 1837 395 ι
1870 340 2039 396 80M.
2083 339 2285 396 PONT.
2326 337 2554 394 UPERA
2592 337 2820 395 DUBIA.

3550 340 3570 391 l
3583 341 3691 394 228.

430 460 643 529 plenius
664 475 788 516 eum
819 460 996 517 dehis
1022 473 1146 531 quae
1178 459 1383 515 sentire
1407 461 1597 529 erepit,
1620 460 1864 515 edocuit.
1898 458 2007 515 Sed
2037 468 2081 526 Α
2112 460 2347 531 patriam
2389 467 2615 526 terram,
2667 461 2859 517 decem
2913 454 3091 526 plagis
3138 454 3462 511 caelestibus
3491 455 3690 519 affecit.

425 561 479 605 et
516 552 645 623 quid
677 555 860 624 generi
891 554 1011 622 ejus
1039 567 1103 607 ac
1138 551 1445 623 posteritati
1475 552 1790 615 deberetur,
1822 559 2010 607 osten-

426 645 528 707 dit.
556 654 611 701 et
643 655 877 699 nontam
908 646 990 699 eis
1013 644 1193 698 danda
1222 644 1339 698 haec
1366 644 1506 709 loca,
1536 660 1701 714 quam
1732 644 2009 703 reddenda

428 736 700 806 promisit.

499 824 739 881 XXXIII.
771 823 941 896 igitur
971 824 1246 899 Abraham
1270 838 1397 879 cum
1424 840 1611 881 rerum
1640 839 1838 881 causas
1868 825 2011 881 desi-

424 916 640 973 deraret
678 931 994 987 agnoscere,
1030 915 1193 987 idque
1223 930 1408 971 secum
1434 916 1641 971 intenta
1672 927 1855 972 mente
1885 933 2010 987 per-

426 1010 685 1072 volveret,
748 1008 1000 1079 apparuit
1044 1008 1096 1064 ei
1146 1025 1311 1064 verus
1364 1006 1659 1078 Propheta,
1708 1010 1802 1079 qui
1856 1011 2009 1065 solus

430 1096 709 1151 hominum
757 1098 921 1152 corda
969 1106 1024 1152 et
1060 1100 1403 1168 propositum
1458 1100 1632 1164 novit,
1659 1101 1918 1155 etomnia
1957 1101 2006 1154 ei

422 1202 543 1256 quae
571 1185 917 1243 desiderabat
958 1190 1196 1259 aperuit,
1234 1191 1550 1247 Divinitatis
1601 1192 1885 1249 scientiam
1910 1196 2011 1248 do-

421 1279 556 1342 cuit,
598 1281 787 1335 mundi
838 1282 1105 1352 originem
1138 1284 1410 1354 ﬁnemque
1461 1286 1666 1355 pariter
1722 1286 2003 1352 indicavit,

422 1369 618 1424 animae
650 1370 1115 1427 immortalitatem
1164 1388 1230 1427 ac
1272 1375 1489 1429 vivendi
1521 1376 1772 1431 instituta
1807 1380 2008 1447 quibus

421 1460 531 1516 Deo
589 1462 934 1532 placeretur,
992 1465 1265 1530 ostendit,
1338 1476 1749 1524 resurrecturos
1788 1485 2008 1540 quoque

422 1559 686 1615 mortuos,
718 1567 781 1607 ac
798 1553 1067 1622 judicium
1098 1553 1365 1619 futurum,
1398 1557 1668 1611 bonorum
1690 1573 2009 1613 remunera-

419 1642 644 1707 tionem,
674 1645 941 1698 malorum
973 1660 1188 1714 pinnas,
1242 1646 1394 1716 justo
1420 1656 1619 1703 cuncta
1668 1650 2007 1705 moderando

413 1734 622 1802 judicio
649 1735 944 1789 declaravit
966 1775 981 1800 ,
1014 1737 1378 1808 omnibusque
1429 1739 1533 1795 rite
1564 1754 1629 1794 ac
1672 1740 2011 1798 sullicienter

2112 553 2371 622 populum
2420 563 2552 606 vero
2591 552 2684 608 Dei
2707 552 2901 608 eduxit
2926 567 2994 606 ex
3027 549 3286 620 Egypto.
3347 547 3456 602 Sed
3484 548 3583 618 qui
3604 564 3693 602 su-

2115 642 2437 712 perluerent
2465 660 2531 697 ex
2579 644 2875 715 Egyptiis,
2904 643 3211 712 conspirati
3246 656 3372 695 cum
3429 641 3693 695 animosi-

2110 740 2221 785 tate
2250 734 2393 802 regis
2419 735 2528 798 sui,
2560 734 2793 789 insecuti
2833 743 2961 788 sunt
3019 733 3319 795 Hebrazos;
3368 746 3517 801 quos
3570 746 3691 784 cum

2112 825 2447 891 reperissent
2478 841 2641 894 super
2668 825 2821 879 littus
2849 824 3041 886 maris,
3074 830 3130 876 et
3162 823 3479 876 interimere
3502 836 3693 876 omnes

2110 928 2175 967 ac
2208 913 2392 970 delere
2456 920 2780 987 cogitarent,
2835 914 3051 985 Moyses
3108 915 3359 967 oratione
3398 912 3469 966 ad
3524 910 3691 965 Deum

2113 1006 2234 1061 fusa
2258 1023 2410 1062 mare
2454 1009 2508 1062 in
2537 1009 2678 1065 duas
2720 1015 2906 1078 partes
2934 1006 3145 1069 divisit,
3175 1006 3247 1059 ita
3283 1015 3343 1059 ut
3384 1020 3533 1074 aqua
3565 1004 3695 1057 dex-

2111 1106 2226 1154 tera
2274 1099 2515 1169 laevaque
2572 1098 2731 1169 quasi
2772 1100 2893 1169 gelu
2943 1105 3202 1153 concreta
3263 1106 3585 1158 teneretur,
3643 1104 3697 1149 et

2110 1190 2344 1259 populus
2399 1190 2623 1259 quidem
2655 1188 2746 1244 Dei
2782 1191 3046 1245 transiret
3087 1190 3237 1243 velut
3284 1189 3388 1242 iter
3440 1187 3693 1246 aridum,

2110 1282 2461 1351 insequentes
2497 1297 2626 1337 vero
2660 1298 2756 1336 eos
2783 1282 3025 1353 Αἰεγιηίἱ
3059 1290 3265 1335 temere
3313 1280 3553 1350 ingressi
3600 1296 3695 1333 ne-

2110 1380 2386 1428 carentur.
2440 1372 2544 1428 Ubi
2573 1374 2718 1427 enim
2751 1375 2980 1428 ultimus
3007 1389 3072 1428 ex
3103 1372 3463 1427 Hebraeorum
3493 1371 3696 1440 populo

2110 1463 2379 1524 ascendit.
2430 1462 2814 1535 {Egyptiorum
2864 1452 3085 1534 quoque
3125 1462 3361 1518 ultimus
3408 1462 3701 1521 descendit

2109 1554 2166 1608 in
2193 1570 2364 1620 mare,
2396 1564 2450 1610 et
2480 1557 2745 1611 continuo
2773 1570 2929 1626 aqua:
2956 1556 3127 1611 maris
3166 1570 3292 1624 quae
3315 1563 3378 1608 ut
3411 1555 3539 1625 gelu
3564 1570 3699 1608 con-

2110 1649 2313 1702 strictae
2338 1648 2682 1712 tenebantur,
2706 1656 2979 1718 praecepto
3004 1648 3129 1717 ejus
3150 1648 3245 1717 qui
3276 1647 3701 1701 constrinxerat

2110 1737 2388 1803 relaxatae,
2417 1754 2612 1808 ptenas
2656 1740 2722 1793 de
2763 1740 3059 1809 impiorum
3093 1740 3294 1809 popqu
3330 1746 3561 1807 recepta
3599 1752 3698 1791 na-

418 1826 632 1882 edoctis
661 1825 729 1879 ad
759 1826 918 1881 sedes
949 1842 1146 1883 rursus
1186 1828 1493 1884 invisibiles
1513 1833 1761 1887 secessit.
1800 1831 2003 1888 Verum
2040 1812 2082 1866 Β
2108 1838 2242 1883 tura:
2270 1845 2381 1884 sua:
2412 1831 2667 1885 libertate
2696 1840 3070 1899 sumpserunt.

416 1931 542 1971 cum
578 1916 756 1971 adhuc
783 1917 1054 1971 Abraham
1110 1920 1163 1973 in
1203 1920 1510 1991 ignorantia
1540 1930 1871 1989 versaretur,
1895 1928 2004 1980 sic-

416 2012 477 2058 ut
508 2005 604 2059 tibi
636 2014 689 2061 et
720 2015 877 2061 antea
906 2006 1020 2076 jam
1047 2007 1309 2070 diximus,
1372 2012 1488 2063 nati
1509 2020 1637 2065 sunt
1664 2012 1713 2067 ei
1744 2012 1838 2067 lilii
1866 2014 1999 2078 duo,

416 2112 649 2167 quorum
676 2114 819 2153 unus
837 2096 1053 2163 Ismael,
1089 2100 1231 2157 alius
1256 2099 1569 2158 Heliesdros
1601 2104 1714 2175 (32)
1745 2106 2000 2175 appellati

416 2197 566 2246 sunt.
622 2190 702 2245 Ex
747 2191 855 2245 alio
900 2190 1144 2245 barbara:
1198 2200 1422 2262 gentes,
1455 2209 1521 2249 ex
1572 2195 1680 2249 alio
1709 2195 2001 2252 Persarum

416 2282 601 2353 populi
636 2282 996 2338 descendunt.
1032 2281 1082 2336 Ε
1123 2284 1327 2353 quibus
1350 2287 1600 2340 nonnulli
1633 2286 2003 2344 Brachmano-

419 2390 538 2429 rum
568 2375 733 2429 vitam
764 2382 819 2430 et
848 2374 1025 2430 vicina
1059 2375 1313 2431 instituta
1341 2380 1536 2433 sectati
1558 2388 1709 2445 sunt,
1738 2382 1830 2435 alii
1856 2383 1999 2452 apud

417 2467 675 2521 Arabiam
717 2467 1108 2535 consederunt,
1133 2484 1201 2524 ex
1226 2484 1460 2540 quorum
1491 2474 1728 2543 posteris
1752 2477 2000 2533 nonnulli

414 2558 578 2611 etiam
614 2557 670 2610 in
694 2554 989 2627 Egyptum
1025 2556 1260 2629 dispersi
1300 2568 1449 2619 sunt.
1494 2561 1627 2619 lude
1671 2565 1909 2636 denique
1946 2576 2000 2623 et

418 2648 671 2703 Indorum
700 2649 923 2719 quidam
953 2656 1007 2703 et
1036 2647 1421 2720 Egyptiorum
1476 2654 1799 2709 circumcidi
1855 2656 2001 2711 didi-

414 2754 641 2796 cet-eae
672 2739 913 2811 purioris
962 2740 1330 2795 observantiae
1383 2757 1509 2799 esse
1564 2761 1729 2815 quam
1789 2749 1997 2814 creteri,

416 2834 540 2889 licet
583 2847 847 2905 processu
899 2832 1162 2901 temporis
1218 2836 1612 2905 quamplurimi
1681 2855 1876 2894 eorum
1929 2842 1999 2897 ad

416 2923 750 2994 impietatem
774 2930 1049 2979 verterent
1077 2935 1455 2996 argumentum
1484 2935 1539 2983 et
1589 2929 1850 2986 indicium
1898 2947 1996 2987 ca—

416 3015 639 3071 stitatis.

483 3105 724 3163 XXXRV.
759 3105 1146 3165 Verumtamen
1176 3126 1304 3165 cum
1347 3112 1448 3168 hos
1495 3113 1635 3169 duos
1690 3114 1829 3171 ﬁlios
1850 3125 1993 3172 tern-

415 3214 566 3267 pore,
618 3214 728 3269 quo
776 3200 956 3255 adhuc
1011 3203 1066 3255 in
1126 3203 1434 3273 ignorantia
1502 3221 1683 3261 rerum
1748 3209 1997 3276 vixerat,

415 3293 771 3363 suscepisset,
802 3292 897 3348 Dei
929 3294 1205 3364 agnitione
1234 3306 1487 3366 percepta
1522 3300 1651 3367 petit
1674 3300 1741 3355 ab
1770 3316 1853 3368 eo,
1872 3306 2000 3373 quia

413 3392 529 3437 erat
553 3383 757 3452 justus,
792 3392 851 3437 ut
880 3398 946 3439 ex
974 3384 1107 3439 Sara
1135 3402 1258 3456 qua:
1282 3386 1332 3441 ei
1355 3395 1473 3442 erat
1501 3393 1703 3460 conjux
1738 3392 1998 3463 legitima,

415 3490 540 3530 cum
583 3485 732 3531 esset
773 3476 999 3541 sterilis,
1044 3476 1249 3531 habere
1300 3481 1614 3550 progeniem
1663 3493 1994 3553 mereretur;

411 3574 468 3620 et
490 3570 721 3637 accepit,
765 3582 925 3637 quem
952 3575 1006 3622 et
1037 3566 1189 3623 Isaac
1223 3570 1545 3635 nominavit,
1588 3586 1654 3625 ex
1681 3589 1789 3642 quo
1828 3584 1991 3630 natus

411 3666 497 3714 est
522 3656 727 3725 Jacob,
772 3659 840 3714 de
867 3655 1039 3715 Jacob
1086 3668 1268 3715 autem
1323 3661 1612 3718 duodecim
1640 3667 1987 3734 patriarclue,

411 3756 465 3803 et
492 3764 559 3805 ex
590 3748 726 3820 ipsis
755 3748 1040 3804 duodecim
1070 3753 1414 3824 septuaginta
1437 3754 1547 3808 duo
1578 3756 1711 3826 (55).
1748 3756 1813 3811 Hi
1842 3758 1989 3816 fame

410 3850 604 3898 exorta
647 3841 702 3896 in
753 3841 1049 3915 Egyptum
1077 3845 1304 3899 veniunt
1341 3860 1467 3900 cum
1500 3849 1649 3903 omni
1673 3850 1834 3906 domo
1860 3869 1984 3920 sua,

410 3944 465 3991 et
504 3936 647 3991 intra
694 3952 869 3992 annos
906 3936 1337 4007 quadringentos
1363 3938 1475 4011 (54)
1523 3941 1905 4001 benedictione
1932 3955 1987 4002 et

414 4029 775 4099 promissione
802 4028 896 4084 Dei
926 4029 1295 4099 multiplicati,
1316 4032 1693 4102 amigebantur
1716 4038 1786 4091 ab
1816 4038 1986 4112 Egy-

411 4121 559 4189 ptiis.
617 4120 864 4190 Cumque
910 4120 1303 4191 afﬂigerentur,
1352 4126 1606 4194 apparuit
1646 4142 1811 4183 verus
1849 4129 1986 4185 Pro-

412 4222 570 4290 pheta
603 4219 772 4291 Moysi
797 4220 864 4288 ⁸⁸,
891 4232 945 4275 et
968 4219 1254 4293 Egyptios
1284 4223 1502 4293 quidem
1549 4222 1882 4285 resistentes,
1912 4233 1980 4274 ne

413 4310 761 4368 Hebraeorum
817 4312 1050 4382 populus
1102 4314 1276 4369 exiret
1331 4315 1401 4369 ab
1441 4313 1522 4368 eis
1576 4320 1632 4368 et
1674 4311 1875 4368 rediret
1910 4309 1981 4364 ad

477 4441 525 4473 ⁸⁸
565 4440 736 4496 Exod.
776 4456 861 4495 III.
937 4440 981 4472 ⁸¹
1021 4438 1199 4495 lCor.
1229 4456 1283 4495 x.

2176 1921 2391 1977 XXXV.
2425 1921 2557 1977 Post
2608 1922 2723 1976 haec
2750 1922 2987 1993 Moyses,
3023 1920 3117 1975 Dei
3163 1922 3347 1974 omnia
3398 1919 3699 1990 providen-

2104 2012 2177 2067 tis
2207 2021 2481 2083 praacepto
2506 2011 2860 2068 Hebraeorum
2889 2011 3149 2083 populum
3180 2011 3373 2066 eduxit
3425 2011 3483 2067 in
3508 2012 3699 2067 deser-

2105 2109 2247 2167 tum,
2274 2111 2331 2158 et
2357 2103 2461 2157 iter
2492 2103 2899 2167 brevissimum,
2926 2100 3072 2171 quod
3108 2101 3212 2156 fert
3248 2101 3316 2155 de
3348 2099 3595 2172 Egypto
3631 2102 3697 2156 ad

2110 2196 2374 2262 Judmam,
2408 2197 2745 2267 relinquens,
2776 2212 2871 2265 per
2896 2197 3088 2266 longos
3117 2195 3286 2250 eremi
3326 2195 3443 2267 (35)
3481 2197 3691 2264 plebem

2110 2288 2268 2344 duxit
2298 2287 2601 2355 anfractus,
2636 2300 2697 2343 ut
2719 2289 3078 2359 quadraginta
3108 2304 3384 2345 annorum
3411 2290 3693 2342 exercitiis

2111 2382 2251 2436 mala
2287 2394 2407 2450 qua:
2451 2382 2535 2434 eis
2572 2395 2642 2434 ex
2686 2378 3067 2451 Egyptiorum
3117 2381 3367 2436 moribus
3401 2396 3512 2436 usu
3545 2381 3691 2450 longi

2100 2472 2365 2543 temporis
2396 2470 2758 2532 inoleverant,
2788 2468 3146 2523 innovatione
3172 2476 3398 2524 mutate
3454 2484 3699 2525 consue-

2102 2563 2313 2619 tudinis
2342 2563 2609 2617 aboleret.
2663 2561 2879 2617 lnterea
2901 2560 3117 2628 venitur
3146 2559 3213 2613 ad
3258 2568 3508 2614 montem
3543 2558 3697 2620 Sina,

2100 2663 2156 2710 et
2205 2654 2332 2710 inde
2362 2655 2446 2709 lex
2496 2654 2598 2717 eis,
2639 2653 2871 2708 vocibus
2898 2660 2954 2707 et
3006 2652 3318 2709 visionibus
3367 2653 3701 2709 cmlestibus

2100 2748 2339 2802 traditur
2391 2746 2584 2801 decem
2656 2746 2972 2816 conscripta
3050 2747 3390 2817 praeceptis;
3453 2762 3695 2817 quorum

2101 2838 2338 2908 primum
2390 2845 2446 2892 et
2490 2836 2793 2892 maximum
2830 2835 2953 2900 fuit,
2991 2846 3051 2891 ut
3100 2837 3279 2907 ipsum
3322 2838 3509 2891 solum
3558 2836 3701 2890 cole-

2099 2937 2221 2984 rent
2256 2927 2449 2994 Deum,
2480 2943 2581 2983 nec
2633 2928 2801 2982 ullam
2830 2927 2937 2983 sibi
2982 2928 3145 2982 aliam
3170 2929 3418 2998 speciem
3461 2928 3552 2983 vel
3584 2927 3701 2982 for-

2105 3038 2249 3078 mam
2303 3026 2610 3075 statuerent
2659 3019 2727 3073 ad
2768 3018 3082 3074 colendum.
3149 3018 3256 3073 Sed
3308 3034 3436 3073 cum
3478 3018 3700 3091 Moyses

2100 3112 2439 3169 ascendisset
2477 3110 2545 3165 ad
2581 3116 2845 3175 montem,
2876 3111 3062 3181 ibique
3100 3110 3295 3165 diebus
3323 3111 3699 3181 quadraginta

2106 3210 2436 3265 moraretur,
2490 3202 2725 3272 populus
2772 3202 2867 3271 qui
2901 3201 3089 3257 decem
3143 3201 3319 3271 plagis
3364 3216 3699 3270 percussam

2101 3295 2315 3350 viderat
2345 3293 2664 3364 Egyptum,
2697 3301 2752 3348 et
2779 3292 3096 3363 disruptum
3152 3308 3310 3347 mare
3347 3308 3417 3346 ac
3460 3292 3701 3362 pedibus

2101 3386 2432 3456 digressum,
2480 3399 2681 3438 manna
2712 3398 2932 3454 quoque
2983 3383 3090 3438 sibi
3147 3398 3248 3454 pro
3298 3398 3442 3454 pane
3471 3386 3696 3438 cmlitns

2101 3479 2291 3541 datum
2318 3486 2372 3534 et
2394 3494 2462 3533 ex
2492 3478 2748 3548 sequenti
2775 3484 2927 3546 petra
2956 3478 3214 3547 poculum
3237 3476 3621 3531 ministratum
3651 3479 3695 3509 ⁸⁸

2098 3574 2242 3646 (qua:
2269 3571 2481 3642 species
2539 3570 2648 3624 cibi
2671 3570 2785 3641 (56)
2809 3584 2907 3639 per
2948 3568 3205 3622 virtutem
3261 3566 3385 3632 Dei,
3416 3568 3479 3622 in
3525 3585 3693 3639 quem

2097 3665 2330 3738 quisque
2350 3662 2741 3727 desiderasset,
2771 3666 3077 3716 verteretur
3127 3660 3430 3731 saporem),
3456 3676 3697 3731 cumque

2109 3758 2213 3812 sub
2241 3758 2398 3827 plaga
2425 3757 2551 3813 caeli
2580 3755 2892 3812 ardentiore
2926 3754 3088 3825 positi
3114 3762 3319 3818 essent,
3362 3767 3434 3807 ne
3467 3752 3695 3807 aestibus

2112 3858 2495 3921 coquerentur,
2518 3850 2662 3905 nube
2682 3848 3148 3905 obumbrabantur
3170 3846 3225 3900 in
3252 3844 3360 3911 die,
3382 3856 3548 3899 nocte
3569 3858 3699 3898 vero

2093 3938 2347 3992 columna
2390 3934 2531 4005 ignis
2576 3930 3054 3992 illuminabantur,
3088 3942 3160 3981 ne
3208 3927 3279 3981 ad
3297 3929 3471 3981 eremi
3517 3928 3697 3981 vasti-

2095 4040 2261 4085 tatem
2290 4030 2488 4083 borror
2523 4039 2742 4097 quoque
2782 4022 3066 4077 accederet
3100 4023 3463 4074 tenebrarum
3496 4040 3508 4073 :
3541 4035 3689 4083 cum,

2096 4124 2346 4194 inquam.
2384 4126 2696 4175 moraretur
2724 4115 2980 4186 Moyses,
3030 4113 3139 4182 ipsi
3193 4114 3504 4167 secundum
3566 4127 3691 4181 spe-

2095 4219 2233 4273 ciem
2291 4215 2505 4287 Apidis,
2562 4225 2725 4281 quem
2758 4210 2865 4263 coli
2907 4208 2964 4261 in
3009 4205 3245 4277 IEgypto
3282 4205 3563 4268 viderant,
3592 4219 3697 4257 au-

2092 4324 2246 4364 reum
2307 4314 2473 4377 caput
2536 4302 2696 4359 vituli
2722 4300 3014 4374 .I‘acieutes
3058 4299 3435 4352 adoraverunt
3469 4298 3609 4369 (57),
3635 4304 3694 4351 et

1707 4597 2074 4655 COTELERII
2128 4597 2363 4654 ΝΟΤᾹΞ.

483 4717 596 4788 (52)
641 4718 969 4773 Heliesdros.
1005 4716 1293 4788 Exemplar
1311 4716 1794 4788 Candeleriamun,
1822 4713 1991 4788 Elies-
2025 4723 2065 4777 ο
2093 4724 2165 4767 tes
2214 4714 2429 4788 vestigia
2480 4712 2889 4788 commeantium
2914 4750 2930 4774 ,
2970 4716 3235 4788 cati-emo.
3250 4722 3477 4788 suorum
3530 4708 3691 4788 btuur-

405 4785 553 4843 drds.
578 4785 1008 4853 'Carineliticum
1030 4829 1045 4850 ,
1092 4785 1471 4842 Helimesdros.
1508 4788 1664 4842 Petili
1691 4827 1705 4848 ,
1744 4785 1989 4839 Heli/tes-

406 4859 555 4913 drus.
574 4856 713 4912 Puto
735 4875 857 4913 esse
884 4859 1243 4929 idcnrnomen
1268 4856 1666 4929 ξιοἘλιέζερος,
1690 4856 1985 4918 Eliezerus,

408 4929 710 4985 Damascus
742 4929 969 4993 Eliezer,
1011 4927 1210 4983 Genes.
1244 4945 1313 4982 xv
1336 4968 1351 4991 ,
1385 4929 1453 4992 2,
1487 4927 1582 4997 per
1611 4945 1771 4996 quem
1804 4930 1986 4981 locum

404 5000 673 5055 evertitur
710 4999 892 5054 fabula
931 4999 1043 5053 haec
1068 5038 1082 5060 ,
1130 5014 1158 5050 a
1201 4999 1709 5067 pseudo-Clemente
1741 5013 1805 5051 ex
1856 5011 1989 5063 apo-

406 5071 613 5142 crypho
640 5069 945 5142 vetustiori,
965 5078 1023 5123 ut
1045 5070 1280 5142 videtur,
1308 5070 1613 5142 desumpta.
1636 5068 1774 5142 Lege
1801 5067 1894 5142 lib.
1920 5082 1982 5128 ιι,

404 5138 527 5213 cap.
567 5142 592 5195 1
618 5139 1017 5265 0Clementina
1060 5139 1249 5195 homil.
1300 5140 1356 5205 2,
1405 5158 1461 5195 n.
1512 5139 1562 5205 1,
1614 5149 1668 5193 et
1718 5138 1983 5206 Epitomes

404 5227 527 5265 can.
695 5253 709 5265 .

402 5228 527 5265 (:30.
618 5228 709 5265 Συ.

471 5227 589 5354 I(E5)
618 5227 994 5354 1gerituaginta
1047 5280 1205 5354 duo._
1237 5279 1508 5354 Numerus
1551 5279 1661 5354 iste
1700 5294 1806 5332 non
1859 5293 1987 5354 con-

406 5349 960 5414 sta't.(;onstareti62,
990 5352 1118 5421 quia
1148 5349 1240 5417 62,
1270 5367 1396 5405 eum
1431 5349 1722 5405 duodecim
1753 5349 1985 5421 patriar-

405 5422 525 5477 chis
562 5433 613 5476 et
652 5417 1099 5487 Jacobo,facinnt
1142 5423 1207 5477 75
1229 5462 1245 5486 ,
1278 5428 1412 5491 quot
1442 5429 1723 5490 ponuntur
1757 5417 1785 5472 a
1819 5417 1981 5475 LXX.

405 5490 600 5546 Genus.
635 5509 780 5557 XLVI,
805 5494 895 5555 '27,
921 5499 975 5548 et
998 5492 1171 5548 Exod.
1207 5511 1246 5553 ι.
1279 5490 1333 5555 5,
1360 5493 1593 5561 indeque
1616 5492 1737 5544 Act.
1763 5506 1860 5553 vu,
1895 5490 1981 5544 Η.

477 5563 589 5630 (54)
632 5562 789 5617 Intra
817 5580 982 5618 annos
1013 5563 1444 5633 quadringentos.
1465 5559 1739 5618 Geneseos
1782 5577 1869 5624 xv,
1894 5561 1982 5625 l3,

406 5635 497 5686 ubi
528 5634 852 5687 consulendi
881 5637 1227 5701 interpretes.

476 5703 587 5773 (55)
635 5705 735 5756 l’er
765 5705 945 5773 longos
982 5706 1161 5767 eremi,
1212 5713 1318 5759 etc.
1355 5703 1430 5757 ita
1476 5704 1595 5772 lego
1638 5702 1691 5754 in
1723 5718 1975 5757 sermone

407 5771 640 5829 S.‘Galli
678 5771 1014 5830 confessoris
1035 5816 1049 5841 ,
1082 5791 1203 5848 cap.
1233 5776 1266 5830 5
1303 5796 1314 5830 :
1354 5771 1549 5830 Omnes
1578 5774 1737 5847 igitur
1759 5789 1975 5843 sequen-

2085 5700 2269 5758 δωλον,
2303 5696 2335 5769 ἢ
2370 5698 2545 5760 τοῦδε,
2587 5698 2620 5767 ἢ

2082 5768 2283 5845 χρυσὸν
2325 5760 2415 5820 ἐπὶ
2454 5768 2514 5820 τὸ
2569 5760 2790 5836 «braca:
2825 5764 3040 5817 εἴδωλον
3073 5764 3209 5834 ὅπερ
3240 5766 3309 5815 ἀν
3360 5762 3534 5835 τύχῃ,
3587 5760 3684 5814 καὶ

2098 4788 2275 4838 thrum
2321 4776 2556 4855 ingresso
2602 4785 2735 4855 (non
2782 4781 3047 4851 ingressi),
3084 4776 3481 4855 nouitsimoque
3525 4780 3693 4855 plebis

2095 4855 2194 4909 Dei
2216 4856 2284 4908 ad
2316 4849 2560 4908 naturale
2593 4849 2741 4907 littus
2783 4849 3133 4920 transgresso,
3166 4849 3242 4900 ita
3262 4858 3391 4900 sunt
3417 4850 3693 4920 montibus

2097 4942 2356 4997 aquarum
2404 4925 2661 4997 involuti,
2692 4931 2751 4997 ut
2793 4918 2973 4975 nullus
3018 4927 3310 4997 remanere:
3349 4920 3441 4987 qui
3483 4918 3690 4997 [nerunt

2096 4986 2239 5049 domi
2271 4993 2622 5049 residentibus
2649 4986 2862 5061 referre
2900 4991 3176 5059 potuisset.
3221 4986 3287 5061 Et
3312 4986 3441 5057 cap.
3477 4991 3513 5041 6
3550 5008 3564 5041 :
3601 4990 3695 5043 Sic

2094 5084 2179 5121 eos
2208 5082 2300 5136 per
2328 5066 2603 5136 desertum
2632 5058 2987 5136 quadraginta
3026 5076 3191 5113 annos
3216 5058 3286 5109 ad
3318 5068 3522 5136 terram
3566 5075 3696 5136 pru-

2087 5128 2355 5191 missiouis
2371 5128 2744 5198 circumdulrit,
2762 5128 2924 5185 donec
2937 5134 3296 5184 desuescerent
3312 5128 3690 5181 idololatrian:

2088 5208 2152 5259 de
2181 5224 2284 5277 qua
2303 5217 2452 5260 erant
2476 5206 2672 5268 educti,
2703 5212 2751 5256 et
2778 5218 2937 5274 quam
2960 5201 3250 5268 ubicunque
3271 5200 3509 5252 venirent
3532 5209 3694 5251 erant

2087 5277 2370 5332 inventuri.

2161 5348 2274 5417 (36)
2315 5347 2447 5412 Qum
2491 5346 2683 5415 species
2716 5344 2839 5407 cibi,
2872 5350 2981 5397 etc.
3020 5340 3263 5417 Despicit
3304 5338 3376 5393 ad
3406 5336 3599 5392 locum
3630 5339 3693 5392 li-

2090 5411 2174 5474 bri
2199 5411 2665 5486 Szipieutiaa.'cap.
2701 5431 2814 5477 xvi,
2842 5429 2987 5486 vers.
3018 5411 3111 5486 20,
3142 5411 3235 5486 fdi.

2161 5479 2292 5560 (37)
2318 5486 2427 5555 Ipsi
2457 5479 2751 5560 secundum
2766 5485 2987 5560 speciem
3016 5479 3687 5560 épidis...__ndoraverun:.

2095 5550 2495 5614 Scribittamen
2520 5558 2666 5610 hunc
2690 5558 2743 5609 in
2768 5550 2987 5609 modum
3013 5552 3251 5606 Joannes
3269 5550 3685 5614 Damasceuus,

2094 5646 2181 5693 III,
2213 5637 2395 5681 contra
2439 5625 2813 5681 Iconomachos
2843 5639 2863 5677 :
2909 5624 2982 5677 Οὐ
3016 5622 3123 5693 γὰρ
3154 5621 3422 5693 ὲπθεησᾳν
3454 5621 3581 5682 Διὸς
3612 5622 3689 5693 ξτ-

2656 5695 2830 5760 τοῦδε,
2871 5695 2983 5746 ἀλλ’
3019 5691 3100 5754 ὡς’
3131 5692 3563 5761 ἑτυχενὲδωκαν
