3806 6248
175 362 289 419 1229

1296 351 1852 410 REC‘OGNITIONUII
1884 355 2008 410 LIB.
2044 357 2082 410 Ι.

3171 358 3315 413 1230-

173 482 276 544 post
305 478 380 525 tot
430 484 491 524 ar.
527 476 675 523 tanta
720 486 839 538 qua
869 470 1114 525 viderant
1139 468 1425 528 mirabilia,
1469 465 1667 522 veteris
1693 470 1741 528 Α
1837 434 2290 537 XXXVllngitur
2314 466 2523 537 Moyses
2537 467 2603 531 “,
2635 465 2721 522 bis
2746 466 3166 532 administratis,
3197 468 3311 521 An-

171 558 538 616 consuetudinis
576 558 760 613 sordes
806 560 1031 613 elimare
1088 574 1119 612 a
1171 572 1229 611 se
1275 563 1436 624 atque
1467 555 1678 610 abster-

169 664 274 718 gerc
298 646 662 715 nequiverunt.
694 646 758 698 Et
788 647 859 700 ob
875 646 976 700 hoc
1006 647 1181 701 brevis
1212 644 1372 714 spatii
1404 646 1507 697 iter
1526 644 1673 713 quod

169 754 222 790 ea
243 735 457 804 Βαγριο
480 734 626 787 ducit
662 733 729 786 ad
750 731 988 787 Judaeum
1026 734 1364 801 relinquens,
1413 732 1673 785 immenso

168 824 311 880 eremi
352 822 549 874 ambitu
604 821 712 889 egit
738 836 834 874 eos
870 819 1100 889 Moyses,
1145 819 1191 872 si
1223 819 1359 871 forte
1386 816 1576 885 possit,
1612 824 1674 869 ut

166 913 388 981 superius
455 911 906 973 memoravimus,
969 918 1192 964 vetusta:
1254 907 1669 962 consuetudinis

165 1005 285 1058 mala
342 1002 558 1055 novellae
620 1001 977 1055 institutionis
1042 1000 1437 1071 permutatione
1488 1000 1673 1053 discu-

164 1101 277 1144 tere.

222 1177 447 1232 XXXVI.
496 1178 629 1232 Cum
661 1178 874 1233 interim
912 1177 1083 1231 ﬁdelis
1107 1184 1161 1231 et
1194 1176 1427 1245 prudens
1453 1175 1671 1245 dispen-

160 1276 288 1322 sator
332 1267 532 1342 Moyses
576 1267 887 1340 pervidens,
940 1265 1135 1335 populo
1170 1280 1235 1319 ex
1286 1263 1665 1333 Egyptiorum

158 1356 400 1413 consortio
421 1360 579 1411 altius
611 1356 908 1412 inolevissc
928 1353 1113 1409 vitium
1138 1352 1297 1407 idolis
1330 1349 1662 1409 immolandi,

155 1461 237 1503 nec
261 1464 410 1517 posse
441 1449 507 1501 de
533 1449 613 1502 eis
648 1448 885 1503 radicem
919 1443 1044 1500 mali
1077 1443 1239 1509 hujus
1266 1441 1462 1504 excidi,
1481 1442 1668 1493 immo-

155 1538 248 1591 lare
287 1537 495 1604 quidem
540 1538 618 1590 eis
657 1536 951 1599 concessit,
1003 1532 1095 1589 sed
1126 1530 1233 1584 Deo
1274 1531 1374 1585 soli
1415 1530 1519 1584 hoc
1546 1528 1662 1582 fleri

156 1628 390 1694 permisit,
422 1634 480 1679 ut
519 1626 752 1680 mediam
779 1624 1176 1693 quodammodo
1205 1627 1409 1692 partem
1441 1618 1555 1672 vitii
1585 1620 1664 1671 al-

154 1716 243 1768 tius
261 1717 423 1768 incliti
459 1723 765 1780 resecaret;
794 1715 952 1767 aliam
978 1728 1106 1767 vero
1119 1712 1369 1775 mediam,
1386 1724 1481 1776 per
1499 1708 1661 1760 alium

152 1814 197 1858 et
233 1805 293 1858 ad
337 1805 479 1858 aliud
532 1813 746 1873 tempus
780 1809 1079 1858 reservaret
1114 1799 1500 1855 emendandum
1522 1837 1535 1861 ,
1570 1812 1664 1864 per

151 1895 277 1948 illum
320 1895 540 1956 scilicet,
589 1895 656 1947 de
683 1911 793 1962 quo
820 1894 932 1961 ipse
954 1892 1128 1946 dixit:
1174 1890 1485 1958 Prophetam
1513 1888 1650 1941 vobis

148 1985 386 2036 suscitabit
419 1984 525 2052 (58)
557 1983 810 2037 Dominus
838 1982 975 2035 Deus
1012 1991 1173 2035 vester
1202 1982 1332 2034 sicut
1363 1996 1460 2041 me,
1493 1980 1659 2047 ipsum

148 2074 297 2126 audite
333 2074 610 2127 secundant
662 2075 840 2127 omnia
862 2088 974 2141 quae
1002 2072 1192 2124 dixerit
1225 2070 1387 2124 vobis.
1426 2069 1654 2134 Quicun-

145 2178 223 2230 que
242 2163 364 2215 enim
380 2179 475 2216 non
494 2162 723 2215 audierit
739 2148 1035 2230 prophetam
1051 2161 1218 2225 illum,
1235 2159 1662 2213 exterminabitur

148 2252 295 2303 anima
314 2251 418 2318 ejus
440 2252 499 2304 de
518 2252 712 2319 populo
746 2266 840 2304 suo
860 2250 927 2304 ⁸³.

211 2340 448 2395 XXXVII.
474 2342 551 2395 Ad
592 2342 711 2395 haec
736 2348 916 2394 autem
965 2343 1123 2393 etiam
1156 2339 1332 2393 locum
1364 2339 1568 2403 statuit,
1600 2337 1656 2391 in

146 2445 236 2497 quo
267 2432 373 2484 solo
404 2433 586 2485 liceret
620 2432 705 2485 eis
752 2430 1032 2484 immolare
1070 2429 1179 2484 Deo
1198 2430 1264 2484 ⁸³.
1313 2429 1427 2483 Hoc
1480 2436 1657 2482 autem

147 2526 290 2572 totum
316 2535 375 2574 eo
415 2528 705 2590 prospectu
743 2520 1049 2589 gerebatur,
1075 2526 1133 2571 ut
1166 2533 1286 2572 cum
1318 2526 1527 2587 tempus
1554 2533 1655 2586 op-

147 2619 399 2675 portunum
428 2613 657 2665 venisset
711 2619 765 2663 et
799 2609 1116 2664 didicissent
1164 2624 1259 2678 per
1316 2609 1651 2677 prophetam,

150 2700 254 2764 quia
282 2698 414 2754 Deus
448 2698 874 2754 misericordiam
898 2698 1003 2752 vult
1028 2705 1080 2751 et
1110 2713 1214 2751 non
1237 2697 1560 2753 sacrificium
1581 2697 1653 2761 ⁸⁵,

145 2784 357 2845 viderent
381 2803 499 2841 eum
527 2790 619 2857 qui
669 2803 765 2841 eos
808 2786 1021 2841 doceret
1071 2786 1246 2839 locum
1295 2785 1391 2839 Dei
1421 2787 1648 2840 electum

144 2888 243 2928 esse
262 2877 560 2945 sapientiam
588 2878 737 2945 ejus,
773 2878 825 2931 ir.
854 2892 960 2946 quo
988 2877 1299 2931 conveniret
1328 2876 1506 2930 offerri
1549 2876 1649 2930 ho-

141 2960 249 3013 stias
286 2962 404 3026 Deo,
430 2965 570 3018 hunc
592 2973 776 3018 autem
808 2965 1015 3028 locum,
1045 2966 1137 3032 qui
1166 2965 1233 3017 ad
1266 2972 1474 3033 tempus
1504 2965 1652 3019 vide-

139 3045 269 3103 batur
301 3053 529 3117 electus,
577 3054 988 3108 incursionibus
1043 3054 1277 3108 hostium
1314 3062 1370 3108 et
1423 3055 1649 3111 excidiis
1676 3086 1717 3143 ε

140 3152 256 3207 saepe
307 3150 566 3208 vexatum,
635 3150 689 3197 et
728 3142 794 3196 ad
850 3143 1096 3195 ultimum
1134 3158 1347 3212 quoque
1402 3143 1650 3198 audirent

140 3228 326 3294 penitus
377 3231 813 3286 excidendum”.
862 3232 919 3283 In
965 3230 1120 3299 cujus
1176 3234 1253 3284 rei
1301 3231 1456 3286 tidem
1487 3232 1649 3287 etiam

142 3321 243 3368 ante
269 3315 540 3371 adventum
597 3317 716 3372 veri
766 3318 1071 3386 prophetae,
1125 3319 1215 3387 qui
1244 3326 1387 3373 esset
1441 3319 1649 3375 hostias

116 3412 243 3453 cum
289 3403 399 3457 loco
438 3405 644 3473 pariter
678 3405 1074 3473 repudiaturus,
1119 3421 1258 3474 saepe
1295 3407 1362 3461 ab
1403 3407 1648 3469 hostibus

140 3490 392 3556 populatus
427 3499 507 3546 est
552 3501 606 3547 et
641 3491 762 3561 igne
807 3491 1096 3554 incensus;
1130 3500 1289 3561 atque
1317 3495 1372 3546 in
1414 3495 1641 3564 captivi-

141 3581 278 3630 tatem
335 3581 562 3649 populus
604 3580 868 3634 abductus
927 3582 979 3634 in
1025 3590 1235 3635 exteras
1282 3583 1547 3646 nationes,
1595 3591 1650 3638 et

139 3668 302 3723 exinde
330 3686 447 3724 cum
486 3673 552 3725 ad
579 3670 1003 3725 misericordiam
1038 3670 1128 3725 Dei
1154 3670 1464 3740 confugeret
1494 3688 1649 3726 revo-

138 3764 267 3811 catus
308 3769 419 3825 est,
462 3770 518 3815 ut
551 3776 648 3831 per
693 3760 804 3813 haec
860 3758 1158 3821 doceretur,
1210 3761 1335 3829 quia
1384 3761 1648 3815 sacrificia

136 3843 337 3902 ollereus
372 3851 660 3919 expellitur
690 3854 743 3900 et
782 3847 835 3899 in
887 3861 1076 3901 manus
1114 3848 1347 3900 hostium
1388 3849 1639 3914 traditur,

136 3932 525 3993 misericordiam
553 3952 685 3992 vero
717 3934 915 3989 faciens
946 3944 998 3988 et
1046 3936 1332 4003 justitiam,
1389 3938 1506 3993 sine
1551 3954 1642 3992 sa-

132 4022 325 4079 crificiis
353 4024 417 4082 de
446 4028 1026 4096 captivitateliberatur
1050 4036 1101 4079 et
1121 4026 1172 4079 iu
1193 4035 1388 4081 terram
1413 4029 1641 4096 patriam

132 4110 423 4178 restituitur.
472 4110 578 4169 Sed
636 4113 737 4167 hoc
766 4114 1060 4183 intelligere
1106 4127 1306 4181 paucos
1359 4115 1643 4168 admodum

128 4197 319 4253 accidit.
349 4199 535 4258 Plures
573 4202 716 4256 enim
736 4202 944 4256 etiamsi
980 4202 1178 4257 sentire
1215 4202 1327 4256 haec
1366 4213 1420 4257 et
1455 4204 1647 4257 adver-

129 4286 224 4337 tere
251 4297 509 4354 poterant,
541 4290 687 4358 vulgi
720 4298 895 4344 tamen
913 4290 1211 4344 irrationali
1229 4291 1479 4359 opinione
1504 4302 1645 4347 tene-

1694 1769 1738 1827 Β

1772 567 1868 607 seu
1904 555 2187 623 quemdam
2227 556 2446 609 nomine
2474 569 2793 624 praeponens
2822 557 3056 626 populo,
3087 557 3179 625 qui
3211 573 3306 613 eos

1771 652 2045 697 revocaret
2094 644 2162 698 ad
2209 645 2436 713 patriam
2491 654 2727 707 terram,
2781 645 2899 713 ipse
2945 646 3013 699 ad
3046 654 3306 700 montem

1769 734 2053 800 quemdam
2083 744 2347 803 praecepto
2396 733 2484 788 Dei
2535 734 2765 788 viventis
2813 735 3142 797 ascendens,
3193 737 3306 789 illic

1768 822 2052 878 defunctus
2099 834 2223 889 est;
2270 825 2428 892 cujus
2479 831 2658 878 tamen
2710 825 2838 889 talis
2888 825 2989 877 fuit
3034 840 3213 887 mors,
3247 833 3307 878 ut

1769 928 1942 981 usque
1968 912 2024 966 in
2054 913 2373 967 hodiernum
2400 913 2541 967 diem
2585 913 2918 982 sepulturam
2963 914 3084 981 ejus
3123 915 3306 968 nullus

1768 1001 2051 1055 invenerit.
2082 1000 2151 1054 Ut
2178 1017 2304 1070 ergo
2328 1004 2557 1071 populus
2585 1003 2819 1070 patrium
2844 1001 3067 1071 contigit
3093 1004 3263 1056 solum
3281 1040 3304 1068 ,

1764 1104 1859 1158 per
1901 1090 2293 1158 providentiam
2336 1089 2428 1144 Dei
2470 1090 2642 1158 primo
2681 1090 2863 1144 statim
2910 1089 3159 1158 ingressu
3199 1090 3307 1144 ini~

1764 1194 1990 1248 quarum
2028 1180 2267 1248 gentium
2311 1180 2641 1233 habitatores
2675 1179 2947 1247 fugantur,
2979 1188 3033 1233 et
3059 1180 3160 1247 ipsi
3189 1180 3305 1234 ha:-

1765 1267 2044 1322 reditatem
2077 1278 2353 1336 paternam
2380 1268 2563 1335 judice
2610 1276 2757 1322 sorte
2796 1269 3121 1337 suscipiunt.
3165 1268 3303 1323 Tum

1762 1357 1957 1413 deinde
2011 1374 2106 1427 per
2160 1359 2491 1427 aliquantum
2535 1359 2792 1428 temporis
2829 1358 3137 1426 judicibus,
3193 1375 3305 1413 non

1760 1449 1977 1518 regibus
2007 1449 2291 1518 gubernati
2312 1487 2326 1512 ,
2359 1457 2499 1503 statu
2528 1448 2907 1516 tranquilliore
2936 1447 3203 1502 durarunt
3230 1448 3301 1502 ⁸⁷.

1762 1532 1863 1587 Ubi
1891 1549 2019 1588 vero
2046 1542 2301 1604 tyrannos
2331 1535 2433 1589 sibi
2462 1535 2629 1603 magis
2659 1535 2958 1603 quaesivere
2996 1550 3157 1603 quam
3201 1551 3293 1590 re-

1759 1637 1886 1691 ges,
1933 1630 2062 1676 tunc
2105 1624 2263 1676 etiam
2311 1623 2365 1676 in
2410 1624 2557 1685 loco,
2585 1624 2677 1691 qui
2719 1624 2799 1678 eis
2828 1624 3093 1679 orationis
3131 1639 3299 1678 causa

1766 1711 1940 1765 fuerat
1982 1712 2393 1781 przedestinatus
2412 1750 2427 1774 ,
2460 1713 2715 1781 templum
2745 1728 2844 1781 pro
2873 1713 3166 1767 ambitione
3208 1728 3300 1767 re,

1765 1801 1849 1869 gia
1877 1808 2261 1865 construxere,
2292 1808 2347 1855 et
2375 1801 2453 1854 sic
2485 1815 2579 1869 per
2606 1802 2847 1856 ordinem
2878 1803 3093 1871 regibus
3122 1803 3302 1871 impiis

1761 1890 1862 1944 sibi
1892 1891 2120 1945 invicem
2150 1890 2569 1945 succedentibus
2593 1930 2609 1954 ,
2637 1890 2706 1943 ad
2732 1890 2967 1959 majores
2997 1891 3302 1961 impietates

1760 1979 1921 2034 etiam
1953 1980 2183 2048 populus
2212 1980 2523 2034 declinavit.
3092 2026 3115 2043 ,

1828 2068 2067 2124 XXXIX.
2109 2067 2180 2122 Ut
2206 2075 2382 2123 autem
2413 2076 2626 2138 tempus
2655 2069 2847 2124 adesse
2876 2071 3068 2139 coepit,
3098 2086 3206 2139 quo
3245 2070 3301 2123 id

1757 2159 1900 2228 quod
1925 2158 2112 2213 deesse
2138 2158 2336 2227 Moysis
2384 2158 2646 2212 institutis
2684 2159 2919 2214 diximus
2960 2161 3297 2231 impleretur,

1669 2296 1673 2301 .
1755 2256 1808 2303 et
1845 2249 2101 2317 propheta
2135 2264 2291 2317 quem
2327 2248 2681 2317 praecinuerat
2718 2256 3038 2317 appareret,
3072 2250 3164 2318 qui
3204 2265 3301 2304 eos

1756 2342 1930 2411 primo
1980 2355 2075 2408 per
2122 2338 2549 2393 misericordiam
2593 2338 2686 2393 Dei
2730 2346 2973 2393 moneret
3013 2354 3229 2394 cessare
3267 2354 3301 2392 a

1754 2430 2035 2485 sacrificiis
2053 2468 2068 2493 ,
2098 2435 2153 2481 et
2182 2444 2248 2482 ne
2281 2427 2417 2482 forte
2443 2435 2693 2496 putarent
2721 2427 3064 2484 cessantibus
3100 2428 3298 2483 hostiis

1756 2520 2131 2575 remissionem
2163 2518 2266 2572 sibi
2298 2533 2406 2571 non
2454 2518 2566 2571 fieri
2606 2527 2984 2587 peccatorum,
3029 2518 3297 2586 baptisma

1750 2609 1830 2664 eis
1857 2623 1951 2677 per
1978 2622 2171 2676 aquam
2206 2608 2426 2671 statuit,
2454 2607 2509 2660 in
2537 2621 2644 2676 quo
2672 2607 2738 2660 ab
2769 2606 3017 2661 omnibus
3050 2609 3289 2676 peccatis

1750 2696 2002 2751 invocato
2046 2696 2164 2764 ejus
2208 2696 2426 2748 nomine
2466 2694 2825 2757 solverentur,
2873 2700 2929 2747 et
2970 2692 3055 2762 de,
3078 2694 3291 2766 reliquo

1748 2787 2038 2856 perfectura
2069 2788 2234 2839 vitam
2280 2792 2566 2852 sequentes
2596 2783 2652 2836 in
2682 2783 3088 2838 immortalitate
3130 2786 3295 2839 dura-

1748 2883 1906 2939 rent,
1955 2890 2063 2929 non
2113 2873 2379 2943 pecudum
2431 2873 2693 2942 sanguine
2739 2876 2835 2927 sed
2876 2874 3154 2942 sapientiae
3198 2874 3294 2929 Dei

1750 2965 2123 3034 purificatione
2155 2965 2387 3033 purgati.
2434 2962 2675 3031 Denique
2710 2963 2882 3022 etiam
2927 2963 3030 3018 hoc
3068 2966 3292 3033 ponitur

1747 3052 1964 3109 evidens
2008 3053 2183 3123 magni
2238 3051 2482 3122 mysterii
2524 3051 2685 3119 hujus
2729 3050 2987 3104 indicium
3034 3052 3176 3120 (59),
3233 3060 3293 3107 ut

1748 3144 1925 3197 omnis
1969 3143 2061 3212 qui
2104 3141 2330 3196 credens
2382 3140 2656 3210 prophetae
2695 3139 2821 3193 huic
2845 3177 2861 3202 ,
2906 3140 2997 3209 qui
3037 3156 3068 3193 a
3109 3140 3294 3210 Moyse

1751 3233 2043 3304 praedictus
2084 3239 2199 3295 est,
2246 3232 2554 3301 baptizatur
2596 3231 2651 3283 in
2701 3229 2918 3284 nomine
2962 3230 3171 3298 ipsius,
3221 3231 3290 3284 ab

1745 3324 1960 3378 excidio
1990 3323 2113 3377 belli
2141 3322 2286 3392 quod
2316 3321 2605 3374 incredula:
2634 3320 2778 3390 genti
2804 3320 3048 3372 imminet
3074 3334 3137 3371 ac
3168 3320 3288 3373 loco

1746 3414 1884 3483 ipsi,
1919 3419 2162 3468 servetur
2192 3412 2422 3472 illaasus,
2450 3425 2557 3463 non
2583 3408 2863 3462 credentes
2890 3422 3016 3461 vero
3046 3416 3287 3463 extorres

1746 3502 1866 3555 loco
1898 3508 1951 3555 et
1979 3511 2144 3567 regno
2174 3499 2302 3551 fiant
2322 3537 2337 3561 ,
2371 3506 2428 3551 nt
2457 3498 2543 3551 vel
2571 3497 2723 3551 inviti
2755 3496 3056 3565 intelligant
3081 3504 3134 3551 et
3158 3497 3292 3551 obc-

1746 3592 1897 3645 diant
1925 3587 2191 3643 voluntati
2223 3586 2337 3641 Dei.

1811 3677 2032 3733 XL.llis
2060 3678 2223 3747 igitur
2252 3675 2748 3745 itapraeordinatis,
2786 3673 2942 3729 adest
2970 3675 3064 3744 qui
3093 3689 3288 3743 exspe-

1746 3769 2016 3830 ctabatur,
2048 3766 2248 3820 indicia
2279 3765 2365 3820 sui
2395 3766 2592 3835 quibus
2623 3766 2772 3820 fieret
2811 3765 3160 3828 manifestus,
3206 3767 3286 3819 si-

1744 3872 1846 3927 gna
1892 3864 1945 3909 et
1988 3854 2231 3924 prodigia
2272 3852 2550 3909 deferens.
2607 3850 2712 3906 Sed
2743 3867 2811 3906 ne
2840 3852 2919 3905 sic
2944 3852 3159 3920 quidem
3190 3866 3288 3920 po-

1746 3941 1905 4010 pulus
1939 3938 2206 4002 credidit,
2249 3939 2340 4007 qui
2386 3938 2452 3992 ad
2496 3939 2609 3992 haec
2646 3937 2913 3992 credenda
2954 3946 3033 3992 tot
3070 3939 3284 3992 saeculis

1744 4029 1985 4086 eruditus
2019 4035 2101 4083 est
2128 4046 2143 4093 ;
2175 4036 2229 4081 et
2259 4044 2365 4080 non
2396 4028 2569 4082 solum
2602 4042 2711 4081 non
2753 4026 3011 4092 credidit,
3056 4029 3149 4083 sed
3189 4030 3286 4081 ad-

1745 4119 1879 4173 didit
1907 4117 2205 4171 inlidelitati
2251 4117 2676 4185 blasphemiam,
2719 4132 2969 4171 voracem
3009 4117 3282 4172 hominem

1743 4215 1798 4262 et
1828 4206 2013 4261 ventri-
2029 4206 2351 4261 servientem
2381 4206 2446 4268 ⁸⁸,
2480 4220 2542 4259 ac
2569 4204 2812 4260 daemone
2853 4206 2939 4274 agi
2978 4220 3100 4260 eum
3125 4245 3144 4270 ,
3184 4208 3280 4276 qui

1742 4294 1813 4346 ob
1838 4293 2065 4346 salutem
2095 4307 2248 4346 suam
2276 4301 2528 4354 venerat,
2586 4291 2789 4347 dicens.
2833 4292 2891 4346 ln
2932 4298 3140 4347 tantum
3184 4312 3284 4349 ne-

123 4367 318 4431 bantur.
364 4377 664 4434 Paucorum
688 4394 918 4447 namque
946 4387 1029 4433 est
1073 4388 1218 4434 recta
1244 4396 1367 4435 cum
1395 4381 1643 4436 libertate
1674 4392 1717 4445 1)
1747 4384 1917 4454 quitia
1956 4384 2225 4437 malorum
2274 4383 2591 4437 ministeriis
2628 4384 2803 4447 valet,
2851 4384 2997 4454 quod
3040 4385 3145 4437 nisi
3180 4383 3282 4437 Sa-

127 4468 393 4524 sententia.

1744 4472 1942 4544 pientia
1986 4470 2080 4525 Dei
2123 4471 2384 4527 adfuisset
2428 4472 2512 4527 his
2549 4475 2643 4543 qui
2688 4475 2919 4545 diligunt
2957 4477 3277 4540 veritatem,

266 4620 593 4695 Deut.xvm_,
629 4622 853 4695 l_5;Act.
882 4622 1081 4695 "1,:22,
1109 4622 1226 4695 25.“
1272 4626 1320 4656 ⁸³
1351 4626 1503 4681 Deut.
1559 4643 1657 4689 ιιι,
1704 4627 1793 4691 lt;
1841 4625 1883 4677 ll
1939 4626 2115 4681 Paral.
2164 4642 2261 4695 vn,
2317 4626 2403 4681 12.
2479 4630 2523 4661 “
2564 4629 2750 4683 Matth.
2809 4646 2884 4693 ιι,
2941 4630 3025 4695 l5;
3070 4645 3172 4692 ιιι.
3220 4632 3276 4683 7.

124 4682 161 4714 ⁸³
190 4685 367 4744 Matth.
392 4708 539 4755 xxw,
563 4682 598 4745 2
619 4711 635 4757 ς
660 4682 792 4745 Luc.
809 4707 923 4754 ιιι,
947 4682 1035 4745 ﬂ.

1122 4692 1167 4723 ⁸⁸
1196 4692 1352 4747 Deut.
1379 4712 1528 4758 xui,
1561 4711 1728 4760 ιιιιι,
1766 4710 1944 4748 ιιιιν.

2039 4697 2082 4727 ⁸⁷
2124 4694 2139 4747 Ι
2171 4693 2299 4764 Reg.
2326 4711 2442 4751 vm.
2522 4698 2566 4729 ⁸⁸
2604 4699 2788 4750 Matth.
2819 4714 2891 4762 ix;
2920 4693 3077 4753 Joan.
3111 4716 3205 4753 vn.

1365 4863 1721 4919 COTELERll
1778 4865 2004 4921 NOTAE.

118 5012 647 5086 MXO¢V_EXZDMM
679 5013 985 5086 βουκρᾲνου.
1023 5014 1076 5067 Id
1106 5024 1188 5086 est
1214 5033 1227 5069 :
1258 5015 1379 5069 Non
1400 5020 1535 5070 enim
1565 5018 1635 5086 fe-

119 5094 281 5135 cerunt
305 5084 472 5147 lovis,
499 5083 588 5137 aut
617 5084 769 5149 hujus
797 5083 994 5135 illiusue
1022 5085 1378 5145 simulacrum.
1402 5088 1490 5139 sed
1515 5083 1633 5139 aba-

116 5165 202 5216 que
234 5163 374 5207 certo
403 5154 617 5206 consilio
662 5167 846 5203 aurum
875 5152 1120 5204 dederunt
1160 5162 1214 5204 ut
1256 5156 1397 5220 ﬁeret
1440 5156 1634 5208 idolum

114 5220 437 5298 quodcunque
455 5239 567 5275 sors
596 5220 896 5279 obtulisset;
925 5228 1075 5288 atque
1100 5221 1171 5272 ita
1199 5224 1322 5274 exiit
1354 5222 1521 5277 borini
1547 5241 1636 5277 ca-

111 5291 222 5349 pitis
248 5291 455 5349 emgies.

176 5291 651 5427 ῐὲὃῖῳΐξίῥιιειαηιᾼ
670 5356 808 5427 vobis
830 5356 1120 5417 suscitabit,
1147 5364 1250 5410 etc.
1276 5356 1439 5413 Recte
1463 5376 1633 5414 mem-
1658 5416 1668 5426 ,

113 5419 280 5478 δηιιιιὲ
292 5419 471 5495 Regia:
482 5438 531 5481 et
545 5426 605 5482 P.
626 5422 801 5489 Pctiti,
820 5440 952 5495 quas
971 5441 1078 5492 prze
1093 5427 1265 5495 oculis
1287 5430 1455 5480 Izaheo
1474 5444 1486 5479 :
1504 5429 1639 5483 Deus

114 5500 266 5561 pater
288 5493 424 5549 sicut
460 5513 536 5549 me
559 5508 579 5550 :
619 5497 786 5561 ipsum
810 5493 985 5545 audite
1002 5493 1278 5546 secundum
1310 5497 1500 5558 omnia,
1532 5507 1636 5553 etc.

116 5554 439 5636 lnﬂhronico
453 5554 750 5636 Raderiano
762 5577 858 5636 seu
872 5561 1323 5636 ‘Alexandrirm,p.
1342 5566 1442 5636 l8_0
1465 5554 1545 5636 :iIl
1554 5583 1638 5636 ρο-

117 5628 279 5709 ﬁrm:
313 5632 449 5709 ὑμῖν⁸
484 5632 764 5709 ἀγτξστῄσει.
806 5624 1004 5709 Ιςύριες
1040 5634 1068 5683 ὁ
1100 5630 1229 5709 Geo;
1344 5633 1469 5709 1::qu
1482 5624 1634 5709 ddi}-

116 5693 323 5759 φῶνῶς
350 5693 469 5767 ἐμὲ.
517 5693 684 5750 Αὐτοῦ
731 5693 1014 5749 άκούσὲσθε
1046 5698 1179 5751 κατὰ
1212 5699 1411 5765 πάντα,
1443 5704 1538 5754 ὅσα
1571 5702 1635 5755 ἂν

1737 5020 1862 5093 ciam
1876 5021 2007 5090 πρὸς
2020 5020 2053 5093 νύ
2060 5024 2182 5090 μᾶς.
2199 5023 2384 5093 Ἔσται
2402 5023 2477 5093 δὲ,
2496 5025 2643 5093 πᾶσα
2658 5022 2820 5093 ψυχὴ,
2841 5024 2959 5092 ἥτις
2975 5023 3072 5077 οὐκ
3092 5025 3271 5089 ἀκούει.

1737 5088 2128 5161 τᾳῦξπροςρήέοι)
2158 5091 2377 5153 ἐκείνου,
2406 5088 2898 5161 ὲξρλοθρεύθήὸὲτάι
2929 5095 2991 5145 ὲκ
3021 5093 3113 5145 τοῦ
3144 5088 3275 5149 λαοῦ

1737 5157 1920 5226 αὑτῆςζ
1964 5157 2246 5211 Vérsiones
2268 5162 2426 5211 etiam
2467 5157 2685 5229 Syriaca
2724 5157 2777 5214 et
2810 5161 3038 5215 Arabica
3078 5177 3275 5231 agnos-

1737 5235 1887 5278 cunt.
1911 5222 1971 5278 de
2003 5227 2189 5278 nonulo
2215 5243 2329 5278 suo.

1810 5242 1887 5282 ηι.
1911 5242 1971 5278 ae
2003 5242 2189 5282 nonum
2215 5243 2329 5280 suo.

1810 5242 1887 5282 nt.
1911 5242 1971 5278 ae
2002 5242 2189 5293 populo
2215 5243 2329 5280 suo.

1807 5293 1917 5367 (39)
1961 5294 2072 5346 Hoc
2091 5295 2300 5367 ponitur
2326 5295 2525 5367 evidens
2556 5296 2729 5367 magni
2751 5298 2982 5366 mysterii
3002 5296 3268 5367 Imjus_in-

1738 5358 2184 5434 diciumLetcaSi
2216 5363 2301 5415 cui
2335 5365 2596 5434 istarsunt
2625 5358 2854 5434 obscura
2880 5405 2895 5428 ,
2933 5358 3081 5434 legat'
3101 5363 3271 5421 Eusc-

1742 5427 2062 5501 hiuin,_llist.
2098 5432 2186 5501 libr.
2209 5433 2515 5501 nr,cap.5;
2553 5432 2931 5501 Epiphaniam,
2967 5427 3150 5489 literesi
3176 5437 3268 5500 29,

1739 5499 1973 5572 nuin._
2001 5500 2130 5572 nter.
2162 5499 2424 5572 alueum.
2457 5499 2677 5572 2;_Li_b.
2713 5504 2787 5572 Ade
2822 5519 2981 5559 mens.
3012 5514 3058 5555 et
3085 5499 3264 5572 ponit,

1737 5581 1852 5634 cap.
1885 5552 1973 5641 l5_;'
2001 5552 2377 5641 Tltcodoriluln
2405 5552 2471 5621 ad
2489 5552 2774 5641 iaciturin

1736 5649 1874 5697 rum,
1927 5636 2251 5697 Cedrenum,
2310 5634 2637 5702 Freculfum,
2691 5647 2799 5693 etc.
2853 5634 2935 5695 Ah
2972 5634 3042 5695 iis
3091 5634 3265 5694 lucem

1734 5713 1897 5773 petat.
