3872 6360
437 341 575 398 «εει

1295 340 1351 396 S.
1390 337 1791 403 CLEMENTIS
1822 339 1846 398 ι
1876 339 2046 398 ηοω.
2082 341 2288 399 PONT.
2328 342 2559 400 OPERA
2595 341 2823 400 DUBIA.

3588 348 3724 405 1332

439 468 636 510 omnes
679 468 821 522 pene
862 453 1031 511 simul
1065 451 1283 524 impius
1332 468 1491 510 error
1541 454 1869 510 involveret.
1919 453 2034 509 Nos
2064 477 2109 536 Α
2139 456 2356 524 locum,
2410 472 2577 529 quem
2626 473 2738 513 non
2785 466 3015 529 potuere
3064 466 3445 532 resurgentem
3501 468 3726 528 tenere,

435 562 570 619 ergo
596 546 807 617 primos
836 547 1001 618 elegit
1045 545 1341 602 duodecim
1385 547 1491 604 sibi
1537 548 1862 613 credentes,
1892 563 2037 619 quos

443 641 732 713 apostolos
775 640 1083 695 nominavit
1114 640 1182 704 “,
1222 640 1577 710 postmodum
1625 641 1765 696 alios
1815 647 2040 711 septua-

438 734 589 804 ginta
618 733 764 789 duos
791 733 906 803 (10)
952 732 1380 803 probatissimos
1423 731 1731 802 discipulos
1763 730 1833 796 “,
1864 739 1925 786 ut
1954 731 2038 786 vel

430 825 545 881 hoc
574 825 736 880 modo
761 823 1042 894 recognita
1101 823 1342 894 imagine
1375 822 1583 895 Moysis
1608 822 1860 879 crederet
1889 822 2037 877 mul-

439 919 607 973 titudr
646 918 717 983 ",
749 919 879 987 quia
912 917 1002 972 hic
1032 925 1119 974 est
1138 959 1155 985 ,
1183 933 1347 989 quem
1379 917 1633 988 praedixit
1663 917 1878 990 Moyses
1906 933 2041 972 ven-

437 1018 625 1065 turum
658 1011 982 1081 prophetam
1013 1011 1086 1068 ”.

508 1102 647 1158 XLI.
692 1101 800 1159 Sed
829 1102 1085 1160 fortassis
1111 1102 1259 1159 dicat
1285 1103 1491 1174 aliquis
1510 1144 1527 1170 ,
1553 1102 1682 1174 quia
1706 1102 1909 1158 imitari
1935 1119 2040 1157 nu-

438 1212 650 1253 merum
680 1196 994 1267 cuicunque
1025 1196 1297 1267 possibile
1327 1204 1415 1251 est
1440 1214 1456 1264 ;
1491 1203 1546 1250 et
1574 1194 1709 1266 quid
1754 1194 1823 1249 de
1865 1194 2041 1265 signis

437 1298 493 1345 et
541 1290 846 1345 virtutibus
904 1290 1095 1354 dicet,
1146 1306 1271 1360 qua:
1325 1289 1430 1344 iste
1488 1288 1771 1345 faciebat?
1827 1287 2038 1344 Etenim

440 1381 654 1454 Moyses
681 1383 917 1438 virtutes
947 1392 1003 1436 et
1033 1383 1306 1439 sanitates
1346 1380 1556 1438 fecerat
1587 1381 1644 1436 in
1692 1380 1951 1453 Egypto.
1987 1379 2040 1437 ls

438 1490 660 1546 quoque
683 1513 700 1540 ,
733 1490 901 1546 quem
933 1475 1053 1546 ipse
1082 1474 1340 1546 praedixit
1370 1475 1516 1530 sicut
1544 1489 1606 1530 se
1635 1473 1819 1545 ipsum
1852 1488 2041 1529 surre-

439 1578 660 1622 cturum
693 1569 1020 1639 prophetam
1039 1608 1055 1632 ,
1087 1582 1214 1623 cum
1242 1582 1461 1622 omnem
1490 1567 1813 1638 languorem
1839 1572 1897 1621 et
1919 1580 2043 1622 om-

441 1669 567 1710 nem
597 1654 971 1711 infirmitatem
1003 1666 1224 1711 curaret
1255 1654 1310 1710 in
1342 1656 1535 1725 plebe,
1563 1656 1800 1711 virtutes
1830 1654 2042 1712 faceret

442 1745 802 1811 innumeras,
838 1746 1007 1801 vitam
1043 1748 1453 1819 evangelizaret
1484 1755 1748 1803 teternam
1770 1787 1786 1810 ,
1833 1748 1904 1803 ab
1933 1747 2041 1802 im-

2138 566 2356 621 magum
2391 551 2686 619 dicebant;
2719 551 2815 605 alii
2846 550 3124 607 ﬁnxerunt
3154 552 3400 610 furatum
3432 552 3505 609 “.

2211 641 2393 698 XLIII.
2436 641 2829 699 Verumtamen
2862 644 3065 698 veritas
3097 644 3300 714 ubique
3328 645 3617 701 vincebat.
3652 645 3730 701 Ad

2139 735 2405 790 indicium
2428 736 2575 791 enim
2601 776 2615 800 ,
2642 735 2791 807 quod
2815 737 2932 790 haec
2962 736 3148 791 divina
3174 737 3376 793 virtute
3408 748 3728 805 agerentur,

2138 838 2242 879 nos
2281 825 2376 895 qui
2421 823 2707 881 fueramus
2752 826 3112 896 paucissimi,
3161 842 3431 898 processu
3457 822 3729 893 dierum,

2139 918 2473 988 astipulante
2513 918 2650 982 Deo,
2676 920 2853 974 multo
2896 922 3087 990 plures
3130 935 3295 991 quam
3345 921 3426 975 illi
3458 920 3736 976 efﬁcieba—

2140 1019 2286 1066 mur,
2324 1005 2399 1059 ita
2440 1012 2501 1059 ut
2544 1006 2843 1076 aliquando
2886 1008 3337 1077 pertimescerent
3377 1010 3734 1073 sacerdotes,

2144 1110 2213 1149 ne
2236 1093 2376 1151 forte
2409 1111 2506 1167 per
2529 1095 2621 1152 Dei
2650 1097 3049 1167 providentiam
3080 1102 3147 1154 ad
3173 1101 3564 1156 confusionem
3591 1101 3738 1171 ipso-

2140 1203 2301 1252 rum,
2347 1187 2403 1242 in
2462 1187 2626 1245 ﬁdem
2677 1200 2926 1245 nostram
2974 1192 3268 1248 universus
3311 1195 3558 1264 populus
3604 1207 3736 1246 con-

2142 1281 2360 1335 veniret
2384 1298 2400 1347 ;
2436 1280 2757 1353 frequenter
2786 1284 3073 1339 mittentes
3102 1285 3170 1339 ad
3203 1300 3305 1341 nos
3336 1286 3648 1357 rogabant,
3677 1292 3739 1338 ut

2141 1374 2227 1429 eis
2256 1373 2325 1429 de
2371 1373 2503 1430 Jesu
2544 1375 2985 1440 dissereremus,
3023 1377 3071 1431 si
3121 1377 3240 1448 ipse
3280 1388 3431 1433 esset
3465 1378 3738 1448 propheta

2140 1482 2303 1537 quem
2328 1464 2546 1539 Moyses
2571 1468 2829 1539 praedixit
2854 1508 2869 1533 ,
2894 1471 2989 1541 qui
3017 1478 3099 1525 est
3124 1470 3381 1526 Christus
3401 1478 3651 1525 aeternus
3668 1468 3739 1523 θ’.

2142 1558 2221 1615 De
2252 1559 2357 1615 hoc
2384 1561 2532 1615 enim
2566 1561 2687 1616 solo
2716 1560 2881 1616 nobis
2910 1562 3007 1632 qui
3034 1562 3375 1619 credidimus
3416 1563 3475 1616 in
3511 1560 3704 1617 Jesurn
3724 1601 3741 1622 .

2142 1652 2437 1709 adversum
2481 1669 2593 1709 non
2642 1654 2935 1712 credentes
2965 1654 3189 1711 Iudaeos
3216 1654 3445 1711 videtur
3477 1670 3609 1711 esse
3638 1654 3746 1708 dif-

2143 1748 2398 1803 ferentia.
2431 1746 2635 1803 Verum
2683 1764 2810 1804 cum
2859 1749 3177 1820 frequenter
3216 1764 3385 1818 super
3429 1749 3541 1803 hoc
3585 1763 3747 1818 roga.

442 1838 550 1910 piis
579 1847 740 1896 actus
769 1848 855 1896 est
890 1840 946 1894 in
977 1855 1200 1896 crucem
1228 1858 1247 1907 ς
1280 1839 1429 1912 quod
1466 1847 1648 1895 tamen
1682 1840 1889 1895 factum
1919 1840 2037 1895 vir-
2070 1835 2112 1896 Β
2143 1848 2302 1906 rent,
2350 1856 2454 1897 nos
2503 1848 2687 1898 autem
2738 1850 3113 1913 opportunum
3160 1849 3381 1912 tempus
3431 1840 3747 1911 requirere-

442 1940 560 1987 tute
604 1932 728 2002 ejus
766 1947 1095 1988 conversum
1130 1939 1215 1986 est
1260 1933 1314 1987 in
1360 1932 1588 1987 bonum.
1638 1931 1885 2002 Denique
1912 1946 2040 1986 cum

441 2032 751 2094 pateretur,
784 2025 967 2080 omnis
998 2025 1048 2080 ei
1079 2039 1410 2095 compassus
1452 2034 1537 2080 est
1581 2025 1872 2092 mundus;
1914 2038 2042 2079 nam

441 2123 499 2171 et
528 2117 613 2171 sol
643 2116 981 2173 obscuratus
1006 2124 1130 2180 est,
1166 2126 1498 2187 montesque
1542 2116 1781 2187 disrupti
1803 2156 1818 2180 ,
1851 2123 1907 2171 et
1955 2130 2045 2170 se-

446 2209 639 2279 pulcra
669 2208 944 2279 patefacta
979 2216 1139 2273 sunt,
1166 2210 1349 2265 velum
1376 2209 1567 2280 templi
1592 2211 1829 2264 scissum
1860 2216 1946 2264 est
1970 2208 2041 2274 ”,

442 2302 595 2358 velut
628 2302 940 2358 lamentans
965 2303 1239 2357 excidium
1272 2302 1396 2357 loco
1424 2302 1739 2357 imminens.
1768 2300 1835 2355 Et
1859 2309 2044 2356 tamen

443 2411 573 2450 cum
602 2395 793 2451 omnis
819 2394 1060 2450 mundus
1088 2402 1402 2451 commotus
1431 2394 1541 2460 sit,
1576 2394 1680 2465 ipsi
1725 2396 2058 2458 etiamnunc,

446 2487 515 2540 ad
548 2487 972 2558 inquisitionem
1004 2495 1291 2543 tantarum
1323 2504 1511 2543 rerum
1540 2489 1862 2544 nullatenus
1890 2502 2049 2542 com-

449 2590 768 2636 moventur.

514 2673 676 2731 XLII.
709 2673 910 2731 Verum
942 2675 1207 2747 quoniam
1280 2676 1659 2733 necessarium
1700 2681 1821 2731 erat
1880 2681 1942 2730 ut
1980 2675 2039 2731 in

446 2769 629 2824 locum
663 2785 856 2825 eorum
884 2770 983 2841 qui
1012 2769 1282 2825 increduli
1317 2770 1715 2840 permanebant
1733 2808 1749 2832 ,
1779 2783 2049 2825 vocaren-

445 2868 538 2915 tur
568 2870 759 2932 gentes
780 2901 796 2927 ,
828 2870 889 2916 ut
921 2862 1230 2933 repleretur
1263 2862 1356 2917 ille
1386 2877 1655 2917 numerus
1686 2862 1781 2931 qui
1810 2860 2045 2915 demon-

444 2961 656 3009 stratus
697 2953 878 3009 fuerat
918 2953 1156 3009 Abrahae
1210 2954 1279 3018 “,
1324 2953 1567 3008 mittitur
1615 2954 1670 3007 in
1722 2954 2047 3008 universum

449 3047 716 3100 mundum
746 3048 1006 3104 salutaris
1035 3047 1189 3119 regni
1218 3046 1311 3102 Dei
1342 3047 1681 3119 praedicatio.
1707 3046 2050 3102 Perturban—

447 3144 540 3190 tur
568 3137 643 3191 ob
673 3137 777 3192 hoc
807 3137 1075 3193 mundani
1106 3138 1341 3209 spiritus
1363 3178 1380 3204 ,
1413 3138 1506 3209 qui
1554 3139 1865 3195 libertatem
1895 3153 2046 3211 quc-

448 3228 703 3284 rentibus
735 3245 954 3301 semper
985 3228 1299 3295 obsistunt,
1327 3238 1384 3286 et
1414 3231 1484 3285 ad
1516 3230 1910 3287 destruendam
1945 3229 2044 3286 Dei

446 3320 869 3376 aedificationem
897 3337 1150 3378 errorum
1196 3322 1487 3379 machinas
1517 3332 1809 3395 quierunt,
1841 3322 2049 3395 quibus

448 3411 536 3475 hi,
570 3412 666 3483 qui
717 3413 786 3468 ad
832 3414 1032 3471 salutis
1077 3422 1133 3470 et
1175 3415 1450 3472 libertatis
1501 3415 1733 3487 gloriam
1777 3416 2044 3481 tendunt,

450 3504 791 3581 obsistentes
822 3513 879 3561 et
908 3521 1115 3577 agones
1146 3506 1441 3563 adversum
1486 3523 1584 3564 eos
1626 3522 1738 3563 non
1783 3508 2049 3564 minimos

448 3594 787 3653 desudantes
811 3638 826 3661 ,
862 3598 1124 3655 fortiores
1150 3599 1375 3663 effecti,
1423 3599 1493 3654 ad
1541 3600 1740 3655 salutis
1781 3614 2045 3655 coronam

448 3691 678 3745 veniant
706 3706 814 3745 non
850 3692 973 3747 sine
1003 3693 1185 3764 palma
1217 3692 1484 3748 victoriae.
1517 3692 1742 3749 Interim
1773 3709 1899 3749 cum
1929 3709 2055 3765 pas-

447 3799 545 3841 sus
576 3789 762 3848 esset,
797 3793 851 3839 et
880 3784 950 3838 ab
982 3785 1123 3839 hora
1154 3793 1309 3840 sexta
1343 3802 1519 3857 usque
1550 3786 1618 3841 ad
1649 3803 1850 3843 nonam
1886 3804 2050 3843 mun-

446 3874 575 3929 dam
608 3875 849 3931 tenebrae
874 3878 1300 3947 pressissent”,
1328 3878 1447 3934 sole
1468 3874 1684 3935 reddito
1709 3894 1774 3935 ac
1795 3879 1961 3936 rebus
1987 3879 2045 3935 in

455 3967 709 4023 ordinem
743 3969 1049 4034 restitutis,
1081 3971 1249 4026 etiam
1296 3971 1547 4028 homines
1589 3988 1825 4045 nequam
1871 3973 1939 4029 ad
1984 3989 2045 4030 se

446 4068 612 4131 atque
645 4061 713 4120 ad
746 4078 928 4117 mores
960 4079 1092 4119 SUOS
1124 4072 1272 4119 metu
1302 4078 1560 4121 cessante
1597 4066 1838 4137 regressi
1882 4074 2035 4122 sunt.

445 4150 584 4206 Nam
613 4152 835 4223 quidam
870 4169 1061 4209 eorum
1091 4170 1216 4210 cum
1248 4156 1398 4211 omni
1444 4156 1697 4211 custodia
1749 4166 2062 4217 servantes"

510 4308 556 4340 ”
589 4308 779 4366 Matth.
807 4328 864 4367 ι.
940 4313 990 4346 ’⁵
1024 4309 1155 4368 Luc.
1190 4328 1247 4369 ι.

450 4394 544 4448 xv;
578 4380 701 4436 Act.
737 4398 856 4439 xm.

1341 4315 1385 4350 ⁹¹
1423 4314 1588 4375 Num.
1620 4330 1696 4381 xt,
1740 4316 1830 4372 16.
1906 4319 1954 4353 ’ί
1992 4316 2152 4371 Deut.
2189 4332 2350 4377 xviii,
2383 4316 2472 4370 15.
2549 4314 2596 4347 ”
2635 4312 2828 4367 Matth.
2862 4327 3036 4375 xxvn,
3067 4310 3158 4378 15,
3191 4310 3283 4375 51,
3319 4308 3415 4364 52.

948 4383 998 4415 “
1032 4383 1225 4439 Matth.
1258 4401 1433 4451 xxvii,
1465 4389 1557 4445 45.
1633 4388 1681 4419 ’⁸
1722 4389 1912 4444 Matth.
1947 4403 2142 4452 xxvm,
2180 4387 2269 4445 13.
2346 4388 2391 4420 "
2427 4385 2588 4442 Joan.
2622 4401 2724 4450 xu,
2756 4383 2847 4440 3b.

2146 1947 2302 1996 mus,
2331 1932 2637 2002 septimana
2662 1932 2775 2002 jam
2810 1949 2918 1987 una
2949 1948 3016 1988 ex
3047 1934 3304 2003 passione
3336 1930 3563 1986 Domini
3598 1946 3749 1986 eom-

2144 2025 2399 2095 plebatur
2426 2039 2699 2080 annorum
2721 2065 2737 2090 ,
2772 2027 3010 2083 ecclesia
3043 2025 3258 2080 Domini
3303 2026 3358 2079 in
3396 2022 3749 2079 Hierusalem

2145 2116 2445 2173 constituta
2476 2116 2862 2188 copiosissime
2898 2117 3265 2188 multiplicata
3314 2116 3615 2171 crescebat
3657 2130 3751 2186 per

2145 2210 2413 2267 Iacobum
2438 2252 2453 2275 ,
2487 2212 2582 2283 qui
2614 2226 2645 2266 a
2678 2210 2914 2266 Domino
2957 2212 3245 2266 ordinatus
3275 2219 3359 2266 est
3406 2210 3467 2264 in
3511 2225 3579 2265 ea
3626 2210 3746 2280 epi-

2147 2319 2352 2373 scopus
2372 2344 2387 2366 ,
2419 2304 2749 2360 rectissimis
2779 2303 3288 2373 dispensationihus
3316 2303 3661 2373 gubernata.

2218 2393 2407 2450 XLIV.
2443 2395 2583 2451 Cum
2634 2404 2823 2450 autem
2877 2410 2982 2449 nos
3030 2393 3324 2449 duodecim
3383 2393 3635 2464 apostoli
3684 2394 3749 2447 ad

2148 2486 2293 2542 diem
2344 2486 2568 2543 Paschaa
2607 2501 2735 2542 cum
2787 2487 3001 2560 ingenti
3044 2485 3410 2541 multitudine
3454 2485 3751 2541 convenis-

2150 2597 2371 2648 semus,
2421 2582 2659 2653 ingressi
2715 2581 3009 2638 ecclesiam
3067 2581 3301 2637 fratrum
3354 2582 3754 2652 unusquisque

2148 2683 2403 2731 nostrum
2423 2718 2438 2741 ,
2469 2674 2674 2730 Iacobo
2699 2674 3080 2747 interrogante
3107 2690 3230 2745 qua:
3251 2690 3281 2728 a
3310 2674 3479 2731 nobis
3507 2691 3611 2746 per
3638 2675 3753 2731 loca

2150 2767 2366 2840 singula
2397 2776 2556 2839 gesta
2590 2769 2736 2831 sint,
2768 2766 3032 2823 audiente
3062 2768 3266 2839 popqu
3301 2767 3557 2823 breviter
3584 2781 3753 2837 expo-

2149 2862 2353 2916 nimus.
2390 2858 2450 2914 In
2481 2861 2686 2931 quibus
2719 2859 2963 2931 Caiphas
2994 2858 3243 2930 pontifex
3268 2898 3283 2923 ,
3315 2858 3516 2914 missis
3546 2859 3619 2912 ad
3656 2874 3754 2913 nos

2148 2952 2568 3018 sacerdotibus,
2601 2961 2761 3025 rogat
2792 2953 2984 3008 venire
3033 2952 3101 3006 ad
3144 2967 3234 3015 se,
3282 2960 3346 3005 ut
3393 2959 3493 3006 aut
3538 2953 3755 3007 ratione

2149 3045 2448 3102 doceamus
2478 3061 2605 3101 eum
2626 3085 2644 3111 ,
2678 3047 2809 3118 quia
2840 3045 3005 3101 Jesus
3036 3054 3278 3102 aeternus
3320 3054 3408 3101 est
3451 3045 3751 3107 Christus,

2149 3146 2245 3193 aut
2276 3139 2396 3210 ipse
2426 3154 2530 3195 nos
2559 3139 2791 3202 doceat,
2825 3140 2953 3209 quia
2988 3155 3098 3193 non
3142 3147 3255 3206 est,
3301 3154 3413 3209 quo
3444 3139 3503 3192 in
3542 3145 3758 3192 utram-

2150 3232 2282 3288 libet
2323 3231 2486 3287 ﬁdem
2532 3232 2832 3287 universus
2873 3232 3113 3303 populus
3157 3231 3531 3297 conveniret;
3564 3240 3615 3286 et
3648 3230 3753 3284 hoc

2147 3324 2329 3380 facere
2361 3340 2463 3379 nos
2491 3322 2809 3395 frequenter
2835 3333 3053 3379 exorat.
3085 3321 3197 3379 Nos
3224 3339 3360 3378 vero
3388 3338 3542 3393 saepe
3569 3322 3756 3378 distu-

2146 3417 2312 3474 limus
2332 3458 2347 3482 ,
2382 3425 2601 3487 tempus
2633 3430 2851 3487 semper
2889 3415 3254 3485 opportunius
3280 3415 3657 3486 requirentes.
3685 3412 3754 3467 Et

2147 3525 2249 3581 ego
2277 3508 2536 3565 Clemens
2568 3507 2833 3579 respondi
2866 3507 2934 3561 ad
2978 3508 3125 3563 hoc:
3172 3506 3317 3562 Puto
3355 3507 3509 3578 quod
3550 3516 3607 3561 et
3646 3506 3753 3561 hoc

2148 3600 2331 3670 ipsum
2384 3598 2531 3670 quod
2582 3603 2873 3670 quaeritur,
2920 3608 3107 3653 utrum
3162 3599 3282 3669 ipse
3326 3599 3402 3654 sit
3448 3597 3750 3660 Christus,

2150 3692 2386 3746 multum
2411 3691 2590 3762 prosit
2620 3690 2688 3745 ad
2717 3690 2842 3747 fidei
2876 3691 3147 3745 rationem
3181 3690 3295 3763 (41)
3318 3730 3335 3755 ,
3369 3690 3585 3761 alioqui
3616 3706 3755 3744 nun-

2147 3801 2313 3857 quam
2346 3784 2593 3856 pontifex
2629 3799 2731 3856 pro
2764 3784 2871 3838 hoc
2899 3792 3010 3837 tam
3041 3782 3364 3853 frequenter
3393 3790 3656 3853 rogaret,
3688 3790 3749 3836 ut

2147 3878 2215 3935 de
2243 3877 2469 3934 Christo
2497 3878 2584 3933 vel
2618 3877 2859 3933 disceret
2882 3875 2967 3930 vel
2992 3875 3237 3930 doceret.
3264 3872 3333 3928 Et
3363 3872 3573 3930 Petrus
3602 3893 3616 3927 :
3650 3872 3753 3928 Re-

2146 3979 2234 4025 cte
2262 3969 2604 4041 respondisti
2632 4008 2648 4034 ,
2679 3983 2713 4022 o
2738 3967 3019 4022 Clemens.
3052 3963 3209 4020 Sicut
3239 3966 3391 4021 enim
3428 3966 3553 4022 sine
3575 3967 3752 4021 oculis

2146 4077 2377 4117 cernere
2408 4076 2573 4117 nemo
2604 4067 2825 4131 potest,
2862 4073 2965 4113 nec
2997 4058 3117 4113 sine
3146 4057 3379 4113 auribus
3409 4072 3617 4128 capere
3651 4072 3752 4111 au-

2146 4154 2321 4210 ditum
2342 4196 2358 4219 ,
2389 4155 2473 4209 vel
2503 4154 2717 4225 absque
2755 4151 2989 4206 naribus
3029 4142 3321 4205 odoratum
3342 4190 3360 4214 ,
3405 4161 3593 4218 neque
3632 4149 3754 4204 sine

3523 4308 3575 4340 °‘
3608 4305 3755 4363 Ceno

1754 4563 2124 4621 COTELERII
2182 4563 2418 4622 NOTJE.

523 4736 639 4807 (ιο)
677 4737 929 4807 Septuag.
953 4736 1289 4794 duos.Varia
1302 4736 1467 4791 lectio
1489 4735 1695 4799 I.ttc.x,
1718 4737 1867 4803 1,17,
1896 4735 2042 4807 apud
2075 4751 2117 4806 ι)

450 4806 675 4863 Crtecos
701 4819 755 4863 et
785 4806 1033 4881 Latinos,
1057 4809 1430 4881 ἑϐδομήκοντα
1446 4817 1502 4862 et
1522 4807 1901 4881 ἑβδρμήκοντᾳ
1923 4806 2038 4873 δύο,

448 4888 552 4926 tu
605 4886 659 4934 et
695 4898 866 4936 Lxxn.
904 4879 1093 4934 Verum
1117 4877 1390 4949 quoniam,
1417 4877 1869 4949 iltqllitorigelles
1893 4880 2039 4934 hom.

446 4950 539 5012 27,
557 4949 609 5003 in
633 4949 923 5011 Numeros,
945 4968 1048 5004 mm
1065 4950 1237 5003 solum
1262 4948 1385 5003 illos
1401 4948 1675 5002 duedecim
1696 4950 1845 5020 elegit
1871 4950 2046 5003 Domi-

448 5038 547 5075 nus
565 5031 615 5073 et
642 5020 892 5075 Salvator
915 5032 1114 5082 noster,
1152 5020 1242 5075 sed
1272 5031 1320 5075 et
1349 5020 1485 5074 alios
1512 5022 1842 5091 septuaginta
1883 5020 2039 5083 duos;

449 5093 651 5145 idcirco
679 5108 783 5145 non
809 5092 981 5145 solum
1017 5091 1295 5145 duodecim
1323 5091 1514 5160 fontes.
1534 5092 1622 5143 sed
1640 5093 2040 5161 etseptunginta

447 5163 570 5216 dum
599 5162 816 5216 arbores
840 5163 1148 5216 scribuntur
1171 5179 1284 5217 esse
1317 5164 1640 5231 palatorum.
1677 5160 1740 5213 Et
1783 5160 1971 5221 homil.
2008 5160 2040 5213 7

452 5236 504 5285 in
542 5232 787 5287 Exodum
824 5253 837 5287 :
872 5232 957 5287 Ibi
979 5234 1139 5287 etiam
1182 5233 1397 5287 arbores
1428 5234 1751 5302 reperientur
1781 5249 1884 5287 Lxx
1925 5233 2045 5301 pal-

449 5320 682 5357 marum.
736 5302 859 5357 Non
907 5306 1048 5358 enim
1094 5305 1197 5357 soli
1243 5320 1321 5357 xtl
1369 5304 1596 5373 apostoli
1640 5304 1796 5370 [idem
1837 5302 2039 5357 Christi

450 5374 892 5443 prwdicaverunt,
927 5376 1016 5429 sed
1038 5385 1087 5428 et
1120 5375 1215 5428 alii
1240 5390 1344 5428 ιιι
1378 5376 1527 5428 missi
1544 5372 1612 5427 ad
1637 5374 2036 5441 pra-dicandum

450 5445 662 5517 verbum
686 5446 777 5501 Dei
791 5447 1206 5517 referunturlper
1222 5462 1352 5517 quos
1368 5446 1576 5517 palmas
1589 5446 1824 5517 victoria:
1841 5443 2044 5499 Christi

453 5516 682 5587 mundus
714 5514 1041 5586 agnosceret.
1081 5515 1174 5570 Sic
1210 5514 1351 5586 apud
1387 5514 1445 5587 S.
1480 5515 1869 5587 Augustinum,
1904 5523 2039 5571 tom.

584 5585 789 5641 Auctor
821 5587 1009 5667 Qperis
1036 5590 1103 5667 tte
1146 5586 1478 5641 mirabilibus
1524 5585 1694 5667 sacra:
1728 5585 2040 5667 §cripturw,

456 5658 551 5711 lib.
588 5673 625 5721 ι,
659 5674 779 5728 cap.
823 5659 877 5715 9.
919 5661 1133 5713 confert
1165 5674 1290 5713 cum
1326 5673 1473 5711 ωιτη
1506 5658 1794 5728 discipulis
1828 5658 2043 5728 linguas

454 5740 620 5781 uxn.
668 5736 818 5782 ortas
857 5746 887 5782 a
919 5744 1069 5783 αλιι
1113 5730 1250 5784 viris
1289 5729 1355 5782 ad
1400 5727 1815 5783 aedificationem
1873 5727 2045 5783 turris

457 5798 804 5870 Babylonica:
831 5802 1199 5870 congregatis,
1235 5808 1288 5854 et
1316 5814 1465 5854 Lxxn
1494 5799 1742 5853 seniores
1772 5814 1868 5869 per
1894 5797 2045 5870 Moy-

458 5866 815 5927 scm'elcctos
848 5889 861 5926 :
897 5866 1023 5928 cum
1042 5866 1087 5925 ‘a
1124 5868 1487 5936 Tertulliano,
1523 5866 1855 5945 tv_adverius
1895 5866 2047 5924 Har-

2147 4737 2479 4801 cionem,2‘1;
2498 4736 2757 4808 Eusebio,
2784 4736 3357 4808 Demonstr.evaugel.,
3380 4735 3482 4791 lib.
3510 4752 3599 4797 ut,
3623 4745 3743 4808 cap.

2149 4809 2203 4877 2;
2235 4809 2471 4864 Eusebio
2496 4825 2562 4862 ac
2594 4805 2930 4877 Theophane
2962 4809 3018 4862 in
3056 4805 3259 4863 Catena
3295 4806 3616 4861 Cra-corum
3646 4805 3749 4861 Pa-

2150 4890 2291 4932 trum
2326 4877 2650 4950 ndipucam;
2672 4880 2940 4950 Gregorio
2969 4877 3246 4950 Nysseno.
3270 4878 3345 4950 De
3394 4878 3528 4932 Vita
3557 4878 3749 4945 Hosis,

2147 4966 2201 5019 p.
2236 4952 2363 5016 215;
2401 4949 2754 5020 Hieronymo,
2774 4948 2934 5019 epist.
2968 4948 3091 5013 127,
3111 4966 3278 5020 niam.
3302 4948 3356 5011 6,
3385 4950 3630 5018 aliisque
3660 4965 3747 5004 re-

2148 5022 2490 5077 centioribus
2517 5061 2530 5082 ,
2567 5019 2621 5075 in
2665 5021 2892 5090 figuram
2936 5037 3039 5073 ut
3089 5019 3497 5089 discipulorum
3539 5036 3749 5090 ponan-

2148 5100 2239 5146 tur
2281 5109 2385 5146 Lxx
2431 5092 2679 5147 seniores
2721 5090 3031 5154 lsraelitici,
3078 5106 3182 5160 Lxx
3215 5091 3409 5160 palma:
3461 5091 3531 5145 ad
3579 5090 3745 5155 Elim,

2145 5172 2199 5217 et
2230 5179 2343 5233 cxx
2364 5162 2619 5217 nationes
2644 5178 2672 5215 a
2706 5178 2811 5216 Lxx
2841 5162 3077 5233 posteris
3111 5159 3226 5216 Noe
3262 5162 3537 5217 ducentes
3579 5162 3767 5233 origi-

2142 5248 2289 5289 nem.
2328 5231 2501 5286 Porro
2531 5248 2796 5287 numerus
2830 5231 2981 5287 txxu
3039 5246 3461 5302 pernumerum
3500 5248 3611 5286 ιιι
3656 5231 3748 5287 ex-

2141 5305 2303 5374 primi
2332 5313 2529 5373 potest,
2563 5313 2623 5358 ut
2644 5303 2853 5359 dictum
2880 5302 2982 5358 fuit
3012 5301 3081 5357 ad
3111 5301 3325 5357 Henna:
3353 5317 3392 5368 ι,
3421 5301 3478 5368 5,
3502 5317 3621 5357 non
3650 5317 3746 5356 au-

2144 5384 2250 5430 tem
2285 5391 2389 5429 LX!
2426 5391 2522 5443 per
2553 5390 2729 5429 ιχιιι.

2216 5445 2328 5517 (41)
2375 5440 2527 5517 Fidei
2555 5447 2836 5499 rationem.
2866 5443 3132 5517 Codicum
3173 5440 3495 5517 Sorbonici,
3524 5442 3741 5499 Thoanti

2145 5524 2199 5573 et
2226 5514 2645 5579 'Carndeleriani,
2681 5528 2766 5570 est
2806 5515 3215 5585 πιστοποὶησιν,
3252 5529 3284 5567 a
3327 5514 3505 5585 verbo
3556 5531 3744 5568 mazo-

2149 5590 2322 5642 ποιεῖν
2354 5595 2420 5656 et
2440 5585 2891 5656 πιστοποιείσθαι,
2936 5601 3047 5656 quo
3074 5582 3305 5656 utuntur
3341 5582 3543 5656 Ignatii
3574 5586 3742 5640 inter-

2151 5660 2367 5729 polator
2403 5655 2578 5727 Epist.
2602 5658 2671 5711 ad
2703 5654 2979 5728 Ephesios,
3012 5672 3069 5729 n.
3094 5655 3184 5720 18,
3211 5654 3425 5729 gustor
3458 5654 3738 5729 Constitu-

2155 5724 2357 5783 iionum
2381 5724 2635 5798 apostol.,
2666 5724 2763 5783 lib.
2798 5744 2850 5791 ν,
2880 5742 3004 5796 cap.
3024 5725 3169 5798 A6,et
3198 5724 3444 5798 Cyr-illus
3478 5726 3737 5787 Hieroso-

2152 5795 2472 5871 lymitanu's,
2505 5809 2617 5854 tum
2656 5798 2712 5853 in
2758 5798 2863 5871 fine
2900 5795 3259 5871 przfationis'
3286 5796 3355 5851 ad
3398 5797 3731 5863 Catulus»,

2153 5868 2269 5928 tum
2296 5870 2350 5927 in
2387 5870 2660 5945 principio
2688 5868 2988 5926 catechesis
3014 5868 3101 5923 14,
