3806 6304
513 365 653 422 1255

1338 367 1392 422 S.
1427 364 1809 421 CLEMENTIS
1840 365 1859 417 l
1892 363 2054 421 ROM.
2088 365 2288 422 PONT.
2325 364 2553 420 OPERA
2588 361 2856 420 DUBIA.

3673 359 3783 414 1136

504 492 629 532 cum
664 478 890 555 dixisset
914 519 927 538 .
962 494 1068 531 non
1116 477 1458 532 dubitaretur
1486 488 1539 531 et
1570 480 1884 551 prophetam
1924 494 2047 532 eum
2080 488 2121 541 Α
2147 480 2201 533 bi
2249 493 2375 533 vero
2414 478 2507 548 qui
2535 478 2682 531 nihil
2729 476 2809 530 de
2838 474 2976 542 ipso
3013 470 3256 540 penitus
3288 468 3612 532 audierant,
3641 480 3783 527 etve'

506 567 710 632 fuisse,
757 569 967 622 etiamsi
1019 568 1279 636 scriptum
1324 583 1435 621 non
1474 577 1620 621 esset
1668 568 1722 621 in
1772 569 1927 638 lege:
1970 570 2046 621 ita

507 674 631 711 cum
664 666 870 711 certum
915 657 985 710 sit
1028 671 1151 709 eum
1193 656 1511 725 prophetam
1554 656 1756 720 fuisse,
1798 658 2048 711 similiter

504 756 710 801 certum
740 758 821 800 est
857 754 911 798 et
939 745 1078 813 quod
1114 755 1311 798 unctus
1342 748 1441 810 sit,
1472 746 1599 814 quia
1630 747 1746 800 sine
1774 756 2046 814 unguento

504 836 825 905 prophetare
864 850 968 886 non
1002 843 1235 903 poterat.
1267 834 1466 888 Verum
1507 836 1608 888 hoc
1648 837 1817 905 magis
1867 822 2046 890 dicere

507 935 563 979 te
594 924 869 993 oportuit,
903 925 948 978 si
978 924 1213 978 chrisma
1254 936 1372 978 arte
1416 926 1743 994 myropolica
1783 927 2047 995 composi-

468 1024 619 1101 ‘tum
665 1022 748 1067 est
780 1014 847 1067 ab
890 1014 1104 1079 Aaron,
1151 1015 1421 1083 quomodo
1462 1014 1670 1091 primus
1718 1015 1878 1068 homo
1930 1031 2045 1086 per-

503 1103 629 1173 ungi
670 1106 845 1173 potuit
883 1113 1156 1173 unguento
1196 1114 1355 1169 ante,
1397 1105 1804 1174 compositionis
1836 1107 2043 1162 artibus

463 1261 466 1265 ‘
502 1191 742 1244 nondum
773 1191 1045 1259 repertis?
1097 1190 1163 1243 Et
1196 1206 1298 1259 ego
1327 1190 1583 1259 respondi
1611 1209 1623 1244 :
1678 1190 1794 1243 Non
1824 1204 1909 1244 me
1943 1199 2045 1243 tra-

504 1279 673 1332 ducas
696 1319 713 1343 ,
742 1279 941 1345 Petre;
976 1295 1083 1333 non
1143 1280 1285 1333 enim
1326 1281 1391 1333 de
1429 1288 1704 1348 unguento
1744 1281 2041 1348 composito

500 1378 554 1425 et
586 1369 866 1438 temporali
898 1370 1020 1422 oleo
1072 1369 1281 1437 loquar,
1328 1368 1422 1421 sed
1463 1369 1529 1422 de
1573 1369 1668 1421 illo
1714 1367 1949 1436 simplici
1987 1376 2041 1421 et

500 1472 735 1522 aeterno,
786 1459 928 1529 quod
979 1475 1009 1512 a
1059 1458 1168 1513 Deo
1217 1459 1419 1511 factum
1468 1474 1588 1513 esse
1637 1458 1909 1522 docuisti,
1972 1458 2039 1511 ad

500 1552 656 1619 cujus
720 1548 1127 1604 similitudinem
1178 1549 1320 1601 istud
1373 1548 1729 1617 compositum
1795 1562 1914 1602 esse
1974 1548 2041 1599 ab

505 1639 813 1693 hominibus
841 1638 996 1692 dicis.

567 1727 794 1781 XLVIII.
837 1728 899 1780 Et
945 1727 1135 1780 Petrus
1168 1726 1232 1779 ad
1271 1726 1404 1790 haec,
1458 1733 1518 1778 ut
1551 1725 1848 1791 videbatur,
1897 1724 2037 1778 indi-

2147 568 2293 621 nisse
2319 566 2550 620 credunt
2570 604 2586 627 ,
2618 573 2677 619 et
2711 569 3040 617 venturum
3071 566 3345 628 sperant.
3382 557 3454 610 Et
3484 558 3562 611 ita
3604 558 3658 611 in
3690 574 3784 611 om-

2143 658 2304 711 nibus
2341 655 2624 724 pmphetia
2678 652 2876 707 fidelis
2922 650 3231 720 apparuit,
3289 663 3425 718 quae
3467 648 3607 702 dixit
3637 649 3782 719 ipsum

2143 761 2264 800 esse
2289 744 2766 813 exspectationem
2800 741 3097 812 gentium.
3147 738 3527 793 Erraverunt
3563 754 3688 809 ergo
3710 740 3786 792 Ju-

2146 836 2247 889 dazi
2276 835 2344 889 de
2370 836 2550 903 primo
2578 832 2811 887 Domini
2845 831 3114 885 adventu
3145 847 3166 896 ;
3231 837 3296 884 et
3326 830 3484 883 inter
3522 844 3623 883 nos
3646 838 3786 900 atque

2143 927 2291 994 ipsos
2330 924 2395 977 de
2434 923 2540 975 hoc
2567 930 2656 977 est
2685 921 2814 975 solo
2844 919 3202 975 dissidium.
3265 916 3418 971 Nam
3448 918 3595 984 quod
3626 929 3787 971 ventu-

2142 1030 2239 1068 rus
2269 1014 2340 1066 sit
2368 1012 2650 1075 Christus,
2706 1018 2929 1064 norunt
2983 1010 3177 1063 etiam
3226 1007 3348 1078 ipsi
3378 1015 3438 1061 et
3470 1016 3784 1077 exspectant;

2142 1103 2285 1173 quod
2330 1109 2511 1156 autem
2556 1103 2676 1171 jam
2728 1101 2963 1154 venerit
3006 1100 3069 1151 in
3106 1098 3460 1151 humilitate
3486 1096 3577 1150 hic
3613 1099 3695 1166 qui
3720 1098 3787 1150 di-

2141 1192 2283 1245 citur
2304 1191 2485 1252 Jesus,
2520 1192 2807 1260 ignorant.
2845 1188 2923 1240 Et
2959 1187 3027 1241 in
3059 1188 3185 1242 hoc
3240 1188 3498 1242 maxime
3542 1185 3658 1255 ejus
3682 1202 3787 1242 con-

2141 1280 2386 1333 firmatur
2437 1280 2733 1340 adventus.
2793 1276 2957 1345 quod
3017 1277 3076 1332 ei
3132 1290 3270 1330 non
3318 1290 3523 1330 omnes
3563 1275 3782 1329 credunt.

2208 1368 2293 1424 LI.
2352 1368 2512 1422 Hunc
2547 1383 2683 1438 ergo
2730 1368 2888 1423 Deus
2938 1366 3297 1427 destinavit
3348 1366 3409 1423 in
3457 1364 3568 1420 fine
3604 1366 3780 1428 mundi.

2140 1460 2267 1528 quia
2311 1459 2656 1528 impossibile
2700 1465 2827 1512 erat
2876 1456 3252 1511 mortalium
3289 1457 3445 1510 mala
3472 1457 3683 1526 purgari
3707 1472 3783 1525 per

2140 1548 2303 1601 alium
2327 1587 2342 1612 ,
2369 1549 2584 1618 integra
2626 1547 2915 1601 duntaxat
2948 1553 3367 1617 permanente
3393 1545 3620 1600 humani
3644 1560 3781 1617 gene-

2139 1638 2216 1692 ris
2243 1648 2519 1705 creatura,
2556 1638 2667 1691 hoc
2716 1646 2810 1692 est
2860 1637 3040 1699 salva
3097 1636 3352 1691 arbitrii
3396 1636 3663 1691 libertate.
3689 1635 3780 1689 Hoc

2138 1728 2302 1796 igitur
2341 1734 2490 1781 statu
2537 1727 2814 1781 incolumi
2846 1732 3217 1789 reservato,
3276 1726 3526 1781 invitare
3567 1725 3702 1781 venit
3725 1724 3777 1778 ad

498 1835 715 1889 gnaris:
752 1818 890 1882 Quid
937 1825 1112 1885 putas,
1162 1815 1431 1880 Clemens,
1475 1815 1600 1884 quia
1641 1828 1827 1868 omnes
1865 1814 2040 1867 omnia
2071 1815 2113 1868 B
2140 1833 2365 1887 regnum
2390 1818 2575 1886 justos
2610 1832 2879 1887 quosque
2922 1824 2988 1869 et
3036 1831 3156 1871 eos
3191 1818 3301 1887 qui
3329 1818 3555 1887 placere
3584 1818 3774 1871 studue-

500 1917 625 1963 ante
670 1915 880 1980 tempus
930 1907 1068 1962 scire
1108 1905 1435 1975 possumus?
1475 1904 1578 1957 Sed
1615 1918 1759 1956 nunc
1790 1903 1865 1956 uti
1907 1917 1976 1957 ne
2010 1917 2042 1957 a

498 1998 775 2066 proposito
820 2010 1066 2051 sermone
1102 1994 1436 2057 recedamus,
1468 1994 1602 2046 alias
1632 1993 1725 2046 tibi
1767 2007 1887 2045 cum
1916 2006 2044 2061 pro-

498 2086 672 2139 fectus
712 2093 838 2138 tuus
876 2083 1194 2137 manifestus
1228 2082 1420 2147 fuerit,
1452 2080 1518 2135 de
1556 2082 1639 2136 his
1677 2082 1911 2150 apertius
1948 2097 2037 2135 ex-

498 2182 779 2244 ponemus.
809 2173 960 2226 Tunc
989 2180 1163 2225 autem
1184 2179 1455 2240 unguento
1483 2171 1778 2239 composito
1804 2186 2039 2240 perunc-

497 2272 586 2317 tus
615 2262 855 2331 pontifex
888 2262 969 2315 vel
998 2262 1255 2330 propheta
1278 2301 1291 2324 ,
1324 2259 1415 2313 Dei
1439 2260 1603 2313 altare
1625 2260 1956 2315 succendens
1984 2260 2040 2314 in

495 2353 638 2406 omni
673 2351 872 2404 mundo
905 2351 1084 2413 clarus
1116 2350 1427 2403 habebatur.
1454 2347 1558 2403 Sed
1588 2356 1707 2418 post
1732 2349 1910 2403 Aaron
1946 2350 2038 2419 qui

499 2442 745 2513 pontifex
776 2441 895 2506 fuit,
928 2442 1064 2495 alius
1092 2456 1157 2494 ex
1177 2441 1329 2509 aquis
1360 2440 1669 2502 assumitur,
1693 2453 1800 2492 non
1822 2436 2040 2509 Moysen

493 2533 635 2595 dico,
680 2531 771 2586 sed
803 2530 950 2583 illum
978 2529 1067 2598 qui
1099 2529 1156 2596 in
1200 2529 1356 2596 aquis
1388 2526 1638 2596 baptismi
1665 2525 1836 2581 Filius
1871 2542 1901 2580 a
1931 2527 2039 2584 Deo

492 2623 920 2693 appellatus'est
964 2620 1032 2675 ”.
1085 2618 1241 2674 Jesus
1292 2633 1522 2686 namque
1567 2625 1669 2676 est.
1724 2618 1815 2686 qui
1859 2617 2033 2688 ignem

492 2713 643 2765 illum
672 2727 828 2782 quem
873 2708 1200 2763 accendebat
1228 2706 1468 2776 pontifex
1515 2720 1612 2774 pro
1640 2707 1909 2776 peccatis,
1951 2722 2040 2761 re-

492 2803 681 2856 stinxit
703 2817 797 2870 per
822 2801 1069 2873 baptismi
1094 2799 1435 2869 gratiam:;ex
1454 2812 1561 2866 quo
1585 2798 1728 2850 enim
1758 2798 1844 2851 hic
1871 2812 2037 2867 appa.

491 2893 619 2953 ruit,
648 2892 876 2945 cessavit
904 2874 1159 2954 chrisma,
1192 2904 1286 2957 per
1309 2887 1449 2956 quod
1478 2887 1818 2966 pontificatus
1836 2888 2039 2957 praebe-

490 2981 652 3034 batur
671 3020 686 3043 ,
724 2982 807 3034 vel
839 2980 1139 3049 prophetia,
1170 2979 1252 3032 vel
1282 2994 1526 3047 regnum.

559 3069 741 3125 XLIX.
793 3069 948 3122 Hunc
977 3070 1138 3139 igitur
1173 3068 1480 3123 adfuturum
1523 3069 1767 3138 praedixit
1802 3068 2032 3139 Moyses,

491 3161 584 3230 qui
612 3161 779 3230 legem
812 3158 906 3214 Dei
929 3159 1236 3213 hominibus
1262 3158 1517 3224 tradidit;
1547 3157 1640 3211 sed
1667 3166 1721 3211 et
1748 3158 1886 3212 alius
1910 3166 2036 3214 ante

491 3251 702 3318 ipsum,
754 3250 894 3305 sient
939 3250 1033 3302 tibi
1081 3254 1134 3303 'et
1164 3256 1287 3302 ante
1325 3249 1433 3315 jam
1487 3246 1699 3301 tradidi.
1750 3245 1867 3315 Ipse
1908 3261 2037 3317 ergo

490 3338 747 3392 iudicavit
801 3354 923 3391 eum
976 3344 1258 3391 venturum
1305 3337 1481 3405 primo
1540 3337 1755 3404 quidem
1803 3335 2036 3390 adventu

490 3428 748 3481 humilem
768 3466 783 3489 ,
817 3425 1056 3481 secundo
1083 3441 1211 3479 vero
1246 3425 1559 3494 gloriosum.
1593 3423 1656 3475 Et
1682 3423 1885 3491 primus
1915 3425 2037 3493 qui-

488 3519 610 3573 dem
646 3517 756 3586 jam
803 3517 1055 3585 impletus
1082 3523 1185 3577 est,
1217 3530 1339 3568 cum
1371 3513 1518 3567 venit
1546 3522 1599 3567 et
1635 3512 1837 3577 docuit,
1876 3520 1930 3567 et
1951 3515 2045 3581 ju~

487 3608 590 3662 de'x
617 3607 856 3660 omnium
882 3605 1156 3674 judicatus
1186 3611 1288 3667 est,
1326 3618 1389 3655 ac
1420 3608 1745 3671 peremptus.
1787 3600 2033 3655 Secundo

484 3709 614 3747 vero
641 3692 871 3747 adventu
898 3691 1245 3759 judicaturus
1278 3689 1547 3751 adveniet,
1594 3696 1647 3741 et
1680 3688 1871 3755 impios
1911 3688 2033 3757 qui-

485 3785 605 3838 dem
653 3782 1049 3845 condemnabit,
1098 3781 1215 3852 pios
1258 3794 1387 3833 vero
1431 3782 1486 3831 in
1522 3778 1854 3831 consortium
1880 3779 2031 3844 regni

484 3873 906 3940 societatemque
935 3872 1213 3939 suscipiet.
1240 3868 1402 3923 Fides
1427 3882 1555 3923 vero
1590 3869 1812 3931 secundi
1841 3868 2031 3923 adven-

450 4014 453 4015 ν
482 3974 571 4017 tus
597 3969 808 4021 constat
828 3976 892 4015 ex
926 3962 1125 4030 primo.
1159 3957 1449 4027 Propheta).
1482 3957 1625 4012 enim
1655 3956 1721 4012 de
1749 3956 1921 4029 primo
1951 3956 2029 4010 lo—

481 4052 593 4105 cuti
626 4057 786 4113 sunt,
828 4056 881 4104 et
926 4049 1196 4117 prazcipue
1237 4046 1403 4100 Iacob
1441 4055 1495 4099 et
1520 4045 1752 4116 Moyses,
1782 4046 2025 4099 nonnulli

480 4149 661 4193 tamen
688 4139 849 4193 etiam
871 4138 936 4192 de
958 4136 1217 4194 secundo.
1247 4134 1352 4190 Sed
1377 4135 1777 4203 magnificentia
1804 4136 2028 4204 prophe-

480 4231 569 4284 tia:
594 4230 651 4283 in
676 4230 780 4282 hoc
801 4228 1033 4287 maxime
1066 4226 1466 4296 comprobatur,
1502 4223 1646 4293 quod
1669 4225 1801 4278 nihil
1832 4241 2025 4280 secun-

480 4322 608 4373 dum
653 4317 1091 4386 consequentiam
1143 4330 1323 4373 rerum
1367 4314 1435 4369 de
1493 4313 1693 4370 futuris
1738 4314 2018 4380 dixerunt;

2138 1914 2267 1961 runt
2307 1907 2379 1970 ei,
2429 1906 2639 1975 quibus
2665 1906 2818 1959 bona
2848 1906 3201 1962 ineffabilia
3238 1908 3581 1975 praeparavit
3610 1914 3660 1961 et
3682 1905 3777 1960 Hie-

2137 1997 2375 2049 rusalem
2400 1996 2682 2050 civitatem
2705 1996 3047 2061 caelestem,
3079 2012 3230 2066 quae
3255 2013 3438 2067 super
3469 1997 3771 2067 splendorem

2139 2086 2270 2141 solis
2318 2084 2550 2155 fulgebit
2600 2085 2659 2141 in
2716 2084 3103 2141 habitatione
3155 2094 3525 2142 sanctorum.
3574 2088 3772 2156 lnjustos

2135 2190 2265 2230 vero
2294 2184 2348 2229 et
2376 2175 2598 2244 impios,
2627 2183 2685 2230 et
2716 2175 2820 2245 qui
2862 2191 2986 2245 pro
3016 2177 3230 2233 nihilo
3261 2178 3578 2236 habuerunt
3614 2178 3771 2241 Deum,

2137 2262 2601 2332 commissamque
2654 2263 2769 2318 sibi
2803 2264 2995 2319 vitam
3033 2265 3295 2326 diversa
3326 2266 3405 2323 ad
3439 2266 3633 2337 ﬂagitia
3670 2282 3772 2320 con-

2136 2354 2417 2419 tulerunt,
2443 2368 2510 2407 ac
2537 2361 2767 2422 tempus
2797 2356 3012 2423 operis
3038 2356 3234 2425 justi,
3266 2359 3594 2413 exercitium
3626 2356 3771 2413 fecere

2136 2444 2376 2509 malitiae,
2415 2448 2877 2515 competentibus
2933 2449 3235 2520 ipsisque
3280 2451 3471 2523 dignis
3513 2451 3770 2505 ultionibus

2135 2532 2331 2589 tradet.
2375 2534 2593 2588 Caetera
2635 2550 2775 2590 vero
2804 2553 2943 2607 qua:
2976 2540 3072 2594 ibi
3131 2555 3422 2612 gerentur
3470 2541 3687 2612 proferri
3724 2548 3767 2595 et

2136 2621 2342 2690 eloqui,
2367 2637 2551 2691 neque
2574 2625 2803 2693 angelis
2828 2642 3037 2696 neque
3072 2628 3433 2687 hominibus
3454 2631 3533 2686 fas
3560 2637 3667 2694 est;
3690 2628 3767 2682 sed

2137 2708 2239 2764 hoc
2267 2717 2481 2763 tantum
2508 2711 2660 2767 scire
2693 2726 2806 2767 nos
2846 2714 3126 2781 sufﬁcit,
3164 2719 3329 2787 quod
3357 2720 3518 2774 bonis
3544 2727 3765 2774 εἰει-ηοω

2135 2798 2403 2854 bonorum
2437 2802 2864 2868 possessionem
2889 2806 3189 2863 conferet
3221 2808 3401 2865 Deus.

2202 2886 2314 2943 LII.
2365 2887 2466 2944 His
2504 2890 2576 2943 ab
2606 2906 2676 2946 eo
2720 2893 2904 2948 dictis
2965 2912 3089 2966 ego
3139 2900 3467 2969 respondi:
3499 2898 3555 2955 Si
3592 2897 3764 2955 Christi

2133 2993 2304 3048 regno
2352 2979 2612 3035 fruentur
2659 2982 2743 3047 hi,
2782 3000 2944 3054 quos
2994 2988 3215 3056 justos
3248 2990 3523 3051 invenerit
3548 2989 3657 3058 ejus
3681 2991 3763 3042 ad-

2136 3074 2352 3132 ventus,
2384 3083 2517 3137 ergo
2535 3070 2635 3138 qui
2663 3079 2799 3125 ante
2842 3074 3195 3133 adventum
3221 3081 3352 3149 ejus
3376 3080 3612 3146 defuncd
3639 3085 3762 3142 sunt,

2136 3174 2306 3229 regno
2339 3163 2563 3231 penitus
2604 3166 2895 3221 carebunt
2917 3169 2944 3222 ?
2983 3169 3154 3226 Tum
3185 3172 3401 3233 Petrus
3433 3194 3447 3233 :
3490 3172 3639 3244 Cogit
3671 3186 3759 3232 me.

2135 3248 2333 3318 inquit,
2382 3266 2416 3305 o
2462 3251 2750 3321 Clemens,
2802 3257 3021 3326 aliqua
3071 3261 3157 3319 de
3209 3264 3583 3324 ineﬂ'abilibus
3618 3262 3762 3334 publi-

2134 3353 2280 3395 care.
2323 3339 2726 3399 Verumtamen
2767 3348 3195 3422 quoadusque
3249 3356 3491 3423 proferri
3524 3356 3655 3417 licet,
3694 3351 3760 3404 fa-

2134 3442 2257 3483 cere
2276 3444 2388 3483 non
2414 3431 2645 3500 pigebit.
2687 3433 2971 3496 Christus
3001 3480 3022 3506 ,
3072 3444 3189 3514 qui
3216 3444 3294 3502 ab
3320 3447 3480 3500 initio
3506 3452 3557 3500 et
3583 3457 3759 3513 semper

2131 3524 2269 3580 θτθιν
2299 3532 2396 3587 ρει·
2419 3520 2673 3589 δίιιειιιειε
2705 3538 2986 3596 quasque
3012 3537 3440 3601 generationes
3472 3537 3592 3604 piis.
3617 3536 3756 3586 lateo-

2131 3613 2214 3696 ter
2241 3607 2388 3671 licet,
2420 3624 2641 3679 semper
2672 3621 2869 3669 tamen
2896 3619 3155 3687 aderat,
3188 3625 3284 3680 his
3307 3625 3595 3696 pmipue,
3620 3639 3646 3676 a
3664 3619 3758 3691 qui-

2130 3692 2234 3783 bus
2270 3697 2724 3764 exspectabatur,
2761 3703 3125 3782 quibusque
3170 3692 3499 3783 frequenter
3525 3710 3751 3781 apparuit.

2133 3782 2237 3871 Sed
2267 3799 2378 3838 non
2415 3794 2535 3840 erat
2566 3794 2819 3859 tempus,
2868 3803 2940 3847 ut
2988 3806 3150 3853 tunc
3183 3782 3456 3859 resolutis
3477 3798 3749 3871 corporibus

2129 3867 2282 3958 fieret
2328 3876 2713 3942 resurrectio;
2751 3878 2858 3932 sed
2897 3879 3034 3937 haec
3085 3890 3289 3958 magis
3330 3867 3672 3957 remuneratio
3689 3886 3749 3935 vi-

2127 3954 2359 4011 debatur
2389 3975 2420 4013 a
2449 3959 2585 4028 Deo,
2638 3973 2703 4016 ut
2744 3968 2847 4034 qui
2906 3954 3304 4032 inveniretur
3333 3954 3554 4049 justus,
3581 3975 3748 4029 diutius

2126 4060 2473 4137 permaneret
2502 4051 2558 4109 in
2592 4069 2864 4125 corpore,
2917 4073 3028 4116 aut
3068 4077 3265 4131 certe,
3292 4072 3440 4126 sicut
3467 4070 3531 4126 de
3552 4066 3747 4137 quodam

2120 4135 2275 4200 justo
2323 4137 2613 4227 evidenter
2666 4143 2931 4200 refertur
2986 4151 3052 4205 in
3109 4156 3333 4212 litteris
3390 4159 3522 4227 legis
3559 4135 3599 4221 ί»
3629 4151 3743 4224 Ψιοά

2125 4226 2469 4317 transtulerit
2518 4244 2647 4283 eum
2699 4231 2880 4290 Deus.
2926 4238 3139 4298 Simili
3174 4226 3620 4317 exemploietiam
3646 4258 3743 4297 cum

2123 4316 2339 4407 caeteris
2375 4324 2590 4407 gestum
2627 4330 2717 4375 est
2763 4326 2864 4393 qui
2930 4331 3076 4399 ejus
3126 4316 3413 4390 voluntati
3444 4337 3743 4407 placuerunt,

479 4411 679 4479 alioqui
697 4409 994 4463 aestimasse
1026 4406 1205 4475 potius
1236 4404 1504 4472 sapientes
1525 4407 1645 4467 viri,
1675 4405 1818 4474 quod
1840 4420 2019 4458 rerum
2053 4423 2097 4476 ι)
2123 4410 2182 4455 ut
2223 4404 2291 4456 ad
2342 4406 2669 4473 paradisum
2714 4416 3003 4473 translati
3064 4434 3387 4481 serventur
3429 4404 3495 4480 ad
3535 4438 3742 4493 regnum.

477 4499 863 4568 consequentia
890 4496 1205 4560 dictaverat,
1238 4493 1571 4548 viderentur.

548 4588 608 4642 L.
640 4586 794 4651 Quod
826 4593 1004 4638 autem
1034 4583 1175 4645 dico,
1200 4582 1304 4635 tale
1335 4590 1419 4635 cst
1459 4601 1473 4635 ε
1504 4582 1783 4636 Christum
1817 4584 2021 4655 suscipi

477 4693 509 4730 a
537 4677 734 4732 Iudaeis
763 4676 829 4729 ad
859 4689 995 4744 quos
1035 4680 1276 4735 venerat,
1316 4679 1368 4725 et
1397 4672 1544 4725 credi
1570 4673 1639 4735 ei,
1679 4673 1772 4741 qui
1796 4687 2020 4742 exspec-

476 4767 693 4819 tabatur
738 4766 805 4818 ad
850 4764 1075 4817 salutem
1122 4762 1305 4835 populi
1366 4760 1661 4813 secundum
1705 4761 2019 4818 traditiones

474 4866 718 4925 patrum,
749 4870 1088 4922 consequens
1117 4860 1252 4916 erat,
1280 4861 1463 4921 gentes
1484 4866 1610 4907 vero
1639 4852 1840 4907 alienas
1871 4852 2020 4908 abeo

476 4944 608 5009 fore,
666 4944 860 5012 quibus
911 4956 1084 5010 neque
1133 4939 1457 5008 promissum
1505 4935 1796 5004 quidquam
1840 4936 1906 4991 de
1951 4953 2017 4991 eo

475 5048 645 5102 neque
668 5033 1038 5085 annuntiatum
1082 5029 1293 5091 fuerat,
1336 5027 1444 5078 imo
1471 5026 1666 5094 quibus
1699 5040 1766 5079 ne
1797 5027 2015 5080 nomine

473 5118 687 5185 quidem
722 5118 838 5187 ipso
875 5116 1161 5187 aliquando
1202 5115 1530 5167 innotuerat.
1574 5110 1639 5166 Et
1667 5120 1849 5166 tamen
1894 5128 2017 5182 pro-

475 5208 644 5274 pheta:
663 5247 676 5270 ,
707 5216 894 5261 contra
920 5208 1159 5261 ordinem
1187 5212 1239 5259 et
1266 5202 1702 5271 consequentiam
1728 5218 1911 5263 rerum
1934 5203 2018 5256 di-

474 5311 597 5348 xere
624 5312 743 5349 eum
791 5298 1235 5365 exspectationem
1262 5293 1499 5361 gentium
1535 5293 1622 5356 ¹⁰⁶,
1670 5300 1723 5345 et
1752 5307 1862 5345 non
1907 5292 2007 5353 Ju-

475 5381 706 5435 daeorum
751 5384 1008 5438 futurum.
1039 5382 1119 5437 Ita
1152 5380 1381 5449 denique
1410 5387 1462 5432 et
1489 5386 1696 5447 gestum
1726 5387 1829 5433 est.
1864 5379 2001 5435 Cum

473 5471 615 5527 enim
636 5474 864 5527 venisset
891 5514 907 5535 ,
938 5474 1006 5527 ab
1028 5472 1113 5526 his
1140 5472 1232 5539 qui
1258 5484 1384 5522 eum
1410 5475 1720 5535 exspectare
1746 5468 2006 5525 videban-

478 5567 562 5613 tur
574 5571 636 5608 ex
660 5559 944 5612 traditione
962 5560 1246 5627 majorum,
1270 5556 1489 5610 omnino
1512 5555 1728 5624 agnitus
1754 5570 1863 5609 non
1881 5566 1967 5611 est
1991 5578 2006 5626 ;

2119 4505 2309 4545 eorum
2345 4508 2479 4547 vero
2514 4497 2611 4573 qui
2664 4515 2782 4554 non
2817 4505 2894 4558 ad
2953 4508 3267 4583 integrum
3299 4524 3529 4585 potuere
3561 4514 3745 4581 explere

2116 4597 2367 4645 normam
2387 4584 2649 4653 ἱιιειίιίεε,
2691 4592 2796 4655 sed
2829 4596 3079 4668 aliquas
3126 4605 3189 4659 in
3227 4584 3336 4661 sua
3368 4622 3533 4662 carne
3561 4602 3751 4659 malitias.

2115 4672 2380 4774 reliquias
2426 4674 2699 4745 habuere,
2739 4670 3005 4753 corpora
3062 4696 3311 4764 quidem
3350 4697 3737 4751 resolverentur.

2111 5472 2294 5571 Deum
2328 5482 2567 5555 honoris
2604 5494 2866 5553 ordinem
2907 5472 3395 5571 consequentur.-
3786 5556 3787 5559 η

2192 5568 2332 5630 LIII.
2366 5574 2606 5652 Propter
2637 5586 2790 5664 quod
2822 5605 2935 5647 non
2980 5568 3227 5649 minima
3257 5597 3331 5654 de
3362 5596 3580 5656 Christo
3611 5602 3718 5665 tl"

542 5728 585 5763 "
622 5725 804 5785 Matth.
828 5694 904 5796 ni,
940 5730 1023 5787 l7.
1095 5733 1163 5806 δ”
1204 5731 1337 5787 Gen.
1366 5743 1514 5796 XLIX,
1550 5728 1634 5784 ιο.
1694 5730 1747 5805 ,⁸,
1770 5726 1904 5782 Gen.
1930 5744 1984 5797 v,
2012 5730 2109 5795 24,
