3806 6240
256 262 380 313 {9.57

1424 245 1980 304 BECOGM'I'IONUII
2020 246 2143 298 LIB.
2178 245 2220 301 Ι.

3282 243 3415 300 1138

239 375 344 428 suo
363 370 606 430 habetur,
627 373 682 420 et
708 364 952 420 inﬁdeles
976 362 1174 433 quique
1193 379 1259 418 ex
1292 363 1489 417 Iudaeis
1514 365 1776 415 immensa
1805 365 1846 419 Α
1873 357 2065 426 clpulis
2105 353 2327 409 Joannis
2370 355 2502 425 (46),
2548 356 2640 423 qui
2687 355 3004 410 videbantur
3048 372 3169 426 esse
3212 359 3411 428 magni,

251 461 520 515 adversum
559 470 660 508 nos
698 455 916 508 insania
957 463 1389 516 commoventur,
1430 461 1673 506 verentes
1711 466 1780 504 ne

249 548 380 600 forte
419 547 534 613 ipse
567 542 660 603 sit,
706 545 762 596 in
793 559 954 612 quem
987 552 1370 611 peccaverunt;
1421 550 1475 596 et
1516 556 1582 595 eo
1612 541 1781 608 magis

249 641 416 690 metus
443 633 726 695 increscit,
766 635 912 702 quod
949 635 1146 694 sciunt,
1179 632 1356 686 statim
1393 639 1449 684 ut
1469 646 1592 685 eum
1629 629 1778 684 cruci

247 722 472 783 alﬁxere,
507 723 817 776 universum
856 724 905 776 ei
949 737 1287 790 compassum
1329 735 1450 776 esse
1498 720 1776 782 mundum,

248 827 544 880 corpusque
573 813 694 880 ejus
720 812 965 882 diligenti
995 827 1026 865 a
1054 828 1110 867 se
1131 812 1375 865 custodia
1404 819 1776 864 conservatum

248 917 507 970 nusquam
559 904 969 971 comparuisse,
1029 911 1185 970 atque
1237 900 1303 952 ad
1354 900 1509 953 ﬁdem
1546 897 1779 952 nominis

243 991 360 1058 ejus
407 989 721 1044 innumeras
772 990 1140 1043 multitudines
1178 988 1483 1042 convenire.
1528 985 1680 1039 Unde
1721 991 1780 1038 et

245 1075 504 1142 compulsi
542 1084 671 1130 sunt
715 1091 820 1129 una
865 1091 988 1130 cum
1035 1075 1283 1144 pontiﬁce
1320 1073 1540 1140 Caipha,
1582 1073 1778 1138 saepius

247 1165 452 1218 mittere
493 1164 560 1216 ad
590 1180 694 1218 nos
717 1203 733 1227 ,
779 1175 838 1218 ut
864 1165 931 1219 de
971 1165 1202 1218 nominis
1230 1164 1349 1231 ejus
1383 1161 1604 1214 veritate
1627 1176 1776 1229 qua:-

247 1257 466 1305 reretur.
523 1252 768 1320 Cumque
823 1253 1010 1306 crebro
1051 1252 1401 1319 deposcerent
1450 1256 1507 1300 ut
1549 1249 1615 1302 de
1651 1247 1778 1301 Jesu

245 1347 332 1390 aut
366 1339 638 1392 discerent
681 1348 774 1393 aut
806 1340 1081 1402 docerent,
1120 1341 1164 1393 si
1193 1341 1308 1408 ipse
1340 1347 1483 1394 esset
1508 1337 1776 1398 Christus,

245 1427 411 1479 visum
451 1429 608 1482 nobis
643 1439 727 1482 est
759 1429 1052 1482 ascendere
1095 1429 1161 1481 ad
1188 1429 1463 1497 templum,
1505 1435 1559 1481 et
1599 1441 1777 1480 coram

243 1518 388 1568 omni
443 1519 643 1585 pepnlo
697 1520 987 1587 protestari
1025 1521 1090 1573 de
1138 1535 1221 1581 eo,
1273 1520 1433 1574 simul
1477 1527 1528 1571 et
1557 1532 1780 1586 arguere

243 1602 450 1658 Judaeos
475 1605 542 1659 de
573 1608 784 1672 multis,
814 1623 935 1675 quae
969 1608 1036 1661 ab
1063 1609 1141 1663 eis
1177 1608 1410 1660 absurde
1439 1606 1774 1676 gerebantur.

245 1691 299 1744 lu
325 1695 520 1746 multas
549 1697 751 1749 etenim
780 1698 890 1765 jam
927 1705 1105 1765 partes
1145 1697 1373 1765 pepulus
1414 1694 1778 1757 scindebatur,

244 1782 394 1834 initio
424 1793 642 1853 sumpto
674 1802 706 1838 a
735 1785 944 1840 Joanne
967 1787 1226 1854 Baptista.

307 1871 437 1927 LIV.
468 1873 606 1926 Cum
642 1877 789 1929 enim
828 1877 938 1944 jam
976 1877 1279 1930 immineret
1312 1883 1464 1930 ortus
1490 1877 1688 1933 Christi
1712 1880 1779 1932 ad

244 1963 501 2016 sacriﬁcia
540 1965 764 2034 quidem
806 1967 1178 2035 reprimenda,
1223 1967 1472 2034 baptismi
1501 1981 1630 2020 vero
1655 1984 1780 2038 grav

243 2050 364 2103 tiam
416 2052 776 2121 largiendum,
833 2055 1082 2109 inimicus
1129 2070 1194 2108 ex
1240 2055 1326 2109 his
1373 2070 1492 2122 qua:
1527 2055 1778 2123 praedicta

242 2138 449 2192 fuerant
481 2143 679 2198 adesse
734 2152 948 2212 tempus
987 2144 1312 2214 intelligens,
1357 2145 1583 2214 {diversa
1633 2131 1803 2200 subii}

243 2237 380 2281 mata
407 2233 740 2299 operabatur
773 2235 827 2287 in
872 2235 1068 2302 populo
1097 2236 1206 2304 (44)
1227 2275 1242 2299 ,
1275 2246 1332 2290 ut
1367 2238 1411 2292 si
1453 2237 1592 2292 forte
1627 2241 1779 2308 prius

242 2329 514 2386 peccatum
552 2326 825 2392 potuisset
861 2326 1082 2390 aboleri,
1131 2327 1365 2382 secunda
1398 2329 1595 2399 corrigi
1623 2331 1779 2399 culpa

240 2423 342 2462 non
372 2421 573 2479 posset.
619 2415 756 2470 Erat
786 2431 914 2487 ergo
945 2417 1178 2485 primum
1207 2418 1441 2472 schisma
1472 2433 1656 2473 eorum
1687 2419 1778 2488 qui

239 2497 553 2556 dicebantur
609 2503 934 2570 Saddueaai,
1006 2508 1162 2561 initio
1211 2507 1439 2563 Joannis
1486 2509 1596 2577 jam
1646 2526 1781 2579 pene

244 2593 573 2660 temporibus
597 2606 839 2664 sumpto.
871 2596 1043 2666 Hique
1067 2606 1124 2651 ut
1153 2599 1630 2669 caeterisjustiores
1647 2599 1778 2670 (45),

243 2697 522 2752 segregare
553 2701 611 2740 se
640 2701 858 2756 erepere
887 2703 916 2739 a
947 2689 1126 2756 populi
1162 2699 1325 2754 cmtu,
1364 2700 1416 2744 et
1447 2699 1780 2745 mortuorum

245 2778 701 2833 resurrectionem
741 2780 984 2847 negare'
1017 2779 1177 2849 idque
1226 2786 1542 2849 argumento
1594 2781 1782 2837 inﬁde-

247 2862 409 2919 litatis
464 2881 736 2932 asserere,
813 2869 1052 2924 dicentes
1106 2886 1214 2924 non
1267 2886 1387 2926 esse
1442 2872 1662 2940 dignum
1722 2881 1781 2929 ut

247 2957 395 3018 quasi
429 2958 533 3011 sub
567 2959 820 3015 mercede
850 2961 1125 3030 proposita
1156 2963 1366 3016 colatur
1391 2963 1550 3018 Deus.
1582 2964 1781 3021 Auctor

246 3059 370 3098 vero
402 3052 690 3104 sententia:
731 3051 893 3118 hujus
935 3051 1139 3120 primus
1168 3051 1474 3117 Dositheus,
1519 3058 1784 3114 secundus

247 3131 425 3189 Simon
451 3137 569 3196 fuit.
594 3141 753 3194 Aliud
776 3141 1097 3193 Same-rasum
1119 3141 1349 3195 schisma
1375 3148 1488 3208 est;
1520 3144 1620 3209 ipsi
1642 3147 1783 3201 enim

247 3233 698 3288 resurrectionem
733 3242 1065 3286 mortuorum
1101 3240 1358 3302 negantes
1378 3244 1645 3300 asserunt,
1677 3253 1784 3294 non

248 3317 300 3369 in
323 3317 727 3394 Hierosolymis,
766 3322 868 3376 sed
892 3321 946 3374 in
977 3330 1155 3375 monte
1194 3321 1407 3376 Garizin
1454 3326 1781 3381 adorandum

247 3417 363 3458 esse
405 3407 591 3466 Deum.
642 3409 744 3474 Qui
776 3416 950 3461 tamen
979 3418 1141 3460 unum
1176 3423 1358 3462 verum
1384 3411 1693 3482 prophetam
1716 3427 1782 3466 ex

250 3492 442 3564 Moysis
479 3499 950 3552 vaticinationibus
981 3503 1124 3551 recte
1169 3507 1570 3568 exspectantes,
1609 3502 1785 3570 pravi-

249 3591 353 3638 tate
397 3586 640 3644 Dosithei
682 3588 916 3657 impediti
949 3595 1092 3649 sunt,
1121 3603 1187 3640 ne
1209 3588 1350 3640 hunc
1377 3604 1533 3656 quem
1566 3606 1787 3659 exspec-

250 3672 448 3736 tabant,
502 3677 786 3729 crederent
839 3688 959 3728 esse
999 3672 1200 3728 Jesum.
1263 3673 1462 3728 Scribte
1497 3692 1708 3746 quoque
1731 3687 1785 3732 et

250 3757 496 3817 Pharisaei
532 3766 588 3818 in
608 3765 752 3818 aliud
776 3765 1006 3817 schisma
1028 3761 1380 3818 deducuntur.
1413 3763 1516 3818 Sed
1539 3766 1592 3818 hi
1613 3767 1784 3835 bapti-

247 3852 350 3903 zati
389 3869 418 3905 a
454 3853 684 3912 Joanne.
715 3855 936 3908 etivelut
973 3855 1175 3908 clavem
1201 3855 1349 3922 regni
1376 3855 1632 3910 cmlorum
1660 3873 1778 3911 ver-

248 3936 371 3994 bum
395 3944 639 3998 veritatis
667 3951 911 3997 tenentes
945 3957 1009 3996 ex
1045 3942 1242 4011 Moysis
1275 3944 1562 3998 traditione
1589 3961 1774 4001 susce-

248 4037 414 4095 ptum,
453 4035 801 4088 occultarunt-
823 4032 1042 4086 auribus
1067 4034 1242 4102 pepuli
1273 4041 1314 4087 I.
1358 4033 1461 4090 Sed
1491 4043 1544 4090 et
1569 4050 1633 4090 ex
1658 4036 1770 4093 dis-

326 4188 344 4215 ’
370 4187 557 4240 Matth.
592 4201 724 4249 χχιι,
751 4187 838 4239 25.
911 4185 931 4215 ³
963 4185 1088 4238 Luc.
1124 4202 1200 4250 xi,
1232 4186 1317 4240 52.

1878 452 2230 515 segregarunt
2259 459 2318 498 se
2345 459 2376 498 a
2412 444 2608 514 pepulo
2637 451 2689 498 et
2719 445 3033 514 magistrum
3063 459 3219 499 suum
3249 447 3414 500 veluti

1875 535 2146 589 Christum
2192 533 2574 602 praedicarunt.
2616 532 2740 586 Haec
2779 545 2954 586 autem
2985 533 3166 588 omnia
3213 549 3416 605 praepa-

1875 637 1990 681 rata
2023 634 2150 680 sunt
2175 625 2486 687 schismata,
2529 631 2587 679 ut
2606 631 2662 678 et
2693 624 2824 678 ﬁdes
2843 624 3046 679 Christi
3064 639 3158 694 per
3172 625 3287 680 haec
3314 627 3417 680 im-

1875 715 2164 784 pediretur,
2197 723 2252 769 et
2273 714 2555 782 baptisma.
3041 701 3046 708 “

1942 803 2048 857 LV.
2089 803 2488 864 Verumtamen,
2531 809 2590 853 ut
2639 801 2818 855 dicere
2869 817 3227 871 cmperamus,
3289 817 3412 858 cum

1873 891 2180 960 frequenter
2220 904 2320 944 nos
2359 889 2596 958 pontifex
2634 905 2728 958 per
2777 890 3084 944 sacerdotes
3133 898 3413 959 rogasset,

1875 987 1934 1033 ut
1969 979 2037 1033 de
2079 978 2204 1034 Iesu
2247 993 2426 1033 sermo
2452 978 2608 1032 nobis
2644 979 2932 1032 haberetur
2966 977 3035 1030 ad
3075 979 3411 1043 alterutrum,

1876 1067 1966 1121 ubi
1995 1075 2354 1136 opportunum
2397 1067 2572 1120 visum
2611 1075 2695 1121 est
2736 1075 2789 1121 et
2828 1067 2975 1119 omni
3006 1065 3257 1122 Ecclesia:
3295 1069 3413 1138 pla-

1875 1158 2007 1218 cuit,
2039 1156 2385 1210 ascendimus
2426 1155 2492 1208 ad
2523 1157 2800 1224 templum,
2832 1163 2886 1210 et
2921 1164 3126 1214 stantes
3153 1158 3206 1210 in
3235 1160 3416 1227 gradi—

1879 1247 1978 1300 bus
2008 1261 2112 1299 una
2141 1262 2263 1300 cum
2295 1246 2545 1302 ﬁdelibus
2586 1247 2844 1300 fratribus
2884 1249 3084 1303 nostris
3103 1287 3118 1310 ,
3149 1248 3290 1304 facto
3317 1265 3413 1318 po-

1877 1336 1988 1404 puli
2025 1352 2234 1392 summo
2256 1338 2486 1397 silentio.
2522 1339 2670 1406 prior-
2696 1337 2928 1406 pontil‘ex
2954 1339 3116 1408 etrapit
3144 1339 3414 1394 adhortari

1879 1426 2153 1494 populum,
2182 1435 2238 1479 ut
2267 1427 2526 1495 patienter
2543 1435 2597 1480 et
2620 1443 2740 1479 cum
2767 1428 2945 1495 quiete
2966 1429 3206 1491 audiant,
3227 1430 3416 1484 simul-

1878 1530 1983 1582 que
2006 1529 2188 1568 eorum
2212 1530 2328 1584 quae
2347 1517 2576 1570 dicenda
2609 1526 2734 1570 sunt
2786 1523 2951 1573 testes
2970 1518 3245 1586 etjudices
3264 1519 3412 1573 ﬁant.

1880 1600 2015 1654 Tum
2045 1602 2238 1657 deinde
2277 1603 2463 1656 multis
2492 1603 2740 1657 laudibus
2770 1602 2999 1657 efferens
3028 1603 3415 1657 sacriﬁciorum

1812 1684 1852 1737 Β
1880 1691 2062 1752 ritum,
2119 1691 2213 1759 qui
2265 1691 2330 1743 ad
2386 1691 2760 1746 remissionem
2796 1701 3137 1759 peccatorum
3182 1690 3419 1745 humano

1881 1781 2063 1849 generi
2115 1779 2372 1836 divinitus
2422 1791 2562 1835 esset
2613 1780 2874 1845 indultus,
2919 1781 3246 1836 causabatur
3289 1780 3418 1836 Jesu

1880 1869 2053 1924 nostri
2089 1870 2352 1938 baptisma
2382 1871 2527 1924 velut
2555 1877 2743 1923 contra
2779 1871 2890 1924 hate
2916 1885 3088 1939 nuper
3117 1871 3414 1924 inductum.

1881 1957 1988 2011 Sed
2017 1958 2470 2027 propositionibus
2500 1958 2623 2026 ejus
2648 1972 2939 2012 occurrens
2970 1957 3273 2018 Matthaeus.
3302 1957 3419 2011 evi-

1881 2043 2069 2098 denter
2095 2045 2330 2098 ostendit
2399 2045 2544 2114 quod
2591 2045 2637 2098 si
2681 2045 2803 2114 quis
2845 2045 2971 2099 Jcsu
3017 2045 3281 2115 baptisma
3312 2059 3419 2099 non

1880 2133 2042 2189 fuerit
2095 2143 2438 2194 consecutus,
2489 2137 2534 2190 is
2582 2151 2690 2189 non
2733 2135 2917 2189 solum.
2961 2138 3218 2190 emlorum
3255 2152 3420 2206 regno

1880 2222 2220 2277 fraudabitur
2239 2263 2254 2286 ,
2284 2239 2467 2277 verum
2499 2233 2552 2278 et
2573 2225 2625 2277 in
2660 2225 3056 2280 resurrectione
3083 2233 3418 2280 mortuorum

1880 2327 1987 2366 non
2030 2313 2231 2381 absque
2281 2313 2520 2381 periculo
2566 2312 2692 2375 erit,
2741 2313 2962 2366 etiamsi.
2993 2314 3144 2368 bona:
3197 2316 3322 2368 vita:
3361 2324 3417 2369 et

1880 2409 2038 2456 rectae
2061 2403 2254 2456 mentis
2284 2403 2631 2471 praerogativa
2669 2403 2963 2457 muniatur.
2998 2403 3120 2456 Haec
3143 2411 3198 2457 et
3233 2404 3319 2459 bis
3345 2407 3422 2458 si-

1881 2492 2024 2545 milia
2049 2499 2369 2560 prosecutus
2399 2491 2549 2546 siluit
2578 2489 2873 2546 Metaurus.

1949 2599 2080 2654 LVI.
2140 2600 2246 2654 Sed
2290 2599 2706 2656 Sadducaeorum
2745 2616 2891 2670 pars,
2938 2617 3056 2670 qua:
3107 2609 3265 2671 negat
3299 2616 3420 2656 esse

1880 2693 2329 2746 resurrectionem
2372 2699 2728 2753 mortuorum,
2781 2692 3054 2759 indignata
3099 2698 3202 2754 est,
3249 2691 3323 2743 ita
3355 2698 3418 2743 ut

1881 2782 2095 2852 quidam
2157 2798 2222 2836 ex
2277 2782 2409 2851 ipsis
2467 2782 2534 2837 de
2587 2783 2762 2836 medio
2832 2783 3013 2851 populi
3071 2782 3417 2845 exclamaret,

1882 2872 2068 2927 dicens
2099 2873 2323 2926 multum
2361 2887 2543 2926 errare
2572 2886 2672 2926 eos
2698 2871 2804 2940 qui
2824 2878 3008 2940 putent
3048 2880 3290 2925 mortuos
3320 2869 3420 2924 ali-

1883 2963 2098 3032 quando
2126 2976 2424 3032 resurgere.
2458 2960 2660 3016 Contra
2694 2960 2839 3015 hunc
2866 2959 3109 3014 Andreas
3139 2975 3290 3014 meus
3312 2957 3422 3012 fra-

1885 3060 1967 3106 ter
1991 3050 2344 3121 respondens,
2388 3051 2571 3106 docuit
2589 3065 2828 3106 errorem
2862 3067 2965 3104 non
2997 3065 3117 3105 esse
3136 3089 3150 3113 ,
3181 3049 3275 3103 sed
3297 3063 3418 3103 cer-

1881 3141 2146 3195 tissimam
2175 3140 2354 3205 ﬁdem,
2383 3141 2526 3211 quod
2555 3141 2750 3195 mortui
2780 3147 3086 3210 resurgant,
3119 3139 3417 3195 secundum

1880 3245 1942 3284 ea
1967 3245 2085 3298 qua:
2110 3231 2292 3286 docuit
2317 3231 2363 3286 is
2389 3269 2404 3293 ,
2447 3246 2604 3300 quem
2632 3227 2842 3300 Moyses
2871 3231 3115 3299 praedixit
3135 3239 3418 3283 venturum

1883 3320 2228 3389 prophetam;
2260 3327 2352 3373 aut
2373 3321 2418 3375 si
2443 3336 2553 3374 non
2577 3320 2848 3374 videretur
2871 3321 2951 3374 eis
2974 3321 3087 3388 ipse
3114 3334 3234 3372 esse
3259 3334 3418 3387 quem

1881 3411 2124 3479 praadixit
2154 3410 2376 3481 Moyses,
2394 3410 2458 3464 de
2486 3409 2610 3474 hoc,
2651 3410 2846 3479 inquit,
2878 3410 3050 3478 primo
3088 3409 3415 3477 requiratur,

1885 3506 1943 3552 ut
1992 3515 2112 3552 cum
2149 3499 2422 3553 evidenter
2466 3499 2581 3568 ipse
2634 3497 2796 3552 fuerit
2841 3497 3131 3567 probatus,
3169 3495 3305 3549 nihil
3350 3496 3418 3551 de

1881 3589 2088 3657 reliquo
2144 3604 2305 3657 super
2361 3589 2445 3642 his
2491 3603 2610 3657 qua:
2657 3587 2841 3642 docuit
2903 3587 3226 3654 ambigatur.
3293 3582 3417 3638 Haec

1882 3685 2057 3732 autem
2074 3687 2128 3732 et
2141 3678 2226 3733 bis
2251 3677 2444 3733 similia
2467 3678 2622 3747 plura
2635 3683 2962 3748 protestatus
2981 3676 3130 3730 siluit
3149 3673 3412 3730 Andreas.

1951 3766 2104 3824 LVII.
2150 3767 2450 3822 Samamus
2485 3782 2612 3821 vero
2650 3766 2886 3836 quidam,
2925 3763 3194 3821 contraria
3225 3763 3418 3834 popqu

1879 3866 1932 3913 et
1964 3858 2073 3912 Deo
2112 3859 2355 3926 loquens,
2385 3865 2438 3912 et
2473 3873 2644 3926 neque
2680 3864 2919 3910 mortuos
2956 3868 3206 3910 asserens
3229 3867 3418 3906 resur-

1894 3955 2161 4009 recturos,
2194 3962 2367 4014 neque
2391 3961 2512 4002 eum
2535 3947 2728 4016 quiest
2762 3947 2816 3999 in
2845 3944 3178 4000 Hierusalem
3209 3942 3415 3996 cultum

1885 4035 1978 4090 Dei
2022 4037 2311 4092 tenendum
2331 4075 2349 4101 ,
2386 4036 2477 4092 sed
2511 4044 2742 4091 montem
2765 4034 2978 4090 Garizin
3013 4032 3373 4091 venerandum
3395 4056 3414 4084 ν

1503 4359 1856 4416 COTELERII
1907 4361 2133 4417 NOTAE.

314 4558 437 4627 (Μ)
473 4559 684 4613 Diversa
709 4556 1392 4627 sclzisrnataioperabatur_in
1414 4556 1617 4625 populo.
1642 4556 1772 4627 Pro-

1885 4558 1972 4619 nii,
2021 4557 2285 4627 corrigere
2334 4556 2596 4627 debemus
2627 4555 2845 4627 Sttidam
2881 4553 3262 4627 :Eaeﬁeuxaieg
3307 4557 3414 4610 ἀπὸ

249 4624 361 4680 fero
395 4624 449 4681 in
484 4644 542 4681 re
570 4629 780 4694 vulgata
811 4626 1006 4694 aliquid
1048 4641 1151 4678 non
1191 4625 1334 4676 omni
1376 4642 1436 4679 ex
1469 4633 1620 4694 parte
1660 4626 1775 4678 vul-

245 4703 427 4760 gntum
480 4716 493 4750 :
545 4693 826 4748 formulam
880 4693 1113 4747 Graecam
1160 4693 1500 4746 renuntiandi
1542 4693 1777 4747 Judaicze

247 4765 514 4832 religioni,
538 4764 982 4832 l’lebrteorumqne
1010 4763 1280 4832 ritibnsiet
1325 4763 1486 4832 sectis
1482 4779 1521 4832 _;
1554 4763 1777 4830 amplio-

246 4829 473 4901 rem'illa
512 4849 630 4901 qua:
663 4829 1294 4901 habetur’Eucltologiinp.
1325 4830 1446 4884 544.
1481 4829 1779 4901 Emineant-

244 4898 501 4964 plectitur
525 4897 690 4953 codex
714 4898 916 4966 Regius
938 4898 1091 4951 1818.
1116 4927 1183 4936 -—
1205 4897 1388 4950 Exstat
1411 4913 1534 4952 vero
1557 4897 1692 4949 infra
1723 4898 1776 4950 in

245 4967 477 5089 Appencé.
526 4969 758 5022 Monum.
799 4965 891 5021 bis
953 4966 1211 5034 Recognit.
1277 4967 1426 5020 libris
1493 4965 1728 5032 subjecta
1759 5003 1776 5029 ,

245 5050 395 5088 num.
471 5067 483 5089 .

245 5050 395 5088 ιιυιιι.
428 5050 483 5090 2‘.

318 5103 428 5171 (45)
473 5104 537 5157 Ut
565 5104 763 5157 steteris
781 5101 1047 5171 justiores.
1088 5101 1294 5171 Allusio
1317 5103 1380 5154 ad
1404 5116 1594 5154 nomen
1657 5101 1780 5156 llic-

249 5167 531 5240 ronymus,
565 5173 665 5225 sub
697 5167 858 5240 tinem
904 5169 1024 5240 libri
1063 5185 1122 5222 ιιι
1191 5167 1688 5240 Commentariorum
1727 5172 1778 5223 in

249 5235 557 5292 Matt/neum
605 5254 622 5291 :
683 5235 956 5290 Sadducwi
1008 5246 1176 5289 autem
1235 5239 1323 5304 qui
1378 5239 1779 5304 interpretantur

239 5309 396 5372 justi,
421 5317 468 5360 et
489 5309 586 5373 ipsi
615 5304 940 5373 vindicabant
964 5305 1062 5373 sibi
1095 5304 1235 5373 quod
1250 5303 1368 5357 non
1395 5303 1560 5358 erant.
1579 5372 1582 5373 ν
1601 5303 1776 5358 Theo-

251 5369 846 5456 phylactusmadmﬁlattli.
878 5372 1046 5456 132:7,
1084 5369 1174 5456 lie
1195 5369 1498 5456 Sqdducazis
1517 5391 1551 5455 ε’
1574 5372 1774 5456 Ἐρμίη-

249 5438 486 5496 redeunt
515 5443 590 5500 δὲ,
622 5442 828 5496 δίκᾳιρι.
853 5439 1036 5508 ᾲΣετδὲκ
1079 5438 1183 5506 γὰρ
1237 5441 1268 5507 ἡ
1317 5438 1647 5508 δικαιιοσύνη.⁷
1673 5438 1775 5493 Ai-

250 5512 433 5572 καίους
460 5510 563 5576 γὰρ
593 5507 808 5577 tauros:
836 5506 1126 5577 ιργόμαζον.
1177 5506 1400 5577 "nent
1439 5506 1777 5577 aipsgtdpxou

248 5571 430 5630 suam
472 5571 826 5640 ὃνὸμάξονται.
856 5571 1023 5640 Unde,
1064 5587 1124 5626 ac
1153 5589 1218 5627 ex
1246 5571 1512 5632 similibus
1551 5571 1778 5645 Epipha-

1877 4628 2058 4679 τόπου.
2106 4619 2814 4695 Scripserat,_th1:orp«51rou,
2845 4639 2876 4674 a
2921 4619 3164 4695 moribus.
3220 4621 3414 4695 Reme-

1879 4696 1983 4747 tior
2003 4703 2084 4748 est
2112 4689 2413 4747 emendatio
2443 4689 2646 4754 Drusii,
2677 4707 2738 4744 ιιι
2770 4690 2838 4743 De
2859 4691 3009 4742 sectis
3028 4689 3331 4743 Judazorum
3353 4693 3408 4756 4,

1879 4764 1984 4816 ἀπὸ
2013 4762 2277 4814 Δοσιθέου.

1951 4831 2060 4899 (46)
2099 4830 2181 4883 Ea:
2209 4827 2734 4899 discipulisloannis,
2759 4833 2872 4899 etc.
2905 4823 3146 4899 Vigilius
3172 4826 3410 4895 Tapsen-

1882 4894 1965 4954 sis
1989 4894 2079 4953 lib.
2137 4914 2154 4952 ι
2183 4894 2589 4966 contraAriuni,
2616 4895 2895 4949 Sabellium
2916 4904 2963 4945 et
2994 4894 3269 4946 Photinuin
3287 4911 3407 4966 cap.

1881 4969 1951 5021 20
1977 4988 1988 5020 :
2029 4968 2093 5018 Et
2120 4968 2239 5035 quia
2275 4965 2422 5018 multi
2449 4969 2745 5035 doginatum
2776 4974 3018 5035 noverunt
3056 4973 3288 5016 auctores
3315 4965 3410 5016 ea;-

1880 5029 2140 5099 stiterant,
2180 5035 2426 5087 doctrina:
2475 5029 2731 5084 obviantes
2769 5029 3105 5099 apostolicaz,
3142 5042 3411 5099 omnesque

1881 5097 2153 5159 sectatores
2187 5118 2304 5156 suos
2333 5101 2609 5166 discipulos
2639 5097 2993 5166 nominabant,
3023 5115 3112 5151 nec
3144 5109 3255 5151 erat
3298 5097 3411 5153 ulla

1879 5174 2100 5228 nominis
2149 5169 2389 5224 discretio
2435 5164 2568 5220 inter
2614 5164 3059 5234 verosjalso’sque
3103 5167 3407 5234 discipulos,
3464 5187 3468 5190 ·

1879 5243 1981 5296 sive
2001 5241 2090 5300 qui
2115 5238 2326 5298 Christi,
2357 5237 2460 5289 sive
2487 5236 2575 5305 qui
2613 5233 2865 5305 Dosithci.
2895 5233 2999 5305 sive
3036 5233 3274 5296 ΤΙιεοάαέ.
3305 5237 3409 5289 sive

1874 5299 2028 5362 Judre
2057 5306 2348 5374 cujusdam,
2381 5299 2678 5374 sive'etiant
2716 5299 2938 5374 Joannis
2984 5313 3291 5374 sectatores,
3320 5306 3409 5373 qui

1876 5393 1930 5431 se
1964 5367 2477 5445 quasiChristo__(ita
2525 5371 2846 5445 menibranaa
2866 5367 3047 5437 [legite
3096 5388 3152 5445 ιι.
3199 5367 3410 5432 558.ἐι

1873 5435 2038 5499 editio
2080 5435 2396 5498 Cassandrii
2430 5439 2630 5492 credere
2663 5435 2989 5505 fatebantur;
3033 5441 3304 5493 noluerunt
3350 5448 3410 5493 ut

1883 5532 1982 5570 uno
2006 5510 2372 5580 discipulorum
2400 5509 2600 5562 nomine
2631 5513 2978 5559 censerentur.
