  <div class='ocr_page' id='page_1' title='image "/cluster/home/n/w/nwhite01/storage/ocr_20150623/1 (St. Clemens; pt. 1)/nyp.33433019854052/630.png"; bbox 0 0 3806 6298; ppageno 0'>
   <div class='ocr_carea' id='block_1_1' title="bbox 155 287 256 349">
    <p class='ocr_par' dir='ltr' id='par_1_1' title="bbox 155 287 256 349">
     <span class='ocr_line' id='line_1_1' title="bbox 155 287 256 349; baseline -0.02 -7"><span class='ocrx_word' id='word_1_1' title='bbox 155 287 256 349; x_wconf 60' lang='lat' dir='ltr'><strong>leti</strong></span> 
     </span>
    </p>
   </div>
   <div class='ocr_carea' id='block_1_2' title="bbox 1274 288 2062 347">
    <p class='ocr_par' dir='ltr' id='par_1_2' title="bbox 1274 288 2062 347">
     <span class='ocr_line' id='line_1_2' title="bbox 1274 288 2062 347; baseline 0.001 -3"><span class='ocrx_word' id='word_1_2' title='bbox 1274 288 1825 347; x_wconf 76' lang='lat' dir='ltr'><strong>RECOGNITIONUM</strong></span> <span class='ocrx_word' id='word_1_3' title='bbox 1858 289 1984 346; x_wconf 83' lang='lat' dir='ltr'><strong>LIB.</strong></span> <span class='ocrx_word' id='word_1_4' title='bbox 2018 289 2062 345; x_wconf 85' lang='grc' dir='ltr'><strong>ι.</strong></span> 
     </span>
    </p>
   </div>
   <div class='ocr_carea' id='block_1_3' title="bbox 3094 292 3246 349">
    <p class='ocr_par' dir='ltr' id='par_1_3' title="bbox 3094 292 3246 349">
     <span class='ocr_line' id='line_1_3' title="bbox 3094 292 3246 349; baseline -0.013 0"><span class='ocrx_word' id='word_1_5' title='bbox 3094 292 3246 349; x_wconf 61' lang='grc' dir='ltr'><strong>ΒΩ</strong></span> 
     </span>
    </p>
   </div>
   <div class='ocr_carea' id='block_1_4' title="bbox 151 396 3246 476">
    <p class='ocr_par' dir='ltr' id='par_1_4' title="bbox 151 396 3246 476">
     <span class='ocr_line' id='line_1_4' title="bbox 151 396 3246 476; baseline -0.002 -15"><span class='ocrx_word' id='word_1_6' title='bbox 151 400 323 461; x_wconf 61' lang='lat' dir='ltr'><strong>Holus.</strong></span> <span class='ocrx_word' id='word_1_7' title='bbox 352 410 561 454; x_wconf 84' lang='lat' dir='ltr'><strong>monere</strong></span> <span class='ocrx_word' id='word_1_8' title='bbox 590 400 842 471; x_wconf 87' lang='lat' dir='ltr'><strong>populum</strong></span> <span class='ocrx_word' id='word_1_9' title='bbox 872 405 1068 476; x_wconf 65' lang='lat' dir='ltr'><strong>capit,</strong></span> <span class='ocrx_word' id='word_1_10' title='bbox 1102 420 1169 459; x_wconf 92' lang='lat' dir='ltr'><strong>ne</strong></span> <span class='ocrx_word' id='word_1_11' title='bbox 1197 403 1321 458; x_wconf 90' lang='lat' dir='ltr'><strong>odio</strong></span> <span class='ocrx_word' id='word_1_12' title='bbox 1360 402 1616 457; x_wconf 88' lang='lat' dir='ltr'><strong>baberent</strong></span> <span class='ocrx_word' id='word_1_13' title='bbox 1643 406 1688 461; x_wconf 76' lang='grc' dir='ltr'><strong>Α</strong></span> <span class='ocrx_word' id='word_1_14' title='bbox 1717 409 2076 463; x_wconf 88' lang='lat' dir='ltr'><strong>mortuorum,</strong></span> <span class='ocrx_word' id='word_1_15' title='bbox 2109 406 2405 453; x_wconf 71' lang='lat' dir='ltr'><strong>bamamtas</strong></span> <span class='ocrx_word' id='word_1_16' title='bbox 2438 396 2507 454; x_wconf 93' lang='lat' dir='ltr'><strong>de</strong></span> <span class='ocrx_word' id='word_1_17' title='bbox 2553 397 2963 457; x_wconf 84' lang='lat' dir='ltr'><strong>consecratione</strong></span> <span class='ocrx_word' id='word_1_18' title='bbox 2990 398 3246 458; x_wconf 78' lang='lat' dir='ltr'><strong>Hierusa-</strong></span> 
     </span>
    </p>
   </div>
   <div class='ocr_carea' id='block_1_5' title="bbox 144 487 1617 559">
    <p class='ocr_par' dir='ltr' id='par_1_5' title="bbox 144 487 1617 559">
     <span class='ocr_line' id='line_1_5' title="bbox 144 487 1617 559; baseline 0.001 -17"><span class='ocrx_word' id='word_1_19' title='bbox 144 488 291 543; x_wconf 86' lang='lat' dir='ltr'><strong>Jesum</strong></span> <span class='ocrx_word' id='word_1_20' title='bbox 321 502 481 555; x_wconf 90' lang='lat' dir='ltr'><strong>neque</strong></span> <span class='ocrx_word' id='word_1_21' title='bbox 507 487 935 559; x_wconf 88' lang='lat' dir='ltr'><strong>blasphemarent</strong></span> <span class='ocrx_word' id='word_1_22' title='bbox 962 506 1105 549; x_wconf 90' lang='lat' dir='ltr'><strong>eum.</strong></span> <span class='ocrx_word' id='word_1_23' title='bbox 1132 492 1297 553; x_wconf 75' lang='lat' dir='ltr'><strong>Multo</strong></span> <span class='ocrx_word' id='word_1_24' title='bbox 1323 492 1463 547; x_wconf 91' lang='lat' dir='ltr'><strong>enim</strong></span> <span class='ocrx_word' id='word_1_25' title='bbox 1498 505 1617 544; x_wconf 86' lang='lat' dir='ltr'><strong>esse</strong></span> 
     </span>
    </p>
   </div>
   <div class='ocr_carea' id='block_1_6' title="bbox 145 577 1614 648">
    <p class='ocr_par' dir='ltr' id='par_1_6' title="bbox 145 577 1614 648">
     <span class='ocr_line' id='line_1_6' title="bbox 145 577 1614 648; baseline 0.001 -18"><span class='ocrx_word' id='word_1_26' title='bbox 145 578 338 641; x_wconf 84' lang='lat' dir='ltr'><strong>rectius,</strong></span> <span class='ocrx_word' id='word_1_27' title='bbox 380 577 535 633; x_wconf 88' lang='lat' dir='ltr'><strong>etiam</strong></span> <span class='ocrx_word' id='word_1_28' title='bbox 585 578 853 648; x_wconf 76' lang='lat' dir='ltr'><strong>ignoranti</strong></span> <span class='ocrx_word' id='word_1_29' title='bbox 907 585 989 637; x_wconf 96' lang='lat' dir='ltr'><strong>vel</strong></span> <span class='ocrx_word' id='word_1_30' title='bbox 1037 584 1298 639; x_wconf 75' lang='lat' dir='ltr'><strong>dubitanti</strong></span> <span class='ocrx_word' id='word_1_31' title='bbox 1348 582 1415 636; x_wconf 89' lang='lat' dir='ltr'><strong>de</strong></span> <span class='ocrx_word' id='word_1_32' title='bbox 1453 580 1614 643; x_wconf 81' lang='lat' dir='ltr'><strong>Jesu,</strong></span> 
     </span>
    </p>
   </div>
   <div class='ocr_carea' id='block_1_7' title="bbox 145 670 1617 738">
    <p class='ocr_par' dir='ltr' id='par_1_7' title="bbox 145 670 1617 738">
     <span class='ocr_line' id='line_1_7' title="bbox 145 670 1617 738; baseline 0.002 -19"><span class='ocrx_word' id='word_1_33' title='bbox 145 681 294 720; x_wconf 87' lang='lat' dir='ltr'><strong>amare</strong></span> <span class='ocrx_word' id='word_1_34' title='bbox 321 681 431 719; x_wconf 88' lang='lat' dir='ltr'><strong>eum</strong></span> <span class='ocrx_word' id='word_1_35' title='bbox 462 682 616 736; x_wconf 89' lang='lat' dir='ltr'><strong>quam</strong></span> <span class='ocrx_word' id='word_1_36' title='bbox 645 670 843 728; x_wconf 91' lang='lat' dir='ltr'><strong>odisse.</strong></span> <span class='ocrx_word' id='word_1_37' title='bbox 873 672 1131 727; x_wconf 88' lang='lat' dir='ltr'><strong>Charitati</strong></span> <span class='ocrx_word' id='word_1_38' title='bbox 1161 673 1301 732; x_wconf 86' lang='lat' dir='ltr'><strong>enim</strong></span> <span class='ocrx_word' id='word_1_39' title='bbox 1327 671 1466 724; x_wconf 89' lang='lat' dir='ltr'><strong>Deus</strong></span> <span class='ocrx_word' id='word_1_40' title='bbox 1489 684 1617 738; x_wconf 71' lang='lat' dir='ltr'><strong>prae-</strong></span> 
     </span>
    </p>
   </div>
   <div class='ocr_carea' id='block_1_8' title="bbox 143 754 1620 829">
    <p class='ocr_par' dir='ltr' id='par_1_8' title="bbox 143 754 1620 829">
     <span class='ocr_line' id='line_1_8' title="bbox 143 754 1620 829; baseline 0.006 -24"><span class='ocrx_word' id='word_1_41' title='bbox 143 756 272 806; x_wconf 88' lang='lat' dir='ltr'><strong>mium</strong></span> <span class='ocrx_word' id='word_1_42' title='bbox 298 754 504 822; x_wconf 92' lang='lat' dir='ltr'><strong>posuit,</strong></span> <span class='ocrx_word' id='word_1_43' title='bbox 539 755 678 810; x_wconf 88' lang='lat' dir='ltr'><strong>odiis</strong></span> <span class='ocrx_word' id='word_1_44' title='bbox 708 772 941 826; x_wconf 71' lang='lat' dir='ltr'><strong>prunam.</strong></span> <span class='ocrx_word' id='word_1_45' title='bbox 973 759 1085 813; x_wconf 84' lang='lat' dir='ltr'><strong>Hoc</strong></span> <span class='ocrx_word' id='word_1_46' title='bbox 1117 761 1288 829; x_wconf 91' lang='lat' dir='ltr'><strong>ipsum</strong></span> <span class='ocrx_word' id='word_1_47' title='bbox 1318 759 1457 811; x_wconf 91' lang='lat' dir='ltr'><strong>enim</strong></span> <span class='ocrx_word' id='word_1_48' title='bbox 1480 796 1495 819; x_wconf 93' lang='lat'><strong>,</strong></span> <span class='ocrx_word' id='word_1_49' title='bbox 1541 758 1620 814; x_wconf 81' lang='lat' dir='ltr'><strong>in-</strong></span> 
     </span>
    </p>
   </div>
   <div class='ocr_carea' id='block_1_9' title="bbox 146 841 1620 917">
    <p class='ocr_par' dir='ltr' id='par_1_9' title="bbox 146 841 1620 917">
     <span class='ocr_line' id='line_1_9' title="bbox 146 841 1620 917; baseline 0.004 -24"><span class='ocrx_word' id='word_1_50' title='bbox 146 842 263 909; x_wconf 91' lang='lat' dir='ltr'><strong>quit,</strong></span> <span class='ocrx_word' id='word_1_51' title='bbox 315 841 449 910; x_wconf 91' lang='lat' dir='ltr'><strong>quod</strong></span> <span class='ocrx_word' id='word_1_52' title='bbox 495 841 773 899; x_wconf 83' lang='lat' dir='ltr'><strong>Judaieum</strong></span> <span class='ocrx_word' id='word_1_53' title='bbox 803 862 1001 917; x_wconf 92' lang='lat' dir='ltr'><strong>corpus</strong></span> <span class='ocrx_word' id='word_1_54' title='bbox 1048 847 1337 916; x_wconf 82' lang='lat' dir='ltr'><strong>assumpsit</strong></span> <span class='ocrx_word' id='word_1_55' title='bbox 1376 856 1430 901; x_wconf 92' lang='lat' dir='ltr'><strong>et</strong></span> <span class='ocrx_word' id='word_1_56' title='bbox 1479 849 1620 899; x_wconf 88' lang='lat' dir='ltr'><strong>inter</strong></span> 
     </span>
    </p>
   </div>
   <div class='ocr_carea' id='block_1_10' title="bbox 140 929 1618 1004">
    <p class='ocr_par' dir='ltr' id='par_1_10' title="bbox 140 929 1618 1004">
     <span class='ocr_line' id='line_1_10' title="bbox 140 929 1618 1004; baseline 0.004 -21"><span class='ocrx_word' id='word_1_57' title='bbox 140 929 317 988; x_wconf 67' lang='lat' dir='ltr'><strong>Iudaeos</strong></span> <span class='ocrx_word' id='word_1_58' title='bbox 354 941 506 986; x_wconf 89' lang='lat' dir='ltr'><strong>natus</strong></span> <span class='ocrx_word' id='word_1_59' title='bbox 549 940 632 987; x_wconf 87' lang='lat' dir='ltr'><strong>est</strong></span> <span class='ocrx_word' id='word_1_60' title='bbox 662 972 678 997; x_wconf 95' lang='lat'><strong>,</strong></span> <span class='ocrx_word' id='word_1_61' title='bbox 707 950 816 1004; x_wconf 90' lang='lat' dir='ltr'><strong>quo</strong></span> <span class='ocrx_word' id='word_1_62' title='bbox 844 936 1002 989; x_wconf 89' lang='lat' dir='ltr'><strong>modo</strong></span> <span class='ocrx_word' id='word_1_63' title='bbox 1032 952 1141 989; x_wconf 91' lang='lat' dir='ltr'><strong>non</strong></span> <span class='ocrx_word' id='word_1_64' title='bbox 1170 936 1422 990; x_wconf 89' lang='lat' dir='ltr'><strong>omnibus</strong></span> <span class='ocrx_word' id='word_1_65' title='bbox 1464 935 1618 989; x_wconf 91' lang='lat' dir='ltr'><strong>vobis</strong></span> 
     </span>
    </p>
   </div>
   <div class='ocr_carea' id='block_1_11' title="bbox 140 1021 1617 1080">
    <p class='ocr_par' dir='ltr' id='par_1_11' title="bbox 140 1021 1617 1080">
     <span class='ocr_line' id='line_1_11' title="bbox 140 1021 1617 1080; baseline 0.003 -7"><span class='ocrx_word' id='word_1_66' title='bbox 140 1021 365 1074; x_wconf 86' lang='lat' dir='ltr'><strong>incentiva</strong></span> <span class='ocrx_word' id='word_1_67' title='bbox 391 1023 472 1075; x_wconf 90' lang='lat' dir='ltr'><strong>sui</strong></span> <span class='ocrx_word' id='word_1_68' title='bbox 501 1024 700 1078; x_wconf 89' lang='lat' dir='ltr'><strong>amoris</strong></span> <span class='ocrx_word' id='word_1_69' title='bbox 741 1025 1011 1080; x_wconf 86' lang='lat' dir='ltr'><strong>incussit?</strong></span> <span class='ocrx_word' id='word_1_70' title='bbox 1036 1025 1160 1079; x_wconf 66' lang='lat' dir='ltr'><strong>Haec</strong></span> <span class='ocrx_word' id='word_1_71' title='bbox 1200 1033 1255 1080; x_wconf 89' lang='lat' dir='ltr'><strong>et</strong></span> <span class='ocrx_word' id='word_1_72' title='bbox 1294 1025 1381 1080; x_wconf 89' lang='lat' dir='ltr'><strong>his</strong></span> <span class='ocrx_word' id='word_1_73' title='bbox 1423 1024 1617 1080; x_wconf 86' lang='lat' dir='ltr'><strong>similia</strong></span> 
     </span>
    </p>
   </div>
   <div class='ocr_carea' id='block_1_12' title="bbox 136 1111 1179 1177">
    <p class='ocr_par' dir='ltr' id='par_1_12' title="bbox 136 1111 1179 1177">
     <span class='ocr_line' id='line_1_12' title="bbox 136 1111 1179 1177; baseline 0.009 -15"><span class='ocrx_word' id='word_1_74' title='bbox 136 1125 230 1163; x_wconf 86' lang='lat' dir='ltr'><strong>cum</strong></span> <span class='ocrx_word' id='word_1_75' title='bbox 258 1119 576 1177; x_wconf 84' lang='lat' dir='ltr'><strong>perorasset,</strong></span> <span class='ocrx_word' id='word_1_76' title='bbox 609 1111 819 1167; x_wconf 88' lang='lat' dir='ltr'><strong>dicendi</strong></span> <span class='ocrx_word' id='word_1_77' title='bbox 850 1114 1007 1168; x_wconf 80' lang='lat' dir='ltr'><strong>linem</strong></span> <span class='ocrx_word' id='word_1_78' title='bbox 1036 1114 1179 1171; x_wconf 77' lang='lat' dir='ltr'><strong>fecit.</strong></span> 
     </span>
    </p>
   </div>
   <div class='ocr_carea' id='block_1_13' title="bbox 188 1197 1617 1272">
    <p class='ocr_par' dir='ltr' id='par_1_13' title="bbox 188 1197 1617 1272">
     <span class='ocr_line' id='line_1_13' title="bbox 188 1197 1617 1272; baseline 0.004 -23"><span class='ocrx_word' id='word_1_79' title='bbox 188 1197 301 1251; x_wconf 74' lang='lat' dir='ltr'><strong>LXI.</strong></span> <span class='ocrx_word' id='word_1_80' title='bbox 342 1198 486 1252; x_wconf 90' lang='lat' dir='ltr'><strong>Tunc</strong></span> <span class='ocrx_word' id='word_1_81' title='bbox 508 1200 741 1270; x_wconf 89' lang='lat' dir='ltr'><strong>Caiphas</strong></span> <span class='ocrx_word' id='word_1_82' title='bbox 767 1202 1061 1257; x_wconf 84' lang='lat' dir='ltr'><strong>doctrinam</strong></span> <span class='ocrx_word' id='word_1_83' title='bbox 1090 1201 1217 1256; x_wconf 78' lang='lat' dir='ltr'><strong>Jesu</strong></span> <span class='ocrx_word' id='word_1_84' title='bbox 1248 1202 1465 1272; x_wconf 85' lang='lat' dir='ltr'><strong>culpare</strong></span> <span class='ocrx_word' id='word_1_85' title='bbox 1493 1210 1584 1256; x_wconf 89' lang='lat' dir='ltr'><strong>ten</strong></span> <span class='ocrx_word' id='word_1_86' title='bbox 1605 1230 1617 1243; x_wconf 86' lang='lat'><strong>-</strong></span> 
     </span>
    </p>
   </div>
   <div class='ocr_carea' id='block_1_14' title="bbox 133 1288 1616 1349">
    <p class='ocr_par' dir='ltr' id='par_1_14' title="bbox 133 1288 1616 1349">
     <span class='ocr_line' id='line_1_14' title="bbox 133 1288 1616 1349; baseline 0.003 -10"><span class='ocrx_word' id='word_1_87' title='bbox 133 1289 268 1349; x_wconf 82' lang='lat' dir='ltr'><strong>tabat,</strong></span> <span class='ocrx_word' id='word_1_88' title='bbox 294 1288 470 1343; x_wconf 90' lang='lat' dir='ltr'><strong>dicens</strong></span> <span class='ocrx_word' id='word_1_89' title='bbox 493 1304 615 1343; x_wconf 90' lang='lat' dir='ltr'><strong>eum</strong></span> <span class='ocrx_word' id='word_1_90' title='bbox 638 1305 726 1345; x_wconf 91' lang='lat' dir='ltr'><strong>res</strong></span> <span class='ocrx_word' id='word_1_91' title='bbox 750 1307 919 1345; x_wconf 89' lang='lat' dir='ltr'><strong>vanas</strong></span> <span class='ocrx_word' id='word_1_92' title='bbox 949 1292 1185 1345; x_wconf 90' lang='lat' dir='ltr'><strong>locutum</strong></span> <span class='ocrx_word' id='word_1_93' title='bbox 1216 1311 1229 1345; x_wconf 90' lang='lat'><strong>:</strong></span> <span class='ocrx_word' id='word_1_94' title='bbox 1263 1289 1448 1346; x_wconf 56' lang='lat' dir='ltr'><strong>beatis</strong></span> <span class='ocrx_word' id='word_1_95' title='bbox 1473 1291 1616 1345; x_wconf 86' lang='lat' dir='ltr'><strong>enim</strong></span> 
     </span>
    </p>
   </div>
   <div class='ocr_carea' id='block_1_15' title="bbox 130 1379 1616 1448">
    <p class='ocr_par' dir='ltr' id='par_1_15' title="bbox 130 1379 1616 1448">
     <span class='ocr_line' id='line_1_15' title="bbox 130 1379 1616 1448; baseline 0.005 -18"><span class='ocrx_word' id='word_1_96' title='bbox 130 1395 351 1448; x_wconf 84' lang='lat' dir='ltr'><strong>pauperes</strong></span> <span class='ocrx_word' id='word_1_97' title='bbox 378 1379 510 1431; x_wconf 80' lang='lat' dir='ltr'><strong>dixit</strong></span> <span class='ocrx_word' id='word_1_98' title='bbox 535 1380 578 1442; x_wconf 83' lang='grc'><strong>⁷,</strong></span> <span class='ocrx_word' id='word_1_99' title='bbox 610 1387 661 1434; x_wconf 90' lang='lat' dir='ltr'><strong>et</strong></span> <span class='ocrx_word' id='word_1_100' title='bbox 692 1388 939 1437; x_wconf 86' lang='lat' dir='ltr'><strong>terrenas</strong></span> <span class='ocrx_word' id='word_1_101' title='bbox 998 1381 1111 1435; x_wconf 83' lang='lat' dir='ltr'><strong>fore</strong></span> <span class='ocrx_word' id='word_1_102' title='bbox 1157 1383 1616 1438; x_wconf 89' lang='lat' dir='ltr'><strong>remunerationes</strong></span> 
     </span>
    </p>
   </div>
   <div class='ocr_carea' id='block_1_16' title="bbox 129 1468 1618 1535">
    <p class='ocr_par' dir='ltr' id='par_1_16' title="bbox 129 1468 1618 1535">
     <span class='ocr_line' id='line_1_16' title="bbox 129 1468 1618 1535; baseline 0.003 -13"><span class='ocrx_word' id='word_1_103' title='bbox 129 1468 352 1535; x_wconf 86' lang='lat' dir='ltr'><strong>promisit,</strong></span> <span class='ocrx_word' id='word_1_104' title='bbox 370 1483 431 1522; x_wconf 89' lang='lat' dir='ltr'><strong>ac</strong></span> <span class='ocrx_word' id='word_1_105' title='bbox 452 1484 716 1530; x_wconf 86' lang='lat' dir='ltr'><strong>summam</strong></span> <span class='ocrx_word' id='word_1_106' title='bbox 737 1471 977 1526; x_wconf 89' lang='lat' dir='ltr'><strong>muneris</strong></span> <span class='ocrx_word' id='word_1_107' title='bbox 1001 1472 1054 1525; x_wconf 92' lang='lat' dir='ltr'><strong>in</strong></span> <span class='ocrx_word' id='word_1_108' title='bbox 1077 1478 1287 1525; x_wconf 88' lang='lat' dir='ltr'><strong>terrena</strong></span> <span class='ocrx_word' id='word_1_109' title='bbox 1311 1472 1618 1529; x_wconf 63' lang='lat' dir='ltr'><strong>haereditate</strong></span> 
     </span>
    </p>
   </div>
   <div class='ocr_carea' id='block_1_17' title="bbox 128 1556 1614 1627">
    <p class='ocr_par' dir='ltr' id='par_1_17' title="bbox 128 1556 1614 1627">
     <span class='ocr_line' id='line_1_17' title="bbox 128 1556 1614 1627; baseline 0.005 -22"><span class='ocrx_word' id='word_1_110' title='bbox 128 1556 387 1619; x_wconf 77' lang='lat' dir='ltr'><strong>constituit,</strong></span> <span class='ocrx_word' id='word_1_111' title='bbox 410 1556 650 1626; x_wconf 83' lang='lat' dir='ltr'><strong>cibisque</strong></span> <span class='ocrx_word' id='word_1_112' title='bbox 678 1572 740 1611; x_wconf 91' lang='lat' dir='ltr'><strong>ac</strong></span> <span class='ocrx_word' id='word_1_113' title='bbox 760 1566 891 1627; x_wconf 89' lang='lat' dir='ltr'><strong>potu</strong></span> <span class='ocrx_word' id='word_1_114' title='bbox 906 1574 1009 1613; x_wconf 87' lang='lat' dir='ltr'><strong>.eos</strong></span> <span class='ocrx_word' id='word_1_115' title='bbox 1029 1558 1119 1627; x_wconf 89' lang='lat' dir='ltr'><strong>qui</strong></span> <span class='ocrx_word' id='word_1_116' title='bbox 1139 1559 1401 1626; x_wconf 88' lang='lat' dir='ltr'><strong>justitiam</strong></span> <span class='ocrx_word' id='word_1_117' title='bbox 1430 1575 1614 1616; x_wconf 88' lang='lat' dir='ltr'><strong>serva-</strong></span> 
     </span>
    </p>
   </div>
   <div class='ocr_carea' id='block_1_18' title="bbox 128 1644 1615 1714">
    <p class='ocr_par' dir='ltr' id='par_1_18' title="bbox 128 1644 1615 1714">
     <span class='ocr_line' id='line_1_18' title="bbox 128 1644 1615 1714; baseline 0.005 -18"><span class='ocrx_word' id='word_1_118' title='bbox 128 1644 229 1709; x_wconf 84' lang='lat' dir='ltr'><strong>rint,</strong></span> <span class='ocrx_word' id='word_1_119' title='bbox 262 1645 495 1714; x_wconf 83' lang='lat' dir='ltr'><strong>promisit</strong></span> <span class='ocrx_word' id='word_1_120' title='bbox 515 1661 636 1707; x_wconf 84' lang='lat' dir='ltr'><strong>esse</strong></span> <span class='ocrx_word' id='word_1_121' title='bbox 657 1647 1016 1711; x_wconf 81' lang='lat' dir='ltr'><strong>saturandos;</strong></span> <span class='ocrx_word' id='word_1_122' title='bbox 1044 1656 1097 1701; x_wconf 92' lang='lat' dir='ltr'><strong>et</strong></span> <span class='ocrx_word' id='word_1_123' title='bbox 1124 1648 1210 1703; x_wconf 87' lang='lat' dir='ltr'><strong>bis</strong></span> <span class='ocrx_word' id='word_1_124' title='bbox 1240 1649 1434 1704; x_wconf 83' lang='lat' dir='ltr'><strong>similia</strong></span> <span class='ocrx_word' id='word_1_125' title='bbox 1450 1650 1615 1704; x_wconf 90' lang='lat' dir='ltr'><strong>multa</strong></span> 
     </span>
    </p>
   </div>
   <div class='ocr_carea' id='block_1_19' title="bbox 128 1734 1615 1807">
    <p class='ocr_par' dir='ltr' id='par_1_19' title="bbox 128 1734 1615 1807">
     <span class='ocr_line' id='line_1_19' title="bbox 128 1734 1615 1807; baseline 0.005 -21"><span class='ocrx_word' id='word_1_126' title='bbox 128 1734 337 1788; x_wconf 84' lang='lat' dir='ltr'><strong>docuisse</strong></span> <span class='ocrx_word' id='word_1_127' title='bbox 383 1736 823 1803; x_wconf 89' lang='lat' dir='ltr'><strong>deprehenditur.</strong></span> <span class='ocrx_word' id='word_1_128' title='bbox 855 1736 952 1792; x_wconf 89' lang='lat' dir='ltr'><strong>Cui</strong></span> <span class='ocrx_word' id='word_1_129' title='bbox 1009 1736 1240 1793; x_wconf 87' lang='lat' dir='ltr'><strong>Thomas</strong></span> <span class='ocrx_word' id='word_1_130' title='bbox 1286 1738 1615 1807; x_wconf 87' lang='lat' dir='ltr'><strong>respondens</strong></span> 
     </span>
    </p>
   </div>
   <div class='ocr_carea' id='block_1_20' title="bbox 127 1823 1613 1897">
    <p class='ocr_par' dir='ltr' id='par_1_20' title="bbox 127 1823 1613 1897">
     <span class='ocr_line' id='line_1_20' title="bbox 127 1823 1613 1897; baseline 0.004 -21"><span class='ocrx_word' id='word_1_131' title='bbox 127 1823 269 1893; x_wconf 90' lang='lat' dir='ltr'><strong>arguit</strong></span> <span class='ocrx_word' id='word_1_132' title='bbox 290 1839 403 1878; x_wconf 90' lang='lat' dir='ltr'><strong>eum</strong></span> <span class='ocrx_word' id='word_1_133' title='bbox 432 1824 634 1883; x_wconf 80' lang='lat' dir='ltr'><strong>frustra</strong></span> <span class='ocrx_word' id='word_1_134' title='bbox 652 1835 987 1890; x_wconf 85' lang='lat' dir='ltr'><strong>eausantem,</strong></span> <span class='ocrx_word' id='word_1_135' title='bbox 1012 1826 1321 1891; x_wconf 86' lang='lat' dir='ltr'><strong>ostendens,</strong></span> <span class='ocrx_word' id='word_1_136' title='bbox 1342 1829 1468 1896; x_wconf 85' lang='lat' dir='ltr'><strong>quia</strong></span> <span class='ocrx_word' id='word_1_137' title='bbox 1486 1844 1613 1897; x_wconf 84' lang='lat' dir='ltr'><strong>pro-</strong></span> 
     </span>
    </p>
   </div>
   <div class='ocr_carea' id='block_1_21' title="bbox 122 1914 1617 1985">
    <p class='ocr_par' dir='ltr' id='par_1_21' title="bbox 122 1914 1617 1985">
     <span class='ocr_line' id='line_1_21' title="bbox 122 1914 1617 1985; baseline 0.004 -20"><span class='ocrx_word' id='word_1_138' title='bbox 122 1915 265 1984; x_wconf 66' lang='lat' dir='ltr'><strong>phetae</strong></span> <span class='ocrx_word' id='word_1_139' title='bbox 302 1914 488 1983; x_wconf 88' lang='lat' dir='ltr'><strong>magis,</strong></span> <span class='ocrx_word' id='word_1_140' title='bbox 522 1917 722 1984; x_wconf 86' lang='lat' dir='ltr'><strong>quibus</strong></span> <span class='ocrx_word' id='word_1_141' title='bbox 752 1917 914 1971; x_wconf 89' lang='lat' dir='ltr'><strong>etiam</strong></span> <span class='ocrx_word' id='word_1_142' title='bbox 946 1918 1060 1985; x_wconf 90' lang='lat' dir='ltr'><strong>ipse</strong></span> <span class='ocrx_word' id='word_1_143' title='bbox 1098 1917 1289 1981; x_wconf 87' lang='lat' dir='ltr'><strong>credit,</strong></span> <span class='ocrx_word' id='word_1_144' title='bbox 1316 1918 1387 1973; x_wconf 90' lang='lat' dir='ltr'><strong>ita</strong></span> <span class='ocrx_word' id='word_1_145' title='bbox 1418 1918 1617 1972; x_wconf 89' lang='lat' dir='ltr'><strong>docue-</strong></span> 
     </span>
    </p>
   </div>
   <div class='ocr_carea' id='block_1_22' title="bbox 120 2004 1616 2075">
    <p class='ocr_par' dir='ltr' id='par_1_22' title="bbox 120 2004 1616 2075">
     <span class='ocr_line' id='line_1_22' title="bbox 120 2004 1616 2075; baseline 0.003 -19"><span class='ocrx_word' id='word_1_146' title='bbox 120 2004 220 2067; x_wconf 87' lang='lat' dir='ltr'><strong>rint,</strong></span> <span class='ocrx_word' id='word_1_147' title='bbox 247 2019 339 2059; x_wconf 89' lang='lat' dir='ltr'><strong>nec</strong></span> <span class='ocrx_word' id='word_1_148' title='bbox 378 2012 554 2058; x_wconf 89' lang='lat' dir='ltr'><strong>tamen</strong></span> <span class='ocrx_word' id='word_1_149' title='bbox 585 2008 864 2073; x_wconf 89' lang='lat' dir='ltr'><strong>quomodo</strong></span> <span class='ocrx_word' id='word_1_150' title='bbox 891 2012 1051 2061; x_wconf 87' lang='lat' dir='ltr'><strong>erunt</strong></span> <span class='ocrx_word' id='word_1_151' title='bbox 1086 2006 1198 2062; x_wconf 65' lang='lat' dir='ltr'><strong>haec</strong></span> <span class='ocrx_word' id='word_1_152' title='bbox 1230 2013 1321 2060; x_wconf 88' lang='lat' dir='ltr'><strong>aut</strong></span> <span class='ocrx_word' id='word_1_153' title='bbox 1349 2006 1616 2075; x_wconf 90' lang='lat' dir='ltr'><strong>quomodo</strong></span> 
     </span>
    </p>
   </div>
   <div class='ocr_carea' id='block_1_23' title="bbox 121 2094 1615 2169">
    <p class='ocr_par' dir='ltr' id='par_1_23' title="bbox 121 2094 1615 2169">
     <span class='ocr_line' id='line_1_23' title="bbox 121 2094 1615 2169; baseline 0.001 -23"><span class='ocrx_word' id='word_1_154' title='bbox 121 2095 458 2169; x_wconf 88' lang='lat' dir='ltr'><strong>percipientur,</strong></span> <span class='ocrx_word' id='word_1_155' title='bbox 482 2095 850 2159; x_wconf 79' lang='lat' dir='ltr'><strong>ostenderint,</strong></span> <span class='ocrx_word' id='word_1_156' title='bbox 870 2094 1027 2151; x_wconf 71' lang='lat' dir='ltr'><strong>Iesus</strong></span> <span class='ocrx_word' id='word_1_157' title='bbox 1042 2111 1167 2150; x_wconf 85' lang='lat' dir='ltr'><strong>vero</strong></span> <span class='ocrx_word' id='word_1_158' title='bbox 1191 2096 1419 2165; x_wconf 91' lang='lat' dir='ltr'><strong>qualiter</strong></span> <span class='ocrx_word' id='word_1_159' title='bbox 1444 2095 1615 2164; x_wconf 83' lang='lat' dir='ltr'><strong>accipi</strong></span> 
     </span>
    </p>
   </div>
   <div class='ocr_carea' id='block_1_24' title="bbox 124 2183 1617 2255">
    <p class='ocr_par' dir='ltr' id='par_1_24' title="bbox 124 2183 1617 2255">
     <span class='ocr_line' id='line_1_24' title="bbox 124 2183 1617 2255; baseline 0.003 -19"><span class='ocrx_word' id='word_1_160' title='bbox 124 2183 211 2237; x_wconf 75' lang='lat' dir='ltr'><strong>lucc</strong></span> <span class='ocrx_word' id='word_1_161' title='bbox 236 2184 469 2249; x_wconf 87' lang='lat' dir='ltr'><strong>debeant,</strong></span> <span class='ocrx_word' id='word_1_162' title='bbox 499 2184 979 2239; x_wconf 79' lang='lat' dir='ltr'><strong>demonstraverit.</strong></span> <span class='ocrx_word' id='word_1_163' title='bbox 1021 2184 1086 2237; x_wconf 86' lang='lat' dir='ltr'><strong>Et</strong></span> <span class='ocrx_word' id='word_1_164' title='bbox 1132 2199 1255 2238; x_wconf 92' lang='lat' dir='ltr'><strong>cum</strong></span> <span class='ocrx_word' id='word_1_165' title='bbox 1304 2185 1417 2239; x_wconf 69' lang='lat' dir='ltr'><strong>haec</strong></span> <span class='ocrx_word' id='word_1_166' title='bbox 1456 2193 1617 2255; x_wconf 86' lang='lat' dir='ltr'><strong>atque</strong></span> 
     </span>
    </p>
   </div>
   <div class='ocr_carea' id='block_1_25' title="bbox 124 2271 1511 2344">
    <p class='ocr_par' dir='ltr' id='par_1_25' title="bbox 124 2271 1511 2344">
     <span class='ocr_line' id='line_1_25' title="bbox 124 2271 1511 2344; baseline -0.004 -13"><span class='ocrx_word' id='word_1_167' title='bbox 124 2273 189 2331; x_wconf 81' lang='lat' dir='ltr'><strong>bis</strong></span> <span class='ocrx_word' id='word_1_168' title='bbox 215 2274 390 2327; x_wconf 85' lang='lat' dir='ltr'><strong>similia</strong></span> <span class='ocrx_word' id='word_1_169' title='bbox 420 2275 573 2344; x_wconf 90' lang='lat' dir='ltr'><strong>plura</strong></span> <span class='ocrx_word' id='word_1_170' title='bbox 604 2274 858 2336; x_wconf 77' lang='lat' dir='ltr'><strong>dixisset,</strong></span> <span class='ocrx_word' id='word_1_171' title='bbox 892 2273 1043 2328; x_wconf 85' lang='lat' dir='ltr'><strong>siluit</strong></span> <span class='ocrx_word' id='word_1_172' title='bbox 1064 2273 1223 2329; x_wconf 88' lang='lat' dir='ltr'><strong>etiam</strong></span> <span class='ocrx_word' id='word_1_173' title='bbox 1257 2271 1511 2326; x_wconf 83' lang='lat' dir='ltr'><strong>Thomas.</strong></span> 
     </span>
    </p>
   </div>
   <div class='ocr_carea' id='block_1_26' title="bbox 175 2360 1617 2431">
    <p class='ocr_par' dir='ltr' id='par_1_26' title="bbox 175 2360 1617 2431">
     <span class='ocr_line' id='line_1_26' title="bbox 175 2360 1617 2431; baseline 0 -13"><span class='ocrx_word' id='word_1_174' title='bbox 175 2360 307 2418; x_wconf 77' lang='lat' dir='ltr'><strong>LXII.</strong></span> <span class='ocrx_word' id='word_1_175' title='bbox 322 2362 444 2418; x_wconf 84' lang='lat' dir='ltr'><strong>Post</strong></span> <span class='ocrx_word' id='word_1_176' title='bbox 458 2364 568 2417; x_wconf 71' lang='lat' dir='ltr'><strong>Ilth</strong></span> <span class='ocrx_word' id='word_1_177' title='bbox 584 2377 805 2417; x_wconf 87' lang='lat' dir='ltr'><strong>rursum</strong></span> <span class='ocrx_word' id='word_1_178' title='bbox 820 2361 1050 2431; x_wconf 91' lang='lat' dir='ltr'><strong>Caiphas</strong></span> <span class='ocrx_word' id='word_1_179' title='bbox 1064 2377 1147 2415; x_wconf 92' lang='lat' dir='ltr'><strong>me</strong></span> <span class='ocrx_word' id='word_1_180' title='bbox 1160 2363 1393 2425; x_wconf 84' lang='lat' dir='ltr'><strong>intuens,</strong></span> <span class='ocrx_word' id='word_1_181' title='bbox 1406 2370 1459 2416; x_wconf 90' lang='lat' dir='ltr'><strong>et</strong></span> <span class='ocrx_word' id='word_1_182' title='bbox 1471 2376 1617 2417; x_wconf 90' lang='lat' dir='ltr'><strong>nunc</strong></span> 
     </span>
    </p>
   </div>
   <div class='ocr_carea' id='block_1_27' title="bbox 123 2447 1617 2521">
    <p class='ocr_par' dir='ltr' id='par_1_27' title="bbox 123 2447 1617 2521">
     <span class='ocr_line' id='line_1_27' title="bbox 123 2447 1617 2521; baseline 0.002 -15"><span class='ocrx_word' id='word_1_183' title='bbox 123 2462 169 2507; x_wconf 89' lang='lat' dir='ltr'><strong>ut</strong></span> <span class='ocrx_word' id='word_1_184' title='bbox 189 2469 414 2519; x_wconf 90' lang='lat' dir='ltr'><strong>monens,</strong></span> <span class='ocrx_word' id='word_1_185' title='bbox 445 2469 589 2511; x_wconf 85' lang='lat' dir='ltr'><strong>nunc</strong></span> <span class='ocrx_word' id='word_1_186' title='bbox 615 2466 753 2506; x_wconf 86' lang='lat' dir='ltr'><strong>vero</strong></span> <span class='ocrx_word' id='word_1_187' title='bbox 779 2460 838 2504; x_wconf 90' lang='lat' dir='ltr'><strong>ut</strong></span> <span class='ocrx_word' id='word_1_188' title='bbox 873 2453 1117 2521; x_wconf 90' lang='lat' dir='ltr'><strong>culpans,</strong></span> <span class='ocrx_word' id='word_1_189' title='bbox 1143 2447 1375 2516; x_wconf 87' lang='lat' dir='ltr'><strong>dicebat,</strong></span> <span class='ocrx_word' id='word_1_190' title='bbox 1401 2468 1617 2509; x_wconf 87' lang='lat' dir='ltr'><strong>cessare</strong></span> 
     </span>
    </p>
   </div>
   <div class='ocr_carea' id='block_1_28' title="bbox 123 2541 1614 2611">
    <p class='ocr_par' dir='ltr' id='par_1_28' title="bbox 123 2541 1614 2611">
     <span class='ocr_line' id='line_1_28' title="bbox 123 2541 1614 2611; baseline -0.001 -14"><span class='ocrx_word' id='word_1_191' title='bbox 123 2558 189 2603; x_wconf 82' lang='lat' dir='ltr'><strong>me</strong></span> <span class='ocrx_word' id='word_1_192' title='bbox 206 2545 381 2599; x_wconf 89' lang='lat' dir='ltr'><strong>debere</strong></span> <span class='ocrx_word' id='word_1_193' title='bbox 422 2546 486 2598; x_wconf 91' lang='lat' dir='ltr'><strong>de</strong></span> <span class='ocrx_word' id='word_1_194' title='bbox 528 2543 743 2611; x_wconf 90' lang='lat' dir='ltr'><strong>reliquo</strong></span> <span class='ocrx_word' id='word_1_195' title='bbox 772 2556 802 2595; x_wconf 90' lang='lat' dir='ltr'><strong>a</strong></span> <span class='ocrx_word' id='word_1_196' title='bbox 825 2542 1201 2611; x_wconf 66' lang='lat' dir='ltr'><strong>praedicatione</strong></span> <span class='ocrx_word' id='word_1_197' title='bbox 1228 2542 1428 2601; x_wconf 87' lang='lat' dir='ltr'><strong>Christi</strong></span> <span class='ocrx_word' id='word_1_198' title='bbox 1463 2541 1614 2607; x_wconf 71' lang='lat' dir='ltr'><strong>Iesu,</strong></span> 
     </span>
    </p>
   </div>
   <div class='ocr_carea' id='block_1_29' title="bbox 121 2632 1618 2703">
    <p class='ocr_par' dir='ltr' id='par_1_29' title="bbox 121 2632 1618 2703">
     <span class='ocr_line' id='line_1_29' title="bbox 121 2632 1618 2703; baseline 0.003 -19"><span class='ocrx_word' id='word_1_199' title='bbox 121 2649 174 2686; x_wconf 88' lang='lat' dir='ltr'><strong>ne</strong></span> <span class='ocrx_word' id='word_1_200' title='bbox 198 2634 243 2687; x_wconf 91' lang='lat' dir='ltr'><strong>in</strong></span> <span class='ocrx_word' id='word_1_201' title='bbox 268 2634 545 2703; x_wconf 88' lang='lat' dir='ltr'><strong>perniciem</strong></span> <span class='ocrx_word' id='word_1_202' title='bbox 578 2635 682 2688; x_wconf 91' lang='lat' dir='ltr'><strong>mei</strong></span> <span class='ocrx_word' id='word_1_203' title='bbox 716 2632 820 2685; x_wconf 88' lang='lat' dir='ltr'><strong>hoc</strong></span> <span class='ocrx_word' id='word_1_204' title='bbox 851 2646 1085 2700; x_wconf 79' lang='lat' dir='ltr'><strong>agerem,</strong></span> <span class='ocrx_word' id='word_1_205' title='bbox 1120 2646 1253 2686; x_wconf 87' lang='lat' dir='ltr'><strong>neve</strong></span> <span class='ocrx_word' id='word_1_206' title='bbox 1293 2632 1406 2702; x_wconf 84' lang='lat' dir='ltr'><strong>ipse</strong></span> <span class='ocrx_word' id='word_1_207' title='bbox 1433 2648 1618 2688; x_wconf 86' lang='lat' dir='ltr'><strong>errore</strong></span> 
     </span>
    </p>
   </div>
   <div class='ocr_carea' id='block_1_30' title="bbox 122 2722 1617 2793">
    <p class='ocr_par' dir='ltr' id='par_1_30' title="bbox 122 2722 1617 2793">
     <span class='ocr_line' id='line_1_30' title="bbox 122 2722 1617 2793; baseline 0.001 -19"><span class='ocrx_word' id='word_1_208' title='bbox 122 2722 339 2791; x_wconf 86' lang='lat' dir='ltr'><strong>deceptus</strong></span> <span class='ocrx_word' id='word_1_209' title='bbox 368 2726 500 2778; x_wconf 91' lang='lat' dir='ltr'><strong>alios</strong></span> <span class='ocrx_word' id='word_1_210' title='bbox 526 2738 748 2793; x_wconf 90' lang='lat' dir='ltr'><strong>quoque</strong></span> <span class='ocrx_word' id='word_1_211' title='bbox 772 2737 893 2781; x_wconf 89' lang='lat' dir='ltr'><strong>meo</strong></span> <span class='ocrx_word' id='word_1_212' title='bbox 911 2737 1093 2777; x_wconf 88' lang='lat' dir='ltr'><strong>errore</strong></span> <span class='ocrx_word' id='word_1_213' title='bbox 1132 2723 1451 2792; x_wconf 89' lang='lat' dir='ltr'><strong>deciperem.</strong></span> <span class='ocrx_word' id='word_1_214' title='bbox 1479 2722 1617 2776; x_wconf 86' lang='lat' dir='ltr'><strong>Tum</strong></span> 
     </span>
    </p>
   </div>
   <div class='ocr_carea' id='block_1_31' title="bbox 118 2812 1617 2884">
    <p class='ocr_par' dir='ltr' id='par_1_31' title="bbox 118 2812 1617 2884">
     <span class='ocr_line' id='line_1_31' title="bbox 118 2812 1617 2884; baseline 0 -17"><span class='ocrx_word' id='word_1_215' title='bbox 118 2821 337 2883; x_wconf 68' lang='lat' dir='ltr'><strong>praeterea</strong></span> <span class='ocrx_word' id='word_1_216' title='bbox 358 2815 614 2884; x_wconf 79' lang='lat' dir='ltr'><strong>arguebat</strong></span> <span class='ocrx_word' id='word_1_217' title='bbox 641 2828 731 2866; x_wconf 90' lang='lat' dir='ltr'><strong>me</strong></span> <span class='ocrx_word' id='word_1_218' title='bbox 759 2812 1094 2875; x_wconf 77' lang='lat' dir='ltr'><strong>temeritatis,</strong></span> <span class='ocrx_word' id='word_1_219' title='bbox 1122 2812 1265 2880; x_wconf 92' lang='lat' dir='ltr'><strong>quod</strong></span> <span class='ocrx_word' id='word_1_220' title='bbox 1291 2827 1412 2866; x_wconf 89' lang='lat' dir='ltr'><strong>cum</strong></span> <span class='ocrx_word' id='word_1_221' title='bbox 1442 2828 1617 2869; x_wconf 90' lang='lat' dir='ltr'><strong>essem</strong></span> 
     </span>
    </p>
   </div>
   <div class='ocr_carea' id='block_1_32' title="bbox 119 2901 1619 2973">
    <p class='ocr_par' dir='ltr' id='par_1_32' title="bbox 119 2901 1619 2973">
     <span class='ocr_line' id='line_1_32' title="bbox 119 2901 1619 2973; baseline 0.004 -20"><span class='ocrx_word' id='word_1_222' title='bbox 119 2901 210 2969; x_wconf 82' lang='lat' dir='ltr'><strong>ipse</strong></span> <span class='ocrx_word' id='word_1_223' title='bbox 230 2902 517 2972; x_wconf 89' lang='lat' dir='ltr'><strong>imperitus,</strong></span> <span class='ocrx_word' id='word_1_224' title='bbox 547 2902 789 2973; x_wconf 86' lang='lat' dir='ltr'><strong>piscator</strong></span> <span class='ocrx_word' id='word_1_225' title='bbox 812 2908 867 2954; x_wconf 92' lang='lat' dir='ltr'><strong>et</strong></span> <span class='ocrx_word' id='word_1_226' title='bbox 895 2902 1145 2966; x_wconf 89' lang='lat' dir='ltr'><strong>rusticus,</strong></span> <span class='ocrx_word' id='word_1_227' title='bbox 1173 2902 1404 2957; x_wconf 82' lang='lat' dir='ltr'><strong>ollieium</strong></span> <span class='ocrx_word' id='word_1_228' title='bbox 1437 2905 1619 2959; x_wconf 89' lang='lat' dir='ltr'><strong>subire</strong></span> 
     </span>
    </p>
   </div>
   <div class='ocr_carea' id='block_1_33' title="bbox 1716 487 3242 558">
    <p class='ocr_par' dir='ltr' id='par_1_33' title="bbox 1716 487 3242 558">
     <span class='ocr_line' id='line_1_33' title="bbox 1716 487 3242 558; baseline 0.003 -16"><span class='ocrx_word' id='word_1_229' title='bbox 1716 490 1840 552; x_wconf 88' lang='lat' dir='ltr'><strong>lem,</strong></span> <span class='ocrx_word' id='word_1_230' title='bbox 1880 505 1987 544; x_wconf 93' lang='lat' dir='ltr'><strong>non</strong></span> <span class='ocrx_word' id='word_1_231' title='bbox 2038 498 2215 542; x_wconf 90' lang='lat' dir='ltr'><strong>tamen</strong></span> <span class='ocrx_word' id='word_1_232' title='bbox 2260 487 2487 557; x_wconf 87' lang='lat' dir='ltr'><strong>ingressi</strong></span> <span class='ocrx_word' id='word_1_233' title='bbox 2536 488 2808 543; x_wconf 89' lang='lat' dir='ltr'><strong>civitatem</strong></span> <span class='ocrx_word' id='word_1_234' title='bbox 2854 490 3119 558; x_wconf 85' lang='lat' dir='ltr'><strong>ipsorum,</strong></span> <span class='ocrx_word' id='word_1_235' title='bbox 3147 492 3242 546; x_wconf 86' lang='lat' dir='ltr'><strong>sed</strong></span> 
     </span>
    </p>
   </div>
   <div class='ocr_carea' id='block_1_34' title="bbox 1713 575 3246 649">
    <p class='ocr_par' dir='ltr' id='par_1_34' title="bbox 1713 575 3246 649">
     <span class='ocr_line' id='line_1_34' title="bbox 1713 575 3246 649; baseline 0.003 -17"><span class='ocrx_word' id='word_1_236' title='bbox 1713 580 1924 649; x_wconf 89' lang='lat' dir='ltr'><strong>publice</strong></span> <span class='ocrx_word' id='word_1_237' title='bbox 1952 579 2305 647; x_wconf 84' lang='lat' dir='ltr'><strong>disputantes,</strong></span> <span class='ocrx_word' id='word_1_238' title='bbox 2354 575 2572 632; x_wconf 87' lang='lat' dir='ltr'><strong>Serihas</strong></span> <span class='ocrx_word' id='word_1_239' title='bbox 2616 593 2743 633; x_wconf 86' lang='lat' dir='ltr'><strong>vero</strong></span> <span class='ocrx_word' id='word_1_240' title='bbox 2769 587 2823 633; x_wconf 89' lang='lat' dir='ltr'><strong>et</strong></span> <span class='ocrx_word' id='word_1_241' title='bbox 2851 578 3151 636; x_wconf 76' lang='lat' dir='ltr'><strong>Pharisaeos</strong></span> <span class='ocrx_word' id='word_1_242' title='bbox 3180 582 3246 637; x_wconf 88' lang='lat' dir='ltr'><strong>de</strong></span> 
     </span>
    </p>
   </div>
   <div class='ocr_carea' id='block_1_35' title="bbox 1714 666 3241 740">
    <p class='ocr_par' dir='ltr' id='par_1_35' title="bbox 1714 666 3241 740">
     <span class='ocr_line' id='line_1_35' title="bbox 1714 666 3241 740; baseline 0.002 -16"><span class='ocrx_word' id='word_1_243' title='bbox 1714 683 1882 740; x_wconf 83' lang='lat' dir='ltr'><strong>regno</strong></span> <span class='ocrx_word' id='word_1_244' title='bbox 1924 670 2206 730; x_wconf 77' lang='lat' dir='ltr'><strong>cmlorum,</strong></span> <span class='ocrx_word' id='word_1_245' title='bbox 2233 666 2529 735; x_wconf 84' lang='lat' dir='ltr'><strong>discipulos</strong></span> <span class='ocrx_word' id='word_1_246' title='bbox 2555 666 2802 727; x_wconf 85' lang='lat' dir='ltr'><strong>Joannis.</strong></span> <span class='ocrx_word' id='word_1_247' title='bbox 2833 684 2899 722; x_wconf 91' lang='lat' dir='ltr'><strong>ne</strong></span> <span class='ocrx_word' id='word_1_248' title='bbox 2928 672 3241 727; x_wconf 83' lang='lat' dir='ltr'><strong>scandalum</strong></span> 
     </span>
    </p>
   </div>
   <div class='ocr_carea' id='block_1_36' title="bbox 1714 754 3242 830">
    <p class='ocr_par' dir='ltr' id='par_1_36' title="bbox 1714 754 3242 830">
     <span class='ocr_line' id='line_1_36' title="bbox 1714 754 3242 830; baseline 0.002 -18"><span class='ocrx_word' id='word_1_249' title='bbox 1714 765 2024 830; x_wconf 87' lang='lat' dir='ltr'><strong>paterentur</strong></span> <span class='ocrx_word' id='word_1_250' title='bbox 2061 758 2116 811; x_wconf 90' lang='lat' dir='ltr'><strong>in</strong></span> <span class='ocrx_word' id='word_1_251' title='bbox 2156 754 2383 818; x_wconf 80' lang='lat' dir='ltr'><strong>Joanne,</strong></span> <span class='ocrx_word' id='word_1_252' title='bbox 2413 770 2625 810; x_wconf 89' lang='lat' dir='ltr'><strong>omnem</strong></span> <span class='ocrx_word' id='word_1_253' title='bbox 2656 771 2785 810; x_wconf 90' lang='lat' dir='ltr'><strong>vero</strong></span> <span class='ocrx_word' id='word_1_254' title='bbox 2813 758 3087 827; x_wconf 91' lang='lat' dir='ltr'><strong>populum,</strong></span> <span class='ocrx_word' id='word_1_255' title='bbox 3115 761 3242 829; x_wconf 84' lang='lat' dir='ltr'><strong>quia</strong></span> 
     </span>
    </p>
   </div>
   <div class='ocr_carea' id='block_1_37' title="bbox 1712 844 3241 903">
    <p class='ocr_par' dir='ltr' id='par_1_37' title="bbox 1712 844 3241 903">
     <span class='ocr_line' id='line_1_37' title="bbox 1712 844 3241 903; baseline 0 0"><span class='ocrx_word' id='word_1_256' title='bbox 1712 847 1870 903; x_wconf 80' lang='lat' dir='ltr'><strong>Jesus</strong></span> <span class='ocrx_word' id='word_1_257' title='bbox 1918 854 2001 901; x_wconf 92' lang='lat' dir='ltr'><strong>est</strong></span> <span class='ocrx_word' id='word_1_258' title='bbox 2045 846 2293 901; x_wconf 85' lang='lat' dir='ltr'><strong>Christus</strong></span> <span class='ocrx_word' id='word_1_259' title='bbox 2336 852 2589 900; x_wconf 68' lang='lat' dir='ltr'><strong>aeternus.</strong></span> <span class='ocrx_word' id='word_1_260' title='bbox 2636 844 2715 897; x_wconf 83' lang='lat' dir='ltr'><strong>Ad</strong></span> <span class='ocrx_word' id='word_1_261' title='bbox 2762 846 3005 900; x_wconf 90' lang='lat' dir='ltr'><strong>ultimum</strong></span> <span class='ocrx_word' id='word_1_262' title='bbox 3063 857 3241 903; x_wconf 90' lang='lat' dir='ltr'><strong>autem</strong></span> 
     </span>
    </p>
   </div>
   <div class='ocr_carea' id='block_1_38' title="bbox 1713 933 3245 1007">
    <p class='ocr_par' dir='ltr' id='par_1_38' title="bbox 1713 933 3245 1007">
     <span class='ocr_line' id='line_1_38' title="bbox 1713 933 3245 1007; baseline 0.003 -19"><span class='ocrx_word' id='word_1_263' title='bbox 1713 934 1897 989; x_wconf 89' lang='lat' dir='ltr'><strong>monui</strong></span> <span class='ocrx_word' id='word_1_264' title='bbox 1927 949 2040 997; x_wconf 90' lang='lat' dir='ltr'><strong>eos,</strong></span> <span class='ocrx_word' id='word_1_265' title='bbox 2075 942 2132 987; x_wconf 91' lang='lat' dir='ltr'><strong>ut</strong></span> <span class='ocrx_word' id='word_1_266' title='bbox 2158 933 2469 1003; x_wconf 89' lang='lat' dir='ltr'><strong>priusquam</strong></span> <span class='ocrx_word' id='word_1_267' title='bbox 2497 934 2940 1003; x_wconf 78' lang='lat' dir='ltr'><strong>progrederemur</strong></span> <span class='ocrx_word' id='word_1_268' title='bbox 2966 936 3034 989; x_wconf 85' lang='lat' dir='ltr'><strong>ad</strong></span> <span class='ocrx_word' id='word_1_269' title='bbox 3058 946 3245 1007; x_wconf 82' lang='lat' dir='ltr'><strong>gentes</strong></span> 
     </span>
    </p>
   </div>
   <div class='ocr_carea' id='block_1_39' title="bbox 1715 1021 3242 1096">
    <p class='ocr_par' dir='ltr' id='par_1_39' title="bbox 1715 1021 3242 1096">
     <span class='ocr_line' id='line_1_39' title="bbox 1715 1021 3242 1096; baseline 0.001 -17"><span class='ocrx_word' id='word_1_270' title='bbox 1715 1025 2005 1096; x_wconf 74' lang='lat' dir='ltr'><strong>praedicare</strong></span> <span class='ocrx_word' id='word_1_271' title='bbox 2032 1024 2113 1079; x_wconf 90' lang='lat' dir='ltr'><strong>eis</strong></span> <span class='ocrx_word' id='word_1_272' title='bbox 2140 1024 2462 1093; x_wconf 83' lang='lat' dir='ltr'><strong>agnitionem</strong></span> <span class='ocrx_word' id='word_1_273' title='bbox 2504 1021 2599 1077; x_wconf 88' lang='lat' dir='ltr'><strong>Dei</strong></span> <span class='ocrx_word' id='word_1_274' title='bbox 2639 1021 2836 1087; x_wconf 84' lang='lat' dir='ltr'><strong>Patris,</strong></span> <span class='ocrx_word' id='word_1_275' title='bbox 2864 1024 2966 1095; x_wconf 89' lang='lat' dir='ltr'><strong>ipsi</strong></span> <span class='ocrx_word' id='word_1_276' title='bbox 2998 1028 3242 1081; x_wconf 85' lang='lat' dir='ltr'><strong>reconci—</strong></span> 
     </span>
    </p>
   </div>
   <div class='ocr_carea' id='block_1_40' title="bbox 1715 1110 3241 1181">
    <p class='ocr_par' dir='ltr' id='par_1_40' title="bbox 1715 1110 3241 1181">
     <span class='ocr_line' id='line_1_40' title="bbox 1715 1110 3241 1181; baseline 0 -12"><span class='ocrx_word' id='word_1_277' title='bbox 1715 1116 1972 1169; x_wconf 87' lang='lat' dir='ltr'><strong>liarentur</strong></span> <span class='ocrx_word' id='word_1_278' title='bbox 1992 1113 2099 1167; x_wconf 85' lang='lat' dir='ltr'><strong>Deo</strong></span> <span class='ocrx_word' id='word_1_279' title='bbox 2136 1113 2492 1181; x_wconf 89' lang='lat' dir='ltr'><strong>suscipientes</strong></span> <span class='ocrx_word' id='word_1_280' title='bbox 2511 1110 2705 1165; x_wconf 88' lang='lat' dir='ltr'><strong>Filium</strong></span> <span class='ocrx_word' id='word_1_281' title='bbox 2735 1112 2873 1180; x_wconf 85' lang='lat' dir='ltr'><strong>ejus.</strong></span> <span class='ocrx_word' id='word_1_282' title='bbox 2902 1114 3070 1169; x_wconf 81' lang='lat' dir='ltr'><strong>Aliter</strong></span> <span class='ocrx_word' id='word_1_283' title='bbox 3097 1116 3241 1171; x_wconf 87' lang='lat' dir='ltr'><strong>enim</strong></span> 
     </span>
    </p>
   </div>
   <div class='ocr_carea' id='block_1_41' title="bbox 1715 1200 3241 1272">
    <p class='ocr_par' dir='ltr' id='par_1_41' title="bbox 1715 1200 3241 1272">
     <span class='ocr_line' id='line_1_41' title="bbox 1715 1200 3241 1272; baseline 0 -14"><span class='ocrx_word' id='word_1_284' title='bbox 1715 1205 1862 1258; x_wconf 91' lang='lat' dir='ltr'><strong>nullo</strong></span> <span class='ocrx_word' id='word_1_285' title='bbox 1882 1206 2040 1257; x_wconf 92' lang='lat' dir='ltr'><strong>modo</strong></span> <span class='ocrx_word' id='word_1_286' title='bbox 2071 1217 2162 1258; x_wconf 92' lang='lat' dir='ltr'><strong>eos</strong></span> <span class='ocrx_word' id='word_1_287' title='bbox 2185 1200 2396 1255; x_wconf 88' lang='lat' dir='ltr'><strong>ostendi</strong></span> <span class='ocrx_word' id='word_1_288' title='bbox 2427 1215 2585 1269; x_wconf 87' lang='lat' dir='ltr'><strong>posse</strong></span> <span class='ocrx_word' id='word_1_289' title='bbox 2614 1200 2831 1266; x_wconf 87' lang='lat' dir='ltr'><strong>salvari,</strong></span> <span class='ocrx_word' id='word_1_290' title='bbox 2861 1203 2965 1257; x_wconf 86' lang='lat' dir='ltr'><strong>nisi</strong></span> <span class='ocrx_word' id='word_1_291' title='bbox 2991 1218 3087 1272; x_wconf 87' lang='lat' dir='ltr'><strong>per</strong></span> <span class='ocrx_word' id='word_1_292' title='bbox 3116 1218 3241 1259; x_wconf 88' lang='lat' dir='ltr'><strong>san-</strong></span> 
     </span>
    </p>
   </div>
   <div class='ocr_carea' id='block_1_42' title="bbox 1714 1286 3241 1361">
    <p class='ocr_par' dir='ltr' id='par_1_42' title="bbox 1714 1286 3241 1361">
     <span class='ocr_line' id='line_1_42' title="bbox 1714 1286 3241 1361; baseline 0.003 -18"><span class='ocrx_word' id='word_1_293' title='bbox 1714 1290 1787 1343; x_wconf 92' lang='lat' dir='ltr'><strong>cti</strong></span> <span class='ocrx_word' id='word_1_294' title='bbox 1811 1288 2045 1357; x_wconf 83' lang='lat' dir='ltr'><strong>Spiritus</strong></span> <span class='ocrx_word' id='word_1_295' title='bbox 2075 1289 2298 1358; x_wconf 82' lang='lat' dir='ltr'><strong>gratiam</strong></span> <span class='ocrx_word' id='word_1_296' title='bbox 2328 1288 2480 1341; x_wconf 73' lang='lat' dir='ltr'><strong>trinae</strong></span> <span class='ocrx_word' id='word_1_297' title='bbox 2516 1286 2874 1344; x_wconf 85' lang='lat' dir='ltr'><strong>invocationis</strong></span> <span class='ocrx_word' id='word_1_298' title='bbox 2904 1289 3034 1344; x_wconf 90' lang='lat' dir='ltr'><strong>dilui</strong></span> <span class='ocrx_word' id='word_1_299' title='bbox 3063 1292 3241 1361; x_wconf 89' lang='lat' dir='ltr'><strong>bapti-</strong></span> 
     </span>
    </p>
   </div>
   <div class='ocr_carea' id='block_1_43' title="bbox 1714 1374 3242 1445">
    <p class='ocr_par' dir='ltr' id='par_1_43' title="bbox 1714 1374 3242 1445">
     <span class='ocr_line' id='line_1_43' title="bbox 1714 1374 3242 1445; baseline 0.003 -14"><span class='ocrx_word' id='word_1_300' title='bbox 1714 1385 1883 1431; x_wconf 87' lang='lat' dir='ltr'><strong>smate</strong></span> <span class='ocrx_word' id='word_1_301' title='bbox 1907 1382 2274 1445; x_wconf 88' lang='lat' dir='ltr'><strong>properarent,</strong></span> <span class='ocrx_word' id='word_1_302' title='bbox 2306 1383 2357 1428; x_wconf 92' lang='lat' dir='ltr'><strong>et</strong></span> <span class='ocrx_word' id='word_1_303' title='bbox 2383 1374 2770 1429; x_wconf 84' lang='lat' dir='ltr'><strong>Eucharistiam</strong></span> <span class='ocrx_word' id='word_1_304' title='bbox 2799 1376 3000 1433; x_wconf 89' lang='lat' dir='ltr'><strong>Christi</strong></span> <span class='ocrx_word' id='word_1_305' title='bbox 3031 1379 3242 1436; x_wconf 85' lang='lat' dir='ltr'><strong>Domini</strong></span> 
     </span>
    </p>
   </div>
   <div class='ocr_carea' id='block_1_44' title="bbox 1712 1462 3240 1533">
    <p class='ocr_par' dir='ltr' id='par_1_44' title="bbox 1712 1462 3240 1533">
     <span class='ocr_line' id='line_1_44' title="bbox 1712 1462 3240 1533; baseline 0.004 -13"><span class='ocrx_word' id='word_1_306' title='bbox 1712 1465 2040 1528; x_wconf 61' lang='lat' dir='ltr'><strong>sumerent“,</strong></span> <span class='ocrx_word' id='word_1_307' title='bbox 2071 1465 2156 1517; x_wconf 92' lang='lat' dir='ltr'><strong>eui</strong></span> <span class='ocrx_word' id='word_1_308' title='bbox 2196 1464 2318 1527; x_wconf 92' lang='lat' dir='ltr'><strong>soli,</strong></span> <span class='ocrx_word' id='word_1_309' title='bbox 2350 1462 2414 1517; x_wconf 90' lang='lat' dir='ltr'><strong>de</strong></span> <span class='ocrx_word' id='word_1_310' title='bbox 2442 1464 2524 1517; x_wconf 87' lang='lat' dir='ltr'><strong>his</strong></span> <span class='ocrx_word' id='word_1_311' title='bbox 2551 1480 2670 1533; x_wconf 69' lang='lat' dir='ltr'><strong>quae</strong></span> <span class='ocrx_word' id='word_1_312' title='bbox 2696 1465 2877 1520; x_wconf 89' lang='lat' dir='ltr'><strong>docuit</strong></span> <span class='ocrx_word' id='word_1_313' title='bbox 2913 1469 3131 1526; x_wconf 92' lang='lat' dir='ltr'><strong>credere</strong></span> <span class='ocrx_word' id='word_1_314' title='bbox 3152 1471 3240 1526; x_wconf 86' lang='lat' dir='ltr'><strong>de-</strong></span> 
     </span>
    </p>
   </div>
   <div class='ocr_carea' id='block_1_45' title="bbox 1715 1551 3245 1624">
    <p class='ocr_par' dir='ltr' id='par_1_45' title="bbox 1715 1551 3245 1624">
     <span class='ocr_line' id='line_1_45' title="bbox 1715 1551 3245 1624; baseline -0.003 -18"><span class='ocrx_word' id='word_1_315' title='bbox 1715 1553 1920 1614; x_wconf 91' lang='lat' dir='ltr'><strong>berent,</strong></span> <span class='ocrx_word' id='word_1_316' title='bbox 1960 1560 2018 1605; x_wconf 90' lang='lat' dir='ltr'><strong>ut</strong></span> <span class='ocrx_word' id='word_1_317' title='bbox 2048 1552 2126 1606; x_wconf 91' lang='lat' dir='ltr'><strong>sic</strong></span> <span class='ocrx_word' id='word_1_318' title='bbox 2148 1559 2401 1605; x_wconf 68' lang='lat' dir='ltr'><strong>aeternam</strong></span> <span class='ocrx_word' id='word_1_319' title='bbox 2424 1551 2649 1606; x_wconf 89' lang='lat' dir='ltr'><strong>salutem</strong></span> <span class='ocrx_word' id='word_1_320' title='bbox 2677 1557 2933 1624; x_wconf 82' lang='lat' dir='ltr'><strong>consequi</strong></span> <span class='ocrx_word' id='word_1_321' title='bbox 2974 1573 3245 1614; x_wconf 85' lang='lat' dir='ltr'><strong>mereren-</strong></span> 
     </span>
    </p>
   </div>
   <div class='ocr_carea' id='block_1_46' title="bbox 1717 1641 3246 1710">
    <p class='ocr_par' dir='ltr' id='par_1_46' title="bbox 1717 1641 3246 1710">
     <span class='ocr_line' id='line_1_46' title="bbox 1717 1641 3246 1710; baseline 0.006 -15"><span class='ocrx_word' id='word_1_322' title='bbox 1717 1649 1826 1706; x_wconf 93' lang='lat' dir='ltr'><strong>tur,</strong></span> <span class='ocrx_word' id='word_1_323' title='bbox 1854 1642 2009 1696; x_wconf 88' lang='lat' dir='ltr'><strong>aliter</strong></span> <span class='ocrx_word' id='word_1_324' title='bbox 2052 1657 2179 1696; x_wconf 87' lang='lat' dir='ltr'><strong>vero</strong></span> <span class='ocrx_word' id='word_1_325' title='bbox 2220 1641 2555 1710; x_wconf 89' lang='lat' dir='ltr'><strong>impossibile</strong></span> <span class='ocrx_word' id='word_1_326' title='bbox 2604 1658 2824 1710; x_wconf 90' lang='lat' dir='ltr'><strong>prorsus</strong></span> <span class='ocrx_word' id='word_1_327' title='bbox 2853 1661 2974 1700; x_wconf 91' lang='lat' dir='ltr'><strong>esse</strong></span> <span class='ocrx_word' id='word_1_328' title='bbox 3002 1651 3246 1705; x_wconf 86' lang='lat' dir='ltr'><strong>reconci-</strong></span> 
     </span>
    </p>
   </div>
   <div class='ocr_carea' id='block_1_47' title="bbox 1717 1731 3244 1796">
    <p class='ocr_par' dir='ltr' id='par_1_47' title="bbox 1717 1731 3244 1796">
     <span class='ocr_line' id='line_1_47' title="bbox 1717 1731 3244 1796; baseline 0.005 -11"><span class='ocrx_word' id='word_1_329' title='bbox 1717 1733 1836 1786; x_wconf 88' lang='lat' dir='ltr'><strong>liari</strong></span> <span class='ocrx_word' id='word_1_330' title='bbox 1867 1748 1960 1786; x_wconf 90' lang='lat' dir='ltr'><strong>eos</strong></span> <span class='ocrx_word' id='word_1_331' title='bbox 1980 1731 2108 1796; x_wconf 88' lang='lat' dir='ltr'><strong>Deo,</strong></span> <span class='ocrx_word' id='word_1_332' title='bbox 2133 1732 2291 1786; x_wconf 90' lang='lat' dir='ltr'><strong>etiam</strong></span> <span class='ocrx_word' id='word_1_333' title='bbox 2321 1732 2368 1785; x_wconf 87' lang='lat' dir='ltr'><strong>si</strong></span> <span class='ocrx_word' id='word_1_334' title='bbox 2397 1731 2539 1786; x_wconf 90' lang='lat' dir='ltr'><strong>mille</strong></span> <span class='ocrx_word' id='word_1_335' title='bbox 2559 1731 2609 1787; x_wconf 88' lang='lat' dir='ltr'><strong>ei</strong></span> <span class='ocrx_word' id='word_1_336' title='bbox 2637 1745 2760 1787; x_wconf 86' lang='lat' dir='ltr'><strong>aras</strong></span> <span class='ocrx_word' id='word_1_337' title='bbox 2797 1741 2849 1788; x_wconf 85' lang='lat' dir='ltr'><strong>et</strong></span> <span class='ocrx_word' id='word_1_338' title='bbox 2882 1736 3070 1790; x_wconf 88' lang='lat' dir='ltr'><strong>altaria</strong></span> <span class='ocrx_word' id='word_1_339' title='bbox 3099 1740 3244 1794; x_wconf 89' lang='lat' dir='ltr'><strong>mille</strong></span> 
     </span>
    </p>
   </div>
   <div class='ocr_carea' id='block_1_48' title="bbox 1713 1822 2061 1877">
    <p class='ocr_par' dir='ltr' id='par_1_48' title="bbox 1713 1822 2061 1877">
     <span class='ocr_line' id='line_1_48' title="bbox 1713 1822 2061 1877; baseline 0.003 -1"><span class='ocrx_word' id='word_1_340' title='bbox 1713 1822 2061 1877; x_wconf 89' lang='lat' dir='ltr'><strong>succendant.</strong></span> 
     </span>
    </p>
   </div>
   <div class='ocr_carea' id='block_1_49' title="bbox 1782 1910 3245 1986">
    <p class='ocr_par' dir='ltr' id='par_1_49' title="bbox 1782 1910 3245 1986">
     <span class='ocr_line' id='line_1_49' title="bbox 1782 1910 3245 1986; baseline 0.001 -16"><span class='ocrx_word' id='word_1_341' title='bbox 1782 1912 1964 1970; x_wconf 80' lang='lat' dir='ltr'><strong>LXIV.</strong></span> <span class='ocrx_word' id='word_1_342' title='bbox 2004 1910 2114 1967; x_wconf 84' lang='lat' dir='ltr'><strong>Nos</strong></span> <span class='ocrx_word' id='word_1_343' title='bbox 2167 1912 2330 1976; x_wconf 91' lang='lat' dir='ltr'><strong>enim,</strong></span> <span class='ocrx_word' id='word_1_344' title='bbox 2382 1912 2622 1981; x_wconf 88' lang='lat' dir='ltr'><strong>inquam,</strong></span> <span class='ocrx_word' id='word_1_345' title='bbox 2650 1928 2748 1982; x_wconf 91' lang='lat' dir='ltr'><strong>pro</strong></span> <span class='ocrx_word' id='word_1_346' title='bbox 2792 1922 2941 1968; x_wconf 91' lang='lat' dir='ltr'><strong>certo</strong></span> <span class='ocrx_word' id='word_1_347' title='bbox 2980 1919 3245 1986; x_wconf 89' lang='lat' dir='ltr'><strong>comperi-</strong></span> 
     </span>
    </p>
   </div>
   <div class='ocr_carea' id='block_1_50' title="bbox 1712 2001 3239 2072">
    <p class='ocr_par' dir='ltr' id='par_1_50' title="bbox 1712 2001 3239 2072">
     <span class='ocr_line' id='line_1_50' title="bbox 1712 2001 3239 2072; baseline 0.003 -15"><span class='ocrx_word' id='word_1_348' title='bbox 1712 2019 1854 2067; x_wconf 89' lang='lat' dir='ltr'><strong>mus,</strong></span> <span class='ocrx_word' id='word_1_349' title='bbox 1902 2004 2050 2072; x_wconf 92' lang='lat' dir='ltr'><strong>quod</strong></span> <span class='ocrx_word' id='word_1_350' title='bbox 2098 2017 2261 2071; x_wconf 88' lang='lat' dir='ltr'><strong>super</strong></span> <span class='ocrx_word' id='word_1_351' title='bbox 2308 2001 2589 2058; x_wconf 79' lang='lat' dir='ltr'><strong>sacriﬁciis</strong></span> <span class='ocrx_word' id='word_1_352' title='bbox 2634 2018 2753 2072; x_wconf 83' lang='lat' dir='ltr'><strong>quae</strong></span> <span class='ocrx_word' id='word_1_353' title='bbox 2800 2004 3024 2069; x_wconf 82' lang='lat' dir='ltr'><strong>oil‘crtis,</strong></span> <span class='ocrx_word' id='word_1_354' title='bbox 3072 2010 3239 2064; x_wconf 91' lang='lat' dir='ltr'><strong>multo</strong></span> 
     </span>
    </p>
   </div>
   <div class='ocr_carea' id='block_1_51' title="bbox 1709 2089 3244 2164">
    <p class='ocr_par' dir='ltr' id='par_1_51' title="bbox 1709 2089 3244 2164">
     <span class='ocr_line' id='line_1_51' title="bbox 1709 2089 3244 2164; baseline 0.002 -17"><span class='ocrx_word' id='word_1_355' title='bbox 1709 2093 1882 2163; x_wconf 88' lang='lat' dir='ltr'><strong>magis</strong></span> <span class='ocrx_word' id='word_1_356' title='bbox 1934 2101 2281 2161; x_wconf 78' lang='lat' dir='ltr'><strong>exasperatur</strong></span> <span class='ocrx_word' id='word_1_357' title='bbox 2325 2089 2486 2153; x_wconf 88' lang='lat' dir='ltr'><strong>Deus.</strong></span> <span class='ocrx_word' id='word_1_358' title='bbox 2550 2091 2938 2147; x_wconf 83' lang='lat' dir='ltr'><strong>sacriﬁciorum</strong></span> <span class='ocrx_word' id='word_1_359' title='bbox 3005 2103 3244 2164; x_wconf 90' lang='lat' dir='ltr'><strong>tempore</strong></span> 
     </span>
    </p>
   </div>
   <div class='ocr_carea' id='block_1_52' title="bbox 1713 2181 3242 2253">
    <p class='ocr_par' dir='ltr' id='par_1_52' title="bbox 1713 2181 3242 2253">
     <span class='ocr_line' id='line_1_52' title="bbox 1713 2181 3242 2253; baseline 0.004 -17"><span class='ocrx_word' id='word_1_360' title='bbox 1713 2182 1973 2236; x_wconf 78' lang='lat' dir='ltr'><strong>duntaxat</strong></span> <span class='ocrx_word' id='word_1_361' title='bbox 1997 2183 2225 2250; x_wconf 90' lang='lat' dir='ltr'><strong>expleto.</strong></span> <span class='ocrx_word' id='word_1_362' title='bbox 2251 2181 2315 2233; x_wconf 83' lang='lat' dir='ltr'><strong>Et</strong></span> <span class='ocrx_word' id='word_1_363' title='bbox 2340 2181 2464 2249; x_wconf 86' lang='lat' dir='ltr'><strong>quia</strong></span> <span class='ocrx_word' id='word_1_364' title='bbox 2488 2195 2582 2234; x_wconf 88' lang='lat' dir='ltr'><strong>vos</strong></span> <span class='ocrx_word' id='word_1_365' title='bbox 2609 2197 2717 2234; x_wconf 91' lang='lat' dir='ltr'><strong>non</strong></span> <span class='ocrx_word' id='word_1_366' title='bbox 2747 2183 2906 2237; x_wconf 85' lang='lat' dir='ltr'><strong>vultis</strong></span> <span class='ocrx_word' id='word_1_367' title='bbox 2931 2199 3242 2253; x_wconf 80' lang='lat' dir='ltr'><strong>agnoscere,</strong></span> 
     </span>
    </p>
   </div>
   <div class='ocr_carea' id='block_1_53' title="bbox 1713 2270 3243 2339">
    <p class='ocr_par' dir='ltr' id='par_1_53' title="bbox 1713 2270 3243 2339">
     <span class='ocr_line' id='line_1_53' title="bbox 1713 2270 3243 2339; baseline 0.002 -12"><span class='ocrx_word' id='word_1_368' title='bbox 1713 2287 1987 2327; x_wconf 82' lang='lat' dir='ltr'><strong>emensum</strong></span> <span class='ocrx_word' id='word_1_369' title='bbox 2025 2287 2146 2326; x_wconf 88' lang='lat' dir='ltr'><strong>esse</strong></span> <span class='ocrx_word' id='word_1_370' title='bbox 2186 2271 2297 2339; x_wconf 88' lang='lat' dir='ltr'><strong>jam</strong></span> <span class='ocrx_word' id='word_1_371' title='bbox 2351 2279 2562 2338; x_wconf 90' lang='lat' dir='ltr'><strong>tempus</strong></span> <span class='ocrx_word' id='word_1_372' title='bbox 2612 2270 2817 2326; x_wconf 91' lang='lat' dir='ltr'><strong>hostias</strong></span> <span class='ocrx_word' id='word_1_373' title='bbox 2862 2272 3140 2339; x_wconf 88' lang='lat' dir='ltr'><strong>oIIerendi,</strong></span> <span class='ocrx_word' id='word_1_374' title='bbox 3172 2278 3243 2332; x_wconf 85' lang='lat' dir='ltr'><strong>ob</strong></span> 
     </span>
    </p>
   </div>
   <div class='ocr_carea' id='block_1_54' title="bbox 1714 2360 3245 2432">
    <p class='ocr_par' dir='ltr' id='par_1_54' title="bbox 1714 2360 3245 2432">
     <span class='ocr_line' id='line_1_54' title="bbox 1714 2360 3245 2432; baseline 0.003 -15"><span class='ocrx_word' id='word_1_375' title='bbox 1714 2365 1817 2417; x_wconf 91' lang='lat' dir='ltr'><strong>hoc</strong></span> <span class='ocrx_word' id='word_1_376' title='bbox 1849 2363 2156 2416; x_wconf 89' lang='lat' dir='ltr'><strong>destruetur</strong></span> <span class='ocrx_word' id='word_1_377' title='bbox 2179 2369 2231 2416; x_wconf 89' lang='lat' dir='ltr'><strong>et</strong></span> <span class='ocrx_word' id='word_1_378' title='bbox 2250 2361 2504 2431; x_wconf 88' lang='lat' dir='ltr'><strong>templum</strong></span> <span class='ocrx_word' id='word_1_379' title='bbox 2530 2360 2663 2432; x_wconf 74' lang='grc' dir='ltr'><strong>(ιθ),</strong></span> <span class='ocrx_word' id='word_1_380' title='bbox 2710 2370 2764 2416; x_wconf 94' lang='lat' dir='ltr'><strong>et</strong></span> <span class='ocrx_word' id='word_1_381' title='bbox 2790 2363 3116 2419; x_wconf 90' lang='lat' dir='ltr'><strong>abominatio</strong></span> <span class='ocrx_word' id='word_1_382' title='bbox 3150 2368 3245 2421; x_wconf 89' lang='lat' dir='ltr'><strong>de-</strong></span> 
     </span>
    </p>
   </div>
   <div class='ocr_carea' id='block_1_55' title="bbox 1716 2450 3244 2524">
    <p class='ocr_par' dir='ltr' id='par_1_55' title="bbox 1716 2450 3244 2524">
     <span class='ocr_line' id='line_1_55' title="bbox 1716 2450 3244 2524; baseline 0 -15"><span class='ocrx_word' id='word_1_383' title='bbox 1716 2452 2001 2509; x_wconf 86' lang='lat' dir='ltr'><strong>solationis</strong></span> <span class='ocrx_word' id='word_1_384' title='bbox 2030 2459 2296 2506; x_wconf 87' lang='lat' dir='ltr'><strong>statuetur</strong></span> <span class='ocrx_word' id='word_1_385' title='bbox 2328 2450 2384 2504; x_wconf 91' lang='lat' dir='ltr'><strong>in</strong></span> <span class='ocrx_word' id='word_1_386' title='bbox 2414 2451 2530 2504; x_wconf 91' lang='lat' dir='ltr'><strong>loco</strong></span> <span class='ocrx_word' id='word_1_387' title='bbox 2560 2452 2802 2515; x_wconf 71' lang='lat' dir='ltr'><strong>sancto“,</strong></span> <span class='ocrx_word' id='word_1_388' title='bbox 2833 2461 2887 2506; x_wconf 90' lang='lat' dir='ltr'><strong>et</strong></span> <span class='ocrx_word' id='word_1_389' title='bbox 2920 2462 3047 2507; x_wconf 86' lang='lat' dir='ltr'><strong>tunc</strong></span> <span class='ocrx_word' id='word_1_390' title='bbox 3071 2458 3244 2524; x_wconf 87' lang='lat' dir='ltr'><strong>genti-</strong></span> 
     </span>
    </p>
   </div>
   <div class='ocr_carea' id='block_1_56' title="bbox 1712 2539 3242 2610">
    <p class='ocr_par' dir='ltr' id='par_1_56' title="bbox 1712 2539 3242 2610">
     <span class='ocr_line' id='line_1_56' title="bbox 1712 2539 3242 2610; baseline 0.003 -14"><span class='ocrx_word' id='word_1_391' title='bbox 1712 2543 1816 2598; x_wconf 93' lang='lat' dir='ltr'><strong>bus</strong></span> <span class='ocrx_word' id='word_1_392' title='bbox 1861 2540 2204 2610; x_wconf 85' lang='lat' dir='ltr'><strong>Evangelium</strong></span> <span class='ocrx_word' id='word_1_393' title='bbox 2281 2539 2657 2610; x_wconf 67' lang='lat' dir='ltr'><strong>praedicabitur</strong></span> <span class='ocrx_word' id='word_1_394' title='bbox 2741 2540 2805 2594; x_wconf 90' lang='lat' dir='ltr'><strong>ad</strong></span> <span class='ocrx_word' id='word_1_395' title='bbox 2878 2543 3242 2600; x_wconf 90' lang='lat' dir='ltr'><strong>testimonium</strong></span> 
     </span>
    </p>
   </div>
   <div class='ocr_carea' id='block_1_57' title="bbox 1713 2631 3241 2702">
    <p class='ocr_par' dir='ltr' id='par_1_57' title="bbox 1713 2631 3241 2702">
     <span class='ocr_line' id='line_1_57' title="bbox 1713 2631 3241 2702; baseline 0.001 -14"><span class='ocrx_word' id='word_1_396' title='bbox 1713 2634 1901 2697; x_wconf 86' lang='lat' dir='ltr'><strong>vestri,</strong></span> <span class='ocrx_word' id='word_1_397' title='bbox 1932 2641 1990 2687; x_wconf 92' lang='lat' dir='ltr'><strong>ut</strong></span> <span class='ocrx_word' id='word_1_398' title='bbox 2019 2648 2085 2689; x_wconf 86' lang='lat' dir='ltr'><strong>ex</strong></span> <span class='ocrx_word' id='word_1_399' title='bbox 2115 2633 2330 2686; x_wconf 91' lang='lat' dir='ltr'><strong>illorum</strong></span> <span class='ocrx_word' id='word_1_400' title='bbox 2367 2632 2469 2686; x_wconf 76' lang='lat' dir='ltr'><strong>(Ide</strong></span> <span class='ocrx_word' id='word_1_401' title='bbox 2496 2639 2673 2687; x_wconf 90' lang='lat' dir='ltr'><strong>vestra</strong></span> <span class='ocrx_word' id='word_1_402' title='bbox 2704 2631 2989 2688; x_wconf 74' lang='lat' dir='ltr'><strong>infidelitas</strong></span> <span class='ocrx_word' id='word_1_403' title='bbox 3028 2634 3241 2702; x_wconf 87' lang='lat' dir='ltr'><strong>judice-</strong></span> 
     </span>
    </p>
   </div>
   <div class='ocr_carea' id='block_1_58' title="bbox 1715 2721 3245 2792">
    <p class='ocr_par' dir='ltr' id='par_1_58' title="bbox 1715 2721 3245 2792">
     <span class='ocr_line' id='line_1_58' title="bbox 1715 2721 3245 2792; baseline 0 -13"><span class='ocrx_word' id='word_1_404' title='bbox 1715 2734 1825 2783; x_wconf 73' lang='lat' dir='ltr'><strong>tlt‘.</strong></span> <span class='ocrx_word' id='word_1_405' title='bbox 1855 2724 2043 2781; x_wconf 85' lang='lat' dir='ltr'><strong>Omnis</strong></span> <span class='ocrx_word' id='word_1_406' title='bbox 2065 2724 2259 2779; x_wconf 91' lang='lat' dir='ltr'><strong>etenim</strong></span> <span class='ocrx_word' id='word_1_407' title='bbox 2281 2722 2515 2777; x_wconf 90' lang='lat' dir='ltr'><strong>mundus</strong></span> <span class='ocrx_word' id='word_1_408' title='bbox 2544 2721 2772 2776; x_wconf 79' lang='lat' dir='ltr'><strong>diversis</strong></span> <span class='ocrx_word' id='word_1_409' title='bbox 2808 2724 3138 2792; x_wconf 88' lang='lat' dir='ltr'><strong>temporibus</strong></span> <span class='ocrx_word' id='word_1_410' title='bbox 3161 2725 3245 2781; x_wconf 83' lang='lat' dir='ltr'><strong>di-</strong></span> 
     </span>
    </p>
   </div>
   <div class='ocr_carea' id='block_1_59' title="bbox 1713 2813 3244 2884">
    <p class='ocr_par' dir='ltr' id='par_1_59' title="bbox 1713 2813 3244 2884">
     <span class='ocr_line' id='line_1_59' title="bbox 1713 2813 3244 2884; baseline -0.001 -11"><span class='ocrx_word' id='word_1_411' title='bbox 1713 2832 1900 2873; x_wconf 83' lang='lat' dir='ltr'><strong>versas</strong></span> <span class='ocrx_word' id='word_1_412' title='bbox 1933 2816 2152 2871; x_wconf 65' lang='lat' dir='ltr'><strong>malitiae</strong></span> <span class='ocrx_word' id='word_1_413' title='bbox 2173 2814 2517 2884; x_wconf 71' lang='lat' dir='ltr'><strong>aegritudines</strong></span> <span class='ocrx_word' id='word_1_414' title='bbox 2544 2813 2764 2884; x_wconf 87' lang='lat' dir='ltr'><strong>patitur,</strong></span> <span class='ocrx_word' id='word_1_415' title='bbox 2794 2814 2877 2867; x_wconf 90' lang='lat' dir='ltr'><strong>vel</strong></span> <span class='ocrx_word' id='word_1_416' title='bbox 2919 2829 3014 2882; x_wconf 89' lang='lat' dir='ltr'><strong>per</strong></span> <span class='ocrx_word' id='word_1_417' title='bbox 3056 2829 3244 2871; x_wconf 90' lang='lat' dir='ltr'><strong>omnes</strong></span> 
     </span>
    </p>
   </div>
   <div class='ocr_carea' id='block_1_60' title="bbox 1714 2904 3245 2979">
    <p class='ocr_par' dir='ltr' id='par_1_60' title="bbox 1714 2904 3245 2979">
     <span class='ocr_line' id='line_1_60' title="bbox 1714 2904 3245 2979; baseline -0.001 -18"><span class='ocrx_word' id='word_1_418' title='bbox 1714 2907 2055 2979; x_wconf 82' lang='lat' dir='ltr'><strong>generaliter,</strong></span> <span class='ocrx_word' id='word_1_419' title='bbox 2088 2906 2169 2960; x_wconf 88' lang='lat' dir='ltr'><strong>vel</strong></span> <span class='ocrx_word' id='word_1_420' title='bbox 2186 2920 2281 2975; x_wconf 90' lang='lat' dir='ltr'><strong>per</strong></span> <span class='ocrx_word' id='word_1_421' title='bbox 2306 2904 2546 2973; x_wconf 87' lang='lat' dir='ltr'><strong>singulos</strong></span> <span class='ocrx_word' id='word_1_422' title='bbox 2575 2918 2818 2972; x_wconf 89' lang='lat' dir='ltr'><strong>quosque</strong></span> <span class='ocrx_word' id='word_1_423' title='bbox 2847 2905 3168 2971; x_wconf 87' lang='lat' dir='ltr'><strong>specialiter,</strong></span> <span class='ocrx_word' id='word_1_424' title='bbox 3190 2913 3245 2961; x_wconf 89' lang='lat' dir='ltr'><strong>et</strong></span> 
     </span>
    </p>
   </div>
   <div class='ocr_carea' id='block_1_61' title="bbox 114 2988 3242 3077">
    <p class='ocr_par' dir='ltr' id='par_1_61' title="bbox 114 2988 3242 3077">
     <span class='ocr_line' id='line_1_61' title="bbox 114 2988 3242 3077; baseline 0.002 -34"><span class='ocrx_word' id='word_1_425' title='bbox 114 2989 318 3045; x_wconf 86' lang='lat' dir='ltr'><strong>doctoris</strong></span> <span class='ocrx_word' id='word_1_426' title='bbox 343 2992 615 3053; x_wconf 80' lang='lat' dir='ltr'><strong>auderem.</strong></span> <span class='ocrx_word' id='word_1_427' title='bbox 640 2988 771 3044; x_wconf 63' lang='lat' dir='ltr'><strong>Haec</strong></span> <span class='ocrx_word' id='word_1_428' title='bbox 791 2998 846 3044; x_wconf 92' lang='lat' dir='ltr'><strong>et</strong></span> <span class='ocrx_word' id='word_1_429' title='bbox 865 2990 968 3043; x_wconf 86' lang='lat' dir='ltr'><strong>alia</strong></span> <span class='ocrx_word' id='word_1_430' title='bbox 1005 2992 1158 3059; x_wconf 90' lang='lat' dir='ltr'><strong>plura</strong></span> <span class='ocrx_word' id='word_1_431' title='bbox 1188 2992 1272 3047; x_wconf 89' lang='lat' dir='ltr'><strong>his</strong></span> <span class='ocrx_word' id='word_1_432' title='bbox 1301 2993 1497 3052; x_wconf 85' lang='lat' dir='ltr'><strong>similia</strong></span> <span class='ocrx_word' id='word_1_433' title='bbox 1542 2994 1620 3049; x_wconf 89' lang='lat' dir='ltr'><strong>di-</strong></span> <span class='ocrx_word' id='word_1_434' title='bbox 1639 3017 1686 3077; x_wconf 73' lang='grc' dir='ltr'>ο</span> <span class='ocrx_word' id='word_1_435' title='bbox 1717 2998 1838 3053; x_wconf 91' lang='lat' dir='ltr'><strong>ideo</strong></span> <span class='ocrx_word' id='word_1_436' title='bbox 1864 2997 2066 3065; x_wconf 81' lang='lat' dir='ltr'><strong>indiget</strong></span> <span class='ocrx_word' id='word_1_437' title='bbox 2102 2994 2335 3057; x_wconf 89' lang='lat' dir='ltr'><strong>medico,</strong></span> <span class='ocrx_word' id='word_1_438' title='bbox 2376 2994 2469 3062; x_wconf 89' lang='lat' dir='ltr'><strong>qui</strong></span> <span class='ocrx_word' id='word_1_439' title='bbox 2518 3008 2645 3048; x_wconf 89' lang='lat' dir='ltr'><strong>eum</strong></span> <span class='ocrx_word' id='word_1_440' title='bbox 2687 2993 2870 3049; x_wconf 89' lang='lat' dir='ltr'><strong>visitet</strong></span> <span class='ocrx_word' id='word_1_441' title='bbox 2897 2993 2961 3048; x_wconf 89' lang='lat' dir='ltr'><strong>ad</strong></span> <span class='ocrx_word' id='word_1_442' title='bbox 2993 2995 3242 3051; x_wconf 89' lang='lat' dir='ltr'><strong>salutem.</strong></span> 
     </span>
    </p>
   </div>
   <div class='ocr_carea' id='block_1_62' title="bbox 114 3078 1614 3155">
    <p class='ocr_par' dir='ltr' id='par_1_62' title="bbox 114 3078 1614 3155">
     <span class='ocr_line' id='line_1_62' title="bbox 114 3078 1614 3155; baseline 0.007 -25"><span class='ocrx_word' id='word_1_443' title='bbox 114 3081 248 3143; x_wconf 87' lang='lat' dir='ltr'><strong>centi,</strong></span> <span class='ocrx_word' id='word_1_444' title='bbox 289 3095 384 3151; x_wconf 89' lang='lat' dir='ltr'><strong>ego</strong></span> <span class='ocrx_word' id='word_1_445' title='bbox 431 3094 657 3155; x_wconf 83' lang='lat' dir='ltr'><strong>quoque</strong></span> <span class='ocrx_word' id='word_1_446' title='bbox 690 3079 746 3132; x_wconf 89' lang='lat' dir='ltr'><strong>in</strong></span> <span class='ocrx_word' id='word_1_447' title='bbox 800 3078 914 3136; x_wconf 69' lang='lat' dir='ltr'><strong>haec</strong></span> <span class='ocrx_word' id='word_1_448' title='bbox 968 3080 1129 3134; x_wconf 88' lang='lat' dir='ltr'><strong>verba</strong></span> <span class='ocrx_word' id='word_1_449' title='bbox 1175 3082 1614 3150; x_wconf 77' lang='lat' dir='ltr'><strong>respondi:Milri</strong></span> 
     </span>
    </p>
   </div>
   <div class='ocr_carea' id='block_1_63' title="bbox 113 3171 1617 3243">
    <p class='ocr_par' dir='ltr' id='par_1_63' title="bbox 113 3171 1617 3243">
     <span class='ocr_line' id='line_1_63' title="bbox 113 3171 1617 3243; baseline 0.006 -22"><span class='ocrx_word' id='word_1_450' title='bbox 113 3171 297 3238; x_wconf 84' lang='lat' dir='ltr'><strong>quidem</strong></span> <span class='ocrx_word' id='word_1_451' title='bbox 350 3173 528 3228; x_wconf 89' lang='lat' dir='ltr'><strong>minus</strong></span> <span class='ocrx_word' id='word_1_452' title='bbox 586 3187 728 3238; x_wconf 49' lang='lat' dir='ltr'><strong>esse,</strong></span> <span class='ocrx_word' id='word_1_453' title='bbox 767 3173 1013 3243; x_wconf 89' lang='lat' dir='ltr'><strong>periculi,</strong></span> <span class='ocrx_word' id='word_1_454' title='bbox 1043 3173 1112 3236; x_wconf 92' lang='lat' dir='ltr'><strong>si,</strong></span> <span class='ocrx_word' id='word_1_455' title='bbox 1143 3182 1204 3225; x_wconf 89' lang='lat' dir='ltr'><strong>ut</strong></span> <span class='ocrx_word' id='word_1_456' title='bbox 1244 3174 1358 3241; x_wconf 88' lang='lat' dir='ltr'><strong>ipse</strong></span> <span class='ocrx_word' id='word_1_457' title='bbox 1387 3174 1482 3236; x_wconf 87' lang='lat' dir='ltr'><strong>ait,</strong></span> <span class='ocrx_word' id='word_1_458' title='bbox 1516 3175 1617 3230; x_wconf 86' lang='lat' dir='ltr'><strong>iste</strong></span> 
     </span>
    </p>
   </div>
   <div class='ocr_carea' id='block_1_64' title="bbox 112 3263 1612 3333">
    <p class='ocr_par' dir='ltr' id='par_1_64' title="bbox 112 3263 1612 3333">
     <span class='ocr_line' id='line_1_64' title="bbox 112 3263 1612 3333; baseline -0.001 -14"><span class='ocrx_word' id='word_1_459' title='bbox 112 3274 200 3319; x_wconf 81' lang='lat' dir='ltr'><strong>non</strong></span> <span class='ocrx_word' id='word_1_460' title='bbox 232 3263 299 3317; x_wconf 86' lang='lat' dir='ltr'><strong>sit</strong></span> <span class='ocrx_word' id='word_1_461' title='bbox 322 3264 593 3327; x_wconf 87' lang='lat' dir='ltr'><strong>Christus,</strong></span> <span class='ocrx_word' id='word_1_462' title='bbox 640 3264 769 3332; x_wconf 89' lang='lat' dir='ltr'><strong>quia</strong></span> <span class='ocrx_word' id='word_1_463' title='bbox 818 3263 1091 3319; x_wconf 89' lang='lat' dir='ltr'><strong>doctorem</strong></span> <span class='ocrx_word' id='word_1_464' title='bbox 1121 3264 1253 3333; x_wconf 88' lang='lat' dir='ltr'><strong>legis</strong></span> <span class='ocrx_word' id='word_1_465' title='bbox 1293 3266 1612 3333; x_wconf 86' lang='lat' dir='ltr'><strong>receperim;</strong></span> 
     </span>
    </p>
   </div>
   <div class='ocr_carea' id='block_1_65' title="bbox 110 3347 1615 3422">
    <p class='ocr_par' dir='ltr' id='par_1_65' title="bbox 110 3347 1615 3422">
     <span class='ocr_line' id='line_1_65' title="bbox 110 3347 1615 3422; baseline 0.004 -22"><span class='ocrx_word' id='word_1_466' title='bbox 110 3347 195 3416; x_wconf 88' lang='lat' dir='ltr'><strong>ipsi</strong></span> <span class='ocrx_word' id='word_1_467' title='bbox 244 3366 365 3405; x_wconf 90' lang='lat' dir='ltr'><strong>vero</strong></span> <span class='ocrx_word' id='word_1_468' title='bbox 407 3353 598 3421; x_wconf 87' lang='lat' dir='ltr'><strong>ingens</strong></span> <span class='ocrx_word' id='word_1_469' title='bbox 633 3366 757 3405; x_wconf 90' lang='lat' dir='ltr'><strong>esse</strong></span> <span class='ocrx_word' id='word_1_470' title='bbox 810 3351 1124 3415; x_wconf 87' lang='lat' dir='ltr'><strong>discrimen,</strong></span> <span class='ocrx_word' id='word_1_471' title='bbox 1171 3351 1217 3407; x_wconf 89' lang='lat' dir='ltr'><strong>si</strong></span> <span class='ocrx_word' id='word_1_472' title='bbox 1267 3351 1356 3406; x_wconf 89' lang='lat' dir='ltr'><strong>hic</strong></span> <span class='ocrx_word' id='word_1_473' title='bbox 1402 3353 1517 3422; x_wconf 90' lang='lat' dir='ltr'><strong>ipse</strong></span> <span class='ocrx_word' id='word_1_474' title='bbox 1545 3353 1615 3407; x_wconf 91' lang='lat' dir='ltr'><strong>sit</strong></span> 
     </span>
    </p>
   </div>
   <div class='ocr_carea' id='block_1_66' title="bbox 106 3437 1614 3511">
    <p class='ocr_par' dir='ltr' id='par_1_66' title="bbox 106 3437 1614 3511">
     <span class='ocr_line' id='line_1_66' title="bbox 106 3437 1614 3511; baseline 0.005 -22"><span class='ocrx_word' id='word_1_475' title='bbox 106 3437 341 3502; x_wconf 81' lang='lat' dir='ltr'><strong>Christus,</strong></span> <span class='ocrx_word' id='word_1_476' title='bbox 373 3441 518 3494; x_wconf 88' lang='lat' dir='ltr'><strong>sicut</strong></span> <span class='ocrx_word' id='word_1_477' title='bbox 555 3447 610 3494; x_wconf 91' lang='lat' dir='ltr'><strong>et</strong></span> <span class='ocrx_word' id='word_1_478' title='bbox 667 3448 813 3494; x_wconf 91' lang='lat' dir='ltr'><strong>certe</strong></span> <span class='ocrx_word' id='word_1_479' title='bbox 838 3446 940 3497; x_wconf 86' lang='lat' dir='ltr'><strong>est.</strong></span> <span class='ocrx_word' id='word_1_480' title='bbox 971 3439 1081 3511; x_wconf 83' lang='lat' dir='ltr'><strong>Ego</strong></span> <span class='ocrx_word' id='word_1_481' title='bbox 1108 3443 1249 3496; x_wconf 91' lang='lat' dir='ltr'><strong>enim</strong></span> <span class='ocrx_word' id='word_1_482' title='bbox 1280 3443 1442 3497; x_wconf 81' lang='lat' dir='ltr'><strong>credo</strong></span> <span class='ocrx_word' id='word_1_483' title='bbox 1490 3443 1614 3497; x_wconf 88' lang='lat' dir='ltr'><strong>huic</strong></span> 
     </span>
    </p>
   </div>
   <div class='ocr_carea' id='block_1_67' title="bbox 105 3527 1615 3607">
    <p class='ocr_par' dir='ltr' id='par_1_67' title="bbox 105 3527 1615 3607">
     <span class='ocr_line' id='line_1_67' title="bbox 105 3527 1615 3607; baseline 0.006 -29"><span class='ocrx_word' id='word_1_484' title='bbox 105 3527 176 3595; x_wconf 77' lang='lat' dir='ltr'><strong>qui</strong></span> <span class='ocrx_word' id='word_1_485' title='bbox 203 3531 468 3599; x_wconf 78' lang='lat' dir='ltr'><strong>apparuit;</strong></span> <span class='ocrx_word' id='word_1_486' title='bbox 509 3529 629 3599; x_wconf 91' lang='lat' dir='ltr'><strong>ipse</strong></span> <span class='ocrx_word' id='word_1_487' title='bbox 669 3536 847 3584; x_wconf 91' lang='lat' dir='ltr'><strong>autem</strong></span> <span class='ocrx_word' id='word_1_488' title='bbox 877 3530 963 3584; x_wconf 91' lang='lat' dir='ltr'><strong>cui</strong></span> <span class='ocrx_word' id='word_1_489' title='bbox 1003 3530 1091 3583; x_wconf 85' lang='lat' dir='ltr'><strong>alii</strong></span> <span class='ocrx_word' id='word_1_490' title='bbox 1124 3530 1278 3607; x_wconf 81' lang='lat' dir='ltr'><strong>Iidem</strong></span> <span class='ocrx_word' id='word_1_491' title='bbox 1313 3547 1529 3588; x_wconf 82' lang='lat' dir='ltr'><strong>servare</strong></span> <span class='ocrx_word' id='word_1_492' title='bbox 1557 3548 1615 3587; x_wconf 81' lang='lat' dir='ltr'><strong>se</strong></span> 
     </span>
    </p>
   </div>
   <div class='ocr_carea' id='block_1_68' title="bbox 98 3616 1615 3689">
    <p class='ocr_par' dir='ltr' id='par_1_68' title="bbox 98 3616 1615 3689">
     <span class='ocr_line' id='line_1_68' title="bbox 98 3616 1615 3689; baseline 0.002 -16"><span class='ocrx_word' id='word_1_493' title='bbox 98 3616 263 3682; x_wconf 73' lang='lat' dir='ltr'><strong>Credit,</strong></span> <span class='ocrx_word' id='word_1_494' title='bbox 295 3620 386 3688; x_wconf 91' lang='lat' dir='ltr'><strong>qui</strong></span> <span class='ocrx_word' id='word_1_495' title='bbox 429 3619 617 3673; x_wconf 90' lang='lat' dir='ltr'><strong>nullus</strong></span> <span class='ocrx_word' id='word_1_496' title='bbox 668 3618 954 3689; x_wconf 80' lang='lat' dir='ltr'><strong>apparuit?</strong></span> <span class='ocrx_word' id='word_1_497' title='bbox 983 3617 1038 3672; x_wconf 93' lang='lat' dir='ltr'><strong>Si</strong></span> <span class='ocrx_word' id='word_1_498' title='bbox 1069 3634 1196 3673; x_wconf 89' lang='lat' dir='ltr'><strong>vero</strong></span> <span class='ocrx_word' id='word_1_499' title='bbox 1238 3626 1292 3674; x_wconf 91' lang='lat' dir='ltr'><strong>et</strong></span> <span class='ocrx_word' id='word_1_500' title='bbox 1341 3619 1524 3683; x_wconf 88' lang='lat' dir='ltr'><strong>idiota,</strong></span> <span class='ocrx_word' id='word_1_501' title='bbox 1556 3627 1615 3676; x_wconf 72' lang='lat' dir='ltr'><strong>ut</strong></span> 
     </span>
    </p>
   </div>
   <div class='ocr_carea' id='block_1_69' title="bbox 98 3707 1614 3781">
    <p class='ocr_par' dir='ltr' id='par_1_69' title="bbox 98 3707 1614 3781">
     <span class='ocr_line' id='line_1_69' title="bbox 98 3707 1614 3781; baseline 0.006 -23"><span class='ocrx_word' id='word_1_502' title='bbox 98 3707 182 3770; x_wconf 77' lang='lat' dir='ltr'><strong>ais,</strong></span> <span class='ocrx_word' id='word_1_503' title='bbox 212 3717 262 3763; x_wconf 90' lang='lat' dir='ltr'><strong>et</strong></span> <span class='ocrx_word' id='word_1_504' title='bbox 291 3709 580 3779; x_wconf 89' lang='lat' dir='ltr'><strong>imperitus</strong></span> <span class='ocrx_word' id='word_1_505' title='bbox 605 3723 667 3762; x_wconf 91' lang='lat' dir='ltr'><strong>ac</strong></span> <span class='ocrx_word' id='word_1_506' title='bbox 690 3709 926 3778; x_wconf 88' lang='lat' dir='ltr'><strong>piscator</strong></span> <span class='ocrx_word' id='word_1_507' title='bbox 952 3718 1005 3765; x_wconf 87' lang='lat' dir='ltr'><strong>et</strong></span> <span class='ocrx_word' id='word_1_508' title='bbox 1024 3710 1282 3773; x_wconf 89' lang='lat' dir='ltr'><strong>rusticus,</strong></span> <span class='ocrx_word' id='word_1_509' title='bbox 1306 3726 1468 3780; x_wconf 91' lang='lat' dir='ltr'><strong>super</strong></span> <span class='ocrx_word' id='word_1_510' title='bbox 1493 3727 1614 3781; x_wconf 82' lang='lat' dir='ltr'><strong>pre-</strong></span> 
     </span>
    </p>
   </div>
   <div class='ocr_carea' id='block_1_70' title="bbox 90 3803 1610 3875">
    <p class='ocr_par' dir='ltr' id='par_1_70' title="bbox 90 3803 1610 3875">
     <span class='ocr_line' id='line_1_70' title="bbox 90 3803 1610 3875; baseline 0.002 -20"><span class='ocrx_word' id='word_1_511' title='bbox 90 3804 309 3873; x_wconf 78' lang='lat' dir='ltr'><strong>sbyteros</strong></span> <span class='ocrx_word' id='word_1_512' title='bbox 356 3806 639 3875; x_wconf 86' lang='lat' dir='ltr'><strong>sapientes</strong></span> <span class='ocrx_word' id='word_1_513' title='bbox 695 3804 1008 3872; x_wconf 86' lang='lat' dir='ltr'><strong>intelligam,</strong></span> <span class='ocrx_word' id='word_1_514' title='bbox 1059 3803 1161 3859; x_wconf 88' lang='lat' dir='ltr'><strong>hoc</strong></span> <span class='ocrx_word' id='word_1_515' title='bbox 1220 3804 1337 3868; x_wconf 90' lang='lat' dir='ltr'><strong>tibi,</strong></span> <span class='ocrx_word' id='word_1_516' title='bbox 1370 3805 1610 3873; x_wconf 90' lang='lat' dir='ltr'><strong>inquam,</strong></span> 
     </span>
    </p>
   </div>
   <div class='ocr_carea' id='block_1_71' title="bbox 88 3891 1613 3964">
    <p class='ocr_par' dir='ltr' id='par_1_71' title="bbox 88 3891 1613 3964">
     <span class='ocr_line' id='line_1_71' title="bbox 88 3891 1613 3964; baseline -0.004 -11"><span class='ocrx_word' id='word_1_517' title='bbox 88 3895 240 3964; x_wconf 75' lang='lat' dir='ltr'><strong>magis</strong></span> <span class='ocrx_word' id='word_1_518' title='bbox 267 3903 473 3950; x_wconf 83' lang='lat' dir='ltr'><strong>metum</strong></span> <span class='ocrx_word' id='word_1_519' title='bbox 506 3894 670 3948; x_wconf 89' lang='lat' dir='ltr'><strong>debet</strong></span> <span class='ocrx_word' id='word_1_520' title='bbox 699 3894 961 3947; x_wconf 90' lang='lat' dir='ltr'><strong>incutere.</strong></span> <span class='ocrx_word' id='word_1_521' title='bbox 992 3891 1124 3946; x_wconf 80' lang='lat' dir='ltr'><strong>Nam</strong></span> <span class='ocrx_word' id='word_1_522' title='bbox 1153 3893 1200 3948; x_wconf 90' lang='lat' dir='ltr'><strong>si</strong></span> <span class='ocrx_word' id='word_1_523' title='bbox 1220 3910 1288 3949; x_wconf 88' lang='lat' dir='ltr'><strong>ex</strong></span> <span class='ocrx_word' id='word_1_524' title='bbox 1313 3894 1613 3947; x_wconf 84' lang='lat' dir='ltr'><strong>eruditione</strong></span> 
     </span>
    </p>
   </div>
   <div class='ocr_carea' id='block_1_72' title="bbox 80 3981 1616 4055">
    <p class='ocr_par' dir='ltr' id='par_1_72' title="bbox 80 3981 1616 4055">
     <span class='ocr_line' id='line_1_72' title="bbox 80 3981 1616 4055; baseline 0 -22"><span class='ocrx_word' id='word_1_525' title='bbox 80 3983 241 4052; x_wconf 87' lang='lat' dir='ltr'><strong>aliqua</strong></span> <span class='ocrx_word' id='word_1_526' title='bbox 269 3985 569 4055; x_wconf 87' lang='lat' dir='ltr'><strong>disputans</strong></span> <span class='ocrx_word' id='word_1_527' title='bbox 598 3982 897 4036; x_wconf 90' lang='lat' dir='ltr'><strong>obtinerem</strong></span> <span class='ocrx_word' id='word_1_528' title='bbox 930 3996 1026 4035; x_wconf 89' lang='lat' dir='ltr'><strong>vos</strong></span> <span class='ocrx_word' id='word_1_529' title='bbox 1047 3983 1316 4051; x_wconf 88' lang='lat' dir='ltr'><strong>sapientes</strong></span> <span class='ocrx_word' id='word_1_530' title='bbox 1345 3990 1397 4036; x_wconf 85' lang='lat' dir='ltr'><strong>et</strong></span> <span class='ocrx_word' id='word_1_531' title='bbox 1439 3981 1616 4036; x_wconf 86' lang='lat' dir='ltr'><strong>erudi-</strong></span> 
     </span>
    </p>
   </div>
   <div class='ocr_carea' id='block_1_73' title="bbox 80 4071 1612 4142">
    <p class='ocr_par' dir='ltr' id='par_1_73' title="bbox 80 4071 1612 4142">
     <span class='ocr_line' id='line_1_73' title="bbox 80 4071 1612 4142; baseline -0.003 -11"><span class='ocrx_word' id='word_1_532' title='bbox 80 4078 174 4136; x_wconf 71' lang='lat' dir='ltr'><strong>tos,</strong></span> <span class='ocrx_word' id='word_1_533' title='bbox 196 4075 468 4129; x_wconf 78' lang='lat' dir='ltr'><strong>videretur</strong></span> <span class='ocrx_word' id='word_1_534' title='bbox 479 4073 670 4142; x_wconf 90' lang='lat' dir='ltr'><strong>utique</strong></span> <span class='ocrx_word' id='word_1_535' title='bbox 681 4072 925 4126; x_wconf 90' lang='lat' dir='ltr'><strong>doctrina</strong></span> <span class='ocrx_word' id='word_1_536' title='bbox 938 4071 1039 4126; x_wconf 92' lang='lat' dir='ltr'><strong>hoe</strong></span> <span class='ocrx_word' id='word_1_537' title='bbox 1056 4072 1181 4124; x_wconf 91' lang='lat' dir='ltr'><strong>mihi</strong></span> <span class='ocrx_word' id='word_1_538' title='bbox 1197 4072 1339 4142; x_wconf 89' lang='lat' dir='ltr'><strong>longi</strong></span> <span class='ocrx_word' id='word_1_539' title='bbox 1359 4071 1612 4141; x_wconf 80' lang='lat' dir='ltr'><strong>temporis</strong></span> 
     </span>
    </p>
   </div>
   <div class='ocr_carea' id='block_1_74' title="bbox 71 4162 1609 4232">
    <p class='ocr_par' dir='ltr' id='par_1_74' title="bbox 71 4162 1609 4232">
     <span class='ocr_line' id='line_1_74' title="bbox 71 4162 1609 4232; baseline 0.001 -17"><span class='ocrx_word' id='word_1_540' title='bbox 71 4174 118 4223; x_wconf 83' lang='lat' dir='ltr'><strong>et</strong></span> <span class='ocrx_word' id='word_1_541' title='bbox 156 4181 261 4220; x_wconf 90' lang='lat' dir='ltr'><strong>non</strong></span> <span class='ocrx_word' id='word_1_542' title='bbox 296 4166 504 4221; x_wconf 73' lang='lat' dir='ltr'><strong>divina:</strong></span> <span class='ocrx_word' id='word_1_543' title='bbox 536 4164 754 4219; x_wconf 86' lang='lat' dir='ltr'><strong>virtutis</strong></span> <span class='ocrx_word' id='word_1_544' title='bbox 792 4162 959 4232; x_wconf 88' lang='lat' dir='ltr'><strong>gratia</strong></span> <span class='ocrx_word' id='word_1_545' title='bbox 988 4162 1302 4225; x_wconf 79' lang='lat' dir='ltr'><strong>contulisse,</strong></span> <span class='ocrx_word' id='word_1_546' title='bbox 1333 4177 1476 4216; x_wconf 91' lang='lat' dir='ltr'><strong>nunc</strong></span> <span class='ocrx_word' id='word_1_547' title='bbox 1509 4176 1609 4216; x_wconf 82' lang='lat' dir='ltr'><strong>au-</strong></span> 
     </span>
    </p>
   </div>
   <div class='ocr_carea' id='block_1_75' title="bbox 72 4252 1613 4323">
    <p class='ocr_par' dir='ltr' id='par_1_75' title="bbox 72 4252 1613 4323">
     <span class='ocr_line' id='line_1_75' title="bbox 72 4252 1613 4323; baseline -0.001 -17"><span class='ocrx_word' id='word_1_548' title='bbox 72 4262 164 4308; x_wconf 89' lang='lat' dir='ltr'><strong>tem</strong></span> <span class='ocrx_word' id='word_1_549' title='bbox 190 4273 337 4321; x_wconf 90' lang='lat' dir='ltr'><strong>cum,</strong></span> <span class='ocrx_word' id='word_1_550' title='bbox 363 4265 425 4311; x_wconf 87' lang='lat' dir='ltr'><strong>ut</strong></span> <span class='ocrx_word' id='word_1_551' title='bbox 445 4256 585 4321; x_wconf 79' lang='lat' dir='ltr'><strong>dixi,</strong></span> <span class='ocrx_word' id='word_1_552' title='bbox 607 4270 708 4309; x_wconf 90' lang='lat' dir='ltr'><strong>nos</strong></span> <span class='ocrx_word' id='word_1_553' title='bbox 734 4253 964 4323; x_wconf 89' lang='lat' dir='ltr'><strong>imperiti</strong></span> <span class='ocrx_word' id='word_1_554' title='bbox 984 4267 1080 4307; x_wconf 88' lang='lat' dir='ltr'><strong>vos</strong></span> <span class='ocrx_word' id='word_1_555' title='bbox 1097 4253 1362 4323; x_wconf 87' lang='lat' dir='ltr'><strong>sapientes</strong></span> <span class='ocrx_word' id='word_1_556' title='bbox 1391 4252 1613 4306; x_wconf 82' lang='lat' dir='ltr'><strong>convin-</strong></span> 
     </span>
    </p>
   </div>
   <div class='ocr_carea' id='block_1_76' title="bbox 64 4345 1609 4417">
    <p class='ocr_par' dir='ltr' id='par_1_76' title="bbox 64 4345 1609 4417">
     <span class='ocr_line' id='line_1_76' title="bbox 64 4345 1609 4417; baseline 0 -22"><span class='ocrx_word' id='word_1_557' title='bbox 64 4345 225 4402; x_wconf 91' lang='lat' dir='ltr'><strong>cimus</strong></span> <span class='ocrx_word' id='word_1_558' title='bbox 249 4355 305 4402; x_wconf 87' lang='lat' dir='ltr'><strong>et</strong></span> <span class='ocrx_word' id='word_1_559' title='bbox 335 4360 671 4417; x_wconf 87' lang='lat' dir='ltr'><strong>superamus</strong></span> <span class='ocrx_word' id='word_1_560' title='bbox 691 4385 707 4410; x_wconf 95' lang='lat'><strong>,</strong></span> <span class='ocrx_word' id='word_1_561' title='bbox 747 4345 833 4397; x_wconf 91' lang='lat' dir='ltr'><strong>cui</strong></span> <span class='ocrx_word' id='word_1_562' title='bbox 873 4358 1089 4398; x_wconf 87' lang='lat' dir='ltr'><strong>sensum</strong></span> <span class='ocrx_word' id='word_1_563' title='bbox 1137 4345 1351 4397; x_wconf 88' lang='lat' dir='ltr'><strong>habenti</strong></span> <span class='ocrx_word' id='word_1_564' title='bbox 1382 4356 1489 4401; x_wconf 88' lang='lat' dir='ltr'><strong>non</strong></span> <span class='ocrx_word' id='word_1_565' title='bbox 1514 4358 1609 4413; x_wconf 88' lang='lat' dir='ltr'><strong>pa-</strong></span> 
     </span>
    </p>
   </div>
   <div class='ocr_carea' id='block_1_77' title="bbox 65 4434 1605 4507">
    <p class='ocr_par' dir='ltr' id='par_1_77' title="bbox 65 4434 1605 4507">
     <span class='ocr_line' id='line_1_77' title="bbox 65 4434 1605 4507; baseline 0 -20"><span class='ocrx_word' id='word_1_566' title='bbox 65 4435 159 4493; x_wconf 86' lang='lat' dir='ltr'><strong>lam</strong></span> <span class='ocrx_word' id='word_1_567' title='bbox 189 4446 297 4500; x_wconf 91' lang='lat' dir='ltr'><strong>est,</strong></span> <span class='ocrx_word' id='word_1_568' title='bbox 339 4438 478 4507; x_wconf 86' lang='lat' dir='ltr'><strong>quia</strong></span> <span class='ocrx_word' id='word_1_569' title='bbox 521 4436 623 4490; x_wconf 88' lang='lat' dir='ltr'><strong>hoc</strong></span> <span class='ocrx_word' id='word_1_570' title='bbox 653 4450 759 4488; x_wconf 90' lang='lat' dir='ltr'><strong>non</strong></span> <span class='ocrx_word' id='word_1_571' title='bbox 791 4434 1038 4489; x_wconf 73' lang='lat' dir='ltr'><strong>humana:</strong></span> <span class='ocrx_word' id='word_1_572' title='bbox 1078 4434 1300 4505; x_wconf 76' lang='lat' dir='ltr'><strong>argutia:</strong></span> <span class='ocrx_word' id='word_1_573' title='bbox 1327 4448 1463 4504; x_wconf 86' lang='lat' dir='ltr'><strong>opus</strong></span> <span class='ocrx_word' id='word_1_574' title='bbox 1501 4440 1605 4497; x_wconf 89' lang='lat' dir='ltr'><strong>est,</strong></span> 
     </span>
    </p>
   </div>
   <div class='ocr_carea' id='block_1_78' title="bbox 62 4524 1101 4582">
    <p class='ocr_par' dir='ltr' id='par_1_78' title="bbox 62 4524 1101 4582">
     <span class='ocr_line' id='line_1_78' title="bbox 62 4524 1101 4582; baseline -0.004 -2"><span class='ocrx_word' id='word_1_575' title='bbox 62 4527 145 4580; x_wconf 84' lang='lat' dir='ltr'><strong>sed</strong></span> <span class='ocrx_word' id='word_1_576' title='bbox 166 4528 368 4582; x_wconf 70' lang='lat' dir='ltr'><strong>divinae</strong></span> <span class='ocrx_word' id='word_1_577' title='bbox 406 4526 709 4580; x_wconf 89' lang='lat' dir='ltr'><strong>voluntatis</strong></span> <span class='ocrx_word' id='word_1_578' title='bbox 736 4530 789 4577; x_wconf 89' lang='lat' dir='ltr'><strong>et</strong></span> <span class='ocrx_word' id='word_1_579' title='bbox 827 4524 1101 4577; x_wconf 82' lang='lat' dir='ltr'><strong>muneris?</strong></span> 
     </span>
    </p>
   </div>
   <div class='ocr_carea' id='block_1_79' title="bbox 120 4612 1607 4686">
    <p class='ocr_par' dir='ltr' id='par_1_79' title="bbox 120 4612 1607 4686">
     <span class='ocr_line' id='line_1_79' title="bbox 120 4612 1607 4686; baseline -0.003 -17"><span class='ocrx_word' id='word_1_580' title='bbox 120 4615 300 4675; x_wconf 78' lang='lat' dir='ltr'><strong>LXIII.</strong></span> <span class='ocrx_word' id='word_1_581' title='bbox 345 4617 480 4670; x_wconf 68' lang='lat' dir='ltr'><strong>Ilaec</strong></span> <span class='ocrx_word' id='word_1_582' title='bbox 526 4616 691 4686; x_wconf 81' lang='lat' dir='ltr'><strong>igitur</strong></span> <span class='ocrx_word' id='word_1_583' title='bbox 727 4620 780 4665; x_wconf 90' lang='lat' dir='ltr'><strong>et</strong></span> <span class='ocrx_word' id='word_1_584' title='bbox 811 4614 913 4667; x_wconf 88' lang='lat' dir='ltr'><strong>alia</strong></span> <span class='ocrx_word' id='word_1_585' title='bbox 942 4612 1247 4681; x_wconf 76' lang='lat' dir='ltr'><strong>huiusmodi</strong></span> <span class='ocrx_word' id='word_1_586' title='bbox 1279 4628 1607 4683; x_wconf 86' lang='lat' dir='ltr'><strong>prosequen-</strong></span> 
     </span>
    </p>
   </div>
   <div class='ocr_carea' id='block_1_80' title="bbox 60 4703 1606 4776">
    <p class='ocr_par' dir='ltr' id='par_1_80' title="bbox 60 4703 1606 4776">
     <span class='ocr_line' id='line_1_80' title="bbox 60 4703 1606 4776; baseline -0.001 -17"><span class='ocrx_word' id='word_1_587' title='bbox 60 4715 153 4772; x_wconf 82' lang='lat' dir='ltr'><strong>tes,</strong></span> <span class='ocrx_word' id='word_1_588' title='bbox 183 4715 603 4776; x_wconf 89' lang='lat' dir='ltr'><strong>consequenter</strong></span> <span class='ocrx_word' id='word_1_589' title='bbox 644 4706 923 4776; x_wconf 90' lang='lat' dir='ltr'><strong>protestati</strong></span> <span class='ocrx_word' id='word_1_590' title='bbox 963 4719 1152 4758; x_wconf 89' lang='lat' dir='ltr'><strong>sumus</strong></span> <span class='ocrx_word' id='word_1_591' title='bbox 1202 4718 1264 4755; x_wconf 91' lang='lat' dir='ltr'><strong>ac</strong></span> <span class='ocrx_word' id='word_1_592' title='bbox 1321 4703 1606 4757; x_wconf 87' lang='lat' dir='ltr'><strong>docuimus</strong></span> 
     </span>
    </p>
   </div>
   <div class='ocr_carea' id='block_1_81' title="bbox 57 4791 1606 4867">
    <p class='ocr_par' dir='ltr' id='par_1_81' title="bbox 57 4791 1606 4867">
     <span class='ocr_line' id='line_1_81' title="bbox 57 4791 1606 4867; baseline 0.001 -21"><span class='ocrx_word' id='word_1_593' title='bbox 57 4810 147 4847; x_wconf 85' lang='lat' dir='ltr'><strong>nos</strong></span> <span class='ocrx_word' id='word_1_594' title='bbox 176 4796 426 4864; x_wconf 89' lang='lat' dir='ltr'><strong>imperiti</strong></span> <span class='ocrx_word' id='word_1_595' title='bbox 484 4802 537 4849; x_wconf 89' lang='lat' dir='ltr'><strong>et</strong></span> <span class='ocrx_word' id='word_1_596' title='bbox 586 4797 902 4864; x_wconf 88' lang='lat' dir='ltr'><strong>piscatores,</strong></span> <span class='ocrx_word' id='word_1_597' title='bbox 936 4791 1245 4849; x_wconf 89' lang='lat' dir='ltr'><strong>sacerdotes</strong></span> <span class='ocrx_word' id='word_1_598' title='bbox 1284 4791 1501 4859; x_wconf 89' lang='lat' dir='ltr'><strong>quidem</strong></span> <span class='ocrx_word' id='word_1_599' title='bbox 1538 4792 1606 4867; x_wconf 81' lang='lat' dir='ltr'><strong>de</strong></span> 
     </span>
    </p>
   </div>
   <div class='ocr_carea' id='block_1_82' title="bbox 56 4881 1606 4948">
    <p class='ocr_par' dir='ltr' id='par_1_82' title="bbox 56 4881 1606 4948">
     <span class='ocr_line' id='line_1_82' title="bbox 56 4881 1606 4948; baseline 0.001 -13"><span class='ocrx_word' id='word_1_600' title='bbox 56 4899 153 4938; x_wconf 91' lang='lat' dir='ltr'><strong>uno</strong></span> <span class='ocrx_word' id='word_1_601' title='bbox 198 4888 323 4939; x_wconf 90' lang='lat' dir='ltr'><strong>solo</strong></span> <span class='ocrx_word' id='word_1_602' title='bbox 378 4884 499 4937; x_wconf 87' lang='lat' dir='ltr'><strong>Deo</strong></span> <span class='ocrx_word' id='word_1_603' title='bbox 540 4887 682 4948; x_wconf 72' lang='lat' dir='ltr'><strong>emli,</strong></span> <span class='ocrx_word' id='word_1_604' title='bbox 728 4884 1049 4939; x_wconf 62' lang='lat' dir='ltr'><strong>Sadducaaos</strong></span> <span class='ocrx_word' id='word_1_605' title='bbox 1093 4881 1163 4935; x_wconf 86' lang='lat' dir='ltr'><strong>de</strong></span> <span class='ocrx_word' id='word_1_606' title='bbox 1212 4883 1606 4937; x_wconf 86' lang='lat' dir='ltr'><strong>resurrectione</strong></span> 
     </span>
    </p>
   </div>
   <div class='ocr_carea' id='block_1_83' title="bbox 1714 3083 3244 3157">
    <p class='ocr_par' dir='ltr' id='par_1_83' title="bbox 1714 3083 3244 3157">
     <span class='ocr_line' id='line_1_83' title="bbox 1714 3083 3244 3157; baseline -0.003 -15"><span class='ocrx_word' id='word_1_607' title='bbox 1714 3086 1825 3143; x_wconf 84' lang='lat' dir='ltr'><strong>Nos</strong></span> <span class='ocrx_word' id='word_1_608' title='bbox 1852 3102 1978 3157; x_wconf 83' lang='lat' dir='ltr'><strong>ergo</strong></span> <span class='ocrx_word' id='word_1_609' title='bbox 1993 3093 2354 3155; x_wconf 84' lang='lat' dir='ltr'><strong>protestamur</strong></span> <span class='ocrx_word' id='word_1_610' title='bbox 2375 3083 2548 3144; x_wconf 87' lang='lat' dir='ltr'><strong>vobis,</strong></span> <span class='ocrx_word' id='word_1_611' title='bbox 2570 3091 2623 3137; x_wconf 90' lang='lat' dir='ltr'><strong>et</strong></span> <span class='ocrx_word' id='word_1_612' title='bbox 2641 3084 2784 3153; x_wconf 88' lang='lat' dir='ltr'><strong>quod</strong></span> <span class='ocrx_word' id='word_1_613' title='bbox 2809 3100 3244 3155; x_wconf 83' lang='lat' dir='ltr'><strong>unumquemque</strong></span> 
     </span>
    </p>
   </div>
   <div class='ocr_carea' id='block_1_84' title="bbox 1711 3173 3241 3241">
    <p class='ocr_par' dir='ltr' id='par_1_84' title="bbox 1711 3173 3241 3241">
     <span class='ocr_line' id='line_1_84' title="bbox 1711 3173 3241 3241; baseline -0.002 -8"><span class='ocrx_word' id='word_1_614' title='bbox 1711 3185 1951 3233; x_wconf 82' lang='lat' dir='ltr'><strong>vestrum</strong></span> <span class='ocrx_word' id='word_1_615' title='bbox 1980 3178 2132 3231; x_wconf 88' lang='lat' dir='ltr'><strong>latuit</strong></span> <span class='ocrx_word' id='word_1_616' title='bbox 2154 3177 2486 3230; x_wconf 86' lang='lat' dir='ltr'><strong>nuntiamus.</strong></span> <span class='ocrx_word' id='word_1_617' title='bbox 2512 3173 2764 3229; x_wconf 84' lang='lat' dir='ltr'><strong>Vestrum</strong></span> <span class='ocrx_word' id='word_1_618' title='bbox 2808 3182 2892 3229; x_wconf 90' lang='lat' dir='ltr'><strong>est</strong></span> <span class='ocrx_word' id='word_1_619' title='bbox 2918 3173 3241 3241; x_wconf 88' lang='lat' dir='ltr'><strong>deliberare,</strong></span> 
     </span>
    </p>
   </div>
   <div class='ocr_carea' id='block_1_85' title="bbox 1712 3266 3247 3345">
    <p class='ocr_par' dir='ltr' id='par_1_85' title="bbox 1712 3266 3247 3345">
     <span class='ocr_line' id='line_1_85' title="bbox 1712 3266 3247 3345; baseline -0.005 -22"><span class='ocrx_word' id='word_1_620' title='bbox 1712 3268 1842 3339; x_wconf 87' lang='lat' dir='ltr'><strong>quid</strong></span> <span class='ocrx_word' id='word_1_621' title='bbox 1869 3267 2116 3345; x_wconf 78' lang='lat' dir='ltr'><strong>expediat</strong></span> <span class='ocrx_word' id='word_1_622' title='bbox 2142 3266 2311 3321; x_wconf 89' lang='lat' dir='ltr'><strong>vobis.</strong></span> <span class='ocrx_word' id='word_1_623' title='bbox 3236 3266 3247 3301; x_wconf 60' lang='grc' dir='ltr'><strong>η’</strong></span> 
     </span>
    </p>
   </div>
   <div class='ocr_carea' id='block_1_86' title="bbox 1781 3352 3244 3421">
    <p class='ocr_par' dir='ltr' id='par_1_86' title="bbox 1781 3352 3244 3421">
     <span class='ocr_line' id='line_1_86' title="bbox 1781 3352 3244 3421; baseline -0.002 -11"><span class='ocrx_word' id='word_1_624' title='bbox 1781 3356 1939 3411; x_wconf 79' lang='lat' dir='ltr'><strong>LXV.</strong></span> <span class='ocrx_word' id='word_1_625' title='bbox 1981 3354 2075 3410; x_wconf 85' lang='lat' dir='ltr'><strong>His</strong></span> <span class='ocrx_word' id='word_1_626' title='bbox 2102 3370 2132 3412; x_wconf 84' lang='lat' dir='ltr'><strong>a</strong></span> <span class='ocrx_word' id='word_1_627' title='bbox 2155 3370 2240 3409; x_wconf 91' lang='lat' dir='ltr'><strong>me</strong></span> <span class='ocrx_word' id='word_1_628' title='bbox 2266 3353 2447 3416; x_wconf 89' lang='lat' dir='ltr'><strong>dictis,</strong></span> <span class='ocrx_word' id='word_1_629' title='bbox 2470 3352 2731 3421; x_wconf 90' lang='lat' dir='ltr'><strong>ingemuit</strong></span> <span class='ocrx_word' id='word_1_630' title='bbox 2756 3352 2930 3406; x_wconf 89' lang='lat' dir='ltr'><strong>omnis</strong></span> <span class='ocrx_word' id='word_1_631' title='bbox 2957 3352 3244 3407; x_wconf 91' lang='lat' dir='ltr'><strong>multitudo</strong></span> 
     </span>
    </p>
   </div>
   <div class='ocr_carea' id='block_1_87' title="bbox 1712 3440 3241 3515">
    <p class='ocr_par' dir='ltr' id='par_1_87' title="bbox 1712 3440 3241 3515">
     <span class='ocr_line' id='line_1_87' title="bbox 1712 3440 3241 3515; baseline -0.012 -12"><span class='ocrx_word' id='word_1_632' title='bbox 1712 3448 2073 3510; x_wconf 87' lang='lat' dir='ltr'><strong>sacerdotum,</strong></span> <span class='ocrx_word' id='word_1_633' title='bbox 2120 3444 2263 3515; x_wconf 85' lang='lat' dir='ltr'><strong>quod</strong></span> <span class='ocrx_word' id='word_1_634' title='bbox 2300 3445 2379 3500; x_wconf 90' lang='lat' dir='ltr'><strong>eis</strong></span> <span class='ocrx_word' id='word_1_635' title='bbox 2416 3443 2484 3497; x_wconf 91' lang='lat' dir='ltr'><strong>de</strong></span> <span class='ocrx_word' id='word_1_636' title='bbox 2516 3442 2702 3511; x_wconf 90' lang='lat' dir='ltr'><strong>templi</strong></span> <span class='ocrx_word' id='word_1_637' title='bbox 2729 3440 3079 3499; x_wconf 85' lang='lat' dir='ltr'><strong>subversione</strong></span> <span class='ocrx_word' id='word_1_638' title='bbox 3101 3458 3241 3511; x_wconf 67' lang='lat' dir='ltr'><strong>pm-</strong></span> 
     </span>
    </p>
   </div>
   <div class='ocr_carea' id='block_1_88' title="bbox 1712 3530 3243 3602">
    <p class='ocr_par' dir='ltr' id='par_1_88' title="bbox 1712 3530 3243 3602">
     <span class='ocr_line' id='line_1_88' title="bbox 1712 3530 3243 3602; baseline -0.005 -9"><span class='ocrx_word' id='word_1_639' title='bbox 1712 3539 1960 3594; x_wconf 90' lang='lat' dir='ltr'><strong>dixerim.</strong></span> <span class='ocrx_word' id='word_1_640' title='bbox 1992 3537 2145 3602; x_wconf 86' lang='lat' dir='ltr'><strong>Quod</strong></span> <span class='ocrx_word' id='word_1_641' title='bbox 2175 3550 2298 3588; x_wconf 91' lang='lat' dir='ltr'><strong>cum</strong></span> <span class='ocrx_word' id='word_1_642' title='bbox 2333 3534 2560 3587; x_wconf 88' lang='lat' dir='ltr'><strong>vidisset</strong></span> <span class='ocrx_word' id='word_1_643' title='bbox 2582 3530 2838 3585; x_wconf 86' lang='lat' dir='ltr'><strong>Gamaliel</strong></span> <span class='ocrx_word' id='word_1_644' title='bbox 2868 3531 3119 3601; x_wconf 86' lang='lat' dir='ltr'><strong>princeps</strong></span> <span class='ocrx_word' id='word_1_645' title='bbox 3147 3548 3243 3601; x_wconf 83' lang='lat' dir='ltr'><strong>po-</strong></span> 
     </span>
    </p>
   </div>
   <div class='ocr_carea' id='block_1_89' title="bbox 1712 3619 3241 3699">
    <p class='ocr_par' dir='ltr' id='par_1_89' title="bbox 1712 3619 3241 3699">
     <span class='ocr_line' id='line_1_89' title="bbox 1712 3619 3241 3699; baseline -0.007 -15"><span class='ocrx_word' id='word_1_646' title='bbox 1712 3628 1827 3699; x_wconf 88' lang='lat' dir='ltr'><strong>puli</strong></span> <span class='ocrx_word' id='word_1_647' title='bbox 1878 3626 1991 3697; x_wconf 90' lang='lat' dir='ltr'><strong>(qui</strong></span> <span class='ocrx_word' id='word_1_648' title='bbox 2029 3626 2257 3679; x_wconf 87' lang='lat' dir='ltr'><strong>latenter</strong></span> <span class='ocrx_word' id='word_1_649' title='bbox 2308 3622 2470 3676; x_wconf 81' lang='lat' dir='ltr'><strong>frater</strong></span> <span class='ocrx_word' id='word_1_650' title='bbox 2522 3630 2707 3674; x_wconf 90' lang='lat' dir='ltr'><strong>noster</strong></span> <span class='ocrx_word' id='word_1_651' title='bbox 2731 3627 2847 3674; x_wconf 88' lang='lat' dir='ltr'><strong>erat</strong></span> <span class='ocrx_word' id='word_1_652' title='bbox 2892 3619 2947 3672; x_wconf 92' lang='lat' dir='ltr'><strong>in</strong></span> <span class='ocrx_word' id='word_1_653' title='bbox 2996 3620 3117 3688; x_wconf 84' lang='lat' dir='ltr'><strong>ﬁde,</strong></span> <span class='ocrx_word' id='word_1_654' title='bbox 3147 3621 3241 3674; x_wconf 84' lang='lat' dir='ltr'><strong>sed</strong></span> 
     </span>
    </p>
   </div>
   <div class='ocr_carea' id='block_1_90' title="bbox 1711 3708 3243 3784">
    <p class='ocr_par' dir='ltr' id='par_1_90' title="bbox 1711 3708 3243 3784">
     <span class='ocr_line' id='line_1_90' title="bbox 1711 3708 3243 3784; baseline -0.004 -13"><span class='ocrx_word' id='word_1_655' title='bbox 1711 3717 1936 3771; x_wconf 87' lang='lat' dir='ltr'><strong>consilio</strong></span> <span class='ocrx_word' id='word_1_656' title='bbox 1962 3721 2150 3769; x_wconf 88' lang='lat' dir='ltr'><strong>nostro</strong></span> <span class='ocrx_word' id='word_1_657' title='bbox 2170 3713 2307 3771; x_wconf 88' lang='lat' dir='ltr'><strong>inter</strong></span> <span class='ocrx_word' id='word_1_658' title='bbox 2334 3725 2428 3767; x_wconf 90' lang='lat' dir='ltr'><strong>eos</strong></span> <span class='ocrx_word' id='word_1_659' title='bbox 2453 3718 2568 3765; x_wconf 82' lang='lat' dir='ltr'><strong>erat</strong></span> <span class='ocrx_word' id='word_1_660' title='bbox 2597 3708 2709 3784; x_wconf 82' lang='lat'><strong>[50]</strong></span> <span class='ocrx_word' id='word_1_661' title='bbox 2733 3710 2776 3779; x_wconf 93' lang='lat'><strong>),</strong></span> <span class='ocrx_word' id='word_1_662' title='bbox 2803 3710 2928 3781; x_wconf 88' lang='lat' dir='ltr'><strong>quia</strong></span> <span class='ocrx_word' id='word_1_663' title='bbox 2956 3711 3109 3765; x_wconf 85' lang='lat' dir='ltr'><strong>valde</strong></span> <span class='ocrx_word' id='word_1_664' title='bbox 3134 3711 3243 3765; x_wconf 84' lang='lat' dir='ltr'><strong>fre-</strong></span> 
     </span>
    </p>
   </div>
   <div class='ocr_carea' id='block_1_91' title="bbox 1709 3798 3235 3873">
    <p class='ocr_par' dir='ltr' id='par_1_91' title="bbox 1709 3798 3235 3873">
     <span class='ocr_line' id='line_1_91' title="bbox 1709 3798 3235 3873; baseline -0.005 -12"><span class='ocrx_word' id='word_1_665' title='bbox 1709 3812 1918 3861; x_wconf 79' lang='lat' dir='ltr'><strong>merent</strong></span> <span class='ocrx_word' id='word_1_666' title='bbox 1944 3811 1997 3859; x_wconf 87' lang='lat' dir='ltr'><strong>et</strong></span> <span class='ocrx_word' id='word_1_667' title='bbox 2022 3803 2221 3873; x_wconf 86' lang='lat' dir='ltr'><strong>ingenti</strong></span> <span class='ocrx_word' id='word_1_668' title='bbox 2240 3801 2524 3861; x_wconf 84' lang='lat' dir='ltr'><strong>adversum</strong></span> <span class='ocrx_word' id='word_1_669' title='bbox 2546 3813 2648 3861; x_wconf 84' lang='lat' dir='ltr'><strong>nos</strong></span> <span class='ocrx_word' id='word_1_670' title='bbox 2669 3798 2849 3853; x_wconf 78' lang='lat' dir='ltr'><strong>furore</strong></span> <span class='ocrx_word' id='word_1_671' title='bbox 2868 3808 3235 3862; x_wconf 83' lang='lat' dir='ltr'><strong>moverentur,</strong></span> 
     </span>
    </p>
   </div>
   <div class='ocr_carea' id='block_1_92' title="bbox 1711 3886 3237 3966">
    <p class='ocr_par' dir='ltr' id='par_1_92' title="bbox 1711 3886 3237 3966">
     <span class='ocr_line' id='line_1_92' title="bbox 1711 3886 3237 3966; baseline -0.007 -14"><span class='ocrx_word' id='word_1_672' title='bbox 1711 3909 1998 3966; x_wconf 78' lang='lat' dir='ltr'><strong>assurgens</strong></span> <span class='ocrx_word' id='word_1_673' title='bbox 2023 3894 2099 3946; x_wconf 89' lang='lat' dir='ltr'><strong>ait</strong></span> <span class='ocrx_word' id='word_1_674' title='bbox 2122 3892 2164 3925; x_wconf 82' lang='lat'><em>“</em></span> <span class='ocrx_word' id='word_1_675' title='bbox 2192 3911 2205 3946; x_wconf 90' lang='lat'><strong>:</strong></span> <span class='ocrx_word' id='word_1_676' title='bbox 2236 3890 2507 3956; x_wconf 86' lang='lat' dir='ltr'><strong>Quiescito</strong></span> <span class='ocrx_word' id='word_1_677' title='bbox 2537 3889 2829 3961; x_wconf 88' lang='lat' dir='ltr'><strong>paulisper,</strong></span> <span class='ocrx_word' id='word_1_678' title='bbox 2858 3902 2893 3941; x_wconf 90' lang='grc' dir='ltr'>ο</span> <span class='ocrx_word' id='word_1_679' title='bbox 2933 3888 3036 3941; x_wconf 89' lang='lat' dir='ltr'><strong>viri</strong></span> <span class='ocrx_word' id='word_1_680' title='bbox 3062 3886 3237 3943; x_wconf 79' lang='lat' dir='ltr'><strong>Israe-</strong></span> 
     </span>
    </p>
   </div>
   <div class='ocr_carea' id='block_1_93' title="bbox 1711 3978 3240 4047">
    <p class='ocr_par' dir='ltr' id='par_1_93' title="bbox 1711 3978 3240 4047">
     <span class='ocr_line' id='line_1_93' title="bbox 1711 3978 3240 4047; baseline -0.005 -8"><span class='ocrx_word' id='word_1_681' title='bbox 1711 3986 1838 4047; x_wconf 85' lang='lat' dir='ltr'><strong>lit:e,</strong></span> <span class='ocrx_word' id='word_1_682' title='bbox 1869 3999 1976 4038; x_wconf 88' lang='lat' dir='ltr'><strong>non</strong></span> <span class='ocrx_word' id='word_1_683' title='bbox 2003 3982 2143 4036; x_wconf 90' lang='lat' dir='ltr'><strong>enim</strong></span> <span class='ocrx_word' id='word_1_684' title='bbox 2175 3978 2454 4036; x_wconf 90' lang='lat' dir='ltr'><strong>advertitis</strong></span> <span class='ocrx_word' id='word_1_685' title='bbox 2500 3978 2849 4041; x_wconf 81' lang='lat' dir='ltr'><strong>tentationom</strong></span> <span class='ocrx_word' id='word_1_686' title='bbox 2886 3991 3006 4047; x_wconf 62' lang='lat' dir='ltr'><strong>quae</strong></span> <span class='ocrx_word' id='word_1_687' title='bbox 3060 3978 3240 4039; x_wconf 86' lang='lat' dir='ltr'><strong>immi-</strong></span> 
     </span>
    </p>
   </div>
   <div class='ocr_carea' id='block_1_94' title="bbox 1710 4066 3235 4141">
    <p class='ocr_par' dir='ltr' id='par_1_94' title="bbox 1710 4066 3235 4141">
     <span class='ocr_line' id='line_1_94' title="bbox 1710 4066 3235 4141; baseline -0.007 -10"><span class='ocrx_word' id='word_1_688' title='bbox 1710 4083 1803 4131; x_wconf 83' lang='lat' dir='ltr'><strong>net</strong></span> <span class='ocrx_word' id='word_1_689' title='bbox 1821 4074 1993 4136; x_wconf 83' lang='lat' dir='ltr'><strong>vobis,</strong></span> <span class='ocrx_word' id='word_1_690' title='bbox 2026 4078 2243 4141; x_wconf 84' lang='lat' dir='ltr'><strong>propter</strong></span> <span class='ocrx_word' id='word_1_691' title='bbox 2256 4069 2399 4139; x_wconf 89' lang='lat' dir='ltr'><strong>quod</strong></span> <span class='ocrx_word' id='word_1_692' title='bbox 2419 4068 2649 4123; x_wconf 90' lang='lat' dir='ltr'><strong>desinite</strong></span> <span class='ocrx_word' id='word_1_693' title='bbox 2675 4067 2743 4122; x_wconf 93' lang='lat' dir='ltr'><strong>ab</strong></span> <span class='ocrx_word' id='word_1_694' title='bbox 2768 4066 3074 4128; x_wconf 82' lang='lat' dir='ltr'><strong>hominibus</strong></span> <span class='ocrx_word' id='word_1_695' title='bbox 3094 4066 3235 4130; x_wconf 89' lang='lat' dir='ltr'><strong>istis,</strong></span> 
     </span>
    </p>
   </div>
   <div class='ocr_carea' id='block_1_95' title="bbox 1709 4155 3235 4233">
    <p class='ocr_par' dir='ltr' id='par_1_95' title="bbox 1709 4155 3235 4233">
     <span class='ocr_line' id='line_1_95' title="bbox 1709 4155 3235 4233; baseline -0.007 -13"><span class='ocrx_word' id='word_1_696' title='bbox 1709 4172 1762 4221; x_wconf 91' lang='lat' dir='ltr'><strong>et</strong></span> <span class='ocrx_word' id='word_1_697' title='bbox 1791 4164 1835 4219; x_wconf 88' lang='lat' dir='ltr'><strong>si</strong></span> <span class='ocrx_word' id='word_1_698' title='bbox 1856 4163 2070 4233; x_wconf 88' lang='lat' dir='ltr'><strong>quidem</strong></span> <span class='ocrx_word' id='word_1_699' title='bbox 2100 4160 2317 4214; x_wconf 88' lang='lat' dir='ltr'><strong>humani</strong></span> <span class='ocrx_word' id='word_1_700' title='bbox 2361 4158 2571 4213; x_wconf 90' lang='lat' dir='ltr'><strong>consilii</strong></span> <span class='ocrx_word' id='word_1_701' title='bbox 2604 4167 2686 4213; x_wconf 87' lang='lat' dir='ltr'><strong>est</strong></span> <span class='ocrx_word' id='word_1_702' title='bbox 2722 4155 2864 4225; x_wconf 90' lang='lat' dir='ltr'><strong>quod</strong></span> <span class='ocrx_word' id='word_1_703' title='bbox 2901 4164 3084 4225; x_wconf 90' lang='lat' dir='ltr'><strong>agunt,</strong></span> <span class='ocrx_word' id='word_1_704' title='bbox 3124 4156 3235 4212; x_wconf 89' lang='lat' dir='ltr'><strong>cito</strong></span> 
     </span>
    </p>
   </div>
   <div class='ocr_carea' id='block_1_96' title="bbox 1710 4249 3237 4316">
    <p class='ocr_par' dir='ltr' id='par_1_96' title="bbox 1710 4249 3237 4316">
     <span class='ocr_line' id='line_1_96' title="bbox 1710 4249 3237 4316; baseline -0.007 -6"><span class='ocrx_word' id='word_1_705' title='bbox 1710 4253 1963 4316; x_wconf 80' lang='lat' dir='ltr'><strong>cessabit,</strong></span> <span class='ocrx_word' id='word_1_706' title='bbox 1993 4251 2040 4306; x_wconf 91' lang='lat' dir='ltr'><strong>si</strong></span> <span class='ocrx_word' id='word_1_707' title='bbox 2066 4258 2244 4305; x_wconf 87' lang='lat' dir='ltr'><strong>autem</strong></span> <span class='ocrx_word' id='word_1_708' title='bbox 2273 4264 2303 4303; x_wconf 89' lang='lat' dir='ltr'><strong>a</strong></span> <span class='ocrx_word' id='word_1_709' title='bbox 2332 4249 2441 4304; x_wconf 92' lang='lat' dir='ltr'><strong>Deo</strong></span> <span class='ocrx_word' id='word_1_710' title='bbox 2461 4255 2565 4311; x_wconf 88' lang='lat' dir='ltr'><strong>est,</strong></span> <span class='ocrx_word' id='word_1_711' title='bbox 2595 4264 2693 4302; x_wconf 90' lang='lat' dir='ltr'><strong>cur</strong></span> <span class='ocrx_word' id='word_1_712' title='bbox 2725 4249 2840 4303; x_wconf 87' lang='lat' dir='ltr'><strong>sine</strong></span> <span class='ocrx_word' id='word_1_713' title='bbox 2856 4262 3017 4301; x_wconf 78' lang='lat' dir='ltr'><strong>causa</strong></span> <span class='ocrx_word' id='word_1_714' title='bbox 3046 4262 3237 4316; x_wconf 78' lang='lat' dir='ltr'><strong>pecea-</strong></span> 
     </span>
    </p>
   </div>
   <div class='ocr_carea' id='block_1_97' title="bbox 1639 4330 3231 4414">
    <p class='ocr_par' dir='ltr' id='par_1_97' title="bbox 1639 4330 3231 4414">
     <span class='ocr_line' id='line_1_97' title="bbox 1639 4330 3231 4414; baseline -0.007 -16"><span class='ocrx_word' id='word_1_715' title='bbox 1639 4330 1682 4383; x_wconf 80' lang='grc' dir='ltr'><strong>Ῐ)</strong></span> <span class='ocrx_word' id='word_1_716' title='bbox 1706 4345 1781 4399; x_wconf 90' lang='lat' dir='ltr'><strong>tis</strong></span> <span class='ocrx_word' id='word_1_717' title='bbox 1833 4357 1933 4396; x_wconf 86' lang='lat' dir='ltr'><strong>nec</strong></span> <span class='ocrx_word' id='word_1_718' title='bbox 1972 4341 2236 4414; x_wconf 82' lang='lat' dir='ltr'><strong>proiicitis</strong></span> <span class='ocrx_word' id='word_1_719' title='bbox 2274 4339 2602 4410; x_wconf 75' lang='lat' dir='ltr'><strong>quidquam?</strong></span> <span class='ocrx_word' id='word_1_720' title='bbox 2622 4338 2715 4392; x_wconf 88' lang='lat' dir='ltr'><strong>Dei</strong></span> <span class='ocrx_word' id='word_1_721' title='bbox 2734 4338 2876 4392; x_wconf 89' lang='lat' dir='ltr'><strong>enim</strong></span> <span class='ocrx_word' id='word_1_722' title='bbox 2902 4337 3231 4397; x_wconf 86' lang='lat' dir='ltr'><strong>voluntatem</strong></span> 
     </span>
    </p>
   </div>
   <div class='ocr_carea' id='block_1_98' title="bbox 1714 4423 3232 4504">
    <p class='ocr_par' dir='ltr' id='par_1_98' title="bbox 1714 4423 3232 4504">
     <span class='ocr_line' id='line_1_98' title="bbox 1714 4423 3232 4504; baseline -0.007 -17"><span class='ocrx_word' id='word_1_723' title='bbox 1714 4436 1835 4504; x_wconf 92' lang='lat' dir='ltr'><strong>quis</strong></span> <span class='ocrx_word' id='word_1_724' title='bbox 1860 4439 2040 4500; x_wconf 83' lang='lat' dir='ltr'><strong>potest</strong></span> <span class='ocrx_word' id='word_1_725' title='bbox 2074 4431 2365 4498; x_wconf 82' lang='lat' dir='ltr'><strong>superare?</strong></span> <span class='ocrx_word' id='word_1_726' title='bbox 2381 4427 2535 4483; x_wconf 83' lang='lat' dir='ltr'><strong>Nunc</strong></span> <span class='ocrx_word' id='word_1_727' title='bbox 2557 4442 2708 4497; x_wconf 87' lang='lat' dir='ltr'><strong>ergo,</strong></span> <span class='ocrx_word' id='word_1_728' title='bbox 2738 4423 2992 4494; x_wconf 89' lang='lat' dir='ltr'><strong>quoniam</strong></span> <span class='ocrx_word' id='word_1_729' title='bbox 3013 4423 3232 4493; x_wconf 80' lang='lat' dir='ltr'><strong>quidem</strong></span> 
     </span>
    </p>
   </div>
   <div class='ocr_carea' id='block_1_99' title="bbox 1709 4514 3237 4592">
    <p class='ocr_par' dir='ltr' id='par_1_99' title="bbox 1709 4514 3237 4592">
     <span class='ocr_line' id='line_1_99' title="bbox 1709 4514 3237 4592; baseline -0.007 -14"><span class='ocrx_word' id='word_1_730' title='bbox 1709 4526 1762 4578; x_wconf 86' lang='lat' dir='ltr'><strong>In</strong></span> <span class='ocrx_word' id='word_1_731' title='bbox 1794 4534 2069 4592; x_wconf 85' lang='lat' dir='ltr'><strong>vesperam</strong></span> <span class='ocrx_word' id='word_1_732' title='bbox 2092 4519 2333 4588; x_wconf 87' lang='lat' dir='ltr'><strong>vergitur</strong></span> <span class='ocrx_word' id='word_1_733' title='bbox 2359 4516 2495 4579; x_wconf 91' lang='lat' dir='ltr'><strong>dies,</strong></span> <span class='ocrx_word' id='word_1_734' title='bbox 2513 4515 2749 4569; x_wconf 88' lang='lat' dir='ltr'><strong>crastino</strong></span> <span class='ocrx_word' id='word_1_735' title='bbox 2765 4517 2865 4569; x_wconf 86' lang='lat' dir='ltr'><strong>hoc</strong></span> <span class='ocrx_word' id='word_1_736' title='bbox 2894 4515 3011 4584; x_wconf 91' lang='lat' dir='ltr'><strong>ipso</strong></span> <span class='ocrx_word' id='word_1_737' title='bbox 3030 4515 3085 4568; x_wconf 90' lang='lat' dir='ltr'><strong>in</strong></span> <span class='ocrx_word' id='word_1_738' title='bbox 3112 4514 3237 4581; x_wconf 76' lang='lat' dir='ltr'><strong>loco</strong></span> 
     </span>
    </p>
   </div>
   <div class='ocr_carea' id='block_1_100' title="bbox 1709 4603 3233 4677">
    <p class='ocr_par' dir='ltr' id='par_1_100' title="bbox 1709 4603 3233 4677">
     <span class='ocr_line' id='line_1_100' title="bbox 1709 4603 3233 4677; baseline -0.009 -9"><span class='ocrx_word' id='word_1_739' title='bbox 1709 4613 2052 4668; x_wconf 80' lang='lat' dir='ltr'><strong>audientibus</strong></span> <span class='ocrx_word' id='word_1_740' title='bbox 2076 4610 2251 4672; x_wconf 90' lang='lat' dir='ltr'><strong>vobis,</strong></span> <span class='ocrx_word' id='word_1_741' title='bbox 2283 4622 2381 4677; x_wconf 85' lang='lat' dir='ltr'><strong>ego</strong></span> <span class='ocrx_word' id='word_1_742' title='bbox 2404 4606 2519 4676; x_wconf 90' lang='lat' dir='ltr'><strong>ipse</strong></span> <span class='ocrx_word' id='word_1_743' title='bbox 2540 4621 2662 4659; x_wconf 92' lang='lat' dir='ltr'><strong>cum</strong></span> <span class='ocrx_word' id='word_1_744' title='bbox 2693 4604 2813 4659; x_wconf 92' lang='lat' dir='ltr'><strong>istis</strong></span> <span class='ocrx_word' id='word_1_745' title='bbox 2841 4603 3143 4672; x_wconf 85' lang='lat' dir='ltr'><strong>disputabo,</strong></span> <span class='ocrx_word' id='word_1_746' title='bbox 3173 4608 3233 4666; x_wconf 75' lang='lat' dir='ltr'><strong>ut</strong></span> 
     </span>
    </p>
   </div>
   <div class='ocr_carea' id='block_1_101' title="bbox 1709 4691 3337 4768">
    <p class='ocr_par' dir='ltr' id='par_1_101' title="bbox 1709 4691 3337 4768">
     <span class='ocr_line' id='line_1_101' title="bbox 1709 4691 3337 4768; baseline -0.006 -11"><span class='ocrx_word' id='word_1_747' title='bbox 1709 4716 1920 4759; x_wconf 91' lang='lat' dir='ltr'><strong>omnem</strong></span> <span class='ocrx_word' id='word_1_748' title='bbox 1956 4715 2191 4755; x_wconf 90' lang='lat' dir='ltr'><strong>errorem</strong></span> <span class='ocrx_word' id='word_1_749' title='bbox 2214 4699 2386 4768; x_wconf 90' lang='lat' dir='ltr'><strong>palam</strong></span> <span class='ocrx_word' id='word_1_750' title='bbox 2418 4710 2661 4765; x_wconf 88' lang='lat' dir='ltr'><strong>arguam,</strong></span> <span class='ocrx_word' id='word_1_751' title='bbox 2686 4693 3020 4761; x_wconf 89' lang='lat' dir='ltr'><strong>dilucideque</strong></span> <span class='ocrx_word' id='word_1_752' title='bbox 3043 4691 3232 4748; x_wconf 53' lang='lat' dir='ltr'><strong>coniux</strong></span> <span class='ocrx_word' id='word_1_753' title='bbox 3327 4743 3337 4751; x_wconf 83' lang='lat'><strong>,</strong></span> 
     </span>
    </p>
   </div>
   <div class='ocr_carea' id='block_1_102' title="bbox 1704 4781 3235 4855">
    <p class='ocr_par' dir='ltr' id='par_1_102' title="bbox 1704 4781 3235 4855">
     <span class='ocr_line' id='line_1_102' title="bbox 1704 4781 3235 4855; baseline -0.01 -9"><span class='ocrx_word' id='word_1_754' title='bbox 1704 4801 1832 4847; x_wconf 91' lang='lat' dir='ltr'><strong>tem.</strong></span> <span class='ocrx_word' id='word_1_755' title='bbox 1863 4789 1929 4843; x_wconf 92' lang='lat' dir='ltr'><strong>Et</strong></span> <span class='ocrx_word' id='word_1_756' title='bbox 1951 4789 2036 4843; x_wconf 91' lang='lat' dir='ltr'><strong>his</strong></span> <span class='ocrx_word' id='word_1_757' title='bbox 2066 4788 2226 4842; x_wconf 89' lang='lat' dir='ltr'><strong>dictis</strong></span> <span class='ocrx_word' id='word_1_758' title='bbox 2258 4800 2540 4855; x_wconf 91' lang='lat' dir='ltr'><strong>repressus</strong></span> <span class='ocrx_word' id='word_1_759' title='bbox 2572 4792 2656 4838; x_wconf 90' lang='lat' dir='ltr'><strong>est</strong></span> <span class='ocrx_word' id='word_1_760' title='bbox 2682 4798 2865 4838; x_wconf 89' lang='lat' dir='ltr'><strong>eorum</strong></span> <span class='ocrx_word' id='word_1_761' title='bbox 2892 4781 3235 4849; x_wconf 73' lang='lat' dir='ltr'><strong>aliquatenus</strong></span> 
     </span>
    </p>
   </div>
   <div class='ocr_carea' id='block_1_103' title="bbox 1706 4869 3234 4946">
    <p class='ocr_par' dir='ltr' id='par_1_103' title="bbox 1706 4869 3234 4946">
     <span class='ocr_line' id='line_1_103' title="bbox 1706 4869 3234 4946; baseline -0.01 -11"><span class='ocrx_word' id='word_1_762' title='bbox 1706 4880 1878 4943; x_wconf 77' lang='lat' dir='ltr'><strong>furor,</strong></span> <span class='ocrx_word' id='word_1_763' title='bbox 1905 4892 1969 4932; x_wconf 90' lang='lat' dir='ltr'><strong>ea</strong></span> <span class='ocrx_word' id='word_1_764' title='bbox 2016 4875 2281 4946; x_wconf 58' lang='lat' dir='ltr'><strong>praecipue</strong></span> <span class='ocrx_word' id='word_1_765' title='bbox 2324 4887 2441 4942; x_wconf 86' lang='lat' dir='ltr'><strong>spe,</strong></span> <span class='ocrx_word' id='word_1_766' title='bbox 2488 4872 2631 4940; x_wconf 91' lang='lat' dir='ltr'><strong>quod</strong></span> <span class='ocrx_word' id='word_1_767' title='bbox 2657 4870 2745 4925; x_wconf 92' lang='lat' dir='ltr'><strong>die</strong></span> <span class='ocrx_word' id='word_1_768' title='bbox 2769 4870 3007 4923; x_wconf 82' lang='lat' dir='ltr'><strong>crastina</strong></span> <span class='ocrx_word' id='word_1_769' title='bbox 3032 4869 3234 4931; x_wconf 73' lang='lat' dir='ltr'><strong>erroris</strong></span> 
     </span>
    </p>
   </div>
   <div class='ocr_carea' id='block_1_104' title="bbox 65 5049 3233 5188">
    <p class='ocr_par' dir='ltr' id='par_1_104' title="bbox 65 5049 3233 5188">
     <span class='ocr_line' id='line_1_104' title="bbox 65 5049 3233 5188; baseline -0.002 -78"><span class='ocrx_word' id='word_1_770' title='bbox 65 5058 353 5188; x_wconf 39' lang='lat' dir='ltr'><strong>&quot;&#39;Abgtatzh.</strong></span> <span class='ocrx_word' id='word_1_771' title='bbox 366 5056 620 5179; x_wconf 36' lang='lat' dir='ltr'><strong>3v;</strong></span> <span class='ocrx_word' id='word_1_772' title='bbox 654 5072 707 5108; x_wconf 88' lang='lat' dir='ltr'><strong>x.</strong></span> <span class='ocrx_word' id='word_1_773' title='bbox 770 5056 792 5087; x_wconf 84' lang='grc'><strong>⁸</strong></span> <span class='ocrx_word' id='word_1_774' title='bbox 812 5054 877 5107; x_wconf 80' lang='lat' dir='ltr'><strong>Et</strong></span> <span class='ocrx_word' id='word_1_775' title='bbox 898 5057 1437 5111; x_wconf 59' lang='lat' dir='ltr'><strong>amitam—sumerent</strong></span> <span class='ocrx_word' id='word_1_776' title='bbox 1467 5057 1666 5113; x_wconf 89' lang='lat' dir='ltr'><strong>desunt</strong></span> <span class='ocrx_word' id='word_1_777' title='bbox 1693 5061 1747 5115; x_wconf 91' lang='lat' dir='ltr'><strong>in</strong></span> <span class='ocrx_word' id='word_1_778' title='bbox 1777 5059 1932 5114; x_wconf 89' lang='lat' dir='ltr'><strong>codd.</strong></span> <span class='ocrx_word' id='word_1_779' title='bbox 1991 5057 2136 5127; x_wconf 89' lang='lat' dir='ltr'><strong>Lips.</strong></span> <span class='ocrx_word' id='word_1_780' title='bbox 2162 5055 2215 5111; x_wconf 77' lang='grc' dir='ltr'><strong>ί.</strong></span> <span class='ocrx_word' id='word_1_781' title='bbox 2289 5055 2311 5087; x_wconf 79' lang='grc'><em>³</em></span> <span class='ocrx_word' id='word_1_782' title='bbox 2332 5052 2486 5107; x_wconf 88' lang='lat' dir='ltr'><strong>Deut.</strong></span> <span class='ocrx_word' id='word_1_783' title='bbox 2521 5065 2598 5115; x_wconf 80' lang='lat' dir='ltr'><strong>Ix,</strong></span> <span class='ocrx_word' id='word_1_784' title='bbox 2625 5050 2729 5118; x_wconf 79' lang='lat'><strong>21;</strong></span> <span class='ocrx_word' id='word_1_785' title='bbox 2754 5049 2938 5103; x_wconf 78' lang='lat' dir='ltr'><strong>Matth.</strong></span> <span class='ocrx_word' id='word_1_786' title='bbox 2965 5066 3117 5113; x_wconf 72' lang='lat' dir='ltr'><strong>xxiv,</strong></span> <span class='ocrx_word' id='word_1_787' title='bbox 3148 5052 3233 5105; x_wconf 84' lang='lat' dir='ltr'><strong>I5.</strong></span> 
     </span>
    </p>
   </div>
   <div class='ocr_carea' id='block_1_105' title="bbox 1324 5261 1971 5326">
    <p class='ocr_par' dir='ltr' id='par_1_105' title="bbox 1324 5261 1971 5326">
     <span class='ocr_line' id='line_1_105' title="bbox 1324 5261 1971 5326; baseline 0.009 -12"><span class='ocrx_word' id='word_1_788' title='bbox 1324 5261 1690 5322; x_wconf 84' lang='lat' dir='ltr'><strong>COTELERII</strong></span> <span class='ocrx_word' id='word_1_789' title='bbox 1742 5270 1971 5326; x_wconf 64' lang='lat' dir='ltr'><strong>NOTAE.</strong></span> 
     </span>
    </p>
   </div>
   <div class='ocr_carea' id='block_1_106' title="bbox 1773 5395 3252 5474">
    <p class='ocr_par' dir='ltr' id='par_1_106' title="bbox 1773 5395 3252 5474">
     <span class='ocr_line' id='line_1_106' title="bbox 1773 5395 3252 5474; baseline -0.004 -15"><span class='ocrx_word' id='word_1_790' title='bbox 1773 5404 1881 5474; x_wconf 85' lang='lat'><strong>(50)</strong></span> <span class='ocrx_word' id='word_1_791' title='bbox 1917 5403 2017 5459; x_wconf 79' lang='lat' dir='ltr'><strong>Sed</strong></span> <span class='ocrx_word' id='word_1_792' title='bbox 2046 5403 2257 5465; x_wconf 79' lang='lat' dir='ltr'><strong>consilio</strong></span> <span class='ocrx_word' id='word_1_793' title='bbox 2286 5411 2463 5474; x_wconf 69' lang='lat' dir='ltr'><strong>nostra</strong></span> <span class='ocrx_word' id='word_1_794' title='bbox 2483 5412 2617 5474; x_wconf 65' lang='lat' dir='ltr'><strong>inter</strong></span> <span class='ocrx_word' id='word_1_795' title='bbox 2644 5418 2730 5456; x_wconf 84' lang='lat' dir='ltr'><strong>eos</strong></span> <span class='ocrx_word' id='word_1_796' title='bbox 2760 5395 3252 5474; x_wconf 33' lang='lat' dir='ltr'><strong>erat.‘Viilpinum</strong></span> 
     </span>
    </p>
   </div>
   <div class='ocr_carea' id='block_1_107' title="bbox 1704 5462 3259 5546">
    <p class='ocr_par' dir='ltr' id='par_1_107' title="bbox 1704 5462 3259 5546">
     <span class='ocr_line' id='line_1_107' title="bbox 1704 5462 3259 5546; baseline -0.004 -21"><span class='ocrx_word' id='word_1_797' title='bbox 1704 5462 1806 5525; x_wconf 81' lang='lat' dir='ltr'><strong>hoc</strong></span> <span class='ocrx_word' id='word_1_798' title='bbox 1829 5462 2130 5546; x_wconf 62' lang='lat' dir='ltr'><strong>consilium,</strong></span> <span class='ocrx_word' id='word_1_799' title='bbox 2152 5463 2420 5546; x_wconf 63' lang='lat' dir='ltr'><strong>apostolis</strong></span> <span class='ocrx_word' id='word_1_800' title='bbox 2451 5470 2730 5546; x_wconf 62' lang='lat' dir='ltr'><strong>indignum</strong></span> <span class='ocrx_word' id='word_1_801' title='bbox 2772 5462 3149 5546; x_wconf 27' lang='lat' dir='ltr'><strong>estapece&#39;pit</strong></span> <span class='ocrx_word' id='word_1_802' title='bbox 3177 5480 3259 5519; x_wconf 90' lang='lat' dir='ltr'><strong>ta-</strong></span> 
     </span>
    </p>
   </div>
   <div class='ocr_carea' id='block_1_108' title="bbox 1704 5531 3269 5668">
    <p class='ocr_par' dir='ltr' id='par_1_108' title="bbox 1704 5531 3269 5668">
     <span class='ocr_line' id='line_1_108' title="bbox 1704 5531 3269 5615; baseline -0.004 -23"><span class='ocrx_word' id='word_1_803' title='bbox 1704 5555 1825 5594; x_wconf 88' lang='lat' dir='ltr'><strong>men</strong></span> <span class='ocrx_word' id='word_1_804' title='bbox 1865 5542 2054 5595; x_wconf 87' lang='lat' dir='ltr'><strong>Bedam</strong></span> <span class='ocrx_word' id='word_1_805' title='bbox 2108 5531 2818 5607; x_wconf 47' lang='lat' dir='ltr'><strong>pseudo-Clemensvkuilni.</strong></span> <span class='ocrx_word' id='word_1_806' title='bbox 2882 5531 2946 5584; x_wconf 80' lang='lat' dir='ltr'><strong>At</strong></span> <span class='ocrx_word' id='word_1_807' title='bbox 2995 5531 3114 5599; x_wconf 69' lang='lat' dir='ltr'><strong>non</strong></span> <span class='ocrx_word' id='word_1_808' title='bbox 3166 5548 3269 5615; x_wconf 70' lang='lat' dir='ltr'><strong>ego</strong></span> 
     </span>
     <span class='ocr_line' id='line_1_109' title="bbox 1706 5610 2108 5668; baseline 0.002 -4"><span class='ocrx_word' id='word_1_809' title='bbox 1706 5610 1953 5668; x_wconf 83' lang='lat' dir='ltr'><strong>credulus</strong></span> <span class='ocrx_word' id='word_1_810' title='bbox 1982 5611 2108 5665; x_wconf 83' lang='lat' dir='ltr'><strong>illis.</strong></span> 
     </span>
    </p>
   </div>
   <div class='ocr_carea' id='block_1_109' title="bbox 125 5392 1595 5477">
    <p class='ocr_par' dir='ltr' id='par_1_109' title="bbox 125 5392 1595 5477">
     <span class='ocr_line' id='line_1_110' title="bbox 125 5392 1595 5477; baseline -0.008 -15"><span class='ocrx_word' id='word_1_811' title='bbox 125 5409 232 5477; x_wconf 70' lang='lat'><strong>(49)</strong></span> <span class='ocrx_word' id='word_1_812' title='bbox 272 5408 659 5477; x_wconf 59' lang='lat' dir='ltr'><strong>Destruemrct</strong></span> <span class='ocrx_word' id='word_1_813' title='bbox 693 5406 939 5477; x_wconf 71' lang='lat' dir='ltr'><strong>templum.</strong></span> <span class='ocrx_word' id='word_1_814' title='bbox 962 5392 1196 5477; x_wconf 57' lang='grc' dir='ltr'><strong>δίωῃςξξ</strong></span> <span class='ocrx_word' id='word_1_815' title='bbox 1211 5392 1595 5477; x_wconf 50' lang='grc' dir='ltr'><strong>ρΐφξξίςξξοηςε</strong></span> 
     </span>
    </p>
   </div>
   <div class='ocr_carea' id='block_1_110' title="bbox 72 5460 1596 5583">
    <p class='ocr_par' dir='ltr' id='par_1_110' title="bbox 72 5460 1596 5583">
     <span class='ocr_line' id='line_1_111' title="bbox 72 5460 1596 5583; baseline -0.01 -55"><span class='ocrx_word' id='word_1_816' title='bbox 72 5460 510 5544; x_wconf 67' lang='lat' dir='ltr'><strong>rompiectebatur</strong></span> <span class='ocrx_word' id='word_1_817' title='bbox 538 5472 670 5549; x_wconf 76' lang='lat' dir='ltr'><strong>alius</strong></span> <span class='ocrx_word' id='word_1_818' title='bbox 691 5460 819 5527; x_wconf 68' lang='lat' dir='ltr'><strong>liber</strong></span> <span class='ocrx_word' id='word_1_819' title='bbox 853 5460 1218 5583; x_wconf 51' lang='lat' dir='ltr'><strong>apocryﬁélus,</strong></span> <span class='ocrx_word' id='word_1_820' title='bbox 1251 5460 1488 5527; x_wconf 85' lang='lat' dir='ltr'><strong>scriptus</strong></span> <span class='ocrx_word' id='word_1_821' title='bbox 1522 5463 1596 5517; x_wconf 84' lang='lat' dir='ltr'><strong>de</strong></span> 
     </span>
     <span class='ocr_line' id='line_1_112' title="bbox 72 5524 1596 5583; baseline -0.003 0"><span class='ocrx_word' id='word_1_822' title='bbox 72 5547 431 5583; x_wconf 65' lang='lat' dir='ltr'><strong>nmrlinnﬁnne</strong></span> <span class='ocrx_word' id='word_1_823' title='bbox 459 5539 596 5583; x_wconf 69' lang='grc' dir='ltr'><strong>Ρριιοι</strong></span> <span class='ocrx_word' id='word_1_824' title='bbox 627 5546 678 5583; x_wconf 75' lang='lat' dir='ltr'><strong>et</strong></span> <span class='ocrx_word' id='word_1_825' title='bbox 726 5540 861 5583; x_wconf 71' lang='lat' dir='ltr'><strong>parili</strong></span> <span class='ocrx_word' id='word_1_826' title='bbox 893 5555 940 5583; x_wconf 87' lang='grc' dir='ltr'><strong>ιη</strong></span> <span class='ocrx_word' id='word_1_827' title='bbox 972 5547 1039 5583; x_wconf 85' lang='lat' dir='ltr'><strong>ur</strong></span> <span class='ocrx_word' id='word_1_828' title='bbox 1159 5524 1342 5583; x_wconf 75' lang='lat' dir='ltr'><strong>Roma.</strong></span> <span class='ocrx_word' id='word_1_829' title='bbox 1376 5527 1596 5583; x_wconf 71' lang='lat' dir='ltr'><strong>Auctor</strong></span> 
     </span>
    </p>
   </div>
   <div class='ocr_carea' id='block_1_111' title="bbox 67 5524 1596 5674">
    <p class='ocr_par' dir='ltr' id='par_1_111' title="bbox 67 5524 1596 5674">
     <span class='ocr_line' id='line_1_113' title="bbox 76 5524 1596 5597; baseline -0.004 0"><span class='ocrx_word' id='word_1_830' title='bbox 76 5524 437 5597; x_wconf 40' lang='lat' dir='ltr'><strong>magis};</strong></span> <span class='ocrx_word' id='word_1_831' title='bbox 455 5538 597 5593; x_wconf 86' lang='lat' dir='ltr'><strong>Petri</strong></span> <span class='ocrx_word' id='word_1_832' title='bbox 627 5546 678 5591; x_wconf 90' lang='lat' dir='ltr'><strong>et</strong></span> <span class='ocrx_word' id='word_1_833' title='bbox 712 5524 940 5594; x_wconf 28' lang='lat' dir='ltr'><strong>i’allliﬂin</strong></span> <span class='ocrx_word' id='word_1_834' title='bbox 972 5524 1117 5588; x_wconf 69' lang='lat' dir='ltr'><strong>uibe</strong></span> <span class='ocrx_word' id='word_1_835' title='bbox 1159 5524 1596 5593; x_wconf 54' lang='lat' dir='ltr'><strong>RomfAuctor</strong></span> 
     </span>
     <span class='ocr_line' id='line_1_114' title="bbox 67 5560 827 5674; baseline -0.003 -9"><span class='ocrx_word' id='word_1_836' title='bbox 67 5560 358 5674; x_wconf 54' lang='lat' dir='ltr'><strong>tactaiitius</strong></span> <span class='ocrx_word' id='word_1_837' title='bbox 388 5608 477 5674; x_wconf 72' lang='lat' dir='ltr'><strong>lib.</strong></span> <span class='ocrx_word' id='word_1_838' title='bbox 513 5621 581 5669; x_wconf 72' lang='lat' dir='ltr'><strong>tv,</strong></span> <span class='ocrx_word' id='word_1_839' title='bbox 614 5619 727 5672; x_wconf 82' lang='lat' dir='ltr'><strong>cap.</strong></span> <span class='ocrx_word' id='word_1_840' title='bbox 753 5610 827 5665; x_wconf 74' lang='lat' dir='ltr'><strong>2i.</strong></span> 
     </span>
    </p>
   </div>
   <div class='ocr_carea' id='block_1_112' title="bbox 98 5608 827 5677">
    <p class='ocr_par' dir='ltr' id='par_1_112' title="bbox 98 5608 827 5677">
     <span class='ocr_line' id='line_1_115' title="bbox 98 5608 827 5677; baseline -0.003 -12"><span class='ocrx_word' id='word_1_841' title='bbox 98 5615 358 5677; x_wconf 78' lang='lat' dir='ltr'><strong>actantius</strong></span> <span class='ocrx_word' id='word_1_842' title='bbox 388 5608 477 5674; x_wconf 75' lang='lat' dir='ltr'><strong>lib.</strong></span> <span class='ocrx_word' id='word_1_843' title='bbox 513 5621 581 5669; x_wconf 69' lang='grc' dir='ltr'><strong>ιν,</strong></span> <span class='ocrx_word' id='word_1_844' title='bbox 614 5619 727 5672; x_wconf 78' lang='lat' dir='ltr'><strong>cap.</strong></span> <span class='ocrx_word' id='word_1_845' title='bbox 753 5610 827 5665; x_wconf 74' lang='lat' dir='ltr'><strong>2i.</strong></span> 
     </span>
    </p>
   </div>
  </div>
