3806 6240
155 340 274 406 1949

1294 341 1841 401 RECOGNITIONUM
1876 345 2002 401 LIB.
2040 345 2103 401 ll.

3146 343 3281 401 1250

158 463 324 516 Petrus
350 456 533 511 videns
549 454 768 525 vigilare
787 469 901 510 nos
923 468 984 508 ac
1027 454 1130 509 sibi
1173 453 1472 519 intendere,
1504 456 1651 510 salu.-
1678 459 1722 515 Δ
1747 471 1993 521 noscere,
2040 457 2163 526 quis
2185 495 2200 520 ,
2254 456 2498 526 qualisve
2547 458 2617 512 sit
2641 457 2688 513 is
2730 456 2819 513 cui
2863 456 3282 514 immortalitatis

162 549 268 601 tatis
291 547 438 600 nobis
467 544 718 597 continuo
746 543 844 596 dat
865 544 1129 598 sermonis
1150 543 1449 600 exordium.
1477 543 1657 598 Mirari

157 634 472 705 meequidem
505 633 695 696 fateor,
725 634 925 688 fratres
949 671 964 696 ,
1008 634 1255 687 humana:
1302 642 1506 688 natura:
1527 635 1655 696 vim,

159 738 297 793 quam
327 723 389 775 ad
418 723 594 776 omnia
624 732 800 791 aptam
832 723 1165 791 habilemque
1186 738 1305 778 esse
1330 725 1502 779 video.
1546 722 1659 778 Hoc

159 820 312 866 autem
348 811 522 865 dicere
549 811 602 864 in
626 812 939 865 memoriam
964 814 1109 866 venit
1134 828 1197 867 ex
1230 814 1313 868 bis
1340 829 1456 883 quae
1497 813 1660 870 rebus

160 904 272 971 ipsis
298 909 544 970 expertus
566 915 706 955 sum.
742 901 809 955 Ut
829 902 970 956 enim
1000 903 1272 958 transierit
1302 905 1532 959 medium
1560 920 1660 959 no—

160 995 265 1055 etis,
280 1006 373 1060 ego
391 998 580 1062 sponte
592 992 704 1060 jam
722 992 957 1047 suscitor
976 1000 1028 1047 et
1053 995 1189 1047 ultra
1213 1009 1433 1051 somnus
1460 1008 1660 1065 nequa-

159 1095 297 1148 quam
326 1081 467 1133 venit
496 1080 562 1133 ad
588 1096 708 1146 me;
738 1081 881 1149 quod
912 1082 1040 1136 mihi
1086 1083 1281 1137 accidit
1307 1100 1372 1138 ex
1401 1099 1486 1149 eo,
1534 1085 1659 1154 quia

158 1183 203 1220 In
226 1167 602 1222 consuetudine
632 1169 796 1224 habui
845 1172 1007 1225 verba
1039 1171 1248 1228 Domini
1290 1174 1413 1236 mei,
1446 1189 1564 1243 quae
1592 1173 1659 1226 ab

158 1263 258 1329 ipso
283 1261 572 1327 audieram,
592 1278 850 1320 revocare
876 1264 943 1318 ad
963 1269 1293 1332 memoriam,
1315 1276 1366 1322 et
1390 1283 1487 1338 pro
1512 1269 1660 1337 ipso-

157 1365 257 1402 rum
283 1349 547 1405 desiderio
575 1353 830 1407 suscitari
862 1355 1059 1410 animis
1088 1357 1220 1412 meis
1241 1364 1293 1411 et
1322 1358 1657 1428 cogitationi-

155 1439 240 1491 bus
260 1440 530 1506 imperavi,
554 1447 612 1493 ut
643 1442 905 1510 evigilans
934 1443 1001 1497 ad
1031 1458 1092 1497 ea
1119 1452 1171 1499 et
1201 1445 1409 1515 singula
1439 1461 1660 1515 quaeque

152 1528 369 1582 recolens
395 1543 457 1582 ac
486 1537 737 1586 retexens
759 1532 959 1601 possim
985 1534 1291 1590 memoriter
1305 1536 1553 1593 retinere.
1584 1535 1661 1590 Ex

152 1615 237 1668 hoc
260 1631 379 1685 ergo
400 1656 415 1679 ,
448 1618 574 1672 dum
601 1623 753 1675 omni
781 1639 903 1677 cum
932 1623 1219 1679 dulcedine
1254 1640 1530 1681 sermones
1558 1626 1661 1680 Do-

150 1704 263 1757 mini
288 1721 498 1762 versare
547 1710 601 1763 in
652 1726 780 1766 meo
814 1713 978 1767 corde
1006 1714 1284 1778 desidero,
1324 1716 1660 1770 consuetudo

152 1793 356 1848 obtinuit
382 1798 658 1867 vigilandi,
692 1802 860 1855 etiam
898 1802 943 1858 si
975 1803 1109 1857 nihil
1135 1803 1205 1858 sit
1232 1803 1375 1873 quod
1420 1807 1659 1875 cogitare

150 1882 305 1938 velim.
334 1882 411 1938 lta
444 1903 572 1957 ergo
622 1889 883 1946 ineffabili
928 1892 1159 1960 quadam
1200 1896 1432 1961 ratione,
1490 1897 1662 1950 intro-

151 1972 290 2027 ducta
311 1976 409 2029 alia
434 1980 853 2046 consuetudine,
870 1990 1026 2038 vetus
1047 1985 1380 2039 consuetudo
1399 1994 1659 2049 mutatur,

152 2071 196 2115 et
218 2062 266 2117 id
292 2081 472 2121 revera
503 2069 550 2123 si
580 2086 689 2124 non
724 2085 888 2140 supra
913 2072 1126 2127 modum
1157 2087 1337 2143 cogas.
1369 2073 1461 2128 sed
1492 2089 1663 2140 quan-

155 2158 249 2204 tum
284 2156 464 2224 recipit
496 2173 752 2213 mensura
785 2168 1009 2216 naturae.
1046 2160 1231 2230 Neque
1274 2161 1418 2216 enim
1448 2163 1662 2232 penitus

155 2255 319 2295 somno
348 2259 527 2301 carere
554 2249 815 2316 possibile
843 2257 955 2316 est,
993 2250 1194 2321 alioqui
1242 2266 1344 2305 nec
1372 2249 1513 2305 facta
1558 2266 1663 2307 nox

155 2328 324 2385 fuisset
352 2334 415 2387 ad
446 2336 706 2404 quietem.

213 2420 267 2477 ll.
297 2423 360 2477 Et
380 2441 475 2496 ego
506 2444 628 2483 cum
669 2430 975 2487 audissem:
1007 2432 1240 2502 Optime,
1289 2434 1533 2504 inquam,
1581 2433 1663 2489 di-

156 2508 286 2573 xisti,
316 2510 490 2579 Petre,
510 2519 633 2587 quia
656 2519 993 2574 consuetudo
1008 2522 1397 2577 consuetudine
1425 2536 1666 2577 commu-

156 2604 300 2655 tatur.
330 2601 458 2657 Nam
497 2615 551 2660 et
579 2623 678 2678 ego
705 2624 828 2662 cum
849 2608 1153 2679 navigarem
1185 2610 1355 2680 primo
1408 2611 1664 2665 turbabar

152 2695 197 2738 et
224 2688 354 2744 intra
384 2709 467 2749 me
494 2697 624 2750 mihi
657 2699 841 2752 omnia
871 2699 1242 2763 vertebantur,
1275 2701 1352 2754 ita
1379 2710 1437 2754 ut
1465 2701 1664 2770 suggil-

152 2776 237 2832 lari
257 2781 460 2839 viderer
479 2802 579 2841 nec
601 2787 752 2844 ferre
778 2804 989 2859 possem
1012 2790 1255 2844 brumam
1285 2790 1396 2862 (60)
1419 2801 1473 2845 et
1500 2794 1664 2846 mole-

151 2868 289 2924 stiam
311 2866 492 2939 maris,
520 2886 641 2947 post
675 2894 877 2949 paucos
896 2887 1073 2933 autem
1092 2879 1209 2936 dies
1225 2879 1315 2935 ubi
1333 2881 1665 2936 consuetudo

153 2957 274 3013 facta
300 2970 399 3028 est,
424 2967 787 3023 tolerabiliter
815 2967 953 3023 ferre
981 2968 1140 3038 cmpi,
1161 2970 1236 3022 ita
1263 2975 1322 3025 ut
1351 2985 1508 3024 mane
1551 2980 1664 3025 sta-

151 3053 233 3106 tim
257 3072 356 3111 una
385 3074 506 3114 cum
534 3062 725 3117 nautis
758 3062 938 3116 cibum
965 3077 1176 3116 sumere
1200 3062 1512 3127 delectarer,
1539 3078 1661 3117 cum
1689 3091 1732 3148 ε

154 3144 283 3209 prius
329 3156 449 3203 ante
494 3150 685 3205 horam
718 3151 996 3220 septimam
1030 3151 1275 3219 capiendi
1303 3151 1409 3205 eihi
1438 3166 1666 3207 consue-

154 3236 268 3290 tudo
301 3254 404 3294 non
432 3250 596 3298 esset.
624 3242 784 3296 Nunc
812 3258 941 3313 ergo
977 3257 1042 3297 ex
1066 3242 1169 3297 ista
1216 3245 1329 3297 sola
1372 3251 1664 3299 consuetu-

154 3322 281 3387 dine,
305 3330 443 3382 eirca
472 3331 605 3387 illud
656 3339 866 3400 tempus
894 3347 1000 3400 quo
1027 3332 1305 3387 comedere
1332 3348 1455 3386 cum
1483 3334 1666 3388 nautis

153 3412 391 3481 solebam,
432 3421 644 3475 esuries
678 3420 927 3473 admonet
950 3435 1054 3484 me,
1084 3421 1231 3490 quod
1272 3430 1450 3476 tamen
1476 3438 1666 3478 rursus

153 3495 499 3568 depellendum
527 3522 712 3576 spero,
743 3522 865 3561 cum
894 3509 997 3560 alia
1027 3507 1188 3563 fuerit
1215 3512 1546 3566 consuetudo
1574 3527 1668 3567 su-

152 3598 336 3659 scepta.
369 3592 543 3652 Credo
572 3612 706 3666 ergo
728 3597 890 3651 etiam
925 3598 1021 3652 tibi
1041 3598 1341 3667 vigiliarum
1379 3607 1667 3654 consuetu-

152 3676 335 3747 dinem,
365 3693 423 3739 ut
463 3689 738 3756 perhibes,
767 3689 1098 3755 institutam;
1148 3698 1204 3744 et
1230 3698 1527 3759 opportune
1564 3691 1666 3745 hoc

150 3779 397 3835 exponere
426 3777 670 3841 voluisti,
699 3784 759 3830 ut
796 3784 850 3832 et
871 3792 969 3832 nos
1000 3777 1390 3846 aliquantulum
1422 3780 1598 3834 somni
1635 3794 1666 3833 a

150 3859 292 3916 nobis
319 3863 551 3933 abjiccre
575 3876 739 3935 atque
760 3866 994 3936 eﬂ‘ugare
1023 3882 1131 3922 non
1159 3869 1360 3939 pigeat,
1394 3877 1453 3922 ut
1493 3872 1667 3940 possi-

148 3962 255 4005 mus
282 3954 539 4013 doctrina:
568 3959 798 4012 viventis
820 3958 1061 4011 instituta
1082 3960 1374 4028 suscipere.
1400 3959 1499 4015 Ubi
1524 3961 1665 4015 enim

148 4037 339 4096 decocti
363 4046 563 4101 fuerint
596 4047 704 4101 cibi
725 4055 778 4101 et
803 4062 954 4101 mens
988 4049 1253 4117 acceperit
1279 4056 1543 4104 nocturna
1590 4052 1667 4105 si-

145 4124 318 4191 lentia,
338 4134 798 4201 Opportunissime
824 4150 941 4202 quae
967 4134 1227 4189 docentur
1254 4135 1507 4190 insident.

206 4217 287 4272 Ill.
321 4220 386 4274 Et
410 4222 606 4278 Petrus
634 4223 861 4277 libenter
889 4216 1178 4291 accipiens.
1224 4224 1367 4292 quod
1394 4226 1668 4281 intellexe-

144 4306 237 4357 rim
265 4308 596 4376 praefationis
621 4310 739 4377 ejus
759 4324 978 4364 causam
1012 4309 1078 4362 ad
1114 4311 1399 4364 utilitatem
1428 4321 1665 4369 nostram

1754 547 1914 601 verba
1942 547 2211 601 credenda
2241 548 2403 602 sunt?
2432 546 2660 607 Solliciti
2689 550 2831 603 enim
2872 556 2927 602 et
2956 550 3109 603 valde
3134 548 3283 604 solli-

1754 635 1849 689 citi
1878 651 1998 691 esse
2024 637 2302 699 debemus.
2329 653 2397 694 ne
2418 637 2737 709 margaritas
2763 645 2979 691 nostras
3006 639 3282 697 mittamus

1755 733 1878 779 ante
1909 742 2101 795 porcos
2124 727 2187 782 ¹⁶.

1767 810 1773 815 ’
1822 818 1911 875 IV.
1950 818 2053 874 Sed
2078 826 2132 873 et
2160 819 2293 875 alias
2313 818 2383 873 ob
2426 833 2619 874 causas
2658 819 2788 873 utile
2837 826 2940 883 est,
2972 820 3071 874 viri
3118 819 3281 888 hujus

1755 910 1954 964 habere
1987 925 2068 963 me
2097 910 2363 964 notitiam.
2424 908 2479 963 Si
2511 910 2652 963 enim
2685 909 2872 973 sciam,
2923 910 3049 980 quia
3091 910 3143 963 in
3174 911 3280 974 bis,

1754 986 1821 1055 de
1838 1000 2032 1069 quibus
2052 1015 2158 1054 non
2180 1008 2353 1070 potest
2369 1000 2601 1054 dubitari
2622 1000 2765 1070 quod
2785 1001 2924 1054 bona
2953 1002 3079 1061 sint,
3103 1016 3283 1055 emen-

1755 1090 1913 1144 datus
1940 1096 2022 1144 est
2069 1098 2121 1143 et
2174 1089 2537 1159 inculpabilis,
2577 1090 2679 1144 hoc
2715 1097 2818 1154 est,
2877 1090 2923 1144 si
2957 1090 3205 1150 sobrius,
3235 1088 3283 1143 si

1756 1181 2088 1243 misericors,
2120 1180 2165 1235 si
2194 1179 2396 1249 justus,
2425 1180 2469 1234 si
2493 1179 2640 1234 mitis
2664 1187 2716 1234 et
2737 1180 3006 1234 humanus
3034 1189 3133 1241 est,
3165 1195 3285 1248 qua:

1756 1268 1942 1337 utique
1970 1270 2108 1322 bona
2136 1284 2256 1322 esse
2283 1268 2464 1323 nullus
2509 1269 2751 1339 ambigit,
2790 1278 2919 1323 tunc
2943 1284 3286 1338 consequens

1755 1358 2042 1421 videbitur,
2072 1366 2129 1412 ut
2159 1359 2207 1412 ei
2235 1359 2328 1428 qui
2369 1359 2578 1413 obtinet
2605 1359 2746 1413 bona
2794 1362 3075 1423 virtutum,
3122 1362 3285 1414 etiam

1757 1448 1897 1518 quod
1923 1448 2071 1503 deest
2104 1449 2223 1503 fidei
2253 1457 2305 1503 et
2335 1453 2573 1505 scientia:
2620 1451 2932 1506 conferatur
2952 1491 2965 1512 ,
2989 1460 3041 1505 et
3072 1452 3128 1507 in
3165 1452 3286 1521 qui-

1757 1538 1859 1592 bus
1887 1538 2145 1591 maculari
2171 1539 2383 1594 videtur
2410 1539 2528 1608 ejus
2550 1540 2679 1604 vita,
2710 1556 2827 1610 quze
2861 1548 2942 1595 est
2965 1542 3018 1594 in
3062 1541 3287 1610 reliquis

1760 1629 2075 1698 probabilis,
2108 1630 2440 1684 emendetur.
2488 1628 2543 1684 Si
2571 1645 2699 1685 vero
2732 1631 2788 1684 in
2825 1630 2908 1685 his
2950 1645 3069 1699 quae
3109 1630 3287 1699 palam

1761 1726 1907 1782 sunt,
1936 1719 2175 1788 peccatis
2223 1719 2496 1774 involutus
2531 1727 2805 1788 permanet
2853 1729 2905 1772 et
2952 1720 3285 1789 inquinatus,

1759 1824 1865 1863 non
1888 1824 1973 1864 me
1992 1816 2205 1879 Oportet
2233 1809 2282 1864 ei
2308 1810 2511 1880 aliquid
2534 1811 2600 1864 de
2629 1810 3008 1865 secretioribus
3033 1818 3085 1865 et
3110 1825 3289 1864 remo-

1757 1898 1829 1953 tis
1857 1898 2052 1953 divinae
2081 1898 2319 1953 scientia:
2345 1900 2614 1969 proloqui,
2648 1900 2742 1953 sed
2782 1899 2952 1968 magis
2999 1897 3289 1968 protestari

1757 1996 1810 2043 et
1838 1990 2127 2043 convenire
2153 2004 2299 2053 eum,
2332 1997 2391 2043 ut
2414 2005 2637 2059 peccare
2664 1990 2873 2044 desinat
2894 1996 2947 2043 et
2976 1997 3130 2042 actus
3159 2003 3289 2041 suos

1757 2094 1787 2132 a
1820 2079 1966 2135 vitiis
2006 2079 2273 2135 emendet.
2325 2079 2476 2145 Quod
2508 2080 2553 2135 si
2584 2080 2870 2149 ingesserit
2899 2094 2959 2134 se
2995 2088 3047 2135 et
3094 2093 3290 2148 provo-

1757 2169 1959 2222 caverit
1987 2184 2087 2222 nos
2123 2168 2324 2230 dicere,
2354 2185 2474 2238 qua:
2504 2184 2626 2223 eum
2663 2170 2842 2225 minus
2866 2178 3011 2223 recte
3046 2178 3292 2238 agentem.

1758 2273 1865 2312 non
1899 2265 2110 2327 oportet
2140 2258 2344 2329 audire,
2375 2259 2662 2327 prudenter
2716 2275 2836 2312 eum
2886 2259 3145 2313 debemus
3175 2260 3293 2312 elu-

1758 2346 1919 2412 dere;
1974 2361 2100 2400 nam
2146 2347 2283 2400 nihil
2333 2347 2553 2401 omnino
2606 2348 2929 2416 respondere
2986 2349 3290 2401 auditorum

1758 2451 1922 2490 causa
1950 2437 2080 2489 utile
2109 2452 2217 2490 non
2266 2436 2500 2502 videtur,
2552 2452 2617 2490 ne
2664 2436 2801 2491 forte
2845 2437 3151 2491 existiment
3190 2453 3293 2492 nos

1760 2524 2127 2593 responsionis
2155 2524 2378 2593 penuria
2408 2524 2678 2577 declinare
2710 2530 3010 2587 certamen,
3051 2532 3105 2576 et
3157 2522 3293 2577 fides

1758 2630 1944 2668 eorum
1973 2614 2218 2679 laedatur,
2246 2629 2356 2669 non
2388 2613 2799 2683 intelligentium
2823 2612 3158 2683 propositum
3188 2627 3291 2667 no-

1759 2714 1951 2761 strum.

1829 2791 1894 2845 V.
1925 2791 2165 2862 Cumque
2198 2791 2310 2847 haec
2354 2790 2545 2847 Petrus
2570 2791 2794 2845 dixisset
2845 2790 2912 2844 ad
2939 2805 3038 2844 nos
3059 2828 3074 2850 ,
3104 2788 3290 2844 Niceta

1761 2891 1914 2952 rogat
1942 2883 2181 2953 permitti
2212 2883 2314 2936 sibi
2342 2882 2519 2935 dicere
2543 2882 2764 2947 aliquid,
2798 2888 2957 2949 atque
2983 2880 3292 2947 indulgente

1761 2967 1921 3024 Petro
1948 2984 2070 3024 cum
2115 2970 2273 3024 venia
2325 2969 2531 3038 inquit:
2579 2965 2814 3023 Obsecro
2848 2975 2922 3029 te,
2971 2966 3187 3020 domine
3218 2966 3294 3021 ini

1761 3059 1939 3125 Petre,
1976 3060 2163 3116 audias
2193 3076 2277 3115 me
2301 3061 2455 3115 valde
2485 3060 2770 3115 sollicitum
2812 3058 2891 3111 tui
2916 3066 2969 3112 et
2997 3066 3290 3121 verentem,

1765 3164 1831 3202 ne
1874 3147 2013 3203 forte
2044 3148 2099 3202 in
2124 3149 2418 3203 certamine
2441 3148 2581 3218 quod
2613 3147 2709 3200 tibi
2743 3156 2827 3201 est
2877 3162 2999 3200 cum
3054 3145 3292 3205 Simone,

1763 3242 2002 3311 superari
2032 3240 2287 3296 videaris.
2321 3239 2468 3294 Solet
2494 3239 2637 3293 enim
2668 3237 2977 3307 frequenter
3023 3237 3291 3298 accidere,

1762 3341 1822 3384 ut
1842 3332 1931 3400 qui
1952 3331 2227 3385 veritatem
2247 3329 2502 3385 defendit.
2521 3343 2626 3382 non
2654 3343 2860 3397 semper
2882 3328 3137 3386 obtineat,
3164 3326 3293 3378 dum

1763 3430 1855 3475 aut
1876 3422 1930 3474 in
1952 3421 2132 3490 aliquo
2159 3419 2411 3492 praeventi
2435 3428 2562 3474 sunt
2583 3420 2875 3477 auditores,
2893 3425 2984 3469 aut
3003 3432 3107 3469 non
3133 3430 3293 3484 gran-

1764 3511 1883 3565 dem
1909 3525 2094 3563 curam
2146 3508 2384 3564 melioris
2411 3508 2689 3562 sententiae
2725 3514 2937 3575 gerunt.
2971 3505 3142 3573 Super
3180 3505 3293 3559 lucc

1764 3606 1940 3654 autem
1990 3599 2169 3653 omnia
2216 3606 2270 3652 et
2299 3598 2413 3664 ipse
2463 3595 2648 3650 Simon
2678 3596 3181 3650 vehementissimus
3209 3601 3294 3648 est

1763 3693 1965 3748 orator,
1996 3686 2051 3739 in
2083 3693 2197 3739 arte
2226 3685 2503 3738 dialectica
2524 3690 2576 3736 et
2599 3682 3028 3753 syllogismorum
3055 3682 3295 3735 tcndicu-

1762 3777 1831 3830 iis
1858 3776 2145 3838 enutritus,
2177 3774 2320 3845 quod
2349 3781 2524 3826 autem
2552 3782 2635 3826 est
2676 3773 2925 3826 omnibus
2960 3773 3195 3841 gravius,
3241 3779 3295 3827 et

1765 3865 1820 3918 in
1844 3871 1959 3918 arte
1982 3864 2188 3932 magica
2208 3862 2360 3916 valde
2382 3859 2745 3926 exercitatus;
2766 3867 2819 3914 et
2848 3860 2966 3914 ideo
2995 3868 3192 3924 metuo,
3225 3875 3295 3914 ne

1765 3953 1902 4009 forte
1931 3963 2037 4007 tam
2060 3953 2233 4007 valide
2258 3969 2323 4008 ex
2351 3954 2498 4008 omni
2542 3961 2697 4021 parte
2719 3951 2975 4013 munitus,
3006 3949 3145 4019 apud
3200 3964 3296 4003 eos

1764 4044 1855 4112 qui
1879 4045 2124 4113 ignorant
2168 4059 2320 4103 eum.
2372 4043 2507 4097 falsa
2532 4043 2765 4110 allegans
2796 4028 3015 4109 putetur
3050 4055 3173 4094 vera
3202 4038 3297 4093 de-

1766 4133 2000 4189 fendere.
2032 4132 2213 4201 Neque
2242 4132 2383 4187 enim
2412 4133 2492 4187 vel
2521 4148 2623 4187 nos
2658 4132 2756 4199 ipsi
2782 4145 2902 4184 eum
2934 4131 3298 4198 potuissemus

1745 4221 1997 4296 effugere
2024 4228 2077 4275 et
2098 4220 2337 4275 converti
2360 4220 2423 4273 ad
2459 4218 2763 4278 Dominum,
2796 4215 2899 4270 nisi
2922 4216 3049 4269 dum
3079 4214 3295 4281 adjutoo

1766 4324 1852 4363 res
1873 4308 1990 4376 ejus
2009 4316 2061 4362 et
2077 4322 2320 4362 errorum
2344 4306 2476 4361 socii
2494 4305 2713 4369 fuimus,
2733 4304 3134 4372 agnovissemus
3153 4301 3296 4370 quod

141 4398 417 4464 prolatam,
474 4401 793 4456 collaudans
819 4416 906 4455 me
945 4399 1267 4454 adhortandi
1304 4409 1358 4454 et
1409 4401 1667 4455 incitandi
1698 4396 1741 4451 D
1768 4398 2019 4467 deceptor
2053 4403 2195 4452 esset
2219 4411 2283 4450 ac
2302 4412 2513 4467 magus.

141 4487 251 4542 sine
271 4489 434 4546 dubio
456 4492 654 4563 gratia,
672 4498 1086 4560 consequentem
1103 4491 1266 4559 coepit
1285 4489 1534 4559 expedire
1553 4506 1669 4544 ser-

140 4592 381 4635 monem:
440 4581 816 4651 Opportunum
846 4580 976 4635 mihi
1023 4595 1166 4634 nunc
1193 4587 1248 4635 et
1301 4579 1664 4634 necessarium

138 4666 369 4733 videtur,
404 4672 474 4727 de
498 4673 584 4727 his
606 4686 727 4741 qua:
762 4672 1043 4725 imminent
1070 4671 1246 4740 aliqua
1291 4671 1581 4734 discutere,
1613 4671 1667 4724 id

137 4764 216 4808 est
244 4757 310 4810 de
350 4756 598 4814 Simone.
633 4759 784 4814 Scire
828 4759 968 4813 enim
1001 4758 1191 4823 velim,
1222 4759 1416 4829 quibus
1453 4760 1524 4813 sit
1551 4774 1667 4812 mo-

138 4844 285 4900 ribus
314 4856 369 4901 et
421 4850 622 4918 quibus
650 4848 879 4913 actibus,
908 4847 1052 4916 quod
1082 4846 1232 4912 mihi,
1292 4848 1339 4903 si
1368 4848 1491 4918 quis
1539 4848 1663 4913 scit,

139 4935 378 4993 indicare
399 4956 514 4993 non
551 4946 765 5005 cesset;
789 4937 956 4992 refert
982 4938 1125 4991 enim
1167 4939 1270 4992 ista
1312 4953 1663 5007 prenoscere.

137 5022 265 5080 Nam
299 5031 345 5082 si
371 5030 428 5082 in
457 5030 728 5084 mandatis
752 5028 1030 5091 habemus.
1062 5037 1121 5082 ut
1143 5030 1419 5084 venientes
1443 5030 1508 5084 ad
1535 5030 1669 5084 civi-

137 5121 296 5169 tatem
318 5118 599 5173 discamus
620 5119 789 5188 prius,
811 5118 933 5185 quis
955 5118 1007 5171 in
1036 5133 1097 5170 ea
1123 5118 1315 5187 dignus
1346 5119 1417 5172 sit
1446 5125 1504 5172 ut
1525 5119 1667 5188 apud

136 5219 255 5259 cum
283 5209 469 5263 cibum
502 5223 780 5264 sumamus
811 5208 887 5274 ¹¹;
941 5218 1143 5278 quanto
1195 5209 1365 5277 magis
1417 5210 1667 5263 convenit

244 5361 290 5393 ¹⁸
328 5360 524 5414 Matth.
548 5378 617 5427 x;
660 5359 791 5413 Luc.
825 5374 879 5413 ι.
964 5357 1007 5389 ¹⁶
1045 5356 1229 5410 Matth.
1260 5372 1338 5410 vu
1391 5358 1441 5412 6.

1400 5507 1750 5577 COTELERII
1788 5505 2010 5561 NOTAE.

209 5667 322 5740 (00)
362 5667 641 5725 Brumam.
667 5665 907 5731 Gaudet,
944 5672 994 5719 et
1038 5630 1255 5720 Garmcl.
1313 5676 1559 5737 quoque,
1605 5664 1857 5731 tramam,
1885 5664 2043 5753 quod
2078 5668 2177 5725 est,
2209 5654 2421 5727 βρόμον,
2466 5650 2745 5720 fremitum.
2796 5636 2797 5639 η

1836 4486 1925 4542 Vl.
1966 4486 2100 4541 Cum
2129 4487 2241 4541 hrec
2266 4484 2452 4542 Niceta
2480 4485 2726 4547 dixisset,
2750 4482 2944 4551 Aquila
2978 4493 3189 4549 quoque
3207 4493 3297 4532 ro-

1764 4593 1897 4649 gans
1918 4578 2020 4633 sibi
2042 4576 2259 4631 dicendi
2287 4575 2592 4631 facultatem
2617 4574 2755 4635 dari,
2802 4572 2903 4625 hoc
2935 4569 3092 4625 modo
3132 4568 3296 4620 etiam

1767 4671 1883 4740 ipse
1909 4676 2227 4739 prosecutus
2257 4676 2370 4723 est:
2419 4667 2663 4733 Suscipe,
2698 4678 2898 4733 quaeso,
2927 4669 2979 4714 et
3019 4659 3125 4713 mei
3170 4671 3297 4725 erga

1767 4768 1820 4814 te
1841 4760 2042 4814 amoris
2065 4774 2272 4825 curam,
2310 4758 2509 4827 optime
2536 4754 2725 4817 Petre;
2752 4759 2805 4805 et
2828 4764 2927 4819 ego
2959 4748 3101 4802 enim
3144 4747 3300 4799 valde

1768 4848 2033 4904 sollicitus
2064 4863 2181 4902 sum
2202 4863 2299 4916 pro
2322 4853 2395 4900 te.
2424 4843 2533 4899 Nec
2564 4840 2927 4911 reprehendas
2955 4852 3055 4892 nos
3086 4838 3141 4891 in
3168 4836 3297 4898 hoc,

1762 4940 1887 5010 quia
1920 4956 2102 4993 curam
2132 4953 2314 5008 gerere
2342 4935 2570 5003 alicujus
2602 4949 2667 4988 ex
2698 4932 2886 4986 affectu
2925 4929 3090 4990 venit,
3123 4926 3299 4995 negli-

1764 5043 1886 5098 gere
1909 5036 2084 5080 autem
2117 5042 2223 5080 non
2257 5023 2436 5077 minus
2462 5028 2546 5075 est
2595 5034 2757 5089 quam
2810 5016 3011 5071 odisse.
3071 5011 3296 5067 Testem

1761 5134 1888 5173 vero
1913 5118 2102 5172 invoco
2124 5116 2311 5173 Deum,
2334 5112 2459 5182 quia
2480 5127 2587 5165 non
2615 5118 2672 5163 ut
2698 5108 2993 5178 segniorem
3018 5114 3069 5159 te
3096 5104 3151 5158 in
3175 5120 3299 5159 cer:-

1765 5209 1965 5264 tamine
1984 5208 2163 5263 sciens
2178 5212 2356 5259 metuo
2378 5216 2476 5271 pro
2500 5208 2575 5266 te,
2604 5199 2799 5269 quippe
2817 5199 2909 5269 qui
2931 5211 3031 5252 nec
3054 5209 3297 5267 unquam
