  <div class='ocr_page' id='page_1' title='image "/cluster/home/n/w/nwhite01/storage/ocr_20150623/1 (St. Clemens; pt. 1)/nyp.33433019854052/635.png"; bbox 0 0 3872 6356; ppageno 0'>
   <div class='ocr_carea' id='block_1_1' title="bbox 465 294 603 361">
    <p class='ocr_par' dir='ltr' id='par_1_1' title="bbox 465 294 603 361">
     <span class='ocr_line' id='line_1_1' title="bbox 465 294 603 361; baseline 0.022 -13"><span class='ocrx_word' id='word_1_1' title='bbox 465 294 603 361; x_wconf 71' lang='grc' dir='ltr'><strong>125ί⁸</strong></span> 
     </span>
    </p>
   </div>
   <div class='ocr_carea' id='block_1_2' title="bbox 1314 300 2831 361">
    <p class='ocr_par' dir='ltr' id='par_1_2' title="bbox 1314 300 2831 361">
     <span class='ocr_line' id='line_1_2' title="bbox 1314 300 2831 361; baseline 0.003 -5"><span class='ocrx_word' id='word_1_2' title='bbox 1314 300 1371 356; x_wconf 83' lang='grc'><strong>8.</strong></span> <span class='ocrx_word' id='word_1_3' title='bbox 1410 300 1809 359; x_wconf 75' lang='lat' dir='ltr'><strong>CLEMENTIS</strong></span> <span class='ocrx_word' id='word_1_4' title='bbox 1842 302 1864 358; x_wconf 90' lang='grc' dir='ltr'>ι</span> <span class='ocrx_word' id='word_1_5' title='bbox 1894 301 2063 359; x_wconf 70' lang='grc' dir='ltr'><strong>ΒΟΜ.</strong></span> <span class='ocrx_word' id='word_1_6' title='bbox 2099 302 2303 361; x_wconf 80' lang='lat' dir='ltr'><strong>PONT.</strong></span> <span class='ocrx_word' id='word_1_7' title='bbox 2336 302 2568 361; x_wconf 77' lang='lat' dir='ltr'><strong>OPERA</strong></span> <span class='ocrx_word' id='word_1_8' title='bbox 2603 302 2831 361; x_wconf 78' lang='lat' dir='ltr'><strong>DUBIA.</strong></span> 
     </span>
    </p>
   </div>
   <div class='ocr_carea' id='block_1_3' title="bbox 458 408 3721 492">
    <p class='ocr_par' dir='ltr' id='par_1_3' title="bbox 458 408 3721 492">
     <span class='ocr_line' id='line_1_3' title="bbox 458 408 3721 492; baseline 0.005 -30"><span class='ocrx_word' id='word_1_9' title='bbox 458 408 561 465; x_wconf 90' lang='lat' dir='ltr'><strong>tibi</strong></span> <span class='ocrx_word' id='word_1_10' title='bbox 590 418 791 480; x_wconf 67' lang='lat' dir='ltr'><strong>praesto</strong></span> <span class='ocrx_word' id='word_1_11' title='bbox 821 414 1016 471; x_wconf 79' lang='lat' dir='ltr'><strong>fuerim</strong></span> <span class='ocrx_word' id='word_1_12' title='bbox 1046 414 1373 485; x_wconf 86' lang='lat' dir='ltr'><strong>disputanti,</strong></span> <span class='ocrx_word' id='word_1_13' title='bbox 1402 416 1497 472; x_wconf 83' lang='lat' dir='ltr'><strong>sed</strong></span> <span class='ocrx_word' id='word_1_14' title='bbox 1534 418 1626 488; x_wconf 93' lang='lat' dir='ltr'><strong>qui</strong></span> <span class='ocrx_word' id='word_1_15' title='bbox 1661 418 1809 475; x_wconf 88' lang='lat' dir='ltr'><strong>illius</strong></span> <span class='ocrx_word' id='word_1_16' title='bbox 1839 419 2034 490; x_wconf 59' lang='lat' dir='ltr'><strong>impie.</strong></span> <span class='ocrx_word' id='word_1_17' title='bbox 2062 428 2110 486; x_wconf 80' lang='grc' dir='ltr'><strong>Α</strong></span> <span class='ocrx_word' id='word_1_18' title='bbox 2138 421 2195 475; x_wconf 91' lang='lat' dir='ltr'><strong>in</strong></span> <span class='ocrx_word' id='word_1_19' title='bbox 2238 434 2466 475; x_wconf 90' lang='lat' dir='ltr'><strong>numero</strong></span> <span class='ocrx_word' id='word_1_20' title='bbox 2511 418 2726 475; x_wconf 89' lang='lat' dir='ltr'><strong>dierum</strong></span> <span class='ocrx_word' id='word_1_21' title='bbox 2766 417 2933 490; x_wconf 92' lang='lat' dir='ltr'><strong>positi</strong></span> <span class='ocrx_word' id='word_1_22' title='bbox 2974 418 3344 492; x_wconf 74' lang='lat' dir='ltr'><strong>videbantur),</strong></span> <span class='ocrx_word' id='word_1_23' title='bbox 3382 417 3581 476; x_wconf 79' lang='lat' dir='ltr'><strong>Simon</strong></span> <span class='ocrx_word' id='word_1_24' title='bbox 3628 421 3721 479; x_wconf 86' lang='lat' dir='ltr'><strong>hic</strong></span> 
     </span>
    </p>
   </div>
   <div class='ocr_carea' id='block_1_4' title="bbox 460 505 2034 583">
    <p class='ocr_par' dir='ltr' id='par_1_4' title="bbox 460 505 2034 583">
     <span class='ocr_line' id='line_1_4' title="bbox 460 505 2034 583; baseline 0.006 -26"><span class='ocrx_word' id='word_1_25' title='bbox 460 508 602 560; x_wconf 83' lang='lat' dir='ltr'><strong>tates</strong></span> <span class='ocrx_word' id='word_1_26' title='bbox 633 505 770 561; x_wconf 86' lang='lat' dir='ltr'><strong>bene</strong></span> <span class='ocrx_word' id='word_1_27' title='bbox 808 507 1084 570; x_wconf 86' lang='lat' dir='ltr'><strong>noverim,</strong></span> <span class='ocrx_word' id='word_1_28' title='bbox 1136 508 1600 565; x_wconf 79' lang='lat' dir='ltr'><strong>existimationem</strong></span> <span class='ocrx_word' id='word_1_29' title='bbox 1645 516 1798 565; x_wconf 89' lang='lat' dir='ltr'><strong>tuam</strong></span> <span class='ocrx_word' id='word_1_30' title='bbox 1852 512 2034 583; x_wconf 88' lang='lat' dir='ltr'><strong>cogito</strong></span> 
     </span>
    </p>
   </div>
   <div class='ocr_carea' id='block_1_5' title="bbox 461 596 2033 671">
    <p class='ocr_par' dir='ltr' id='par_1_5' title="bbox 461 596 2033 671">
     <span class='ocr_line' id='line_1_5' title="bbox 461 596 2033 671; baseline 0.004 -21"><span class='ocrx_word' id='word_1_31' title='bbox 461 596 625 650; x_wconf 80' lang='lat' dir='ltr'><strong>simul</strong></span> <span class='ocrx_word' id='word_1_32' title='bbox 649 605 702 652; x_wconf 92' lang='lat' dir='ltr'><strong>et</strong></span> <span class='ocrx_word' id='word_1_33' title='bbox 734 599 947 654; x_wconf 90' lang='lat' dir='ltr'><strong>animos</strong></span> <span class='ocrx_word' id='word_1_34' title='bbox 986 599 1329 665; x_wconf 91' lang='lat' dir='ltr'><strong>auditorum,</strong></span> <span class='ocrx_word' id='word_1_35' title='bbox 1365 609 1420 655; x_wconf 90' lang='lat' dir='ltr'><strong>et</strong></span> <span class='ocrx_word' id='word_1_36' title='bbox 1471 602 1643 671; x_wconf 87' lang='lat' dir='ltr'><strong>ipsius</strong></span> <span class='ocrx_word' id='word_1_37' title='bbox 1673 612 1799 658; x_wconf 85' lang='lat' dir='ltr'><strong>ante</strong></span> <span class='ocrx_word' id='word_1_38' title='bbox 1846 604 2033 659; x_wconf 83' lang='lat' dir='ltr'><strong>omnia</strong></span> 
     </span>
    </p>
   </div>
   <div class='ocr_carea' id='block_1_6' title="bbox 457 688 2033 765">
    <p class='ocr_par' dir='ltr' id='par_1_6' title="bbox 457 688 2033 765">
     <span class='ocr_line' id='line_1_6' title="bbox 457 688 2033 765; baseline 0.007 -25"><span class='ocrx_word' id='word_1_39' title='bbox 457 688 706 743; x_wconf 76' lang='lat' dir='ltr'><strong>veritatis</strong></span> <span class='ocrx_word' id='word_1_40' title='bbox 738 696 963 745; x_wconf 84' lang='lat' dir='ltr'><strong>statum.</strong></span> <span class='ocrx_word' id='word_1_41' title='bbox 998 689 1305 745; x_wconf 79' lang='lat' dir='ltr'><strong>Vehemens</strong></span> <span class='ocrx_word' id='word_1_42' title='bbox 1344 692 1543 747; x_wconf 91' lang='lat' dir='ltr'><strong>etenim</strong></span> <span class='ocrx_word' id='word_1_43' title='bbox 1591 701 1676 746; x_wconf 85' lang='lat' dir='ltr'><strong>est</strong></span> <span class='ocrx_word' id='word_1_44' title='bbox 1720 694 1808 749; x_wconf 91' lang='lat' dir='ltr'><strong>hic</strong></span> <span class='ocrx_word' id='word_1_45' title='bbox 1842 710 2033 765; x_wconf 85' lang='lat' dir='ltr'><strong>magus</strong></span> 
     </span>
    </p>
   </div>
   <div class='ocr_carea' id='block_1_7' title="bbox 455 780 2036 855">
    <p class='ocr_par' dir='ltr' id='par_1_7' title="bbox 455 780 2036 855">
     <span class='ocr_line' id='line_1_7' title="bbox 455 780 2036 855; baseline 0.006 -22"><span class='ocrx_word' id='word_1_46' title='bbox 455 780 522 833; x_wconf 89' lang='lat' dir='ltr'><strong>ad</strong></span> <span class='ocrx_word' id='word_1_47' title='bbox 554 781 737 834; x_wconf 83' lang='lat' dir='ltr'><strong>omnia</strong></span> <span class='ocrx_word' id='word_1_48' title='bbox 767 797 1105 852; x_wconf 84' lang='lat' dir='ltr'><strong>quacunque</strong></span> <span class='ocrx_word' id='word_1_49' title='bbox 1123 783 1355 837; x_wconf 83' lang='lat' dir='ltr'><strong>voluerit</strong></span> <span class='ocrx_word' id='word_1_50' title='bbox 1380 792 1433 838; x_wconf 89' lang='lat' dir='ltr'><strong>et</strong></span> <span class='ocrx_word' id='word_1_51' title='bbox 1465 801 1630 855; x_wconf 86' lang='lat' dir='ltr'><strong>supra</strong></span> <span class='ocrx_word' id='word_1_52' title='bbox 1664 786 1883 842; x_wconf 90' lang='lat' dir='ltr'><strong>modum</strong></span> <span class='ocrx_word' id='word_1_53' title='bbox 1912 802 2036 842; x_wconf 88' lang='lat' dir='ltr'><strong>sce-</strong></span> 
     </span>
    </p>
   </div>
   <div class='ocr_carea' id='block_1_8' title="bbox 456 872 2030 946">
    <p class='ocr_par' dir='ltr' id='par_1_8' title="bbox 456 872 2030 946">
     <span class='ocr_line' id='line_1_8' title="bbox 456 872 2030 946; baseline 0.006 -24"><span class='ocrx_word' id='word_1_54' title='bbox 456 872 663 939; x_wconf 71' lang='lat' dir='ltr'><strong>lestus;</strong></span> <span class='ocrx_word' id='word_1_55' title='bbox 693 872 747 926; x_wconf 93' lang='lat' dir='ltr'><strong>in</strong></span> <span class='ocrx_word' id='word_1_56' title='bbox 783 872 1037 927; x_wconf 88' lang='lat' dir='ltr'><strong>omnibus</strong></span> <span class='ocrx_word' id='word_1_57' title='bbox 1058 874 1202 927; x_wconf 90' lang='lat' dir='ltr'><strong>enim</strong></span> <span class='ocrx_word' id='word_1_58' title='bbox 1228 889 1349 927; x_wconf 92' lang='lat' dir='ltr'><strong>eum</strong></span> <span class='ocrx_word' id='word_1_59' title='bbox 1378 874 1667 945; x_wconf 81' lang='lat' dir='ltr'><strong>diligenter</strong></span> <span class='ocrx_word' id='word_1_60' title='bbox 1687 878 2030 946; x_wconf 87' lang='lat' dir='ltr'><strong>agnovimus,</strong></span> 
     </span>
    </p>
   </div>
   <div class='ocr_carea' id='block_1_9' title="bbox 456 962 2033 1037">
    <p class='ocr_par' dir='ltr' id='par_1_9' title="bbox 456 962 2033 1037">
     <span class='ocr_line' id='line_1_9' title="bbox 456 962 2033 1037; baseline 0.004 -22"><span class='ocrx_word' id='word_1_61' title='bbox 456 971 644 1034; x_wconf 93' lang='lat' dir='ltr'><strong>utpote</strong></span> <span class='ocrx_word' id='word_1_62' title='bbox 674 966 765 1034; x_wconf 87' lang='lat' dir='ltr'><strong>qui</strong></span> <span class='ocrx_word' id='word_1_63' title='bbox 798 981 827 1019; x_wconf 89' lang='lat' dir='ltr'><strong>a</strong></span> <span class='ocrx_word' id='word_1_64' title='bbox 859 982 1029 1037; x_wconf 90' lang='lat' dir='ltr'><strong>puero</strong></span> <span class='ocrx_word' id='word_1_65' title='bbox 1062 962 1330 1021; x_wconf 88' lang='lat' dir='ltr'><strong>malorum</strong></span> <span class='ocrx_word' id='word_1_66' title='bbox 1364 968 1485 1037; x_wconf 83' lang='lat' dir='ltr'><strong>ejus</strong></span> <span class='ocrx_word' id='word_1_67' title='bbox 1538 967 1819 1023; x_wconf 85' lang='lat' dir='ltr'><strong>auditores</strong></span> <span class='ocrx_word' id='word_1_68' title='bbox 1858 968 2033 1022; x_wconf 84' lang='lat' dir='ltr'><strong>fueri-</strong></span> 
     </span>
    </p>
   </div>
   <div class='ocr_carea' id='block_1_10' title="bbox 454 1056 2032 1128">
    <p class='ocr_par' dir='ltr' id='par_1_10' title="bbox 454 1056 2032 1128">
     <span class='ocr_line' id='line_1_10' title="bbox 454 1056 2032 1128; baseline 0.006 -25"><span class='ocrx_word' id='word_1_69' title='bbox 454 1068 576 1109; x_wconf 86' lang='lat' dir='ltr'><strong>mus</strong></span> <span class='ocrx_word' id='word_1_70' title='bbox 608 1064 662 1109; x_wconf 88' lang='lat' dir='ltr'><strong>et</strong></span> <span class='ocrx_word' id='word_1_71' title='bbox 696 1056 954 1121; x_wconf 85' lang='lat' dir='ltr'><strong>ministri,</strong></span> <span class='ocrx_word' id='word_1_72' title='bbox 976 1062 1031 1111; x_wconf 90' lang='lat' dir='ltr'><strong>et</strong></span> <span class='ocrx_word' id='word_1_73' title='bbox 1066 1057 1170 1112; x_wconf 90' lang='lat' dir='ltr'><strong>nisi</strong></span> <span class='ocrx_word' id='word_1_74' title='bbox 1202 1072 1302 1110; x_wconf 92' lang='lat' dir='ltr'><strong>nos</strong></span> <span class='ocrx_word' id='word_1_75' title='bbox 1330 1058 1421 1111; x_wconf 87' lang='lat' dir='ltr'><strong>Dei</strong></span> <span class='ocrx_word' id='word_1_76' title='bbox 1446 1073 1600 1111; x_wconf 90' lang='lat' dir='ltr'><strong>amor</strong></span> <span class='ocrx_word' id='word_1_77' title='bbox 1623 1056 1934 1128; x_wconf 87' lang='lat' dir='ltr'><strong>abrupisset</strong></span> <span class='ocrx_word' id='word_1_78' title='bbox 1962 1058 2032 1113; x_wconf 86' lang='lat' dir='ltr'><strong>ab</strong></span> 
     </span>
    </p>
   </div>
   <div class='ocr_carea' id='block_1_11' title="bbox 452 1146 2034 1219">
    <p class='ocr_par' dir='ltr' id='par_1_11' title="bbox 452 1146 2034 1219">
     <span class='ocr_line' id='line_1_11' title="bbox 452 1146 2034 1219; baseline 0.004 -22"><span class='ocrx_word' id='word_1_79' title='bbox 452 1160 539 1207; x_wconf 89' lang='lat' dir='ltr'><strong>eo,</strong></span> <span class='ocrx_word' id='word_1_80' title='bbox 576 1146 633 1200; x_wconf 92' lang='lat' dir='ltr'><strong>in</strong></span> <span class='ocrx_word' id='word_1_81' title='bbox 688 1146 894 1202; x_wconf 86' lang='lat' dir='ltr'><strong>eisdem</strong></span> <span class='ocrx_word' id='word_1_82' title='bbox 940 1161 1064 1201; x_wconf 88' lang='lat' dir='ltr'><strong>cum</strong></span> <span class='ocrx_word' id='word_1_83' title='bbox 1121 1146 1241 1219; x_wconf 87' lang='lat' dir='ltr'><strong>ipso</strong></span> <span class='ocrx_word' id='word_1_84' title='bbox 1269 1148 1436 1204; x_wconf 88' lang='lat' dir='ltr'><strong>etiam</strong></span> <span class='ocrx_word' id='word_1_85' title='bbox 1488 1164 1634 1204; x_wconf 92' lang='lat' dir='ltr'><strong>nunc</strong></span> <span class='ocrx_word' id='word_1_86' title='bbox 1685 1165 2034 1205; x_wconf 84' lang='lat' dir='ltr'><strong>versaremur</strong></span> 
     </span>
    </p>
   </div>
   <div class='ocr_carea' id='block_1_12' title="bbox 454 1236 2031 1312">
    <p class='ocr_par' dir='ltr' id='par_1_12' title="bbox 454 1236 2031 1312">
     <span class='ocr_line' id='line_1_12' title="bbox 454 1236 2031 1312; baseline 0.003 -24"><span class='ocrx_word' id='word_1_87' title='bbox 454 1236 616 1293; x_wconf 91' lang='lat' dir='ltr'><strong>malis</strong></span> <span class='ocrx_word' id='word_1_88' title='bbox 643 1254 659 1304; x_wconf 87' lang='lat'><strong>;</strong></span> <span class='ocrx_word' id='word_1_89' title='bbox 695 1238 791 1293; x_wconf 91' lang='lat' dir='ltr'><strong>sed</strong></span> <span class='ocrx_word' id='word_1_90' title='bbox 824 1240 1101 1310; x_wconf 89' lang='lat' dir='ltr'><strong>ingenitus</strong></span> <span class='ocrx_word' id='word_1_91' title='bbox 1133 1240 1353 1311; x_wconf 90' lang='lat' dir='ltr'><strong>quidam</strong></span> <span class='ocrx_word' id='word_1_92' title='bbox 1384 1242 1545 1297; x_wconf 87' lang='lat' dir='ltr'><strong>nobis</strong></span> <span class='ocrx_word' id='word_1_93' title='bbox 1584 1257 1715 1312; x_wconf 84' lang='lat' dir='ltr'><strong>erga</strong></span> <span class='ocrx_word' id='word_1_94' title='bbox 1746 1238 1915 1296; x_wconf 90' lang='lat' dir='ltr'><strong>Deum</strong></span> <span class='ocrx_word' id='word_1_95' title='bbox 1948 1241 2031 1293; x_wconf 87' lang='lat' dir='ltr'><strong>af-</strong></span> 
     </span>
    </p>
   </div>
   <div class='ocr_carea' id='block_1_13' title="bbox 456 1327 2031 1401">
    <p class='ocr_par' dir='ltr' id='par_1_13' title="bbox 456 1327 2031 1401">
     <span class='ocr_line' id='line_1_13' title="bbox 456 1327 2031 1401; baseline 0.001 -19"><span class='ocrx_word' id='word_1_96' title='bbox 456 1327 652 1393; x_wconf 81' lang='lat' dir='ltr'><strong>fectus,</strong></span> <span class='ocrx_word' id='word_1_97' title='bbox 682 1333 891 1386; x_wconf 91' lang='lat' dir='ltr'><strong>scelera</strong></span> <span class='ocrx_word' id='word_1_98' title='bbox 923 1331 1143 1401; x_wconf 84' lang='lat' dir='ltr'><strong>quidem</strong></span> <span class='ocrx_word' id='word_1_99' title='bbox 1176 1331 1297 1401; x_wconf 87' lang='lat' dir='ltr'><strong>ejus</strong></span> <span class='ocrx_word' id='word_1_100' title='bbox 1320 1348 1508 1397; x_wconf 80' lang='lat' dir='ltr'><strong>exosa,</strong></span> <span class='ocrx_word' id='word_1_101' title='bbox 1542 1334 1748 1387; x_wconf 85' lang='lat' dir='ltr'><strong>cultqu</strong></span> <span class='ocrx_word' id='word_1_102' title='bbox 1773 1342 1903 1387; x_wconf 83' lang='lat' dir='ltr'><strong>&#39;vero</strong></span> <span class='ocrx_word' id='word_1_103' title='bbox 1935 1331 2031 1385; x_wconf 86' lang='lat' dir='ltr'><strong>Dei</strong></span> 
     </span>
    </p>
   </div>
   <div class='ocr_carea' id='block_1_14' title="bbox 455 1422 2031 1497">
    <p class='ocr_par' dir='ltr' id='par_1_14' title="bbox 455 1422 2031 1497">
     <span class='ocr_line' id='line_1_14' title="bbox 455 1422 2031 1497; baseline 0.004 -24"><span class='ocrx_word' id='word_1_104' title='bbox 455 1423 741 1477; x_wconf 87' lang='lat' dir='ltr'><strong>amabilem</strong></span> <span class='ocrx_word' id='word_1_105' title='bbox 773 1422 921 1479; x_wconf 90' lang='lat' dir='ltr'><strong>fecit.</strong></span> <span class='ocrx_word' id='word_1_106' title='bbox 954 1422 1108 1478; x_wconf 91' lang='lat' dir='ltr'><strong>Uude</strong></span> <span class='ocrx_word' id='word_1_107' title='bbox 1130 1434 1182 1478; x_wconf 90' lang='lat' dir='ltr'><strong>et</strong></span> <span class='ocrx_word' id='word_1_108' title='bbox 1204 1425 1441 1479; x_wconf 90' lang='lat' dir='ltr'><strong>arbitror</strong></span> <span class='ocrx_word' id='word_1_109' title='bbox 1470 1438 1607 1497; x_wconf 86' lang='lat' dir='ltr'><strong>opus</strong></span> <span class='ocrx_word' id='word_1_110' title='bbox 1635 1426 1804 1480; x_wconf 90' lang='lat' dir='ltr'><strong>fuisse</strong></span> <span class='ocrx_word' id='word_1_111' title='bbox 1835 1424 2031 1479; x_wconf 84' lang='lat' dir='ltr'><strong>divina</strong></span> 
     </span>
    </p>
   </div>
   <div class='ocr_carea' id='block_1_15' title="bbox 455 1514 2030 1585">
    <p class='ocr_par' dir='ltr' id='par_1_15' title="bbox 455 1514 2030 1585">
     <span class='ocr_line' id='line_1_15' title="bbox 455 1514 2030 1585; baseline 0.003 -20"><span class='ocrx_word' id='word_1_112' title='bbox 455 1514 830 1582; x_wconf 92' lang='lat' dir='ltr'><strong>providentia,</strong></span> <span class='ocrx_word' id='word_1_113' title='bbox 882 1524 941 1569; x_wconf 92' lang='lat' dir='ltr'><strong>ut</strong></span> <span class='ocrx_word' id='word_1_114' title='bbox 980 1531 1080 1569; x_wconf 90' lang='lat' dir='ltr'><strong>nos</strong></span> <span class='ocrx_word' id='word_1_115' title='bbox 1118 1516 1293 1585; x_wconf 91' lang='lat' dir='ltr'><strong>primo</strong></span> <span class='ocrx_word' id='word_1_116' title='bbox 1354 1515 1653 1571; x_wconf 83' lang='lat' dir='ltr'><strong>familiares</strong></span> <span class='ocrx_word' id='word_1_117' title='bbox 1697 1516 1817 1584; x_wconf 85' lang='lat' dir='ltr'><strong>ejus</strong></span> <span class='ocrx_word' id='word_1_118' title='bbox 1850 1516 2030 1570; x_wconf 77' lang='lat' dir='ltr'><strong>effecti</strong></span> 
     </span>
    </p>
   </div>
   <div class='ocr_carea' id='block_1_16' title="bbox 454 1606 2031 1679">
    <p class='ocr_par' dir='ltr' id='par_1_16' title="bbox 454 1606 2031 1679">
     <span class='ocr_line' id='line_1_16' title="bbox 454 1606 2031 1679; baseline 0.002 -22"><span class='ocrx_word' id='word_1_119' title='bbox 454 1606 707 1659; x_wconf 83' lang='lat' dir='ltr'><strong>notitiam</strong></span> <span class='ocrx_word' id='word_1_120' title='bbox 739 1621 1061 1676; x_wconf 86' lang='lat' dir='ltr'><strong>caperemus</strong></span> <span class='ocrx_word' id='word_1_121' title='bbox 1085 1608 1379 1677; x_wconf 90' lang='lat' dir='ltr'><strong>quomodo,</strong></span> <span class='ocrx_word' id='word_1_122' title='bbox 1411 1608 1495 1662; x_wconf 89' lang='lat' dir='ltr'><strong>vel</strong></span> <span class='ocrx_word' id='word_1_123' title='bbox 1519 1608 1667 1677; x_wconf 85' lang='lat' dir='ltr'><strong>quali</strong></span> <span class='ocrx_word' id='word_1_124' title='bbox 1695 1617 1814 1662; x_wconf 87' lang='lat' dir='ltr'><strong>arte</strong></span> <span class='ocrx_word' id='word_1_125' title='bbox 1846 1607 2031 1679; x_wconf 87' lang='lat' dir='ltr'><strong>prodi-</strong></span> 
     </span>
    </p>
   </div>
   <div class='ocr_carea' id='block_1_17' title="bbox 454 1696 2029 1770">
    <p class='ocr_par' dir='ltr' id='par_1_17' title="bbox 454 1696 2029 1770">
     <span class='ocr_line' id='line_1_17' title="bbox 454 1696 2029 1770; baseline 0.003 -21"><span class='ocrx_word' id='word_1_126' title='bbox 454 1696 564 1766; x_wconf 87' lang='lat' dir='ltr'><strong>gia,</strong></span> <span class='ocrx_word' id='word_1_127' title='bbox 596 1713 716 1767; x_wconf 87' lang='lat' dir='ltr'><strong>qua</strong></span> <span class='ocrx_word' id='word_1_128' title='bbox 746 1697 929 1753; x_wconf 90' lang='lat' dir='ltr'><strong>facere</strong></span> <span class='ocrx_word' id='word_1_129' title='bbox 959 1699 1177 1753; x_wconf 90' lang='lat' dir='ltr'><strong>videtur</strong></span> <span class='ocrx_word' id='word_1_130' title='bbox 1212 1698 1437 1755; x_wconf 81' lang='lat' dir='ltr'><strong>efﬁciat.</strong></span> <span class='ocrx_word' id='word_1_131' title='bbox 1463 1698 1596 1765; x_wconf 89' lang='lat' dir='ltr'><strong>Quis</strong></span> <span class='ocrx_word' id='word_1_132' title='bbox 1624 1699 1770 1753; x_wconf 90' lang='lat' dir='ltr'><strong>enim</strong></span> <span class='ocrx_word' id='word_1_133' title='bbox 1799 1708 1909 1764; x_wconf 89' lang='lat' dir='ltr'><strong>est,</strong></span> <span class='ocrx_word' id='word_1_134' title='bbox 1936 1701 2029 1770; x_wconf 86' lang='lat' dir='ltr'><strong>qui</strong></span> 
     </span>
    </p>
   </div>
   <div class='ocr_carea' id='block_1_18' title="bbox 2134 509 3721 582">
    <p class='ocr_par' dir='ltr' id='par_1_18' title="bbox 2134 509 3721 582">
     <span class='ocr_line' id='line_1_18' title="bbox 2134 509 3721 582; baseline 0.003 -17"><span class='ocrx_word' id='word_1_135' title='bbox 2134 512 2309 577; x_wconf 82' lang='lat' dir='ltr'><strong>mala,</strong></span> <span class='ocrx_word' id='word_1_136' title='bbox 2342 516 2401 565; x_wconf 91' lang='lat' dir='ltr'><strong>ut</strong></span> <span class='ocrx_word' id='word_1_137' title='bbox 2432 511 2693 573; x_wconf 80' lang='lat' dir='ltr'><strong>diximus,</strong></span> <span class='ocrx_word' id='word_1_138' title='bbox 2727 511 2915 582; x_wconf 88' lang='lat' dir='ltr'><strong>gloria</strong></span> <span class='ocrx_word' id='word_1_139' title='bbox 2946 509 3180 581; x_wconf 87' lang='lat' dir='ltr'><strong>cupidus</strong></span> <span class='ocrx_word' id='word_1_140' title='bbox 3212 511 3427 568; x_wconf 88' lang='lat' dir='ltr'><strong>accedit</strong></span> <span class='ocrx_word' id='word_1_141' title='bbox 3456 513 3527 567; x_wconf 90' lang='lat' dir='ltr'><strong>ad</strong></span> <span class='ocrx_word' id='word_1_142' title='bbox 3560 511 3721 569; x_wconf 71' lang='lat' dir='ltr'><strong>Dosio</strong></span> 
     </span>
    </p>
   </div>
   <div class='ocr_carea' id='block_1_19' title="bbox 2134 602 3721 673">
    <p class='ocr_par' dir='ltr' id='par_1_19' title="bbox 2134 602 3721 673">
     <span class='ocr_line' id='line_1_19' title="bbox 2134 602 3721 673; baseline 0.002 -17"><span class='ocrx_word' id='word_1_143' title='bbox 2134 603 2320 657; x_wconf 92' lang='lat' dir='ltr'><strong>theum</strong></span> <span class='ocrx_word' id='word_1_144' title='bbox 2352 612 2407 657; x_wconf 89' lang='lat' dir='ltr'><strong>et</strong></span> <span class='ocrx_word' id='word_1_145' title='bbox 2438 603 2715 657; x_wconf 88' lang='lat' dir='ltr'><strong>simulatis</strong></span> <span class='ocrx_word' id='word_1_146' title='bbox 2750 602 3011 655; x_wconf 87' lang='lat' dir='ltr'><strong>amicitiis</strong></span> <span class='ocrx_word' id='word_1_147' title='bbox 3057 610 3268 667; x_wconf 89' lang='lat' dir='ltr'><strong>exorat,</strong></span> <span class='ocrx_word' id='word_1_148' title='bbox 3301 611 3361 656; x_wconf 94' lang='lat' dir='ltr'><strong>ut</strong></span> <span class='ocrx_word' id='word_1_149' title='bbox 3406 603 3454 657; x_wconf 91' lang='lat' dir='ltr'><strong>si</strong></span> <span class='ocrx_word' id='word_1_150' title='bbox 3495 608 3721 673; x_wconf 82' lang='lat' dir='ltr'><strong>quando</strong></span> 
     </span>
    </p>
   </div>
   <div class='ocr_carea' id='block_1_20' title="bbox 2134 693 3722 765">
    <p class='ocr_par' dir='ltr' id='par_1_20' title="bbox 2134 693 3722 765">
     <span class='ocr_line' id='line_1_20' title="bbox 2134 693 3722 765; baseline 0 -17"><span class='ocrx_word' id='word_1_151' title='bbox 2134 694 2334 765; x_wconf 90' lang='lat' dir='ltr'><strong>aliquis</strong></span> <span class='ocrx_word' id='word_1_152' title='bbox 2368 709 2435 749; x_wconf 91' lang='lat' dir='ltr'><strong>ex</strong></span> <span class='ocrx_word' id='word_1_153' title='bbox 2466 694 2574 749; x_wconf 88' lang='lat' dir='ltr'><strong>illis</strong></span> <span class='ocrx_word' id='word_1_154' title='bbox 2604 693 2825 763; x_wconf 79' lang='lat' dir='ltr'><strong>triginta</strong></span> <span class='ocrx_word' id='word_1_155' title='bbox 2872 693 3102 757; x_wconf 88' lang='lat' dir='ltr'><strong>obisset,</strong></span> <span class='ocrx_word' id='word_1_156' title='bbox 3150 694 3204 746; x_wconf 91' lang='lat' dir='ltr'><strong>iu</strong></span> <span class='ocrx_word' id='word_1_157' title='bbox 3231 693 3412 748; x_wconf 91' lang='lat' dir='ltr'><strong>locum</strong></span> <span class='ocrx_word' id='word_1_158' title='bbox 3469 693 3722 749; x_wconf 81' lang='lat' dir='ltr'><strong>defuncti</strong></span> 
     </span>
    </p>
   </div>
   <div class='ocr_carea' id='block_1_21' title="bbox 2134 785 3726 855">
    <p class='ocr_par' dir='ltr' id='par_1_21' title="bbox 2134 785 3726 855">
     <span class='ocr_line' id='line_1_21' title="bbox 2134 785 3726 855; baseline -0.003 -12"><span class='ocrx_word' id='word_1_159' title='bbox 2134 803 2193 843; x_wconf 88' lang='lat' dir='ltr'><strong>se</strong></span> <span class='ocrx_word' id='word_1_160' title='bbox 2218 787 2484 842; x_wconf 91' lang='lat' dir='ltr'><strong>continuo</strong></span> <span class='ocrx_word' id='word_1_161' title='bbox 2502 785 2867 855; x_wconf 88' lang='lat' dir='ltr'><strong>subrugaret;</strong></span> <span class='ocrx_word' id='word_1_162' title='bbox 2911 785 3039 855; x_wconf 86' lang='lat' dir='ltr'><strong>quia</strong></span> <span class='ocrx_word' id='word_1_163' title='bbox 3076 801 3255 855; x_wconf 89' lang='lat' dir='ltr'><strong>neque</strong></span> <span class='ocrx_word' id='word_1_164' title='bbox 3306 793 3586 841; x_wconf 88' lang='lat' dir='ltr'><strong>statutum</strong></span> <span class='ocrx_word' id='word_1_165' title='bbox 3620 802 3726 839; x_wconf 80' lang='lat' dir='ltr'><strong>nu-</strong></span> 
     </span>
    </p>
   </div>
   <div class='ocr_carea' id='block_1_22' title="bbox 2133 875 3722 948">
    <p class='ocr_par' dir='ltr' id='par_1_22' title="bbox 2133 875 3722 948">
     <span class='ocr_line' id='line_1_22' title="bbox 2133 875 3722 948; baseline -0.001 -15"><span class='ocrx_word' id='word_1_166' title='bbox 2133 894 2341 933; x_wconf 84' lang='lat' dir='ltr'><strong>merum</strong></span> <span class='ocrx_word' id='word_1_167' title='bbox 2361 879 2629 933; x_wconf 81' lang='lat' dir='ltr'><strong>excedere</strong></span> <span class='ocrx_word' id='word_1_168' title='bbox 2658 878 2803 948; x_wconf 91' lang='lat' dir='ltr'><strong>apud</strong></span> <span class='ocrx_word' id='word_1_169' title='bbox 2832 892 2928 932; x_wconf 90' lang='lat' dir='ltr'><strong>eos</strong></span> <span class='ocrx_word' id='word_1_170' title='bbox 2965 875 3047 934; x_wconf 89' lang='lat' dir='ltr'><strong>fas</strong></span> <span class='ocrx_word' id='word_1_171' title='bbox 3075 885 3215 939; x_wconf 89' lang='lat' dir='ltr'><strong>erat,</strong></span> <span class='ocrx_word' id='word_1_172' title='bbox 3247 894 3428 947; x_wconf 88' lang='lat' dir='ltr'><strong>neque</strong></span> <span class='ocrx_word' id='word_1_173' title='bbox 3466 879 3722 947; x_wconf 84' lang='lat' dir='ltr'><strong>ignotum</strong></span> 
     </span>
    </p>
   </div>
   <div class='ocr_carea' id='block_1_23' title="bbox 2133 968 3725 1041">
    <p class='ocr_par' dir='ltr' id='par_1_23' title="bbox 2133 968 3725 1041">
     <span class='ocr_line' id='line_1_23' title="bbox 2133 968 3725 1041; baseline -0.001 -18"><span class='ocrx_word' id='word_1_174' title='bbox 2133 972 2368 1041; x_wconf 82' lang='lat' dir='ltr'><strong>aliquem</strong></span> <span class='ocrx_word' id='word_1_175' title='bbox 2400 972 2643 1025; x_wconf 89' lang='lat' dir='ltr'><strong>inserere</strong></span> <span class='ocrx_word' id='word_1_176' title='bbox 2670 977 2764 1023; x_wconf 90' lang='lat' dir='ltr'><strong>aut</strong></span> <span class='ocrx_word' id='word_1_177' title='bbox 2792 970 3033 1025; x_wconf 82' lang='lat' dir='ltr'><strong>nondum</strong></span> <span class='ocrx_word' id='word_1_178' title='bbox 3089 968 3418 1038; x_wconf 84' lang='lat' dir='ltr'><strong>probatum;</strong></span> <span class='ocrx_word' id='word_1_179' title='bbox 3474 968 3626 1021; x_wconf 90' lang='lat' dir='ltr'><strong>unde</strong></span> <span class='ocrx_word' id='word_1_180' title='bbox 3668 975 3725 1022; x_wconf 82' lang='lat' dir='ltr'><strong>et</strong></span> 
     </span>
    </p>
   </div>
   <div class='ocr_carea' id='block_1_24' title="bbox 2131 1059 3727 1132">
    <p class='ocr_par' dir='ltr' id='par_1_24' title="bbox 2131 1059 3727 1132">
     <span class='ocr_line' id='line_1_24' title="bbox 2131 1059 3727 1132; baseline -0.001 -17"><span class='ocrx_word' id='word_1_181' title='bbox 2131 1060 2314 1116; x_wconf 79' lang='lat' dir='ltr'><strong>cateri</strong></span> <span class='ocrx_word' id='word_1_182' title='bbox 2346 1060 2632 1116; x_wconf 85' lang='lat' dir='ltr'><strong>studentes</strong></span> <span class='ocrx_word' id='word_1_183' title='bbox 2657 1060 2958 1132; x_wconf 80' lang='lat' dir='ltr'><strong>digniloco</strong></span> <span class='ocrx_word' id='word_1_184' title='bbox 2991 1076 3055 1114; x_wconf 91' lang='lat' dir='ltr'><strong>ac</strong></span> <span class='ocrx_word' id='word_1_185' title='bbox 3088 1076 3319 1114; x_wconf 89' lang='lat' dir='ltr'><strong>numero</strong></span> <span class='ocrx_word' id='word_1_186' title='bbox 3347 1059 3490 1123; x_wconf 83' lang='lat' dir='ltr'><strong>ﬁeri,</strong></span> <span class='ocrx_word' id='word_1_187' title='bbox 3522 1075 3727 1114; x_wconf 82' lang='lat' dir='ltr'><strong>secun-</strong></span> 
     </span>
    </p>
   </div>
   <div class='ocr_carea' id='block_1_25' title="bbox 2132 1146 3721 1221">
    <p class='ocr_par' dir='ltr' id='par_1_25' title="bbox 2132 1146 3721 1221">
     <span class='ocr_line' id='line_1_25' title="bbox 2132 1146 3721 1221; baseline -0.005 -17"><span class='ocrx_word' id='word_1_188' title='bbox 2132 1151 2261 1205; x_wconf 90' lang='lat' dir='ltr'><strong>dum</strong></span> <span class='ocrx_word' id='word_1_189' title='bbox 2288 1152 2451 1205; x_wconf 82' lang='lat' dir='ltr'><strong>secta</strong></span> <span class='ocrx_word' id='word_1_190' title='bbox 2473 1168 2586 1207; x_wconf 74' lang='lat' dir='ltr'><strong>sua</strong></span> <span class='ocrx_word' id='word_1_191' title='bbox 2611 1150 2867 1206; x_wconf 90' lang='lat' dir='ltr'><strong>instituta</strong></span> <span class='ocrx_word' id='word_1_192' title='bbox 2892 1151 3107 1221; x_wconf 81' lang='lat' dir='ltr'><strong>placere</strong></span> <span class='ocrx_word' id='word_1_193' title='bbox 3122 1166 3219 1221; x_wconf 88' lang='lat' dir='ltr'><strong>per</strong></span> <span class='ocrx_word' id='word_1_194' title='bbox 3239 1150 3423 1203; x_wconf 88' lang='lat' dir='ltr'><strong>omnia</strong></span> <span class='ocrx_word' id='word_1_195' title='bbox 3446 1146 3721 1219; x_wconf 86' lang='lat' dir='ltr'><strong>gestiunt,</strong></span> 
     </span>
    </p>
   </div>
   <div class='ocr_carea' id='block_1_26' title="bbox 2132 1240 3723 1313">
    <p class='ocr_par' dir='ltr' id='par_1_26' title="bbox 2132 1240 3723 1313">
     <span class='ocr_line' id='line_1_26' title="bbox 2132 1240 3723 1313; baseline -0.003 -18"><span class='ocrx_word' id='word_1_196' title='bbox 2132 1259 2240 1313; x_wconf 89' lang='lat' dir='ltr'><strong>quo</strong></span> <span class='ocrx_word' id='word_1_197' title='bbox 2270 1243 2443 1311; x_wconf 91' lang='lat' dir='ltr'><strong>possit</strong></span> <span class='ocrx_word' id='word_1_198' title='bbox 2466 1243 2851 1311; x_wconf 86' lang='lat' dir='ltr'><strong>unusquisque</strong></span> <span class='ocrx_word' id='word_1_199' title='bbox 2880 1258 2947 1296; x_wconf 90' lang='lat' dir='ltr'><strong>ex</strong></span> <span class='ocrx_word' id='word_1_200' title='bbox 2989 1241 3077 1295; x_wconf 87' lang='lat' dir='ltr'><strong>bis</strong></span> <span class='ocrx_word' id='word_1_201' title='bbox 3099 1240 3191 1310; x_wconf 87' lang='lat' dir='ltr'><strong>qui</strong></span> <span class='ocrx_word' id='word_1_202' title='bbox 3235 1241 3385 1293; x_wconf 86' lang='lat' dir='ltr'><strong>illum</strong></span> <span class='ocrx_word' id='word_1_203' title='bbox 3423 1252 3723 1293; x_wconf 80' lang='lat' dir='ltr'><strong>numerum</strong></span> 
     </span>
    </p>
   </div>
   <div class='ocr_carea' id='block_1_27' title="bbox 2133 1326 3723 1401">
    <p class='ocr_par' dir='ltr' id='par_1_27' title="bbox 2133 1326 3723 1401">
     <span class='ocr_line' id='line_1_27' title="bbox 2133 1326 3723 1401; baseline -0.004 -16"><span class='ocrx_word' id='word_1_204' title='bbox 2133 1338 2463 1401; x_wconf 89' lang='lat' dir='ltr'><strong>sequuntur,</strong></span> <span class='ocrx_word' id='word_1_205' title='bbox 2498 1346 2623 1384; x_wconf 90' lang='lat' dir='ltr'><strong>cum</strong></span> <span class='ocrx_word' id='word_1_206' title='bbox 2648 1330 2786 1385; x_wconf 88' lang='lat' dir='ltr'><strong>forte</strong></span> <span class='ocrx_word' id='word_1_207' title='bbox 2812 1330 3034 1399; x_wconf 81' lang='lat' dir='ltr'><strong>aliquis,</strong></span> <span class='ocrx_word' id='word_1_208' title='bbox 3071 1340 3131 1383; x_wconf 92' lang='lat' dir='ltr'><strong>ut</strong></span> <span class='ocrx_word' id='word_1_209' title='bbox 3169 1328 3431 1393; x_wconf 80' lang='lat' dir='ltr'><strong>diximus,</strong></span> <span class='ocrx_word' id='word_1_210' title='bbox 3461 1326 3723 1381; x_wconf 82' lang='lat' dir='ltr'><strong>decesse-</strong></span> 
     </span>
    </p>
   </div>
   <div class='ocr_carea' id='block_1_28' title="bbox 2132 1412 3725 1492">
    <p class='ocr_par' dir='ltr' id='par_1_28' title="bbox 2132 1412 3725 1492">
     <span class='ocr_line' id='line_1_28' title="bbox 2132 1412 3725 1492; baseline -0.005 -16"><span class='ocrx_word' id='word_1_211' title='bbox 2132 1424 2225 1486; x_wconf 76' lang='lat' dir='ltr'><strong>rit,</strong></span> <span class='ocrx_word' id='word_1_212' title='bbox 2260 1421 2461 1492; x_wconf 85' lang='lat' dir='ltr'><strong>dignus</strong></span> <span class='ocrx_word' id='word_1_213' title='bbox 2492 1420 2688 1484; x_wconf 83' lang='lat' dir='ltr'><strong>videri,</strong></span> <span class='ocrx_word' id='word_1_214' title='bbox 2723 1421 2817 1489; x_wconf 88' lang='lat' dir='ltr'><strong>qui</strong></span> <span class='ocrx_word' id='word_1_215' title='bbox 2847 1420 2901 1473; x_wconf 91' lang='lat' dir='ltr'><strong>in</strong></span> <span class='ocrx_word' id='word_1_216' title='bbox 2930 1420 3111 1473; x_wconf 90' lang='lat' dir='ltr'><strong>locum</strong></span> <span class='ocrx_word' id='word_1_217' title='bbox 3144 1419 3392 1473; x_wconf 85' lang='lat' dir='ltr'><strong>defuncti</strong></span> <span class='ocrx_word' id='word_1_218' title='bbox 3448 1412 3725 1472; x_wconf 87' lang='lat' dir='ltr'><strong>substitui</strong></span> 
     </span>
    </p>
   </div>
   <div class='ocr_carea' id='block_1_29' title="bbox 2131 1508 3723 1581">
    <p class='ocr_par' dir='ltr' id='par_1_29' title="bbox 2131 1508 3723 1581">
     <span class='ocr_line' id='line_1_29' title="bbox 2131 1508 3723 1581; baseline -0.005 -16"><span class='ocrx_word' id='word_1_219' title='bbox 2131 1511 2350 1565; x_wconf 87' lang='lat' dir='ltr'><strong>debeat.</strong></span> <span class='ocrx_word' id='word_1_220' title='bbox 2383 1509 2556 1581; x_wconf 88' lang='lat' dir='ltr'><strong>Igitur</strong></span> <span class='ocrx_word' id='word_1_221' title='bbox 2587 1508 2880 1564; x_wconf 88' lang='lat' dir='ltr'><strong>Dositheus</strong></span> <span class='ocrx_word' id='word_1_222' title='bbox 2909 1510 3160 1578; x_wconf 89' lang='lat' dir='ltr'><strong>plurimis</strong></span> <span class='ocrx_word' id='word_1_223' title='bbox 3187 1509 3254 1562; x_wconf 85' lang='lat' dir='ltr'><strong>ab</strong></span> <span class='ocrx_word' id='word_1_224' title='bbox 3285 1510 3392 1562; x_wconf 91' lang='lat' dir='ltr'><strong>hoc</strong></span> <span class='ocrx_word' id='word_1_225' title='bbox 3429 1516 3723 1568; x_wconf 85' lang='lat' dir='ltr'><strong>exoratus,</strong></span> 
     </span>
    </p>
   </div>
   <div class='ocr_carea' id='block_1_30' title="bbox 2132 1594 3727 1677">
    <p class='ocr_par' dir='ltr' id='par_1_30' title="bbox 2132 1594 3727 1677">
     <span class='ocr_line' id='line_1_30' title="bbox 2132 1594 3727 1677; baseline -0.004 -22"><span class='ocrx_word' id='word_1_226' title='bbox 2132 1601 2223 1655; x_wconf 87' lang='lat' dir='ltr'><strong>ubi</strong></span> <span class='ocrx_word' id='word_1_227' title='bbox 2256 1599 2410 1656; x_wconf 92' lang='lat' dir='ltr'><strong>locus</strong></span> <span class='ocrx_word' id='word_1_228' title='bbox 2439 1600 2583 1654; x_wconf 91' lang='lat' dir='ltr'><strong>intra</strong></span> <span class='ocrx_word' id='word_1_229' title='bbox 2618 1612 2909 1654; x_wconf 89' lang='lat' dir='ltr'><strong>numerum</strong></span> <span class='ocrx_word' id='word_1_230' title='bbox 2943 1597 3123 1654; x_wconf 90' lang='lat' dir='ltr'><strong>factus</strong></span> <span class='ocrx_word' id='word_1_231' title='bbox 3151 1606 3258 1663; x_wconf 87' lang='lat' dir='ltr'><strong>est,</strong></span> <span class='ocrx_word' id='word_1_232' title='bbox 3293 1597 3608 1653; x_wconf 80' lang='lat' dir='ltr'><strong>introduxit</strong></span> <span class='ocrx_word' id='word_1_233' title='bbox 3638 1594 3727 1677; x_wconf 64' lang='grc' dir='ltr'><strong>δίε</strong></span> 
     </span>
    </p>
   </div>
   <div class='ocr_carea' id='block_1_31' title="bbox 2132 1710 2372 1749">
    <p class='ocr_par' dir='ltr' id='par_1_31' title="bbox 2132 1710 2372 1749">
     <span class='ocr_line' id='line_1_31' title="bbox 2132 1710 2372 1749; baseline -0.008 0"><span class='ocrx_word' id='word_1_234' title='bbox 2132 1710 2372 1749; x_wconf 89' lang='lat' dir='ltr'><strong>monem.</strong></span> 
     </span>
    </p>
   </div>
   <div class='ocr_carea' id='block_1_32' title="bbox 454 1762 3723 1860">
    <p class='ocr_par' dir='ltr' id='par_1_32' title="bbox 454 1762 3723 1860">
     <span class='ocr_line' id='line_1_32' title="bbox 454 1762 3723 1860; baseline -0.001 -19"><span class='ocrx_word' id='word_1_235' title='bbox 454 1762 565 1844; x_wconf 76' lang='lat' dir='ltr'><strong>non</strong></span> <span class='ocrx_word' id='word_1_236' title='bbox 595 1762 951 1859; x_wconf 78' lang='lat' dir='ltr'><strong>obstupescat</strong></span> <span class='ocrx_word' id='word_1_237' title='bbox 981 1806 1146 1860; x_wconf 88' lang='lat' dir='ltr'><strong>super</strong></span> <span class='ocrx_word' id='word_1_238' title='bbox 1169 1790 1276 1853; x_wconf 91' lang='lat' dir='ltr'><strong>his,</strong></span> <span class='ocrx_word' id='word_1_239' title='bbox 1302 1806 1423 1860; x_wconf 86' lang='lat' dir='ltr'><strong>qua</strong></span> <span class='ocrx_word' id='word_1_240' title='bbox 1454 1762 1609 1854; x_wconf 79' lang='lat' dir='ltr'><strong>facit,</strong></span> <span class='ocrx_word' id='word_1_241' title='bbox 1656 1762 2027 1855; x_wconf 78' lang='lat' dir='ltr'><strong>mirabilibus,</strong></span> <span class='ocrx_word' id='word_1_242' title='bbox 2062 1805 2105 1859; x_wconf 74' lang='grc' dir='ltr'><strong><em>Β</em></strong></span> <span class='ocrx_word' id='word_1_243' title='bbox 2202 1782 2294 1839; x_wconf 75' lang='grc' dir='ltr'><strong>ΙΧ.</strong></span> <span class='ocrx_word' id='word_1_244' title='bbox 2331 1782 2438 1839; x_wconf 82' lang='lat' dir='ltr'><strong>Sed</strong></span> <span class='ocrx_word' id='word_1_245' title='bbox 2471 1783 2560 1839; x_wconf 80' lang='lat' dir='ltr'><strong>hic</strong></span> <span class='ocrx_word' id='word_1_246' title='bbox 2594 1796 2704 1838; x_wconf 84' lang='lat' dir='ltr'><strong>non</strong></span> <span class='ocrx_word' id='word_1_247' title='bbox 2736 1783 2908 1837; x_wconf 64' lang='lat' dir='ltr'><strong>multo</strong></span> <span class='ocrx_word' id='word_1_248' title='bbox 2954 1790 3077 1851; x_wconf 77' lang='lat' dir='ltr'><strong>post</strong></span> <span class='ocrx_word' id='word_1_249' title='bbox 3110 1780 3307 1836; x_wconf 67' lang='lat' dir='ltr'><strong>incidit</strong></span> <span class='ocrx_word' id='word_1_250' title='bbox 3356 1780 3415 1835; x_wconf 79' lang='lat' dir='ltr'><strong>in</strong></span> <span class='ocrx_word' id='word_1_251' title='bbox 3473 1762 3723 1835; x_wconf 52' lang='lat' dir='ltr'><strong>amorem</strong></span> 
     </span>
    </p>
   </div>
   <div class='ocr_carea' id='block_1_33' title="bbox 454 1879 2026 1949">
    <p class='ocr_par' dir='ltr' id='par_1_33' title="bbox 454 1879 2026 1949">
     <span class='ocr_line' id='line_1_33' title="bbox 454 1879 2026 1949; baseline 0.001 -17"><span class='ocrx_word' id='word_1_252' title='bbox 454 1886 515 1932; x_wconf 90' lang='lat' dir='ltr'><strong>ut</strong></span> <span class='ocrx_word' id='word_1_253' title='bbox 544 1886 697 1949; x_wconf 92' lang='lat' dir='ltr'><strong>putet</strong></span> <span class='ocrx_word' id='word_1_254' title='bbox 721 1895 843 1934; x_wconf 85' lang='lat' dir='ltr'><strong>eum</strong></span> <span class='ocrx_word' id='word_1_255' title='bbox 880 1880 947 1934; x_wconf 89' lang='lat' dir='ltr'><strong>de</strong></span> <span class='ocrx_word' id='word_1_256' title='bbox 978 1881 1133 1935; x_wconf 72' lang='lat' dir='ltr'><strong>cmlis</strong></span> <span class='ocrx_word' id='word_1_257' title='bbox 1164 1879 1333 1933; x_wconf 88' lang='lat' dir='ltr'><strong>Deum</strong></span> <span class='ocrx_word' id='word_1_258' title='bbox 1369 1880 1435 1934; x_wconf 89' lang='lat' dir='ltr'><strong>ad</strong></span> <span class='ocrx_word' id='word_1_259' title='bbox 1470 1881 1702 1935; x_wconf 88' lang='lat' dir='ltr'><strong>salutem</strong></span> <span class='ocrx_word' id='word_1_260' title='bbox 1743 1880 2026 1935; x_wconf 78' lang='lat' dir='ltr'><strong>hominUm</strong></span> 
     </span>
    </p>
   </div>
   <div class='ocr_carea' id='block_1_34' title="bbox 455 1968 2029 2040">
    <p class='ocr_par' dir='ltr' id='par_1_34' title="bbox 455 1968 2029 2040">
     <span class='ocr_line' id='line_1_34' title="bbox 455 1968 2029 2040; baseline 0.002 -17"><span class='ocrx_word' id='word_1_261' title='bbox 455 1968 841 2025; x_wconf 78' lang='lat' dir='ltr'><strong>descendisse?</strong></span> <span class='ocrx_word' id='word_1_262' title='bbox 888 1968 1000 2040; x_wconf 87' lang='lat' dir='ltr'><strong>Ego</strong></span> <span class='ocrx_word' id='word_1_263' title='bbox 1035 1971 1103 2025; x_wconf 89' lang='lat' dir='ltr'><strong>de</strong></span> <span class='ocrx_word' id='word_1_264' title='bbox 1141 1972 1350 2040; x_wconf 90' lang='lat' dir='ltr'><strong>meipso</strong></span> <span class='ocrx_word' id='word_1_265' title='bbox 1379 1970 1577 2035; x_wconf 90' lang='lat' dir='ltr'><strong>fateor,</strong></span> <span class='ocrx_word' id='word_1_266' title='bbox 1635 1970 1742 2026; x_wconf 89' lang='lat' dir='ltr'><strong>nisi</strong></span> <span class='ocrx_word' id='word_1_267' title='bbox 1796 1970 2029 2026; x_wconf 88' lang='lat' dir='ltr'><strong>interius</strong></span> 
     </span>
    </p>
   </div>
   <div class='ocr_carea' id='block_1_35' title="bbox 452 2060 2028 2131">
    <p class='ocr_par' dir='ltr' id='par_1_35' title="bbox 452 2060 2028 2131">
     <span class='ocr_line' id='line_1_35' title="bbox 452 2060 2028 2131; baseline 0 -17"><span class='ocrx_word' id='word_1_268' title='bbox 452 2075 578 2114; x_wconf 85' lang='lat' dir='ltr'><strong>eum</strong></span> <span class='ocrx_word' id='word_1_269' title='bbox 608 2060 862 2123; x_wconf 88' lang='lat' dir='ltr'><strong>scissem,</strong></span> <span class='ocrx_word' id='word_1_270' title='bbox 890 2068 946 2116; x_wconf 94' lang='lat' dir='ltr'><strong>et</strong></span> <span class='ocrx_word' id='word_1_271' title='bbox 975 2060 1347 2117; x_wconf 89' lang='lat' dir='ltr'><strong>interfuissem</strong></span> <span class='ocrx_word' id='word_1_272' title='bbox 1379 2061 1596 2115; x_wconf 88' lang='lat' dir='ltr'><strong>actibus</strong></span> <span class='ocrx_word' id='word_1_273' title='bbox 1634 2061 1777 2129; x_wconf 88' lang='lat' dir='ltr'><strong>ejus,</strong></span> <span class='ocrx_word' id='word_1_274' title='bbox 1814 2060 2028 2131; x_wconf 89' lang='lat' dir='ltr'><strong>subripi</strong></span> 
     </span>
    </p>
   </div>
   <div class='ocr_carea' id='block_1_36' title="bbox 454 2150 2031 2221">
    <p class='ocr_par' dir='ltr' id='par_1_36' title="bbox 454 2150 2031 2221">
     <span class='ocr_line' id='line_1_36' title="bbox 454 2150 2031 2221; baseline 0.003 -18"><span class='ocrx_word' id='word_1_275' title='bbox 454 2150 586 2204; x_wconf 88' lang='lat' dir='ltr'><strong>mihi</strong></span> <span class='ocrx_word' id='word_1_276' title='bbox 617 2150 775 2205; x_wconf 90' lang='lat' dir='ltr'><strong>facile</strong></span> <span class='ocrx_word' id='word_1_277' title='bbox 795 2151 1091 2221; x_wconf 89' lang='lat' dir='ltr'><strong>potuisset;</strong></span> <span class='ocrx_word' id='word_1_278' title='bbox 1118 2151 1261 2205; x_wconf 91' lang='lat' dir='ltr'><strong>unde</strong></span> <span class='ocrx_word' id='word_1_279' title='bbox 1283 2166 1393 2205; x_wconf 94' lang='lat' dir='ltr'><strong>non</strong></span> <span class='ocrx_word' id='word_1_280' title='bbox 1416 2150 1518 2205; x_wconf 92' lang='lat' dir='ltr'><strong>fuit</strong></span> <span class='ocrx_word' id='word_1_281' title='bbox 1542 2166 1799 2221; x_wconf 87' lang='lat' dir='ltr'><strong>magnum</strong></span> <span class='ocrx_word' id='word_1_282' title='bbox 1831 2166 1932 2207; x_wconf 91' lang='lat' dir='ltr'><strong>nos</strong></span> <span class='ocrx_word' id='word_1_283' title='bbox 1961 2152 2031 2207; x_wconf 82' lang='lat' dir='ltr'><strong>ab</strong></span> 
     </span>
    </p>
   </div>
   <div class='ocr_carea' id='block_1_37' title="bbox 453 2241 2032 2313">
    <p class='ocr_par' dir='ltr' id='par_1_37' title="bbox 453 2241 2032 2313">
     <span class='ocr_line' id='line_1_37' title="bbox 453 2241 2032 2313; baseline -0.002 -16"><span class='ocrx_word' id='word_1_284' title='bbox 453 2242 574 2312; x_wconf 86' lang='lat' dir='ltr'><strong>ejus</strong></span> <span class='ocrx_word' id='word_1_285' title='bbox 600 2244 881 2297; x_wconf 89' lang='lat' dir='ltr'><strong>consortio</strong></span> <span class='ocrx_word' id='word_1_286' title='bbox 912 2242 1180 2312; x_wconf 89' lang='lat' dir='ltr'><strong>separari,</strong></span> <span class='ocrx_word' id='word_1_287' title='bbox 1214 2244 1449 2298; x_wconf 85' lang='lat' dir='ltr'><strong>scientes</strong></span> <span class='ocrx_word' id='word_1_288' title='bbox 1478 2258 1601 2297; x_wconf 90' lang='lat' dir='ltr'><strong>eum</strong></span> <span class='ocrx_word' id='word_1_289' title='bbox 1634 2242 1864 2313; x_wconf 79' lang='lat' dir='ltr'><strong>magicis</strong></span> <span class='ocrx_word' id='word_1_290' title='bbox 1894 2241 2032 2295; x_wconf 86' lang='lat' dir='ltr'><strong>arti-</strong></span> 
     </span>
    </p>
   </div>
   <div class='ocr_carea' id='block_1_38' title="bbox 457 2334 2029 2402">
    <p class='ocr_par' dir='ltr' id='par_1_38' title="bbox 457 2334 2029 2402">
     <span class='ocr_line' id='line_1_38' title="bbox 457 2334 2029 2402; baseline -0.002 -11"><span class='ocrx_word' id='word_1_291' title='bbox 457 2338 560 2393; x_wconf 89' lang='lat' dir='ltr'><strong>bus</strong></span> <span class='ocrx_word' id='word_1_292' title='bbox 586 2346 641 2392; x_wconf 91' lang='lat' dir='ltr'><strong>et</strong></span> <span class='ocrx_word' id='word_1_293' title='bbox 670 2339 998 2391; x_wconf 87' lang='lat' dir='ltr'><strong>commentis</strong></span> <span class='ocrx_word' id='word_1_294' title='bbox 1044 2341 1309 2391; x_wconf 91' lang='lat' dir='ltr'><strong>scelerum</strong></span> <span class='ocrx_word' id='word_1_295' title='bbox 1340 2336 1461 2390; x_wconf 91' lang='lat' dir='ltr'><strong>niti.</strong></span> <span class='ocrx_word' id='word_1_296' title='bbox 1492 2334 1649 2402; x_wconf 83' lang='lat' dir='ltr'><strong>Quod</strong></span> <span class='ocrx_word' id='word_1_297' title='bbox 1680 2336 1726 2391; x_wconf 89' lang='lat' dir='ltr'><strong>si</strong></span> <span class='ocrx_word' id='word_1_298' title='bbox 1754 2335 1837 2391; x_wconf 88' lang='lat' dir='ltr'><strong>vis</strong></span> <span class='ocrx_word' id='word_1_299' title='bbox 1862 2336 2029 2390; x_wconf 86' lang='lat' dir='ltr'><strong>etiam</strong></span> 
     </span>
    </p>
   </div>
   <div class='ocr_carea' id='block_1_39' title="bbox 456 2428 2034 2501">
    <p class='ocr_par' dir='ltr' id='par_1_39' title="bbox 456 2428 2034 2501">
     <span class='ocr_line' id='line_1_39' title="bbox 456 2428 2034 2501; baseline -0.003 -17"><span class='ocrx_word' id='word_1_300' title='bbox 456 2430 573 2501; x_wconf 90' lang='lat' dir='ltr'><strong>ipse</strong></span> <span class='ocrx_word' id='word_1_301' title='bbox 600 2431 667 2485; x_wconf 90' lang='lat' dir='ltr'><strong>de</strong></span> <span class='ocrx_word' id='word_1_302' title='bbox 698 2444 763 2484; x_wconf 91' lang='lat' dir='ltr'><strong>eo</strong></span> <span class='ocrx_word' id='word_1_303' title='bbox 794 2437 994 2484; x_wconf 91' lang='lat' dir='ltr'><strong>cuncta</strong></span> <span class='ocrx_word' id='word_1_304' title='bbox 1026 2444 1380 2500; x_wconf 86' lang='lat' dir='ltr'><strong>cognoscere,</strong></span> <span class='ocrx_word' id='word_1_305' title='bbox 1429 2428 1555 2497; x_wconf 89' lang='lat' dir='ltr'><strong>quis</strong></span> <span class='ocrx_word' id='word_1_306' title='bbox 1587 2429 1705 2497; x_wconf 90' lang='lat' dir='ltr'><strong>ipse</strong></span> <span class='ocrx_word' id='word_1_307' title='bbox 1735 2428 1844 2491; x_wconf 89' lang='lat' dir='ltr'><strong>sit,</strong></span> <span class='ocrx_word' id='word_1_308' title='bbox 1893 2443 2034 2497; x_wconf 88' lang='lat' dir='ltr'><strong>qua-</strong></span> 
     </span>
    </p>
   </div>
   <div class='ocr_carea' id='block_1_40' title="bbox 453 2519 2028 2591">
    <p class='ocr_par' dir='ltr' id='par_1_40' title="bbox 453 2519 2028 2591">
     <span class='ocr_line' id='line_1_40' title="bbox 453 2519 2028 2591; baseline -0.001 -18"><span class='ocrx_word' id='word_1_309' title='bbox 453 2522 611 2584; x_wconf 87' lang='lat' dir='ltr'><strong>llsve,</strong></span> <span class='ocrx_word' id='word_1_310' title='bbox 643 2529 696 2574; x_wconf 94' lang='lat' dir='ltr'><strong>et</strong></span> <span class='ocrx_word' id='word_1_311' title='bbox 747 2521 911 2584; x_wconf 87' lang='lat' dir='ltr'><strong>unde,</strong></span> <span class='ocrx_word' id='word_1_312' title='bbox 966 2521 1050 2576; x_wconf 89' lang='lat' dir='ltr'><strong>vel</strong></span> <span class='ocrx_word' id='word_1_313' title='bbox 1083 2520 1319 2591; x_wconf 89' lang='lat' dir='ltr'><strong>qualiter</strong></span> <span class='ocrx_word' id='word_1_314' title='bbox 1367 2528 1656 2590; x_wconf 90' lang='lat' dir='ltr'><strong>patrentur</strong></span> <span class='ocrx_word' id='word_1_315' title='bbox 1708 2534 1831 2590; x_wconf 77' lang='lat' dir='ltr'><strong>qua</strong></span> <span class='ocrx_word' id='word_1_316' title='bbox 1867 2519 2028 2589; x_wconf 86' lang='lat' dir='ltr'><strong>gerit,</strong></span> 
     </span>
    </p>
   </div>
   <div class='ocr_carea' id='block_1_41' title="bbox 454 2613 731 2667">
    <p class='ocr_par' dir='ltr' id='par_1_41' title="bbox 454 2613 731 2667">
     <span class='ocr_line' id='line_1_41' title="bbox 454 2613 731 2667; baseline 0.011 -3"><span class='ocrx_word' id='word_1_317' title='bbox 454 2613 731 2667; x_wconf 84' lang='lat' dir='ltr'><strong>ausculta.</strong></span> 
     </span>
    </p>
   </div>
   <div class='ocr_carea' id='block_1_42' title="bbox 526 2703 2031 2775">
    <p class='ocr_par' dir='ltr' id='par_1_42' title="bbox 526 2703 2031 2775">
     <span class='ocr_line' id='line_1_42' title="bbox 526 2703 2031 2775; baseline 0.001 -17"><span class='ocrx_word' id='word_1_318' title='bbox 526 2703 638 2761; x_wconf 85' lang='lat' dir='ltr'><strong>Vll.</strong></span> <span class='ocrx_word' id='word_1_319' title='bbox 672 2704 861 2761; x_wconf 80' lang='lat' dir='ltr'><strong>Simon</strong></span> <span class='ocrx_word' id='word_1_320' title='bbox 912 2704 1030 2768; x_wconf 91' lang='lat' dir='ltr'><strong>hic,</strong></span> <span class='ocrx_word' id='word_1_321' title='bbox 1068 2712 1220 2775; x_wconf 87' lang='lat' dir='ltr'><strong>patre</strong></span> <span class='ocrx_word' id='word_1_322' title='bbox 1258 2703 1498 2759; x_wconf 81' lang='lat' dir='ltr'><strong>Antonio</strong></span> <span class='ocrx_word' id='word_1_323' title='bbox 1522 2744 1537 2766; x_wconf 93' lang='lat'><strong>,</strong></span> <span class='ocrx_word' id='word_1_324' title='bbox 1597 2710 1775 2759; x_wconf 91' lang='lat' dir='ltr'><strong>matre</strong></span> <span class='ocrx_word' id='word_1_325' title='bbox 1824 2703 2031 2759; x_wconf 79' lang='lat' dir='ltr'><strong>Rachel</strong></span> 
     </span>
    </p>
   </div>
   <div class='ocr_carea' id='block_1_43' title="bbox 455 2794 2032 2867">
    <p class='ocr_par' dir='ltr' id='par_1_43' title="bbox 455 2794 2032 2867">
     <span class='ocr_line' id='line_1_43' title="bbox 455 2794 2032 2867; baseline 0.001 -16"><span class='ocrx_word' id='word_1_326' title='bbox 455 2805 617 2852; x_wconf 90' lang='lat' dir='ltr'><strong>natus</strong></span> <span class='ocrx_word' id='word_1_327' title='bbox 643 2806 751 2861; x_wconf 92' lang='lat' dir='ltr'><strong>est,</strong></span> <span class='ocrx_word' id='word_1_328' title='bbox 793 2805 953 2867; x_wconf 81' lang='lat' dir='ltr'><strong>gente</strong></span> <span class='ocrx_word' id='word_1_329' title='bbox 979 2796 1288 2867; x_wconf 84' lang='lat' dir='ltr'><strong>Samaraus</strong></span> <span class='ocrx_word' id='word_1_330' title='bbox 1314 2812 1381 2851; x_wconf 90' lang='lat' dir='ltr'><strong>ex</strong></span> <span class='ocrx_word' id='word_1_331' title='bbox 1407 2797 1530 2850; x_wconf 88' lang='lat' dir='ltr'><strong>vico</strong></span> <span class='ocrx_word' id='word_1_332' title='bbox 1552 2794 1883 2858; x_wconf 84' lang='lat' dir='ltr'><strong>Gethonum,</strong></span> <span class='ocrx_word' id='word_1_333' title='bbox 1911 2804 2032 2852; x_wconf 90' lang='lat' dir='ltr'><strong>arte</strong></span> 
     </span>
    </p>
   </div>
   <div class='ocr_carea' id='block_1_44' title="bbox 456 2886 2030 2958">
    <p class='ocr_par' dir='ltr' id='par_1_44' title="bbox 456 2886 2030 2958">
     <span class='ocr_line' id='line_1_44' title="bbox 456 2886 2030 2958; baseline 0.002 -19"><span class='ocrx_word' id='word_1_334' title='bbox 456 2902 670 2957; x_wconf 84' lang='lat' dir='ltr'><strong>magus,</strong></span> <span class='ocrx_word' id='word_1_335' title='bbox 699 2886 906 2943; x_wconf 73' lang='lat' dir='ltr'><strong>Gracia</strong></span> <span class='ocrx_word' id='word_1_336' title='bbox 940 2897 1120 2942; x_wconf 88' lang='lat' dir='ltr'><strong>tamen</strong></span> <span class='ocrx_word' id='word_1_337' title='bbox 1156 2887 1356 2942; x_wconf 89' lang='lat' dir='ltr'><strong>litteris</strong></span> <span class='ocrx_word' id='word_1_338' title='bbox 1412 2887 1731 2942; x_wconf 83' lang='lat' dir='ltr'><strong>liberalibus</strong></span> <span class='ocrx_word' id='word_1_339' title='bbox 1783 2888 2030 2958; x_wconf 89' lang='lat' dir='ltr'><strong>apprime</strong></span> 
     </span>
    </p>
   </div>
   <div class='ocr_carea' id='block_1_45' title="bbox 452 2979 2035 3051">
    <p class='ocr_par' dir='ltr' id='par_1_45' title="bbox 452 2979 2035 3051">
     <span class='ocr_line' id='line_1_45' title="bbox 452 2979 2035 3051; baseline -0.001 -16"><span class='ocrx_word' id='word_1_340' title='bbox 452 2980 723 3044; x_wconf 88' lang='lat' dir='ltr'><strong>eruditus,</strong></span> <span class='ocrx_word' id='word_1_341' title='bbox 750 2981 935 3051; x_wconf 83' lang='lat' dir='ltr'><strong>gloria</strong></span> <span class='ocrx_word' id='word_1_342' title='bbox 959 2996 1022 3034; x_wconf 89' lang='lat' dir='ltr'><strong>ac</strong></span> <span class='ocrx_word' id='word_1_343' title='bbox 1046 2981 1328 3049; x_wconf 87' lang='lat' dir='ltr'><strong>jactantia</strong></span> <span class='ocrx_word' id='word_1_344' title='bbox 1358 2996 1524 3051; x_wconf 89' lang='lat' dir='ltr'><strong>supra</strong></span> <span class='ocrx_word' id='word_1_345' title='bbox 1547 2995 1709 3035; x_wconf 90' lang='lat' dir='ltr'><strong>omne</strong></span> <span class='ocrx_word' id='word_1_346' title='bbox 1730 2996 1904 3051; x_wconf 89' lang='lat' dir='ltr'><strong>genus</strong></span> <span class='ocrx_word' id='word_1_347' title='bbox 1930 2979 2035 3035; x_wconf 78' lang='lat' dir='ltr'><strong>ho-</strong></span> 
     </span>
    </p>
   </div>
   <div class='ocr_carea' id='block_1_46' title="bbox 456 3071 2031 3142">
    <p class='ocr_par' dir='ltr' id='par_1_46' title="bbox 456 3071 2031 3142">
     <span class='ocr_line' id='line_1_46' title="bbox 456 3071 2031 3142; baseline 0.002 -18"><span class='ocrx_word' id='word_1_348' title='bbox 456 3071 663 3125; x_wconf 88' lang='lat' dir='ltr'><strong>minum</strong></span> <span class='ocrx_word' id='word_1_349' title='bbox 718 3072 970 3140; x_wconf 87' lang='lat' dir='ltr'><strong>cupidus,</strong></span> <span class='ocrx_word' id='word_1_350' title='bbox 1029 3073 1102 3125; x_wconf 90' lang='lat' dir='ltr'><strong>ita</strong></span> <span class='ocrx_word' id='word_1_351' title='bbox 1165 3080 1222 3126; x_wconf 93' lang='lat' dir='ltr'><strong>ut</strong></span> <span class='ocrx_word' id='word_1_352' title='bbox 1278 3073 1551 3127; x_wconf 89' lang='lat' dir='ltr'><strong>excelsam</strong></span> <span class='ocrx_word' id='word_1_353' title='bbox 1611 3071 1866 3126; x_wconf 66' lang='lat' dir='ltr'><strong>virtutem</strong></span> <span class='ocrx_word' id='word_1_354' title='bbox 1908 3087 2031 3142; x_wconf 77' lang='lat' dir='ltr'><strong>qua</strong></span> 
     </span>
    </p>
   </div>
   <div class='ocr_carea' id='block_1_47' title="bbox 458 3147 2098 3232">
    <p class='ocr_par' dir='ltr' id='par_1_47' title="bbox 458 3147 2098 3232">
     <span class='ocr_line' id='line_1_47' title="bbox 458 3147 2098 3232; baseline 0.002 -16"><span class='ocrx_word' id='word_1_355' title='bbox 458 3177 624 3232; x_wconf 85' lang='lat' dir='ltr'><strong>supra</strong></span> <span class='ocrx_word' id='word_1_356' title='bbox 649 3171 950 3217; x_wconf 87' lang='lat' dir='ltr'><strong>creatorem</strong></span> <span class='ocrx_word' id='word_1_357' title='bbox 973 3163 1140 3217; x_wconf 91' lang='lat' dir='ltr'><strong>Deum</strong></span> <span class='ocrx_word' id='word_1_358' title='bbox 1170 3164 1261 3223; x_wconf 86' lang='lat' dir='ltr'><strong>sit.</strong></span> <span class='ocrx_word' id='word_1_359' title='bbox 1307 3163 1456 3217; x_wconf 92' lang='lat' dir='ltr'><strong>credi</strong></span> <span class='ocrx_word' id='word_1_360' title='bbox 1484 3178 1543 3217; x_wconf 89' lang='lat' dir='ltr'><strong>se</strong></span> <span class='ocrx_word' id='word_1_361' title='bbox 1569 3163 1733 3227; x_wconf 91' lang='lat' dir='ltr'><strong>velit,</strong></span> <span class='ocrx_word' id='word_1_362' title='bbox 1762 3172 1816 3219; x_wconf 91' lang='lat' dir='ltr'><strong>et</strong></span> <span class='ocrx_word' id='word_1_363' title='bbox 1863 3160 2028 3219; x_wconf 84' lang='lat' dir='ltr'><strong>Chri-</strong></span> <span class='ocrx_word' id='word_1_364' title='bbox 2056 3147 2098 3206; x_wconf 67' lang='grc' dir='ltr'><strong>(ἶ</strong></span> 
     </span>
    </p>
   </div>
   <div class='ocr_carea' id='block_1_48' title="bbox 458 3256 2027 3326">
    <p class='ocr_par' dir='ltr' id='par_1_48' title="bbox 458 3256 2027 3326">
     <span class='ocr_line' id='line_1_48' title="bbox 458 3256 2027 3326; baseline 0.002 -17"><span class='ocrx_word' id='word_1_365' title='bbox 458 3264 604 3310; x_wconf 88' lang='lat' dir='ltr'><strong>stqu</strong></span> <span class='ocrx_word' id='word_1_366' title='bbox 633 3256 836 3326; x_wconf 90' lang='lat' dir='ltr'><strong>putari,</strong></span> <span class='ocrx_word' id='word_1_367' title='bbox 863 3264 1023 3326; x_wconf 86' lang='lat' dir='ltr'><strong>atque</strong></span> <span class='ocrx_word' id='word_1_368' title='bbox 1066 3257 1313 3311; x_wconf 83' lang='lat' dir='ltr'><strong>Stantem</strong></span> <span class='ocrx_word' id='word_1_369' title='bbox 1351 3257 1644 3313; x_wconf 91' lang='lat' dir='ltr'><strong>nominari.</strong></span> <span class='ocrx_word' id='word_1_370' title='bbox 1690 3257 1803 3313; x_wconf 81' lang='lat' dir='ltr'><strong>[lac</strong></span> <span class='ocrx_word' id='word_1_371' title='bbox 1843 3266 2027 3314; x_wconf 87' lang='lat' dir='ltr'><strong>autem</strong></span> 
     </span>
    </p>
   </div>
   <div class='ocr_carea' id='block_1_49' title="bbox 458 3349 2028 3421">
    <p class='ocr_par' dir='ltr' id='par_1_49' title="bbox 458 3349 2028 3421">
     <span class='ocr_line' id='line_1_49' title="bbox 458 3349 2028 3421; baseline 0.002 -20"><span class='ocrx_word' id='word_1_372' title='bbox 458 3349 821 3418; x_wconf 80' lang='lat' dir='ltr'><strong>appellatione</strong></span> <span class='ocrx_word' id='word_1_373' title='bbox 845 3352 1016 3403; x_wconf 88' lang='lat' dir='ltr'><strong>utitur</strong></span> <span class='ocrx_word' id='word_1_374' title='bbox 1056 3351 1214 3419; x_wconf 90' lang='lat' dir='ltr'><strong>quasi</strong></span> <span class='ocrx_word' id='word_1_375' title='bbox 1262 3350 1356 3420; x_wconf 90' lang='lat' dir='ltr'><strong>qui</strong></span> <span class='ocrx_word' id='word_1_376' title='bbox 1407 3360 1567 3421; x_wconf 88' lang='lat' dir='ltr'><strong>neget</strong></span> <span class='ocrx_word' id='word_1_377' title='bbox 1617 3367 1779 3421; x_wconf 88' lang='lat' dir='ltr'><strong>posse</strong></span> <span class='ocrx_word' id='word_1_378' title='bbox 1823 3368 1883 3407; x_wconf 93' lang='lat' dir='ltr'><strong>se</strong></span> <span class='ocrx_word' id='word_1_379' title='bbox 1926 3352 2028 3405; x_wconf 87' lang='lat' dir='ltr'><strong>ali-</strong></span> 
     </span>
    </p>
   </div>
   <div class='ocr_carea' id='block_1_50' title="bbox 456 3440 2031 3509">
    <p class='ocr_par' dir='ltr' id='par_1_50' title="bbox 456 3440 2031 3509">
     <span class='ocr_line' id='line_1_50' title="bbox 456 3440 2031 3509; baseline 0.003 -17"><span class='ocrx_word' id='word_1_380' title='bbox 456 3441 675 3509; x_wconf 87' lang='lat' dir='ltr'><strong>quando</strong></span> <span class='ocrx_word' id='word_1_381' title='bbox 697 3440 947 3505; x_wconf 84' lang='lat' dir='ltr'><strong>dissolvi,</strong></span> <span class='ocrx_word' id='word_1_382' title='bbox 982 3458 1237 3497; x_wconf 83' lang='lat' dir='ltr'><strong>asserens</strong></span> <span class='ocrx_word' id='word_1_383' title='bbox 1269 3458 1491 3497; x_wconf 82' lang='lat' dir='ltr'><strong>caruem</strong></span> <span class='ocrx_word' id='word_1_384' title='bbox 1545 3458 1700 3499; x_wconf 90' lang='lat' dir='ltr'><strong>suam</strong></span> <span class='ocrx_word' id='word_1_385' title='bbox 1731 3444 1807 3497; x_wconf 90' lang='lat' dir='ltr'><strong>ita</strong></span> <span class='ocrx_word' id='word_1_386' title='bbox 1830 3443 2031 3498; x_wconf 87' lang='lat' dir='ltr'><strong>divini-</strong></span> 
     </span>
    </p>
   </div>
   <div class='ocr_carea' id='block_1_51' title="bbox 454 3530 2026 3603">
    <p class='ocr_par' dir='ltr' id='par_1_51' title="bbox 454 3530 2026 3603">
     <span class='ocr_line' id='line_1_51' title="bbox 454 3530 2026 3603; baseline 0.004 -21"><span class='ocrx_word' id='word_1_387' title='bbox 454 3530 585 3585; x_wconf 89' lang='lat' dir='ltr'><strong>tatis</strong></span> <span class='ocrx_word' id='word_1_388' title='bbox 609 3546 721 3586; x_wconf 86' lang='lat' dir='ltr'><strong>sua</strong></span> <span class='ocrx_word' id='word_1_389' title='bbox 747 3533 944 3587; x_wconf 89' lang='lat' dir='ltr'><strong>virtute</strong></span> <span class='ocrx_word' id='word_1_390' title='bbox 970 3541 1336 3603; x_wconf 86' lang='lat' dir='ltr'><strong>compactam,</strong></span> <span class='ocrx_word' id='word_1_391' title='bbox 1364 3542 1421 3587; x_wconf 93' lang='lat' dir='ltr'><strong>ut</strong></span> <span class='ocrx_word' id='word_1_392' title='bbox 1466 3534 1639 3603; x_wconf 87' lang='lat' dir='ltr'><strong>possit</strong></span> <span class='ocrx_word' id='word_1_393' title='bbox 1665 3534 1720 3588; x_wconf 89' lang='lat' dir='ltr'><strong>in</strong></span> <span class='ocrx_word' id='word_1_394' title='bbox 1759 3544 2026 3591; x_wconf 81' lang='lat' dir='ltr'><strong>aternum</strong></span> 
     </span>
    </p>
   </div>
   <div class='ocr_carea' id='block_1_52' title="bbox 456 3619 2027 3699">
    <p class='ocr_par' dir='ltr' id='par_1_52' title="bbox 456 3619 2027 3699">
     <span class='ocr_line' id='line_1_52' title="bbox 456 3619 2027 3699; baseline 0.005 -25"><span class='ocrx_word' id='word_1_395' title='bbox 456 3619 677 3677; x_wconf 83' lang='lat' dir='ltr'><strong>durare.</strong></span> <span class='ocrx_word' id='word_1_396' title='bbox 732 3622 869 3677; x_wconf 81' lang='lat' dir='ltr'><strong>Hinc</strong></span> <span class='ocrx_word' id='word_1_397' title='bbox 900 3640 1030 3694; x_wconf 89' lang='lat' dir='ltr'><strong>ergo</strong></span> <span class='ocrx_word' id='word_1_398' title='bbox 1065 3625 1229 3679; x_wconf 83' lang='lat' dir='ltr'><strong>Stans</strong></span> <span class='ocrx_word' id='word_1_399' title='bbox 1263 3627 1589 3695; x_wconf 89' lang='lat' dir='ltr'><strong>appellatur,</strong></span> <span class='ocrx_word' id='word_1_400' title='bbox 1629 3635 1887 3698; x_wconf 89' lang='lat' dir='ltr'><strong>tanquam</strong></span> <span class='ocrx_word' id='word_1_401' title='bbox 1930 3627 2027 3699; x_wconf 85' lang='lat' dir='ltr'><strong>qui</strong></span> 
     </span>
    </p>
   </div>
   <div class='ocr_carea' id='block_1_53' title="bbox 455 3713 1587 3784">
    <p class='ocr_par' dir='ltr' id='par_1_53' title="bbox 455 3713 1587 3784">
     <span class='ocr_line' id='line_1_53' title="bbox 455 3713 1587 3784; baseline 0.006 -19"><span class='ocrx_word' id='word_1_402' title='bbox 455 3726 565 3766; x_wconf 92' lang='lat' dir='ltr'><strong>non</strong></span> <span class='ocrx_word' id='word_1_403' title='bbox 594 3713 768 3783; x_wconf 92' lang='lat' dir='ltr'><strong>possit</strong></span> <span class='ocrx_word' id='word_1_404' title='bbox 799 3716 905 3767; x_wconf 90' lang='lat' dir='ltr'><strong>ulla</strong></span> <span class='ocrx_word' id='word_1_405' title='bbox 930 3716 1283 3784; x_wconf 90' lang='lat' dir='ltr'><strong>corruptione</strong></span> <span class='ocrx_word' id='word_1_406' title='bbox 1313 3716 1587 3772; x_wconf 84' lang='lat' dir='ltr'><strong>decidere.</strong></span> 
     </span>
    </p>
   </div>
   <div class='ocr_carea' id='block_1_54' title="bbox 532 3804 2031 3881">
    <p class='ocr_par' dir='ltr' id='par_1_54' title="bbox 532 3804 2031 3881">
     <span class='ocr_line' id='line_1_54' title="bbox 532 3804 2031 3881; baseline 0.005 -23"><span class='ocrx_word' id='word_1_407' title='bbox 532 3804 667 3861; x_wconf 85' lang='lat' dir='ltr'><strong>Vlll.</strong></span> <span class='ocrx_word' id='word_1_408' title='bbox 709 3806 1003 3861; x_wconf 84' lang='lat' dir='ltr'><strong>interfecto</strong></span> <span class='ocrx_word' id='word_1_409' title='bbox 1032 3809 1254 3867; x_wconf 75' lang='lat' dir='ltr'><strong>etenim,</strong></span> <span class='ocrx_word' id='word_1_410' title='bbox 1288 3810 1429 3863; x_wconf 91' lang='lat' dir='ltr'><strong>sicut</strong></span> <span class='ocrx_word' id='word_1_411' title='bbox 1458 3810 1566 3864; x_wconf 90' lang='lat' dir='ltr'><strong>scis</strong></span> <span class='ocrx_word' id='word_1_412' title='bbox 1595 3817 1649 3864; x_wconf 91' lang='lat' dir='ltr'><strong>et</strong></span> <span class='ocrx_word' id='word_1_413' title='bbox 1678 3812 1815 3881; x_wconf 89' lang='lat' dir='ltr'><strong>ipse,</strong></span> <span class='ocrx_word' id='word_1_414' title='bbox 1845 3809 2031 3881; x_wconf 82' lang='lat' dir='ltr'><strong>Bapti-</strong></span> 
     </span>
    </p>
   </div>
   <div class='ocr_carea' id='block_1_55' title="bbox 460 3895 2028 3969">
    <p class='ocr_par' dir='ltr' id='par_1_55' title="bbox 460 3895 2028 3969">
     <span class='ocr_line' id='line_1_55' title="bbox 460 3895 2028 3969; baseline 0.003 -18"><span class='ocrx_word' id='word_1_415' title='bbox 460 3904 543 3951; x_wconf 89' lang='lat' dir='ltr'><strong>sta</strong></span> <span class='ocrx_word' id='word_1_416' title='bbox 569 3895 779 3953; x_wconf 82' lang='lat' dir='ltr'><strong>Joanne</strong></span> <span class='ocrx_word' id='word_1_417' title='bbox 802 3899 937 3969; x_wconf 79' lang='lat' dir='ltr'><strong>(6i),</strong></span> <span class='ocrx_word' id='word_1_418' title='bbox 964 3914 1088 3953; x_wconf 91' lang='lat' dir='ltr'><strong>cum</strong></span> <span class='ocrx_word' id='word_1_419' title='bbox 1119 3898 1407 3955; x_wconf 87' lang='lat' dir='ltr'><strong>Dositheus</strong></span> <span class='ocrx_word' id='word_1_420' title='bbox 1432 3902 1701 3956; x_wconf 60' lang='lat' dir='ltr'><strong>haereseos</strong></span> <span class='ocrx_word' id='word_1_421' title='bbox 1725 3917 1836 3957; x_wconf 84' lang='lat' dir='ltr'><strong>sua</strong></span> <span class='ocrx_word' id='word_1_422' title='bbox 1866 3902 2028 3955; x_wconf 77' lang='lat' dir='ltr'><strong>iniis-</strong></span> 
     </span>
    </p>
   </div>
   <div class='ocr_carea' id='block_1_56' title="bbox 460 3990 2029 4064">
    <p class='ocr_par' dir='ltr' id='par_1_56' title="bbox 460 3990 2029 4064">
     <span class='ocr_line' id='line_1_56' title="bbox 460 3990 2029 4064; baseline 0.004 -21"><span class='ocrx_word' id='word_1_423' title='bbox 460 3996 544 4043; x_wconf 89' lang='lat' dir='ltr'><strong>set</strong></span> <span class='ocrx_word' id='word_1_424' title='bbox 568 3990 872 4055; x_wconf 90' lang='lat' dir='ltr'><strong>exordium,</strong></span> <span class='ocrx_word' id='word_1_425' title='bbox 905 4008 1029 4047; x_wconf 92' lang='lat' dir='ltr'><strong>cum</strong></span> <span class='ocrx_word' id='word_1_426' title='bbox 1081 3992 1202 4047; x_wconf 91' lang='lat' dir='ltr'><strong>aliis</strong></span> <span class='ocrx_word' id='word_1_427' title='bbox 1234 3994 1455 4064; x_wconf 89' lang='lat' dir='ltr'><strong>triginta</strong></span> <span class='ocrx_word' id='word_1_428' title='bbox 1509 3994 1907 4064; x_wconf 86' lang='lat' dir='ltr'><strong>principalibus</strong></span> <span class='ocrx_word' id='word_1_429' title='bbox 1945 3993 2029 4049; x_wconf 90' lang='lat' dir='ltr'><strong>di-</strong></span> 
     </span>
    </p>
   </div>
   <div class='ocr_carea' id='block_1_57' title="bbox 460 4080 2029 4156">
    <p class='ocr_par' dir='ltr' id='par_1_57' title="bbox 460 4080 2029 4156">
     <span class='ocr_line' id='line_1_57' title="bbox 460 4080 2029 4156; baseline 0.003 -21"><span class='ocrx_word' id='word_1_430' title='bbox 460 4080 681 4150; x_wconf 86' lang='lat' dir='ltr'><strong>scipulis</strong></span> <span class='ocrx_word' id='word_1_431' title='bbox 710 4082 820 4153; x_wconf 72' lang='lat'><strong>(62)</strong></span> <span class='ocrx_word' id='word_1_432' title='bbox 848 4094 899 4138; x_wconf 92' lang='lat' dir='ltr'><strong>et</strong></span> <span class='ocrx_word' id='word_1_433' title='bbox 931 4098 1040 4137; x_wconf 90' lang='lat' dir='ltr'><strong>una</strong></span> <span class='ocrx_word' id='word_1_434' title='bbox 1066 4085 1294 4139; x_wconf 88' lang='lat' dir='ltr'><strong>muliere</strong></span> <span class='ocrx_word' id='word_1_435' title='bbox 1323 4102 1444 4156; x_wconf 86' lang='lat' dir='ltr'><strong>qua</strong></span> <span class='ocrx_word' id='word_1_436' title='bbox 1490 4084 1643 4140; x_wconf 88' lang='lat' dir='ltr'><strong>Luna</strong></span> <span class='ocrx_word' id='word_1_437' title='bbox 1678 4087 1912 4140; x_wconf 88' lang='lat' dir='ltr'><strong>vocitata</strong></span> <span class='ocrx_word' id='word_1_438' title='bbox 1942 4094 2029 4141; x_wconf 88' lang='lat' dir='ltr'><strong>est</strong></span> 
     </span>
    </p>
   </div>
   <div class='ocr_carea' id='block_1_58' title="bbox 460 4162 2027 4245">
    <p class='ocr_par' dir='ltr' id='par_1_58' title="bbox 460 4162 2027 4245">
     <span class='ocr_line' id='line_1_58' title="bbox 460 4162 2027 4245; baseline 0.007 -24"><span class='ocrx_word' id='word_1_439' title='bbox 460 4171 627 4240; x_wconf 74' lang='lat' dir='ltr'><strong>(unde</strong></span> <span class='ocrx_word' id='word_1_440' title='bbox 656 4180 709 4227; x_wconf 90' lang='lat' dir='ltr'><strong>et</strong></span> <span class='ocrx_word' id='word_1_441' title='bbox 745 4174 822 4228; x_wconf 90' lang='lat' dir='ltr'><strong>illi</strong></span> <span class='ocrx_word' id='word_1_442' title='bbox 856 4176 1075 4245; x_wconf 79' lang='lat' dir='ltr'><strong>triginta</strong></span> <span class='ocrx_word' id='word_1_443' title='bbox 1108 4178 1266 4245; x_wconf 88' lang='lat' dir='ltr'><strong>quasi</strong></span> <span class='ocrx_word' id='word_1_444' title='bbox 1311 4162 1613 4234; x_wconf 78' lang='lat' dir='ltr'><strong>secundum</strong></span> <span class='ocrx_word' id='word_1_445' title='bbox 1634 4180 1777 4233; x_wconf 83' lang='lat' dir='ltr'><strong>luna</strong></span> <span class='ocrx_word' id='word_1_446' title='bbox 1802 4193 2027 4232; x_wconf 91' lang='lat' dir='ltr'><strong>cursum</strong></span> 
     </span>
    </p>
   </div>
   <div class='ocr_carea' id='block_1_59' title="bbox 2128 1873 3727 1946">
    <p class='ocr_par' dir='ltr' id='par_1_59' title="bbox 2128 1873 3727 1946">
     <span class='ocr_line' id='line_1_59' title="bbox 2128 1873 3727 1946; baseline -0.002 -17"><span class='ocrx_word' id='word_1_447' title='bbox 2128 1876 2375 1932; x_wconf 83' lang='lat' dir='ltr'><strong>mulieris</strong></span> <span class='ocrx_word' id='word_1_448' title='bbox 2406 1876 2553 1932; x_wconf 92' lang='lat' dir='ltr'><strong>illius</strong></span> <span class='ocrx_word' id='word_1_449' title='bbox 2572 1891 2736 1946; x_wconf 89' lang='lat' dir='ltr'><strong>quam</strong></span> <span class='ocrx_word' id='word_1_450' title='bbox 2758 1873 2969 1928; x_wconf 87' lang='lat' dir='ltr'><strong>Lunam</strong></span> <span class='ocrx_word' id='word_1_451' title='bbox 2995 1881 3211 1937; x_wconf 88' lang='lat' dir='ltr'><strong>vocant,</strong></span> <span class='ocrx_word' id='word_1_452' title='bbox 3233 1873 3509 1942; x_wconf 83' lang='lat' dir='ltr'><strong>nobisque</strong></span> <span class='ocrx_word' id='word_1_453' title='bbox 3536 1879 3727 1940; x_wconf 80' lang='lat' dir='ltr'><strong>utpote</strong></span> 
     </span>
    </p>
   </div>
   <div class='ocr_carea' id='block_1_60' title="bbox 2130 1964 3723 2034">
    <p class='ocr_par' dir='ltr' id='par_1_60' title="bbox 2130 1964 3723 2034">
     <span class='ocr_line' id='line_1_60' title="bbox 2130 1964 3723 2034; baseline -0.001 -15"><span class='ocrx_word' id='word_1_454' title='bbox 2130 1966 2489 2021; x_wconf 84' lang='lat' dir='ltr'><strong>familiaribus</strong></span> <span class='ocrx_word' id='word_1_455' title='bbox 2518 1968 2636 2022; x_wconf 90' lang='lat' dir='ltr'><strong>suis</strong></span> <span class='ocrx_word' id='word_1_456' title='bbox 2676 1967 2860 2021; x_wconf 83' lang='lat' dir='ltr'><strong>omnia</strong></span> <span class='ocrx_word' id='word_1_457' title='bbox 2894 1964 3285 2028; x_wconf 89' lang='lat' dir='ltr'><strong>concredebat,</strong></span> <span class='ocrx_word' id='word_1_458' title='bbox 3316 1964 3466 2034; x_wconf 91' lang='lat' dir='ltr'><strong>quod</strong></span> <span class='ocrx_word' id='word_1_459' title='bbox 3525 1978 3723 2033; x_wconf 84' lang='lat' dir='ltr'><strong>magus</strong></span> 
     </span>
    </p>
   </div>
   <div class='ocr_carea' id='block_1_61' title="bbox 2128 2054 3726 2129">
    <p class='ocr_par' dir='ltr' id='par_1_61' title="bbox 2128 2054 3726 2129">
     <span class='ocr_line' id='line_1_61' title="bbox 2128 2054 3726 2129; baseline -0.003 -16"><span class='ocrx_word' id='word_1_460' title='bbox 2128 2068 2297 2121; x_wconf 88' lang='lat' dir='ltr'><strong>esset,</strong></span> <span class='ocrx_word' id='word_1_461' title='bbox 2321 2067 2375 2112; x_wconf 87' lang='lat' dir='ltr'><strong>et</strong></span> <span class='ocrx_word' id='word_1_462' title='bbox 2393 2058 2539 2129; x_wconf 88' lang='lat' dir='ltr'><strong>quod</strong></span> <span class='ocrx_word' id='word_1_463' title='bbox 2565 2067 2775 2114; x_wconf 82' lang='lat' dir='ltr'><strong>amaret</strong></span> <span class='ocrx_word' id='word_1_464' title='bbox 2806 2057 3037 2122; x_wconf 87' lang='lat' dir='ltr'><strong>Lunam,</strong></span> <span class='ocrx_word' id='word_1_465' title='bbox 3062 2057 3319 2128; x_wconf 90' lang='lat' dir='ltr'><strong>quodque</strong></span> <span class='ocrx_word' id='word_1_466' title='bbox 3341 2056 3535 2127; x_wconf 84' lang='lat' dir='ltr'><strong>gloria</strong></span> <span class='ocrx_word' id='word_1_467' title='bbox 3566 2054 3726 2125; x_wconf 65' lang='lat' dir='ltr'><strong>cupia</strong></span> 
     </span>
    </p>
   </div>
   <div class='ocr_carea' id='block_1_62' title="bbox 2129 2146 3727 2220">
    <p class='ocr_par' dir='ltr' id='par_1_62' title="bbox 2129 2146 3727 2220">
     <span class='ocr_line' id='line_1_62' title="bbox 2129 2146 3727 2220; baseline -0.002 -18"><span class='ocrx_word' id='word_1_468' title='bbox 2129 2148 2232 2205; x_wconf 92' lang='lat' dir='ltr'><strong>dus</strong></span> <span class='ocrx_word' id='word_1_469' title='bbox 2260 2149 2431 2203; x_wconf 90' lang='lat' dir='ltr'><strong>nollet</strong></span> <span class='ocrx_word' id='word_1_470' title='bbox 2460 2164 2523 2204; x_wconf 89' lang='lat' dir='ltr'><strong>ea</strong></span> <span class='ocrx_word' id='word_1_471' title='bbox 2550 2150 2822 2220; x_wconf 87' lang='lat' dir='ltr'><strong>inglorius</strong></span> <span class='ocrx_word' id='word_1_472' title='bbox 2852 2149 2981 2211; x_wconf 86' lang='lat' dir='ltr'><strong>frui,</strong></span> <span class='ocrx_word' id='word_1_473' title='bbox 3006 2147 3101 2203; x_wconf 90' lang='lat' dir='ltr'><strong>sed</strong></span> <span class='ocrx_word' id='word_1_474' title='bbox 3139 2159 3464 2217; x_wconf 83' lang='lat' dir='ltr'><strong>exSpectare</strong></span> <span class='ocrx_word' id='word_1_475' title='bbox 3513 2146 3727 2217; x_wconf 82' lang='lat' dir='ltr'><strong>patien-</strong></span> 
     </span>
    </p>
   </div>
   <div class='ocr_carea' id='block_1_63' title="bbox 2131 2239 3724 2304">
    <p class='ocr_par' dir='ltr' id='par_1_63' title="bbox 2131 2239 3724 2304">
     <span class='ocr_line' id='line_1_63' title="bbox 2131 2239 3724 2304; baseline -0.001 -9"><span class='ocrx_word' id='word_1_476' title='bbox 2131 2250 2214 2295; x_wconf 88' lang='lat' dir='ltr'><strong>ter</strong></span> <span class='ocrx_word' id='word_1_477' title='bbox 2242 2239 2418 2295; x_wconf 88' lang='lat' dir='ltr'><strong>donec</strong></span> <span class='ocrx_word' id='word_1_478' title='bbox 2457 2240 2686 2296; x_wconf 88' lang='lat' dir='ltr'><strong>honeste</strong></span> <span class='ocrx_word' id='word_1_479' title='bbox 2719 2257 2783 2295; x_wconf 92' lang='lat' dir='ltr'><strong>ea</strong></span> <span class='ocrx_word' id='word_1_480' title='bbox 2819 2242 2899 2295; x_wconf 91' lang='lat' dir='ltr'><strong>uti</strong></span> <span class='ocrx_word' id='word_1_481' title='bbox 2931 2241 3165 2304; x_wconf 89' lang='lat' dir='ltr'><strong>liceret,</strong></span> <span class='ocrx_word' id='word_1_482' title='bbox 3209 2241 3256 2295; x_wconf 90' lang='lat' dir='ltr'><strong>si</strong></span> <span class='ocrx_word' id='word_1_483' title='bbox 3311 2248 3499 2294; x_wconf 81' lang='lat' dir='ltr'><strong>tamen</strong></span> <span class='ocrx_word' id='word_1_484' title='bbox 3552 2239 3724 2294; x_wconf 84' lang='lat' dir='ltr'><strong>etiam</strong></span> 
     </span>
    </p>
   </div>
   <div class='ocr_carea' id='block_1_64' title="bbox 2130 2329 3728 2403">
    <p class='ocr_par' dir='ltr' id='par_1_64' title="bbox 2130 2329 3728 2403">
     <span class='ocr_line' id='line_1_64' title="bbox 2130 2329 3728 2403; baseline -0.002 -16"><span class='ocrx_word' id='word_1_485' title='bbox 2130 2347 2231 2388; x_wconf 91' lang='lat' dir='ltr'><strong>nos</strong></span> <span class='ocrx_word' id='word_1_486' title='bbox 2258 2333 2707 2403; x_wconf 88' lang='lat' dir='ltr'><strong>conspiraremus</strong></span> <span class='ocrx_word' id='word_1_487' title='bbox 2737 2333 2789 2388; x_wconf 93' lang='lat' dir='ltr'><strong>ei</strong></span> <span class='ocrx_word' id='word_1_488' title='bbox 2826 2333 2895 2387; x_wconf 91' lang='lat' dir='ltr'><strong>ad</strong></span> <span class='ocrx_word' id='word_1_489' title='bbox 2928 2333 3113 2387; x_wconf 90' lang='lat' dir='ltr'><strong>omnia</strong></span> <span class='ocrx_word' id='word_1_490' title='bbox 3138 2347 3259 2402; x_wconf 85' lang='lat' dir='ltr'><strong>qua</strong></span> <span class='ocrx_word' id='word_1_491' title='bbox 3303 2331 3455 2387; x_wconf 83' lang='lat' dir='ltr'><strong>velit.</strong></span> <span class='ocrx_word' id='word_1_492' title='bbox 3508 2329 3618 2385; x_wconf 77' lang='lat' dir='ltr'><strong>Sed</strong></span> <span class='ocrx_word' id='word_1_493' title='bbox 3669 2338 3728 2384; x_wconf 80' lang='lat' dir='ltr'><strong>et</strong></span> 
     </span>
    </p>
   </div>
   <div class='ocr_carea' id='block_1_65' title="bbox 2129 2424 3723 2496">
    <p class='ocr_par' dir='ltr' id='par_1_65' title="bbox 2129 2424 3723 2496">
     <span class='ocr_line' id='line_1_65' title="bbox 2129 2424 3723 2496; baseline -0.001 -17"><span class='ocrx_word' id='word_1_494' title='bbox 2129 2426 2442 2480; x_wconf 88' lang='lat' dir='ltr'><strong>mercedem</strong></span> <span class='ocrx_word' id='word_1_495' title='bbox 2469 2426 2759 2481; x_wconf 90' lang='lat' dir='ltr'><strong>ministerii</strong></span> <span class='ocrx_word' id='word_1_496' title='bbox 2784 2426 2950 2496; x_wconf 92' lang='lat' dir='ltr'><strong>hujus</strong></span> <span class='ocrx_word' id='word_1_497' title='bbox 2980 2426 3241 2480; x_wconf 91' lang='lat' dir='ltr'><strong>daturum</strong></span> <span class='ocrx_word' id='word_1_498' title='bbox 3271 2441 3331 2479; x_wconf 89' lang='lat' dir='ltr'><strong>se</strong></span> <span class='ocrx_word' id='word_1_499' title='bbox 3364 2424 3533 2479; x_wconf 87' lang='lat' dir='ltr'><strong>nobis</strong></span> <span class='ocrx_word' id='word_1_500' title='bbox 3558 2426 3723 2495; x_wconf 80' lang='lat' dir='ltr'><strong>polli-</strong></span> 
     </span>
    </p>
   </div>
   <div class='ocr_carea' id='block_1_66' title="bbox 2130 2516 3726 2583">
    <p class='ocr_par' dir='ltr' id='par_1_66' title="bbox 2130 2516 3726 2583">
     <span class='ocr_line' id='line_1_66' title="bbox 2130 2516 3726 2583; baseline -0.001 -8"><span class='ocrx_word' id='word_1_501' title='bbox 2130 2516 2379 2583; x_wconf 88' lang='lat' dir='ltr'><strong>cebatur,</strong></span> <span class='ocrx_word' id='word_1_502' title='bbox 2409 2521 2641 2576; x_wconf 91' lang='lat' dir='ltr'><strong>summis</strong></span> <span class='ocrx_word' id='word_1_503' title='bbox 2676 2528 2735 2574; x_wconf 92' lang='lat' dir='ltr'><strong>ut</strong></span> <span class='ocrx_word' id='word_1_504' title='bbox 2761 2521 3069 2575; x_wconf 87' lang='lat' dir='ltr'><strong>honoribus</strong></span> <span class='ocrx_word' id='word_1_505' title='bbox 3090 2519 3249 2583; x_wconf 83' lang='lat' dir='ltr'><strong>allici,</strong></span> <span class='ocrx_word' id='word_1_506' title='bbox 3282 2528 3336 2573; x_wconf 87' lang='lat' dir='ltr'><strong>et</strong></span> <span class='ocrx_word' id='word_1_507' title='bbox 3365 2518 3438 2572; x_wconf 92' lang='lat' dir='ltr'><strong>dii</strong></span> <span class='ocrx_word' id='word_1_508' title='bbox 3487 2534 3616 2574; x_wconf 89' lang='lat' dir='ltr'><strong>esse</strong></span> <span class='ocrx_word' id='word_1_509' title='bbox 3652 2518 3726 2573; x_wconf 88' lang='lat' dir='ltr'><strong>ab</strong></span> 
     </span>
    </p>
   </div>
   <div class='ocr_carea' id='block_1_67' title="bbox 2128 2608 3727 2681">
    <p class='ocr_par' dir='ltr' id='par_1_67' title="bbox 2128 2608 3727 2681">
     <span class='ocr_line' id='line_1_67' title="bbox 2128 2608 3727 2681; baseline -0.003 -14"><span class='ocrx_word' id='word_1_510' title='bbox 2128 2610 2444 2667; x_wconf 89' lang='lat' dir='ltr'><strong>hominibus</strong></span> <span class='ocrx_word' id='word_1_511' title='bbox 2470 2612 2844 2674; x_wconf 87' lang='lat' dir='ltr'><strong>credereruur,</strong></span> <span class='ocrx_word' id='word_1_512' title='bbox 2873 2619 3085 2665; x_wconf 90' lang='lat' dir='ltr'><strong>tantum</strong></span> <span class='ocrx_word' id='word_1_513' title='bbox 3119 2619 3176 2665; x_wconf 93' lang='lat' dir='ltr'><strong>ut</strong></span> <span class='ocrx_word' id='word_1_514' title='bbox 3207 2610 3363 2672; x_wconf 89' lang='lat' dir='ltr'><strong>mihi,</strong></span> <span class='ocrx_word' id='word_1_515' title='bbox 3398 2611 3605 2681; x_wconf 86' lang='lat' dir='ltr'><strong>inquit,</strong></span> <span class='ocrx_word' id='word_1_516' title='bbox 3635 2608 3727 2663; x_wconf 62' lang='lat' dir='ltr'><strong>Si.</strong></span> 
     </span>
    </p>
   </div>
   <div class='ocr_carea' id='block_1_68' title="bbox 2130 2703 3726 2774">
    <p class='ocr_par' dir='ltr' id='par_1_68' title="bbox 2130 2703 3726 2774">
     <span class='ocr_line' id='line_1_68' title="bbox 2130 2703 3726 2774; baseline -0.001 -15"><span class='ocrx_word' id='word_1_517' title='bbox 2130 2705 2281 2761; x_wconf 88' lang='lat' dir='ltr'><strong>moui</strong></span> <span class='ocrx_word' id='word_1_518' title='bbox 2312 2703 2573 2760; x_wconf 89' lang='lat' dir='ltr'><strong>deferatis</strong></span> <span class='ocrx_word' id='word_1_519' title='bbox 2604 2703 2899 2774; x_wconf 88' lang='lat' dir='ltr'><strong>primatus,</strong></span> <span class='ocrx_word' id='word_1_520' title='bbox 2932 2704 3026 2773; x_wconf 89' lang='lat' dir='ltr'><strong>qui</strong></span> <span class='ocrx_word' id='word_1_521' title='bbox 3061 2714 3286 2774; x_wconf 88' lang='lat' dir='ltr'><strong>possum</strong></span> <span class='ocrx_word' id='word_1_522' title='bbox 3336 2708 3554 2774; x_wconf 82' lang='lat' dir='ltr'><strong>magica</strong></span> <span class='ocrx_word' id='word_1_523' title='bbox 3604 2713 3726 2757; x_wconf 86' lang='lat' dir='ltr'><strong>arte</strong></span> 
     </span>
    </p>
   </div>
   <div class='ocr_carea' id='block_1_69' title="bbox 2131 2796 3726 2868">
    <p class='ocr_par' dir='ltr' id='par_1_69' title="bbox 2131 2796 3726 2868">
     <span class='ocr_line' id='line_1_69' title="bbox 2131 2796 3726 2868; baseline -0.003 -17"><span class='ocrx_word' id='word_1_524' title='bbox 2131 2798 2304 2851; x_wconf 91' lang='lat' dir='ltr'><strong>multa</strong></span> <span class='ocrx_word' id='word_1_525' title='bbox 2331 2798 2486 2868; x_wconf 90' lang='lat' dir='ltr'><strong>signa</strong></span> <span class='ocrx_word' id='word_1_526' title='bbox 2516 2804 2570 2852; x_wconf 89' lang='lat' dir='ltr'><strong>et</strong></span> <span class='ocrx_word' id='word_1_527' title='bbox 2617 2796 2867 2866; x_wconf 89' lang='lat' dir='ltr'><strong>prodigia</strong></span> <span class='ocrx_word' id='word_1_528' title='bbox 2900 2796 3212 2859; x_wconf 73' lang='lat' dir='ltr'><strong>oswudere,</strong></span> <span class='ocrx_word' id='word_1_529' title='bbox 3243 2811 3339 2866; x_wconf 90' lang='lat' dir='ltr'><strong>per</strong></span> <span class='ocrx_word' id='word_1_530' title='bbox 3376 2811 3499 2866; x_wconf 82' lang='lat' dir='ltr'><strong>qua</strong></span> <span class='ocrx_word' id='word_1_531' title='bbox 3542 2796 3726 2866; x_wconf 79' lang='lat' dir='ltr'><strong>possit</strong></span> 
     </span>
    </p>
   </div>
   <div class='ocr_carea' id='block_1_70' title="bbox 2132 2884 3726 2960">
    <p class='ocr_par' dir='ltr' id='par_1_70' title="bbox 2132 2884 3726 2960">
     <span class='ocr_line' id='line_1_70' title="bbox 2132 2884 3726 2960; baseline -0.004 -17"><span class='ocrx_word' id='word_1_532' title='bbox 2132 2889 2214 2944; x_wconf 83' lang='lat' dir='ltr'><strong>vel</strong></span> <span class='ocrx_word' id='word_1_533' title='bbox 2241 2889 2427 2960; x_wconf 88' lang='lat' dir='ltr'><strong>gloria</strong></span> <span class='ocrx_word' id='word_1_534' title='bbox 2456 2888 2539 2943; x_wconf 89' lang='lat' dir='ltr'><strong>vel</strong></span> <span class='ocrx_word' id='word_1_535' title='bbox 2574 2896 2738 2943; x_wconf 88' lang='lat' dir='ltr'><strong>secta</strong></span> <span class='ocrx_word' id='word_1_536' title='bbox 2768 2894 2973 2941; x_wconf 87' lang='lat' dir='ltr'><strong>nostra</strong></span> <span class='ocrx_word' id='word_1_537' title='bbox 3000 2888 3139 2941; x_wconf 91' lang='lat' dir='ltr'><strong>ratio</strong></span> <span class='ocrx_word' id='word_1_538' title='bbox 3170 2896 3449 2942; x_wconf 84' lang='lat' dir='ltr'><strong>constare.</strong></span> <span class='ocrx_word' id='word_1_539' title='bbox 3482 2884 3726 2941; x_wconf 84' lang='lat' dir='ltr'><strong>Possunt</strong></span> 
     </span>
    </p>
   </div>
   <div class='ocr_carea' id='block_1_71' title="bbox 2130 2978 3726 3053">
    <p class='ocr_par' dir='ltr' id='par_1_71' title="bbox 2130 2978 3726 3053">
     <span class='ocr_line' id='line_1_71' title="bbox 2130 2978 3726 3053; baseline -0.003 -15"><span class='ocrx_word' id='word_1_540' title='bbox 2130 2983 2275 3039; x_wconf 90' lang='lat' dir='ltr'><strong>enim</strong></span> <span class='ocrx_word' id='word_1_541' title='bbox 2308 2981 2490 3037; x_wconf 86' lang='lat' dir='ltr'><strong>facere</strong></span> <span class='ocrx_word' id='word_1_542' title='bbox 2518 2982 2630 3053; x_wconf 77' lang='lat'><strong>(63)</strong></span> <span class='ocrx_word' id='word_1_543' title='bbox 2664 2988 2724 3035; x_wconf 88' lang='lat' dir='ltr'><strong>ut</strong></span> <span class='ocrx_word' id='word_1_544' title='bbox 2754 2981 3065 3037; x_wconf 87' lang='lat' dir='ltr'><strong>volentibus</strong></span> <span class='ocrx_word' id='word_1_545' title='bbox 3105 2995 3191 3035; x_wconf 90' lang='lat' dir='ltr'><strong>me</strong></span> <span class='ocrx_word' id='word_1_546' title='bbox 3247 2978 3726 3050; x_wconf 82' lang='lat' dir='ltr'><strong>comprehendere</strong></span> 
     </span>
    </p>
   </div>
   <div class='ocr_carea' id='block_1_72' title="bbox 2132 3070 3726 3147">
    <p class='ocr_par' dir='ltr' id='par_1_72' title="bbox 2132 3070 3726 3147">
     <span class='ocr_line' id='line_1_72' title="bbox 2132 3070 3726 3147; baseline -0.005 -16"><span class='ocrx_word' id='word_1_547' title='bbox 2132 3091 2243 3131; x_wconf 88' lang='lat' dir='ltr'><strong>non</strong></span> <span class='ocrx_word' id='word_1_548' title='bbox 2276 3088 2590 3147; x_wconf 87' lang='lat' dir='ltr'><strong>appaream,</strong></span> <span class='ocrx_word' id='word_1_549' title='bbox 2624 3083 2678 3130; x_wconf 91' lang='lat' dir='ltr'><strong>et</strong></span> <span class='ocrx_word' id='word_1_550' title='bbox 2706 3087 2905 3129; x_wconf 85' lang='lat' dir='ltr'><strong>rursus</strong></span> <span class='ocrx_word' id='word_1_551' title='bbox 2933 3075 3123 3129; x_wconf 83' lang='lat' dir='ltr'><strong>volens</strong></span> <span class='ocrx_word' id='word_1_552' title='bbox 3147 3072 3317 3127; x_wconf 90' lang='lat' dir='ltr'><strong>videri</strong></span> <span class='ocrx_word' id='word_1_553' title='bbox 3351 3072 3533 3143; x_wconf 84' lang='lat' dir='ltr'><strong>palam</strong></span> <span class='ocrx_word' id='word_1_554' title='bbox 3590 3070 3726 3132; x_wconf 86' lang='lat' dir='ltr'><strong>sim,</strong></span> 
     </span>
    </p>
   </div>
   <div class='ocr_carea' id='block_1_73' title="bbox 2133 3164 3723 3239">
    <p class='ocr_par' dir='ltr' id='par_1_73' title="bbox 2133 3164 3723 3239">
     <span class='ocr_line' id='line_1_73' title="bbox 2133 3164 3723 3239; baseline -0.004 -16"><span class='ocrx_word' id='word_1_555' title='bbox 2133 3167 2180 3224; x_wconf 91' lang='lat' dir='ltr'><strong>si</strong></span> <span class='ocrx_word' id='word_1_556' title='bbox 2206 3168 2394 3239; x_wconf 86' lang='lat' dir='ltr'><strong>fugere</strong></span> <span class='ocrx_word' id='word_1_557' title='bbox 2412 3168 2571 3223; x_wconf 88' lang='lat' dir='ltr'><strong>velim</strong></span> <span class='ocrx_word' id='word_1_558' title='bbox 2596 3176 2811 3222; x_wconf 89' lang='lat' dir='ltr'><strong>montes</strong></span> <span class='ocrx_word' id='word_1_559' title='bbox 2834 3166 3104 3237; x_wconf 86' lang='lat' dir='ltr'><strong>perforem</strong></span> <span class='ocrx_word' id='word_1_560' title='bbox 3123 3172 3176 3220; x_wconf 84' lang='lat' dir='ltr'><strong>et</strong></span> <span class='ocrx_word' id='word_1_561' title='bbox 3200 3181 3331 3220; x_wconf 86' lang='lat' dir='ltr'><strong>saxa</strong></span> <span class='ocrx_word' id='word_1_562' title='bbox 3356 3165 3519 3235; x_wconf 89' lang='lat' dir='ltr'><strong>quasi</strong></span> <span class='ocrx_word' id='word_1_563' title='bbox 3539 3164 3723 3218; x_wconf 86' lang='lat' dir='ltr'><strong>lutum</strong></span> 
     </span>
    </p>
   </div>
   <div class='ocr_carea' id='block_1_74' title="bbox 2133 3256 3723 3332">
    <p class='ocr_par' dir='ltr' id='par_1_74' title="bbox 2133 3256 3723 3332">
     <span class='ocr_line' id='line_1_74' title="bbox 2133 3256 3723 3332; baseline -0.004 -17"><span class='ocrx_word' id='word_1_564' title='bbox 2133 3269 2533 3332; x_wconf 88' lang='lat' dir='ltr'><strong>pertranseam,</strong></span> <span class='ocrx_word' id='word_1_565' title='bbox 2566 3259 2613 3314; x_wconf 88' lang='lat' dir='ltr'><strong>si</strong></span> <span class='ocrx_word' id='word_1_566' title='bbox 2664 3274 2750 3314; x_wconf 91' lang='lat' dir='ltr'><strong>me</strong></span> <span class='ocrx_word' id='word_1_567' title='bbox 2780 3259 2849 3314; x_wconf 88' lang='lat' dir='ltr'><strong>de</strong></span> <span class='ocrx_word' id='word_1_568' title='bbox 2878 3271 3061 3313; x_wconf 91' lang='lat' dir='ltr'><strong>monte</strong></span> <span class='ocrx_word' id='word_1_569' title='bbox 3089 3257 3307 3313; x_wconf 86' lang='lat' dir='ltr'><strong>excelso</strong></span> <span class='ocrx_word' id='word_1_570' title='bbox 3351 3256 3723 3327; x_wconf 80' lang='lat' dir='ltr'><strong>pracipitem,</strong></span> 
     </span>
    </p>
   </div>
   <div class='ocr_carea' id='block_1_75' title="bbox 2132 3345 3727 3423">
    <p class='ocr_par' dir='ltr' id='par_1_75' title="bbox 2132 3345 3727 3423">
     <span class='ocr_line' id='line_1_75' title="bbox 2132 3345 3727 3423; baseline -0.005 -16"><span class='ocrx_word' id='word_1_571' title='bbox 2132 3361 2394 3423; x_wconf 88' lang='lat' dir='ltr'><strong>tanquam</strong></span> <span class='ocrx_word' id='word_1_572' title='bbox 2421 3348 2717 3407; x_wconf 87' lang='lat' dir='ltr'><strong>subvectus</strong></span> <span class='ocrx_word' id='word_1_573' title='bbox 2753 3350 2823 3406; x_wconf 87' lang='lat' dir='ltr'><strong>ad</strong></span> <span class='ocrx_word' id='word_1_574' title='bbox 2852 3358 3029 3405; x_wconf 87' lang='lat' dir='ltr'><strong>terras</strong></span> <span class='ocrx_word' id='word_1_575' title='bbox 3059 3350 3262 3405; x_wconf 83' lang='lat' dir='ltr'><strong>illasus</strong></span> <span class='ocrx_word' id='word_1_576' title='bbox 3300 3347 3546 3402; x_wconf 87' lang='lat' dir='ltr'><strong>deferar.</strong></span> <span class='ocrx_word' id='word_1_577' title='bbox 3586 3345 3727 3400; x_wconf 74' lang='lat' dir='ltr'><strong>Viri-</strong></span> 
     </span>
    </p>
   </div>
   <div class='ocr_carea' id='block_1_76' title="bbox 2132 3439 3726 3514">
    <p class='ocr_par' dir='ltr' id='par_1_76' title="bbox 2132 3439 3726 3514">
     <span class='ocr_line' id='line_1_76' title="bbox 2132 3439 3726 3514; baseline -0.006 -13"><span class='ocrx_word' id='word_1_578' title='bbox 2132 3455 2255 3502; x_wconf 89' lang='lat' dir='ltr'><strong>ctus</strong></span> <span class='ocrx_word' id='word_1_579' title='bbox 2282 3446 2659 3514; x_wconf 88' lang='lat' dir='ltr'><strong>memetipsum</strong></span> <span class='ocrx_word' id='word_1_580' title='bbox 2682 3444 2914 3507; x_wconf 82' lang='lat' dir='ltr'><strong>solvam,</strong></span> <span class='ocrx_word' id='word_1_581' title='bbox 2936 3459 3033 3500; x_wconf 90' lang='lat' dir='ltr'><strong>eos</strong></span> <span class='ocrx_word' id='word_1_582' title='bbox 3062 3458 3193 3498; x_wconf 87' lang='lat' dir='ltr'><strong>vero</strong></span> <span class='ocrx_word' id='word_1_583' title='bbox 3224 3441 3315 3512; x_wconf 86' lang='lat' dir='ltr'><strong>qui</strong></span> <span class='ocrx_word' id='word_1_584' title='bbox 3357 3441 3589 3495; x_wconf 86' lang='lat' dir='ltr'><strong>vincula</strong></span> <span class='ocrx_word' id='word_1_585' title='bbox 3637 3439 3726 3493; x_wconf 81' lang='lat' dir='ltr'><strong>iu-</strong></span> 
     </span>
    </p>
   </div>
   <div class='ocr_carea' id='block_1_77' title="bbox 2128 3530 3726 3607">
    <p class='ocr_par' dir='ltr' id='par_1_77' title="bbox 2128 3530 3726 3607">
     <span class='ocr_line' id='line_1_77' title="bbox 2128 3530 3726 3607; baseline -0.008 -14"><span class='ocrx_word' id='word_1_586' title='bbox 2128 3538 2365 3607; x_wconf 89' lang='lat' dir='ltr'><strong>jecerint</strong></span> <span class='ocrx_word' id='word_1_587' title='bbox 2394 3536 2608 3591; x_wconf 87' lang='lat' dir='ltr'><strong>vinctos</strong></span> <span class='ocrx_word' id='word_1_588' title='bbox 2640 3535 2886 3600; x_wconf 86' lang='lat' dir='ltr'><strong>reddam,</strong></span> <span class='ocrx_word' id='word_1_589' title='bbox 2913 3535 2968 3589; x_wconf 92' lang='lat' dir='ltr'><strong>in</strong></span> <span class='ocrx_word' id='word_1_590' title='bbox 2999 3548 3219 3590; x_wconf 88' lang='lat' dir='ltr'><strong>carcere</strong></span> <span class='ocrx_word' id='word_1_591' title='bbox 3246 3532 3543 3603; x_wconf 82' lang='lat' dir='ltr'><strong>colligatus</strong></span> <span class='ocrx_word' id='word_1_592' title='bbox 3570 3530 3726 3585; x_wconf 67' lang='lat' dir='ltr'><strong>clam</strong></span> 
     </span>
    </p>
   </div>
   <div class='ocr_carea' id='block_1_78' title="bbox 2133 3622 3724 3701">
    <p class='ocr_par' dir='ltr' id='par_1_78' title="bbox 2133 3622 3724 3701">
     <span class='ocr_line' id='line_1_78' title="bbox 2133 3622 3724 3701; baseline -0.006 -16"><span class='ocrx_word' id='word_1_593' title='bbox 2133 3640 2247 3685; x_wconf 86' lang='lat' dir='ltr'><strong>stra</strong></span> <span class='ocrx_word' id='word_1_594' title='bbox 2279 3639 2472 3701; x_wconf 81' lang='lat' dir='ltr'><strong>sponte</strong></span> <span class='ocrx_word' id='word_1_595' title='bbox 2506 3628 2750 3699; x_wconf 80' lang='lat' dir='ltr'><strong>patefieri</strong></span> <span class='ocrx_word' id='word_1_596' title='bbox 2778 3628 2996 3691; x_wconf 86' lang='lat' dir='ltr'><strong>faciam,</strong></span> <span class='ocrx_word' id='word_1_597' title='bbox 3030 3633 3245 3681; x_wconf 88' lang='lat' dir='ltr'><strong>statuas</strong></span> <span class='ocrx_word' id='word_1_598' title='bbox 3278 3624 3567 3678; x_wconf 86' lang='lat' dir='ltr'><strong>animatas</strong></span> <span class='ocrx_word' id='word_1_599' title='bbox 3597 3622 3724 3676; x_wconf 61' lang='lat' dir='ltr'><strong>reda</strong></span> 
     </span>
    </p>
   </div>
   <div class='ocr_carea' id='block_1_79' title="bbox 2132 3716 3720 3790">
    <p class='ocr_par' dir='ltr' id='par_1_79' title="bbox 2132 3716 3720 3790">
     <span class='ocr_line' id='line_1_79' title="bbox 2132 3716 3720 3790; baseline -0.003 -15"><span class='ocrx_word' id='word_1_600' title='bbox 2132 3721 2281 3785; x_wconf 89' lang='lat' dir='ltr'><strong>dam,</strong></span> <span class='ocrx_word' id='word_1_601' title='bbox 2307 3722 2381 3774; x_wconf 93' lang='lat' dir='ltr'><strong>ita</strong></span> <span class='ocrx_word' id='word_1_602' title='bbox 2412 3728 2473 3775; x_wconf 92' lang='lat' dir='ltr'><strong>ut</strong></span> <span class='ocrx_word' id='word_1_603' title='bbox 2497 3728 2757 3790; x_wconf 90' lang='lat' dir='ltr'><strong>putentur</strong></span> <span class='ocrx_word' id='word_1_604' title='bbox 2775 3720 2846 3774; x_wconf 88' lang='lat' dir='ltr'><strong>ab</strong></span> <span class='ocrx_word' id='word_1_605' title='bbox 2864 3719 2949 3774; x_wconf 92' lang='lat' dir='ltr'><strong>his</strong></span> <span class='ocrx_word' id='word_1_606' title='bbox 2966 3718 3060 3789; x_wconf 89' lang='lat' dir='ltr'><strong>qui</strong></span> <span class='ocrx_word' id='word_1_607' title='bbox 3078 3718 3265 3772; x_wconf 87' lang='lat' dir='ltr'><strong>vident</strong></span> <span class='ocrx_word' id='word_1_608' title='bbox 3293 3716 3549 3770; x_wconf 89' lang='lat' dir='ltr'><strong>homines</strong></span> <span class='ocrx_word' id='word_1_609' title='bbox 3574 3728 3720 3771; x_wconf 68' lang='lat' dir='ltr'><strong>esse.</strong></span> 
     </span>
    </p>
   </div>
   <div class='ocr_carea' id='block_1_80' title="bbox 2132 3806 3724 3877">
    <p class='ocr_par' dir='ltr' id='par_1_80' title="bbox 2132 3806 3724 3877">
     <span class='ocr_line' id='line_1_80' title="bbox 2132 3806 3724 3877; baseline -0.009 -8"><span class='ocrx_word' id='word_1_610' title='bbox 2132 3829 2303 3869; x_wconf 88' lang='lat' dir='ltr'><strong>novas</strong></span> <span class='ocrx_word' id='word_1_611' title='bbox 2331 3814 2558 3869; x_wconf 90' lang='lat' dir='ltr'><strong>arbores</strong></span> <span class='ocrx_word' id='word_1_612' title='bbox 2588 3812 2771 3867; x_wconf 91' lang='lat' dir='ltr'><strong>subito</strong></span> <span class='ocrx_word' id='word_1_613' title='bbox 2801 3812 2935 3865; x_wconf 90' lang='lat' dir='ltr'><strong>oriri</strong></span> <span class='ocrx_word' id='word_1_614' title='bbox 2968 3810 3186 3873; x_wconf 88' lang='lat' dir='ltr'><strong>faciam,</strong></span> <span class='ocrx_word' id='word_1_615' title='bbox 3211 3816 3265 3863; x_wconf 90' lang='lat' dir='ltr'><strong>et</strong></span> <span class='ocrx_word' id='word_1_616' title='bbox 3286 3808 3582 3877; x_wconf 88' lang='lat' dir='ltr'><strong>repentina</strong></span> <span class='ocrx_word' id='word_1_617' title='bbox 3614 3806 3724 3858; x_wconf 48' lang='lat' dir='ltr'><strong>vir:</strong></span> 
     </span>
    </p>
   </div>
   <div class='ocr_carea' id='block_1_81' title="bbox 2131 3899 3721 3977">
    <p class='ocr_par' dir='ltr' id='par_1_81' title="bbox 2131 3899 3721 3977">
     <span class='ocr_line' id='line_1_81' title="bbox 2131 3899 3721 3977; baseline -0.006 -18"><span class='ocrx_word' id='word_1_618' title='bbox 2131 3907 2281 3976; x_wconf 88' lang='lat' dir='ltr'><strong>gulta</strong></span> <span class='ocrx_word' id='word_1_619' title='bbox 2314 3906 2612 3977; x_wconf 87' lang='lat' dir='ltr'><strong>producam</strong></span> <span class='ocrx_word' id='word_1_620' title='bbox 2638 3944 2653 3968; x_wconf 94' lang='lat'><strong>,</strong></span> <span class='ocrx_word' id='word_1_621' title='bbox 2690 3904 2746 3958; x_wconf 89' lang='lat' dir='ltr'><strong>in</strong></span> <span class='ocrx_word' id='word_1_622' title='bbox 2789 3905 2970 3975; x_wconf 88' lang='lat' dir='ltr'><strong>ignem</strong></span> <span class='ocrx_word' id='word_1_623' title='bbox 3014 3902 3400 3972; x_wconf 89' lang='lat' dir='ltr'><strong>memetipsum</strong></span> <span class='ocrx_word' id='word_1_624' title='bbox 3457 3899 3721 3967; x_wconf 84' lang='lat' dir='ltr'><strong>injiciens</strong></span> 
     </span>
    </p>
   </div>
   <div class='ocr_carea' id='block_1_82' title="bbox 2132 3996 3723 4061">
    <p class='ocr_par' dir='ltr' id='par_1_82' title="bbox 2132 3996 3723 4061">
     <span class='ocr_line' id='line_1_82' title="bbox 2132 3996 3723 4061; baseline -0.006 -9"><span class='ocrx_word' id='word_1_625' title='bbox 2132 4014 2243 4053; x_wconf 86' lang='lat' dir='ltr'><strong>non</strong></span> <span class='ocrx_word' id='word_1_626' title='bbox 2276 3998 2519 4053; x_wconf 89' lang='lat' dir='ltr'><strong>ardeam.</strong></span> <span class='ocrx_word' id='word_1_627' title='bbox 2546 3996 2768 4051; x_wconf 73' lang='lat' dir='ltr'><strong>VultUm</strong></span> <span class='ocrx_word' id='word_1_628' title='bbox 2793 4013 2971 4052; x_wconf 90' lang='lat' dir='ltr'><strong>meum</strong></span> <span class='ocrx_word' id='word_1_629' title='bbox 2993 4003 3294 4056; x_wconf 88' lang='lat' dir='ltr'><strong>commuto,</strong></span> <span class='ocrx_word' id='word_1_630' title='bbox 3321 4003 3384 4046; x_wconf 95' lang='lat' dir='ltr'><strong>ut</strong></span> <span class='ocrx_word' id='word_1_631' title='bbox 3411 4008 3523 4046; x_wconf 90' lang='lat' dir='ltr'><strong>non</strong></span> <span class='ocrx_word' id='word_1_632' title='bbox 3548 4005 3723 4061; x_wconf 84' lang='lat' dir='ltr'><strong>agno-</strong></span> 
     </span>
    </p>
   </div>
   <div class='ocr_carea' id='block_1_83' title="bbox 2136 4080 3726 4153">
    <p class='ocr_par' dir='ltr' id='par_1_83' title="bbox 2136 4080 3726 4153">
     <span class='ocr_line' id='line_1_83' title="bbox 2136 4080 3726 4153; baseline -0.008 -8"><span class='ocrx_word' id='word_1_633' title='bbox 2136 4105 2281 4153; x_wconf 84' lang='lat' dir='ltr'><strong>scar,</strong></span> <span class='ocrx_word' id='word_1_634' title='bbox 2315 4090 2411 4145; x_wconf 89' lang='lat' dir='ltr'><strong>sed</strong></span> <span class='ocrx_word' id='word_1_635' title='bbox 2443 4095 2497 4145; x_wconf 89' lang='lat' dir='ltr'><strong>et</strong></span> <span class='ocrx_word' id='word_1_636' title='bbox 2533 4089 2672 4144; x_wconf 85' lang='lat' dir='ltr'><strong>duas</strong></span> <span class='ocrx_word' id='word_1_637' title='bbox 2703 4087 2873 4143; x_wconf 89' lang='lat' dir='ltr'><strong>facies</strong></span> <span class='ocrx_word' id='word_1_638' title='bbox 2904 4087 3106 4141; x_wconf 87' lang='lat' dir='ltr'><strong>habere</strong></span> <span class='ocrx_word' id='word_1_639' title='bbox 3137 4100 3244 4148; x_wconf 91' lang='lat' dir='ltr'><strong>me,</strong></span> <span class='ocrx_word' id='word_1_640' title='bbox 3279 4098 3514 4153; x_wconf 89' lang='lat' dir='ltr'><strong>possum</strong></span> <span class='ocrx_word' id='word_1_641' title='bbox 3541 4080 3726 4134; x_wconf 84' lang='lat' dir='ltr'><strong>homi-</strong></span> 
     </span>
    </p>
   </div>
   <div class='ocr_carea' id='block_1_84' title="bbox 2137 4175 3725 4249">
    <p class='ocr_par' dir='ltr' id='par_1_84' title="bbox 2137 4175 3725 4249">
     <span class='ocr_line' id='line_1_84' title="bbox 2137 4175 3725 4249; baseline -0.007 -14"><span class='ocrx_word' id='word_1_642' title='bbox 2137 4181 2299 4237; x_wconf 90' lang='lat' dir='ltr'><strong>nibus</strong></span> <span class='ocrx_word' id='word_1_643' title='bbox 2329 4179 2636 4236; x_wconf 79' lang='lat' dir='ltr'><strong>ostendere.</strong></span> <span class='ocrx_word' id='word_1_644' title='bbox 2668 4178 2799 4235; x_wconf 85' lang='lat' dir='ltr'><strong>Ovis</strong></span> <span class='ocrx_word' id='word_1_645' title='bbox 2823 4185 2917 4234; x_wconf 93' lang='lat' dir='ltr'><strong>aut</strong></span> <span class='ocrx_word' id='word_1_646' title='bbox 2937 4192 3104 4249; x_wconf 87' lang='lat' dir='ltr'><strong>capra</strong></span> <span class='ocrx_word' id='word_1_647' title='bbox 3122 4175 3355 4239; x_wconf 80' lang='lat' dir='ltr'><strong>efﬂciar,</strong></span> <span class='ocrx_word' id='word_1_648' title='bbox 3374 4175 3569 4247; x_wconf 87' lang='lat' dir='ltr'><strong>pueris</strong></span> <span class='ocrx_word' id='word_1_649' title='bbox 3593 4187 3725 4245; x_wconf 81' lang='lat' dir='ltr'><strong>par-</strong></span> 
     </span>
    </p>
   </div>
   <div class='ocr_carea' id='block_1_85' title="bbox 1752 4363 2386 4422">
    <p class='ocr_par' dir='ltr' id='par_1_85' title="bbox 1752 4363 2386 4422">
     <span class='ocr_line' id='line_1_85' title="bbox 1752 4363 2386 4422; baseline 0 -1"><span class='ocrx_word' id='word_1_650' title='bbox 1752 4363 2117 4422; x_wconf 81' lang='lat' dir='ltr'><strong>COTELEBll</strong></span> <span class='ocrx_word' id='word_1_651' title='bbox 2150 4363 2386 4421; x_wconf 65' lang='lat' dir='ltr'><strong>NOTAE.</strong></span> 
     </span>
    </p>
   </div>
   <div class='ocr_carea' id='block_1_86' title="bbox 534 4575 2109 4650">
    <p class='ocr_par' dir='ltr' id='par_1_86' title="bbox 534 4575 2109 4650">
     <span class='ocr_line' id='line_1_86' title="bbox 534 4575 2109 4650; baseline 0 -17"><span class='ocrx_word' id='word_1_652' title='bbox 534 4578 648 4650; x_wconf 88' lang='lat'><strong>(6|)</strong></span> <span class='ocrx_word' id='word_1_653' title='bbox 681 4579 929 4650; x_wconf 64' lang='lat' dir='ltr'><strong>Baptista</strong></span> <span class='ocrx_word' id='word_1_654' title='bbox 961 4576 1192 4636; x_wconf 80' lang='lat' dir='ltr'><strong>Joanne.</strong></span> <span class='ocrx_word' id='word_1_655' title='bbox 1241 4578 1300 4650; x_wconf 87' lang='lat' dir='ltr'><strong>In</strong></span> <span class='ocrx_word' id='word_1_656' title='bbox 1340 4575 1699 4650; x_wconf 87' lang='lat' dir='ltr'><strong>Clementiuis</strong></span> <span class='ocrx_word' id='word_1_657' title='bbox 1738 4579 1932 4633; x_wconf 88' lang='lat' dir='ltr'><strong>homil.</strong></span> <span class='ocrx_word' id='word_1_658' title='bbox 1966 4595 2029 4644; x_wconf 86' lang='grc' dir='ltr'><strong>ιι,</strong></span> <span class='ocrx_word' id='word_1_659' title='bbox 2064 4584 2109 4640; x_wconf 86' lang='lat' dir='ltr'><strong>D</strong></span> 
     </span>
    </p>
   </div>
   <div class='ocr_carea' id='block_1_87' title="bbox 465 4648 2038 4721">
    <p class='ocr_par' dir='ltr' id='par_1_87' title="bbox 465 4648 2038 4721">
     <span class='ocr_line' id='line_1_87' title="bbox 465 4648 2038 4721; baseline -0.004 -13"><span class='ocrx_word' id='word_1_660' title='bbox 465 4669 522 4708; x_wconf 81' lang='grc' dir='ltr'><strong>ιι.</strong></span> <span class='ocrx_word' id='word_1_661' title='bbox 546 4648 625 4704; x_wconf 67' lang='grc'><strong>25</strong></span> <span class='ocrx_word' id='word_1_662' title='bbox 643 4667 673 4721; x_wconf 14' lang='lat'><strong>;7</strong></span> <span class='ocrx_word' id='word_1_663' title='bbox 692 4660 745 4705; x_wconf 86' lang='lat' dir='ltr'><strong>et</strong></span> <span class='ocrx_word' id='word_1_664' title='bbox 771 4649 1040 4721; x_wconf 11' lang='lat' dir='ltr'><strong>Eptgtomes</strong></span> <span class='ocrx_word' id='word_1_665' title='bbox 1062 4668 1183 4720; x_wconf 89' lang='lat' dir='ltr'><strong>cap.</strong></span> <span class='ocrx_word' id='word_1_666' title='bbox 1214 4649 1307 4711; x_wconf 72' lang='lat'><strong>26,</strong></span> <span class='ocrx_word' id='word_1_667' title='bbox 1351 4648 1603 4721; x_wconf 77' lang='grc' dir='ltr'><strong>Ἰωάννης</strong></span> <span class='ocrx_word' id='word_1_668' title='bbox 1624 4650 2038 4721; x_wconf 14' lang='grc' dir='ltr'><strong>νᾘμεροὸαπτι-</strong></span> 
     </span>
    </p>
   </div>
   <div class='ocr_carea' id='block_1_88' title="bbox 456 4718 2033 4861">
    <p class='ocr_par' dir='ltr' id='par_1_88' title="bbox 456 4718 2033 4861">
     <span class='ocr_line' id='line_1_88' title="bbox 460 4718 2033 4844; baseline 0.001 -69"><span class='ocrx_word' id='word_1_669' title='bbox 460 4722 611 4844; x_wconf 53' lang='grc' dir='ltr'><strong>στίὶς.</strong></span> <span class='ocrx_word' id='word_1_670' title='bbox 645 4718 1376 4801; x_wconf 43' lang='lat' dir='ltr'><strong>Quemadmodum&#39;Justino</strong></span> <span class='ocrx_word' id='word_1_671' title='bbox 1406 4718 1633 4799; x_wconf 73' lang='lat' dir='ltr'><strong>martyri</strong></span> <span class='ocrx_word' id='word_1_672' title='bbox 1668 4718 1876 4787; x_wconf 80' lang='lat' dir='ltr'><strong>Uialogi</strong></span> <span class='ocrx_word' id='word_1_673' title='bbox 1910 4736 2033 4789; x_wconf 83' lang='lat' dir='ltr'><strong>pag.</strong></span> 
     </span>
     <span class='ocr_line' id='line_1_89' title="bbox 456 4790 2033 4861; baseline -0.004 -13"><span class='ocrx_word' id='word_1_674' title='bbox 456 4794 527 4848; x_wconf 77' lang='grc' dir='ltr'><strong>’ὅθ</strong></span> <span class='ocrx_word' id='word_1_675' title='bbox 576 4827 592 4852; x_wconf 84' lang='grc'>,</span> <span class='ocrx_word' id='word_1_676' title='bbox 616 4792 913 4845; x_wconf 55' lang='lat' dir='ltr'><strong>Bantia-rati</strong></span> <span class='ocrx_word' id='word_1_677' title='bbox 946 4791 1227 4855; x_wconf 88' lang='lat' dir='ltr'><strong>dicuntur,</strong></span> <span class='ocrx_word' id='word_1_678' title='bbox 1256 4806 1348 4861; x_wconf 84' lang='lat' dir='ltr'><strong>qut</strong></span> <span class='ocrx_word' id='word_1_679' title='bbox 1375 4800 1587 4845; x_wconf 80' lang='lat' dir='ltr'><strong>caterts</strong></span> <span class='ocrx_word' id='word_1_680' title='bbox 1630 4790 2033 4861; x_wconf 72' lang='grc' dir='ltr'><strong>Ἡμεροὸιπτι-</strong></span> 
     </span>
    </p>
   </div>
   <div class='ocr_carea' id='block_1_89' title="bbox 576 4820 2036 4855">
    <p class='ocr_par' dir='ltr' id='par_1_89' title="bbox 576 4820 2036 4855">
     <span class='ocr_line' id='line_1_90' title="bbox 576 4820 2036 4855; baseline -0.001 -12"><span class='ocrx_word' id='word_1_681' title='bbox 576 4827 592 4852; x_wconf 66' lang='grc' dir='ltr'><strong><em>ο</em></strong></span> <span class='ocrx_word' id='word_1_682' title='bbox 618 4820 913 4845; x_wconf 50' lang='grc' dir='ltr'><strong>υυιπιιυνιυη</strong></span> <span class='ocrx_word' id='word_1_683' title='bbox 946 4820 1227 4855; x_wconf 75' lang='grc' dir='ltr'><strong>υιυυιιιυι,</strong></span> <span class='ocrx_word' id='word_1_684' title='bbox 1256 4820 1348 4855; x_wconf 69' lang='lat' dir='ltr'><strong>qui</strong></span> <span class='ocrx_word' id='word_1_685' title='bbox 1375 4820 1528 4845; x_wconf 66' lang='grc' dir='ltr'><strong>υειῑιςι</strong></span> <span class='ocrx_word' id='word_1_686' title='bbox 1542 4820 1587 4845; x_wconf 72' lang='grc' dir='ltr'><strong>ιθ</strong></span> <span class='ocrx_word' id='word_1_687' title='bbox 1645 4820 2036 4855; x_wconf 67' lang='grc' dir='ltr'><strong>ιιμιμυυιιιιδι-</strong></span> 
     </span>
    </p>
   </div>
   <div class='ocr_carea' id='block_1_90' title="bbox 458 4862 601 4918">
    <p class='ocr_par' dir='ltr' id='par_1_90' title="bbox 458 4862 601 4918">
     <span class='ocr_line' id='line_1_91' title="bbox 458 4862 601 4918; baseline -0.035 0"><span class='ocrx_word' id='word_1_688' title='bbox 458 4862 601 4918; x_wconf 66' lang='lat' dir='ltr'><strong>cui.</strong></span> 
     </span>
    </p>
   </div>
   <div class='ocr_carea' id='block_1_91' title="bbox 528 4928 2031 5004">
    <p class='ocr_par' dir='ltr' id='par_1_91' title="bbox 528 4928 2031 5004">
     <span class='ocr_line' id='line_1_92' title="bbox 528 4928 2031 5004; baseline -0.002 -19"><span class='ocrx_word' id='word_1_689' title='bbox 676 4930 809 4986; x_wconf 75' lang='lat' dir='ltr'><strong>Cum</strong></span> <span class='ocrx_word' id='word_1_690' title='bbox 834 4931 953 5004; x_wconf 72' lang='lat' dir='ltr'><strong>aliis</strong></span> <span class='ocrx_word' id='word_1_691' title='bbox 976 4933 1194 5004; x_wconf 76' lang='lat' dir='ltr'><strong>triginta</strong></span> <span class='ocrx_word' id='word_1_692' title='bbox 1218 4929 1599 4999; x_wconf 80' lang='lat' dir='ltr'><strong>principalibus</strong></span> <span class='ocrx_word' id='word_1_693' title='bbox 1627 4928 2031 5004; x_wconf 43' lang='lat' dir='ltr'><strong>discipulis..Ad</strong></span> 
     </span>
    </p>
   </div>
   <div class='ocr_carea' id='block_1_92' title="bbox 456 4998 2034 5071">
    <p class='ocr_par' dir='ltr' id='par_1_92' title="bbox 456 4998 2034 5071">
     <span class='ocr_line' id='line_1_93' title="bbox 456 4998 2034 5071; baseline -0.003 -12"><span class='ocrx_word' id='word_1_694' title='bbox 456 5004 511 5059; x_wconf 88' lang='lat' dir='ltr'><strong>id</strong></span> <span class='ocrx_word' id='word_1_695' title='bbox 536 4998 692 5056; x_wconf 55' lang='lat' dir='ltr'><strong>&#39;forte</strong></span> <span class='ocrx_word' id='word_1_696' title='bbox 730 4998 1066 5070; x_wconf 70' lang='lat' dir='ltr'><strong>respiciebat</strong></span> <span class='ocrx_word' id='word_1_697' title='bbox 1088 4998 1370 5071; x_wconf 75' lang='lat' dir='ltr'><strong>Origenes,</strong></span> <span class='ocrx_word' id='word_1_698' title='bbox 1392 4998 1540 5055; x_wconf 85' lang='lat' dir='ltr'><strong>cum</strong></span> <span class='ocrx_word' id='word_1_699' title='bbox 1581 5009 1713 5055; x_wconf 91' lang='lat' dir='ltr'><strong>tom.</strong></span> <span class='ocrx_word' id='word_1_700' title='bbox 1749 5011 1804 5053; x_wconf 79' lang='lat' dir='ltr'><strong>vt</strong></span> <span class='ocrx_word' id='word_1_701' title='bbox 1836 5001 1891 5054; x_wconf 85' lang='lat' dir='ltr'><strong>in</strong></span> <span class='ocrx_word' id='word_1_702' title='bbox 1918 4998 2034 5054; x_wconf 82' lang='lat' dir='ltr'><strong>Cel-</strong></span> 
     </span>
    </p>
   </div>
   <div class='ocr_carea' id='block_1_93' title="bbox 454 5070 2037 5155">
    <p class='ocr_par' dir='ltr' id='par_1_93' title="bbox 454 5070 2037 5155">
     <span class='ocr_line' id='line_1_94' title="bbox 454 5070 2037 5155; baseline -0.001 -30"><span class='ocrx_word' id='word_1_703' title='bbox 454 5088 656 5155; x_wconf 75' lang='lat' dir='ltr'><strong>smn_p.</strong></span> <span class='ocrx_word' id='word_1_704' title='bbox 690 5071 817 5134; x_wconf 68' lang='lat'><strong>291,</strong></span> <span class='ocrx_word' id='word_1_705' title='bbox 842 5072 1106 5155; x_wconf 54' lang='lat' dir='ltr'><strong>serperet</strong></span> <span class='ocrx_word' id='word_1_706' title='bbox 1136 5080 1148 5123; x_wconf 83' lang='lat'><strong>:&#39;</strong></span> <span class='ocrx_word' id='word_1_707' title='bbox 1178 5070 1240 5125; x_wconf 82' lang='lat' dir='ltr'><strong>Oi</strong></span> <span class='ocrx_word' id='word_1_708' title='bbox 1274 5071 1661 5155; x_wconf 48' lang='grc' dir='ltr'><strong>ξὲ-Δοςςιθξηνοξ</strong></span> <span class='ocrx_word' id='word_1_709' title='bbox 1692 5071 1814 5123; x_wconf 78' lang='grc' dir='ltr'>οὐδὲ</span> <span class='ocrx_word' id='word_1_710' title='bbox 1838 5070 2037 5155; x_wconf 57' lang='grc' dir='ltr'><strong>πεὸτε-</strong></span> 
     </span>
    </p>
   </div>
   <div class='ocr_carea' id='block_1_94' title="bbox 454 5138 2032 5285">
    <p class='ocr_par' dir='ltr' id='par_1_94' title="bbox 454 5138 2032 5285">
     <span class='ocr_line' id='line_1_95' title="bbox 455 5138 2032 5265; baseline -0.003 -68"><span class='ocrx_word' id='word_1_711' title='bbox 455 5161 549 5215; x_wconf 81' lang='grc' dir='ltr'><strong>ρον</strong></span> <span class='ocrx_word' id='word_1_712' title='bbox 575 5138 848 5265; x_wconf 49' lang='grc' dir='ltr'><strong>ἔκμασαν,</strong></span> <span class='ocrx_word' id='word_1_713' title='bbox 884 5142 997 5195; x_wconf 77' lang='grc' dir='ltr'><strong>Νῦν</strong></span> <span class='ocrx_word' id='word_1_714' title='bbox 1023 5138 1085 5195; x_wconf 68' lang='grc' dir='ltr'><strong>δὲ</strong></span> <span class='ocrx_word' id='word_1_715' title='bbox 1116 5142 1392 5206; x_wconf 84' lang='grc' dir='ltr'><strong>παντελῶς</strong></span> <span class='ocrx_word' id='word_1_716' title='bbox 1425 5138 1821 5195; x_wconf 75' lang='grc' dir='ltr'><strong>ὲπιλέλοίπασιν</strong></span> <span class='ocrx_word' id='word_1_717' title='bbox 1841 5178 1857 5201; x_wconf 84' lang='grc'><em>,</em></span> <span class='ocrx_word' id='word_1_718' title='bbox 1882 5138 2032 5193; x_wconf 71' lang='grc' dir='ltr'><strong>ὥστε</strong></span> 
     </span>
     <span class='ocr_line' id='line_1_96' title="bbox 454 5206 2032 5285; baseline -0.002 -19"><span class='ocrx_word' id='word_1_719' title='bbox 454 5213 547 5266; x_wconf 79' lang='grc' dir='ltr'><strong>τὸν</strong></span> <span class='ocrx_word' id='word_1_720' title='bbox 564 5215 595 5285; x_wconf 11' lang='grc' dir='ltr'><strong>θ’</strong></span> <span class='ocrx_word' id='word_1_721' title='bbox 612 5213 701 5265; x_wconf 87' lang='grc' dir='ltr'>λον</span> <span class='ocrx_word' id='word_1_722' title='bbox 727 5212 903 5285; x_wconf 62' lang='grc' dir='ltr'>αιξνςῶν</span> <span class='ocrx_word' id='word_1_723' title='bbox 942 5212 1269 5285; x_wconf 54' lang='grc' dir='ltr'><strong>ἱστορεῖσθαι,</strong></span> <span class='ocrx_word' id='word_1_724' title='bbox 1297 5210 1524 5285; x_wconf 74' lang='grc' dir='ltr'>ἀριθμὸν</span> <span class='ocrx_word' id='word_1_725' title='bbox 1555 5212 1655 5264; x_wconf 77' lang='grc' dir='ltr'>οὐκ</span> <span class='ocrx_word' id='word_1_726' title='bbox 1673 5206 1811 5263; x_wconf 81' lang='grc' dir='ltr'>εἶναι</span> <span class='ocrx_word' id='word_1_727' title='bbox 1836 5210 1891 5263; x_wconf 83' lang='grc' dir='ltr'>ὲν</span> <span class='ocrx_word' id='word_1_728' title='bbox 1918 5216 2032 5285; x_wconf 62' lang='grc' dir='ltr'><strong>ἐοἰς</strong></span> 
     </span>
    </p>
   </div>
   <div class='ocr_carea' id='block_1_95' title="bbox 454 5280 2031 5354">
    <p class='ocr_par' dir='ltr' id='par_1_95' title="bbox 454 5280 2031 5354">
     <span class='ocr_line' id='line_1_97' title="bbox 454 5280 2031 5354; baseline 0.001 -20"><span class='ocrx_word' id='word_1_729' title='bbox 454 5281 888 5354; x_wconf 59' lang='grc' dir='ltr'><strong>τρςὰκονταᾘου</strong></span> <span class='ocrx_word' id='word_1_730' title='bbox 906 5294 1009 5345; x_wconf 85' lang='lat' dir='ltr'><strong>est,</strong></span> <span class='ocrx_word' id='word_1_731' title='bbox 1036 5280 1119 5335; x_wconf 82' lang='lat' dir='ltr'><strong>rue</strong></span> <span class='ocrx_word' id='word_1_732' title='bbox 1152 5284 1278 5353; x_wconf 74' lang='grc' dir='ltr'>περὶ</span> <span class='ocrx_word' id='word_1_733' title='bbox 1303 5280 1440 5337; x_wconf 66' lang='grc' dir='ltr'><strong>τέόδά</strong></span> <span class='ocrx_word' id='word_1_734' title='bbox 1461 5284 1853 5352; x_wconf 90' lang='lat' dir='ltr'><strong>interpretante</strong></span> <span class='ocrx_word' id='word_1_735' title='bbox 1880 5299 1892 5334; x_wconf 90' lang='lat'><strong>:</strong></span> <span class='ocrx_word' id='word_1_736' title='bbox 1924 5280 2031 5335; x_wconf 88' lang='lat' dir='ltr'><strong>Do-</strong></span> 
     </span>
    </p>
   </div>
   <div class='ocr_carea' id='block_1_96' title="bbox 456 5353 2033 5421">
    <p class='ocr_par' dir='ltr' id='par_1_96' title="bbox 456 5353 2033 5421">
     <span class='ocr_line' id='line_1_98' title="bbox 456 5353 2033 5421; baseline -0.001 -15"><span class='ocrx_word' id='word_1_737' title='bbox 456 5353 675 5406; x_wconf 80' lang='lat' dir='ltr'><strong>sithceni</strong></span> <span class='ocrx_word' id='word_1_738' title='bbox 706 5368 825 5405; x_wconf 78' lang='lat' dir='ltr'><strong>vero</strong></span> <span class='ocrx_word' id='word_1_739' title='bbox 860 5369 951 5406; x_wconf 82' lang='lat' dir='ltr'><strong>nec</strong></span> <span class='ocrx_word' id='word_1_740' title='bbox 982 5354 1242 5421; x_wconf 68' lang='lat' dir='ltr'><strong>superiori</strong></span> <span class='ocrx_word' id='word_1_741' title='bbox 1274 5364 1499 5421; x_wconf 80' lang='lat' dir='ltr'><strong>tempore</strong></span> <span class='ocrx_word' id='word_1_742' title='bbox 1521 5354 1812 5420; x_wconf 76' lang='lat' dir='ltr'><strong>ﬂoruerunt</strong></span> <span class='ocrx_word' id='word_1_743' title='bbox 1837 5365 1857 5403; x_wconf 90' lang='lat'><strong><em>:</em></strong></span> <span class='ocrx_word' id='word_1_744' title='bbox 1891 5368 2033 5405; x_wconf 81' lang='lat' dir='ltr'><strong>nunc</strong></span> 
     </span>
    </p>
   </div>
   <div class='ocr_carea' id='block_1_97' title="bbox 456 5422 2027 5491">
    <p class='ocr_par' dir='ltr' id='par_1_97' title="bbox 456 5422 2027 5491">
     <span class='ocr_line' id='line_1_99' title="bbox 456 5422 2027 5491; baseline 0.001 -17"><span class='ocrx_word' id='word_1_745' title='bbox 456 5438 573 5476; x_wconf 68' lang='lat' dir='ltr'><strong>vero</strong></span> <span class='ocrx_word' id='word_1_746' title='bbox 606 5424 816 5475; x_wconf 81' lang='lat' dir='ltr'><strong>omnino</strong></span> <span class='ocrx_word' id='word_1_747' title='bbox 842 5422 1157 5491; x_wconf 75' lang='lat' dir='ltr'><strong>defecerunt,</strong></span> <span class='ocrx_word' id='word_1_748' title='bbox 1189 5424 1317 5477; x_wconf 80' lang='lat' dir='ltr'><strong>adeo</strong></span> <span class='ocrx_word' id='word_1_749' title='bbox 1347 5435 1404 5476; x_wconf 88' lang='lat' dir='ltr'><strong>ut</strong></span> <span class='ocrx_word' id='word_1_750' title='bbox 1430 5433 1569 5477; x_wconf 83' lang='lat' dir='ltr'><strong>lotus</strong></span> <span class='ocrx_word' id='word_1_751' title='bbox 1600 5422 1813 5491; x_wconf 71' lang='lat' dir='ltr'><strong>illorum</strong></span> <span class='ocrx_word' id='word_1_752' title='bbox 1847 5438 2027 5476; x_wconf 83' lang='lat' dir='ltr'><strong>nume-</strong></span> 
     </span>
    </p>
   </div>
   <div class='ocr_carea' id='block_1_98' title="bbox 460 5490 2029 5563">
    <p class='ocr_par' dir='ltr' id='par_1_98' title="bbox 460 5490 2029 5563">
     <span class='ocr_line' id='line_1_100' title="bbox 460 5490 2029 5563; baseline 0.002 -19"><span class='ocrx_word' id='word_1_753' title='bbox 460 5507 551 5563; x_wconf 66' lang='lat' dir='ltr'><strong>rus</strong></span> <span class='ocrx_word' id='word_1_754' title='bbox 576 5493 847 5563; x_wconf 74' lang='lat' dir='ltr'><strong>referatur</strong></span> <span class='ocrx_word' id='word_1_755' title='bbox 877 5490 980 5546; x_wconf 86' lang='lat' dir='ltr'><strong>non</strong></span> <span class='ocrx_word' id='word_1_756' title='bbox 1011 5510 1123 5547; x_wconf 78' lang='lat' dir='ltr'><strong>esse</strong></span> <span class='ocrx_word' id='word_1_757' title='bbox 1152 5496 1205 5547; x_wconf 85' lang='lat' dir='ltr'><strong>in</strong></span> <span class='ocrx_word' id='word_1_758' title='bbox 1238 5495 1473 5563; x_wconf 79' lang='lat' dir='ltr'><strong>triginta.</strong></span> <span class='ocrx_word' id='word_1_759' title='bbox 1509 5492 1574 5546; x_wconf 90' lang='lat' dir='ltr'><strong>Et</strong></span> <span class='ocrx_word' id='word_1_760' title='bbox 1598 5500 1730 5563; x_wconf 81' lang='lat' dir='ltr'><strong>tom.</strong></span> <span class='ocrx_word' id='word_1_761' title='bbox 1765 5490 1807 5555; x_wconf 92' lang='lat' dir='ltr'><strong>l,</strong></span> <span class='ocrx_word' id='word_1_762' title='bbox 1844 5508 1896 5561; x_wconf 92' lang='lat' dir='ltr'><strong>p.</strong></span> <span class='ocrx_word' id='word_1_763' title='bbox 1922 5493 2029 5547; x_wconf 68' lang='lat'><strong>45:</strong></span> 
     </span>
    </p>
   </div>
   <div class='ocr_carea' id='block_1_99' title="bbox 460 5561 2027 5635">
    <p class='ocr_par' dir='ltr' id='par_1_99' title="bbox 460 5561 2027 5635">
     <span class='ocr_line' id='line_1_101' title="bbox 460 5561 2027 5635; baseline 0.001 -23"><span class='ocrx_word' id='word_1_764' title='bbox 460 5561 597 5613; x_wconf 74' lang='grc' dir='ltr'>Νυνὶ</span> <span class='ocrx_word' id='word_1_765' title='bbox 612 5561 683 5635; x_wconf 31' lang='grc' dir='ltr'><strong>-δὲ</strong></span> <span class='ocrx_word' id='word_1_766' title='bbox 705 5564 829 5635; x_wconf 65' lang='lat' dir='ltr'><strong>reb;</strong></span> <span class='ocrx_word' id='word_1_767' title='bbox 861 5564 1067 5635; x_wconf 70' lang='grc' dir='ltr'>πάντας</span> <span class='ocrx_word' id='word_1_768' title='bbox 1090 5566 1236 5635; x_wconf 21' lang='grc' dir='ltr'><strong>ὲνᾼτῇ</strong></span> <span class='ocrx_word' id='word_1_769' title='bbox 1259 5561 1550 5635; x_wconf 68' lang='grc' dir='ltr'><strong>οϋιρυμένῃ</strong></span> <span class='ocrx_word' id='word_1_770' title='bbox 1580 5564 1679 5635; x_wconf 67' lang='grc' dir='ltr'><strong>οὐκ</strong></span> <span class='ocrx_word' id='word_1_771' title='bbox 1701 5562 1815 5614; x_wconf 78' lang='grc' dir='ltr'><strong>ἐστι</strong></span> <span class='ocrx_word' id='word_1_772' title='bbox 1849 5563 2027 5635; x_wconf 44' lang='grc' dir='ltr'><strong>Σίμω-</strong></span> 
     </span>
    </p>
   </div>
   <div class='ocr_carea' id='block_1_100' title="bbox 464 5631 2029 5705">
    <p class='ocr_par' dir='ltr' id='par_1_100' title="bbox 464 5631 2029 5705">
     <span class='ocr_line' id='line_1_102' title="bbox 464 5631 2029 5705; baseline 0.003 -23"><span class='ocrx_word' id='word_1_773' title='bbox 464 5633 671 5693; x_wconf 78' lang='grc' dir='ltr'>νιανοὺς</span> <span class='ocrx_word' id='word_1_774' title='bbox 703 5633 1015 5705; x_wconf 33' lang='grc' dir='ltr'><strong>εὐρεῖνᾼττὸν</strong></span> <span class='ocrx_word' id='word_1_775' title='bbox 1047 5631 1276 5705; x_wconf 71' lang='grc' dir='ltr'><strong>ᾁριθμζὸν</strong></span> <span class='ocrx_word' id='word_1_776' title='bbox 1318 5631 1470 5705; x_wconf 53' lang='lat' dir='ltr'><strong>eum</strong></span> <span class='ocrx_word' id='word_1_777' title='bbox 1517 5634 1829 5704; x_wconf 79' lang='grc' dir='ltr'><strong>τριάκοντα.</strong></span> <span class='ocrx_word' id='word_1_778' title='bbox 1872 5631 2029 5705; x_wconf 72' lang='lat' dir='ltr'><strong>Nunc</strong></span> 
     </span>
    </p>
   </div>
   <div class='ocr_carea' id='block_1_101' title="bbox 458 5700 2026 5773">
    <p class='ocr_par' dir='ltr' id='par_1_101' title="bbox 458 5700 2026 5773">
     <span class='ocr_line' id='line_1_103' title="bbox 458 5700 2026 5773; baseline 0.003 -21"><span class='ocrx_word' id='word_1_779' title='bbox 458 5713 635 5755; x_wconf 68' lang='lat' dir='ltr'><strong>autem</strong></span> <span class='ocrx_word' id='word_1_780' title='bbox 668 5719 843 5757; x_wconf 83' lang='lat' dir='ltr'><strong>omnes</strong></span> <span class='ocrx_word' id='word_1_781' title='bbox 877 5700 1211 5757; x_wconf 57' lang='lat' dir='ltr'><strong>Simoniano&#39;s</strong></span> <span class='ocrx_word' id='word_1_782' title='bbox 1251 5706 1302 5760; x_wconf 88' lang='lat' dir='ltr'><strong>in</strong></span> <span class='ocrx_word' id='word_1_783' title='bbox 1340 5700 1460 5761; x_wconf 75' lang='lat' dir='ltr'><strong>orba</strong></span> <span class='ocrx_word' id='word_1_784' title='bbox 1505 5700 1727 5773; x_wconf 65' lang='lat' dir='ltr'><strong>reperire</strong></span> <span class='ocrx_word' id='word_1_785' title='bbox 1764 5718 1867 5756; x_wconf 79' lang='lat' dir='ltr'><strong>non</strong></span> <span class='ocrx_word' id='word_1_786' title='bbox 1907 5703 2026 5756; x_wconf 86' lang='lat' dir='ltr'><strong>licet</strong></span> 
     </span>
    </p>
   </div>
   <div class='ocr_carea' id='block_1_102' title="bbox 458 5775 1211 5843">
    <p class='ocr_par' dir='ltr' id='par_1_102' title="bbox 458 5775 1211 5843">
     <span class='ocr_line' id='line_1_104' title="bbox 458 5775 1211 5843; baseline 0.003 -16"><span class='ocrx_word' id='word_1_787' title='bbox 458 5787 703 5839; x_wconf 70' lang='lat' dir='ltr'><strong>numero,</strong></span> <span class='ocrx_word' id='word_1_788' title='bbox 734 5775 935 5840; x_wconf 79' lang='lat' dir='ltr'><strong>opinor,</strong></span> <span class='ocrx_word' id='word_1_789' title='bbox 970 5775 1211 5843; x_wconf 79' lang='lat' dir='ltr'><strong>triginta.</strong></span> 
     </span>
    </p>
   </div>
   <div class='ocr_carea' id='block_1_103' title="bbox 2208 4574 3720 4653">
    <p class='ocr_par' dir='ltr' id='par_1_103' title="bbox 2208 4574 3720 4653">
     <span class='ocr_line' id='line_1_105' title="bbox 2208 4574 3720 4653; baseline 0 -17"><span class='ocrx_word' id='word_1_790' title='bbox 2208 4581 2317 4653; x_wconf 79' lang='grc'>(65)</span> <span class='ocrx_word' id='word_1_791' title='bbox 2343 4581 2567 4635; x_wconf 79' lang='lat' dir='ltr'><strong>Possunt</strong></span> <span class='ocrx_word' id='word_1_792' title='bbox 2586 4582 2725 4635; x_wconf 85' lang='lat' dir='ltr'><strong>enim</strong></span> <span class='ocrx_word' id='word_1_793' title='bbox 2752 4582 2943 4650; x_wconf 77' lang='lat' dir='ltr'><strong>facere,</strong></span> <span class='ocrx_word' id='word_1_794' title='bbox 2968 4587 3074 4653; x_wconf 79' lang='lat' dir='ltr'><strong>etc.</strong></span> <span class='ocrx_word' id='word_1_795' title='bbox 3091 4574 3396 4653; x_wconf 62' lang='lat' dir='ltr'><strong>Legendus</strong></span> <span class='ocrx_word' id='word_1_796' title='bbox 3416 4595 3585 4653; x_wconf 77' lang='lat' dir='ltr'><strong>quem</strong></span> <span class='ocrx_word' id='word_1_797' title='bbox 3606 4581 3720 4636; x_wconf 50' lang='lat' dir='ltr'><strong>Ab‘</strong></span> 
     </span>
    </p>
   </div>
   <div class='ocr_carea' id='block_1_104' title="bbox 2140 4650 3711 4721">
    <p class='ocr_par' dir='ltr' id='par_1_104' title="bbox 2140 4650 3711 4721">
     <span class='ocr_line' id='line_1_106' title="bbox 2140 4650 3711 4721; baseline 0.001 -16"><span class='ocrx_word' id='word_1_798' title='bbox 2140 4650 2554 4716; x_wconf 39' lang='lat' dir='ltr'><strong>diam&#39;vocant;</strong></span> <span class='ocrx_word' id='word_1_799' title='bbox 2604 4653 2962 4721; x_wconf 79' lang='lat' dir='ltr'><strong>notaudaque</strong></span> <span class='ocrx_word' id='word_1_800' title='bbox 2991 4651 3047 4705; x_wconf 90' lang='lat' dir='ltr'><strong>in</strong></span> <span class='ocrx_word' id='word_1_801' title='bbox 3088 4650 3180 4704; x_wconf 90' lang='lat' dir='ltr'><strong>illo</strong></span> <span class='ocrx_word' id='word_1_802' title='bbox 3216 4652 3380 4703; x_wconf 80' lang='lat' dir='ltr'><strong>varia</strong></span> <span class='ocrx_word' id='word_1_803' title='bbox 3417 4651 3711 4710; x_wconf 74' lang='lat' dir='ltr'><strong>lectiones.</strong></span> 
     </span>
    </p>
   </div>
   <div class='ocr_carea' id='block_1_105' title="bbox 2138 4721 3717 4791">
    <p class='ocr_par' dir='ltr' id='par_1_105' title="bbox 2138 4721 3717 4791">
     <span class='ocr_line' id='line_1_107' title="bbox 2138 4721 3717 4791; baseline 0.001 -16"><span class='ocrx_word' id='word_1_804' title='bbox 2138 4723 2478 4791; x_wconf 83' lang='lat' dir='ltr'><strong>corrigenda</strong></span> <span class='ocrx_word' id='word_1_805' title='bbox 2525 4723 2695 4776; x_wconf 77' lang='lat' dir='ltr'><strong>falsa.</strong></span> <span class='ocrx_word' id='word_1_806' title='bbox 2758 4721 3060 4776; x_wconf 85' lang='lat' dir='ltr'><strong>Notabilem</strong></span> <span class='ocrx_word' id='word_1_807' title='bbox 3116 4735 3336 4791; x_wconf 87' lang='lat' dir='ltr'><strong>quoque</strong></span> <span class='ocrx_word' id='word_1_808' title='bbox 3390 4721 3717 4776; x_wconf 81' lang='lat' dir='ltr'><strong>varietatem</strong></span> 
     </span>
    </p>
   </div>
   <div class='ocr_carea' id='block_1_106' title="bbox 2136 4792 3716 4861">
    <p class='ocr_par' dir='ltr' id='par_1_106' title="bbox 2136 4792 3716 4861">
     <span class='ocr_line' id='line_1_108' title="bbox 2136 4792 3716 4861; baseline -0.001 -15"><span class='ocrx_word' id='word_1_809' title='bbox 2136 4792 2358 4848; x_wconf 81' lang='lat' dir='ltr'><strong>exhibet</strong></span> <span class='ocrx_word' id='word_1_810' title='bbox 2407 4793 2544 4847; x_wconf 88' lang='lat' dir='ltr'><strong>liber</strong></span> <span class='ocrx_word' id='word_1_811' title='bbox 2584 4794 2821 4847; x_wconf 77' lang='lat' dir='ltr'><strong>Carmel.</strong></span> <span class='ocrx_word' id='word_1_812' title='bbox 2856 4794 3063 4844; x_wconf 79' lang='lat' dir='ltr'><strong>Aurum</strong></span> <span class='ocrx_word' id='word_1_813' title='bbox 3088 4792 3362 4861; x_wconf 79' lang='lat' dir='ltr'><strong>plumbum</strong></span> <span class='ocrx_word' id='word_1_814' title='bbox 3407 4792 3716 4861; x_wconf 65' lang='lat' dir='ltr'><strong>ostendant.</strong></span> 
     </span>
    </p>
   </div>
   <div class='ocr_carea' id='block_1_107' title="bbox 2136 4860 3716 4932">
    <p class='ocr_par' dir='ltr' id='par_1_107' title="bbox 2136 4860 3716 4932">
     <span class='ocr_line' id='line_1_109' title="bbox 2136 4860 3716 4932; baseline -0.001 -17"><span class='ocrx_word' id='word_1_815' title='bbox 2136 4862 2228 4932; x_wconf 78' lang='lat' dir='ltr'><strong>ubi</strong></span> <span class='ocrx_word' id='word_1_816' title='bbox 2265 4865 2445 4917; x_wconf 64' lang='lat' dir='ltr'><strong>caeteri</strong></span> <span class='ocrx_word' id='word_1_817' title='bbox 2485 4864 2687 4915; x_wconf 82' lang='lat' dir='ltr'><strong>Aurum</strong></span> <span class='ocrx_word' id='word_1_818' title='bbox 2739 4864 3027 4932; x_wconf 84' lang='lat' dir='ltr'><strong>plurimum</strong></span> <span class='ocrx_word' id='word_1_819' title='bbox 3059 4860 3369 4932; x_wconf 81' lang='lat' dir='ltr'><strong>ostendant,</strong></span> <span class='ocrx_word' id='word_1_820' title='bbox 3402 4862 3511 4914; x_wconf 78' lang='grc' dir='ltr'><strong>οὐκ</strong></span> <span class='ocrx_word' id='word_1_821' title='bbox 3541 4860 3716 4932; x_wconf 66' lang='grc' dir='ltr'>ἀληθῆ</span> 
     </span>
    </p>
   </div>
   <div class='ocr_carea' id='block_1_108' title="bbox 2134 4930 3719 5002">
    <p class='ocr_par' dir='ltr' id='par_1_108' title="bbox 2134 4930 3719 5002">
     <span class='ocr_line' id='line_1_110' title="bbox 2134 4930 3719 5002; baseline 0 -19"><span class='ocrx_word' id='word_1_822' title='bbox 2134 4930 2381 5002; x_wconf 77' lang='grc' dir='ltr'>θαύματα</span> <span class='ocrx_word' id='word_1_823' title='bbox 2416 4934 2654 4986; x_wconf 76' lang='grc' dir='ltr'><strong>ποιοῦσιν</strong></span> <span class='ocrx_word' id='word_1_824' title='bbox 2686 4934 2733 4984; x_wconf 80' lang='grc' dir='ltr'><strong>οἱ</strong></span> <span class='ocrx_word' id='word_1_825' title='bbox 2763 4931 2871 4985; x_wconf 77' lang='grc' dir='ltr'><strong>ἀπὸ</strong></span> <span class='ocrx_word' id='word_1_826' title='bbox 2902 4932 3008 4984; x_wconf 81' lang='grc' dir='ltr'><strong>τῶν</strong></span> <span class='ocrx_word' id='word_1_827' title='bbox 3040 4931 3233 5002; x_wconf 61' lang='grc' dir='ltr'>ψήφων</span> <span class='ocrx_word' id='word_1_828' title='bbox 3396 4930 3719 5001; x_wconf 63' lang='grc' dir='ltr'><strong>ὲπωνυμίαζ</strong></span> 
     </span>
    </p>
   </div>
   <div class='ocr_carea' id='block_1_109' title="bbox 2132 5000 3719 5072">
    <p class='ocr_par' dir='ltr' id='par_1_109' title="bbox 2132 5000 3719 5072">
     <span class='ocr_line' id='line_1_111' title="bbox 2132 5000 3719 5072; baseline 0 -19"><span class='ocrx_word' id='word_1_829' title='bbox 2132 5000 2362 5072; x_wconf 69' lang='grc' dir='ltr'><strong>ἔχοντες.</strong></span> <span class='ocrx_word' id='word_1_830' title='bbox 2387 5004 2695 5056; x_wconf 77' lang='grc' dir='ltr'><strong>Δεικνύουσι</strong></span> <span class='ocrx_word' id='word_1_831' title='bbox 2723 5002 2830 5072; x_wconf 80' lang='grc' dir='ltr'><strong>γὰρ</strong></span> <span class='ocrx_word' id='word_1_832' title='bbox 2856 5002 3052 5071; x_wconf 73' lang='grc' dir='ltr'>χρυσὸν</span> <span class='ocrx_word' id='word_1_833' title='bbox 3073 5000 3403 5072; x_wconf 51' lang='grc' dir='ltr'><strong>ορκρληθῶς</strong></span> <span class='ocrx_word' id='word_1_834' title='bbox 3422 5002 3557 5054; x_wconf 74' lang='grc' dir='ltr'>ὄντα</span> <span class='ocrx_word' id='word_1_835' title='bbox 3584 5000 3719 5072; x_wconf 69' lang='grc' dir='ltr'><strong>χρυ-</strong></span> 
     </span>
    </p>
   </div>
   <div class='ocr_carea' id='block_1_110' title="bbox 2204 5070 3721 5143">
    <p class='ocr_par' dir='ltr' id='par_1_110' title="bbox 2204 5070 3721 5143">
     <span class='ocr_line' id='line_1_112' title="bbox 2204 5070 3721 5143; baseline -0.001 -18"><span class='ocrx_word' id='word_1_836' title='bbox 2204 5090 2252 5126; x_wconf 91' lang='grc' dir='ltr'>ν.</span> <span class='ocrx_word' id='word_1_837' title='bbox 2272 5074 2407 5127; x_wconf 89' lang='lat' dir='ltr'><strong>Cum</strong></span> <span class='ocrx_word' id='word_1_838' title='bbox 2428 5076 2633 5143; x_wconf 83' lang='lat' dir='ltr'><strong>quibus</strong></span> <span class='ocrx_word' id='word_1_839' title='bbox 2657 5070 2975 5143; x_wconf 71' lang='lat' dir='ltr'><strong>Theodoriti</strong></span> <span class='ocrx_word' id='word_1_840' title='bbox 3003 5073 3068 5125; x_wconf 88' lang='lat' dir='ltr'><strong>ad</strong></span> <span class='ocrx_word' id='word_1_841' title='bbox 3096 5070 3137 5124; x_wconf 90' lang='lat' dir='ltr'><strong>ll</strong></span> <span class='ocrx_word' id='word_1_842' title='bbox 3171 5070 3415 5143; x_wconf 65' lang='lat' dir='ltr'><strong>Thcssal1</strong></span> <span class='ocrx_word' id='word_1_843' title='bbox 3438 5087 3502 5132; x_wconf 85' lang='lat' dir='ltr'><strong>II,</strong></span> <span class='ocrx_word' id='word_1_844' title='bbox 3536 5075 3591 5143; x_wconf 72' lang='lat'><strong>9,</strong></span> <span class='ocrx_word' id='word_1_845' title='bbox 3619 5070 3721 5143; x_wconf 64' lang='lat' dir='ltr'><strong>an-</strong></span> 
     </span>
    </p>
   </div>
   <div class='ocr_carea' id='block_1_111' title="bbox 2130 5140 3719 5282">
    <p class='ocr_par' dir='ltr' id='par_1_111' title="bbox 2130 5140 3719 5282">
     <span class='ocr_line' id='line_1_113' title="bbox 2130 5140 3719 5225; baseline 0 -31"><span class='ocrx_word' id='word_1_846' title='bbox 2130 5140 2301 5212; x_wconf 89' lang='lat' dir='ltr'><strong>junge</strong></span> <span class='ocrx_word' id='word_1_847' title='bbox 2334 5140 2681 5225; x_wconf 50' lang='lat' dir='ltr'><strong>ista&#39;gemiua</strong></span> <span class='ocrx_word' id='word_1_848' title='bbox 2716 5141 2859 5212; x_wconf 86' lang='lat' dir='ltr'><strong>apud</strong></span> <span class='ocrx_word' id='word_1_849' title='bbox 2902 5141 3261 5196; x_wconf 80' lang='lat' dir='ltr'><strong>Athanasium</strong></span> <span class='ocrx_word' id='word_1_850' title='bbox 3291 5142 3346 5194; x_wconf 93' lang='lat' dir='ltr'><strong>in</strong></span> <span class='ocrx_word' id='word_1_851' title='bbox 3379 5141 3719 5207; x_wconf 60' lang='lat' dir='ltr'><strong>Quintiani-</strong></span> 
     </span>
     <span class='ocr_line' id='line_1_114' title="bbox 2136 5209 3719 5282; baseline -0.001 -18"><span class='ocrx_word' id='word_1_852' title='bbox 2136 5213 2231 5266; x_wconf 88' lang='lat' dir='ltr'><strong>bus</strong></span> <span class='ocrx_word' id='word_1_853' title='bbox 2256 5212 2324 5265; x_wconf 82' lang='lat' dir='ltr'><strong>ad</strong></span> <span class='ocrx_word' id='word_1_854' title='bbox 2357 5212 2669 5266; x_wconf 74' lang='lat' dir='ltr'><strong>Antiochum</strong></span> <span class='ocrx_word' id='word_1_855' title='bbox 2690 5227 2939 5282; x_wconf 82' lang='lat' dir='ltr'><strong>respous.</strong></span> <span class='ocrx_word' id='word_1_856' title='bbox 2966 5210 3068 5265; x_wconf 67' lang='grc'><strong>124</strong></span> <span class='ocrx_word' id='word_1_857' title='bbox 3097 5230 3108 5263; x_wconf 93' lang='lat'>:</span> <span class='ocrx_word' id='word_1_858' title='bbox 3137 5211 3198 5264; x_wconf 77' lang='grc' dir='ltr'><strong>Οἱ</strong></span> <span class='ocrx_word' id='word_1_859' title='bbox 3220 5209 3508 5282; x_wconf 65' lang='grc' dir='ltr'><strong>λεγὸμξνοι</strong></span> <span class='ocrx_word' id='word_1_860' title='bbox 3527 5212 3719 5281; x_wconf 74' lang='grc' dir='ltr'><strong>ψηφάο</strong></span> 
     </span>
    </p>
   </div>
   <div class='ocr_carea' id='block_1_112' title="bbox 2133 5280 3719 5352">
    <p class='ocr_par' dir='ltr' id='par_1_112' title="bbox 2133 5280 3719 5352">
     <span class='ocr_line' id='line_1_115' title="bbox 2133 5280 3719 5352; baseline 0 -18"><span class='ocrx_word' id='word_1_861' title='bbox 2133 5282 2239 5345; x_wconf 85' lang='grc' dir='ltr'><strong>δες,</strong></span> <span class='ocrx_word' id='word_1_862' title='bbox 2273 5284 2365 5336; x_wconf 71' lang='grc' dir='ltr'>καὶ</span> <span class='ocrx_word' id='word_1_863' title='bbox 2407 5284 2569 5336; x_wconf 80' lang='grc' dir='ltr'>πάλιν</span> <span class='ocrx_word' id='word_1_864' title='bbox 2619 5280 2833 5344; x_wconf 73' lang='grc' dir='ltr'>αὐτὸξό</span> <span class='ocrx_word' id='word_1_865' title='bbox 2874 5280 3235 5352; x_wconf 69' lang='grc' dir='ltr'><strong>Ἀντξχριστος</strong></span> <span class='ocrx_word' id='word_1_866' title='bbox 3266 5280 3607 5352; x_wconf 27' lang='grc' dir='ltr'><strong>ηὲρχόμενᾳς</strong></span> <span class='ocrx_word' id='word_1_867' title='bbox 3661 5283 3719 5334; x_wconf 70' lang='lat' dir='ltr'><strong>tv</strong></span> 
     </span>
    </p>
   </div>
   <div class='ocr_carea' id='block_1_113' title="bbox 2134 5348 3721 5425">
    <p class='ocr_par' dir='ltr' id='par_1_113' title="bbox 2134 5348 3721 5425">
     <span class='ocr_line' id='line_1_116' title="bbox 2134 5348 3721 5425; baseline 0.003 -5"><span class='ocrx_word' id='word_1_868' title='bbox 2134 5353 2407 5425; x_wconf 66' lang='grc' dir='ltr'>φαντασίᾳ</span> <span class='ocrx_word' id='word_1_869' title='bbox 2442 5354 2640 5425; x_wconf 71' lang='grc' dir='ltr'><strong>,πλανᾷ</strong></span> <span class='ocrx_word' id='word_1_870' title='bbox 2686 5352 2812 5425; x_wconf 57' lang='grc' dir='ltr'><strong>φὺς</strong></span> <span class='ocrx_word' id='word_1_871' title='bbox 2864 5348 3175 5425; x_wconf 58' lang='grc' dir='ltr'><strong>όςὲθφλμοὺς</strong></span> <span class='ocrx_word' id='word_1_872' title='bbox 3219 5348 3329 5425; x_wconf 50' lang='lat' dir='ltr'><strong>“in?</strong></span> <span class='ocrx_word' id='word_1_873' title='bbox 3352 5348 3721 5425; x_wconf 38' lang='lat' dir='ltr'><strong>‘va</strong></span> 
     </span>
    </p>
   </div>
   <div class='ocr_carea' id='block_1_114' title="bbox 2205 5420 3713 5504">
    <p class='ocr_par' dir='ltr' id='par_1_114' title="bbox 2205 5420 3713 5504">
     <span class='ocr_line' id='line_1_117' title="bbox 2205 5420 3713 5504; baseline 0.001 -30"><span class='ocrx_word' id='word_1_874' title='bbox 2205 5423 2353 5504; x_wconf 75' lang='grc' dir='ltr'>υσίον</span> <span class='ocrx_word' id='word_1_875' title='bbox 2383 5420 2574 5504; x_wconf 58' lang='lat' dir='ltr'><strong>abso};</strong></span> <span class='ocrx_word' id='word_1_876' title='bbox 2616 5420 2876 5504; x_wconf 54' lang='grc' dir='ltr'><strong>ῖπφλλᾲξςις</strong></span> <span class='ocrx_word' id='word_1_877' title='bbox 2982 5420 3220 5504; x_wconf 57' lang='grc' dir='ltr'><strong>ἄργυρον</strong></span> <span class='ocrx_word' id='word_1_878' title='bbox 3258 5420 3605 5504; x_wconf 60' lang='grc' dir='ltr'><strong>ὐποέεικνύς.</strong></span> <span class='ocrx_word' id='word_1_879' title='bbox 3629 5420 3713 5504; x_wconf 54' lang='lat' dir='ltr'><strong>lu</strong></span> 
     </span>
    </p>
   </div>
   <div class='ocr_carea' id='block_1_115' title="bbox 2135 5490 3715 5629">
    <p class='ocr_par' dir='ltr' id='par_1_115' title="bbox 2135 5490 3715 5629">
     <span class='ocr_line' id='line_1_118' title="bbox 2135 5490 3715 5563; baseline -0.001 -16"><span class='ocrx_word' id='word_1_880' title='bbox 2135 5490 2307 5561; x_wconf 79' lang='lat' dir='ltr'><strong>Opere</strong></span> <span class='ocrx_word' id='word_1_881' title='bbox 2336 5494 2636 5563; x_wconf 80' lang='lat' dir='ltr'><strong>imperfecto</strong></span> <span class='ocrx_word' id='word_1_882' title='bbox 2659 5495 2716 5546; x_wconf 82' lang='lat' dir='ltr'><strong>in</strong></span> <span class='ocrx_word' id='word_1_883' title='bbox 2751 5490 3067 5548; x_wconf 61' lang='lat' dir='ltr'><strong>Hatthleuin</strong></span> <span class='ocrx_word' id='word_1_884' title='bbox 3096 5490 3167 5545; x_wconf 77' lang='lat' dir='ltr'><strong>ad</strong></span> <span class='ocrx_word' id='word_1_885' title='bbox 3207 5506 3330 5559; x_wconf 82' lang='lat' dir='ltr'><strong>cap.</strong></span> <span class='ocrx_word' id='word_1_886' title='bbox 3357 5492 3412 5554; x_wconf 83' lang='lat'><strong>7,</strong></span> <span class='ocrx_word' id='word_1_887' title='bbox 3436 5507 3589 5549; x_wconf 78' lang='lat' dir='ltr'><strong>vers.</strong></span> <span class='ocrx_word' id='word_1_888' title='bbox 3624 5491 3715 5553; x_wconf 71' lang='lat'><strong>16,</strong></span> 
     </span>
     <span class='ocr_line' id='line_1_119' title="bbox 2135 5560 3715 5629; baseline -0.003 -12"><span class='ocrx_word' id='word_1_889' title='bbox 2135 5578 2230 5617; x_wconf 91' lang='lat' dir='ltr'><strong>seu</strong></span> <span class='ocrx_word' id='word_1_890' title='bbox 2264 5571 2323 5616; x_wconf 91' lang='lat' dir='ltr'><strong>ut</strong></span> <span class='ocrx_word' id='word_1_891' title='bbox 2352 5564 2623 5626; x_wconf 83' lang='lat' dir='ltr'><strong>dividunt,</strong></span> <span class='ocrx_word' id='word_1_892' title='bbox 2661 5563 2848 5617; x_wconf 88' lang='lat' dir='ltr'><strong>homil.</strong></span> <span class='ocrx_word' id='word_1_893' title='bbox 2886 5562 2979 5621; x_wconf 72' lang='lat' dir='ltr'><strong>L9:</strong></span> <span class='ocrx_word' id='word_1_894' title='bbox 3019 5560 3208 5616; x_wconf 81' lang='lat' dir='ltr'><strong>Volarc</strong></span> <span class='ocrx_word' id='word_1_895' title='bbox 3233 5576 3324 5629; x_wconf 80' lang='lat' dir='ltr'><strong>per</strong></span> <span class='ocrx_word' id='word_1_896' title='bbox 3348 5578 3551 5620; x_wconf 81' lang='lat' dir='ltr'><strong>aerem,</strong></span> <span class='ocrx_word' id='word_1_897' title='bbox 3574 5562 3715 5614; x_wconf 64' lang='lat' dir='ltr'><strong>sicut</strong></span> 
     </span>
    </p>
   </div>
   <div class='ocr_carea' id='block_1_116' title="bbox 2130 5630 3719 5700">
    <p class='ocr_par' dir='ltr' id='par_1_116' title="bbox 2130 5630 3719 5700">
     <span class='ocr_line' id='line_1_120' title="bbox 2130 5630 3719 5700; baseline -0.003 -13"><span class='ocrx_word' id='word_1_898' title='bbox 2130 5642 2181 5687; x_wconf 80' lang='lat' dir='ltr'><strong>et</strong></span> <span class='ocrx_word' id='word_1_899' title='bbox 2208 5632 2495 5687; x_wconf 76' lang='lat' dir='ltr'><strong>Dominum</strong></span> <span class='ocrx_word' id='word_1_900' title='bbox 2523 5632 2766 5687; x_wconf 74' lang='lat' dir='ltr'><strong>diabolus</strong></span> <span class='ocrx_word' id='word_1_901' title='bbox 2789 5630 3134 5696; x_wconf 82' lang='lat' dir='ltr'><strong>hortabatur;</strong></span> <span class='ocrx_word' id='word_1_902' title='bbox 3158 5641 3367 5687; x_wconf 76' lang='lat' dir='ltr'><strong>statuas</strong></span> <span class='ocrx_word' id='word_1_903' title='bbox 3397 5633 3575 5700; x_wconf 74' lang='lat' dir='ltr'><strong>facere</strong></span> <span class='ocrx_word' id='word_1_904' title='bbox 3596 5648 3719 5684; x_wconf 78' lang='lat' dir='ltr'><strong>am-</strong></span> 
     </span>
    </p>
   </div>
   <div class='ocr_carea' id='block_1_117' title="bbox 2132 5700 3715 5771">
    <p class='ocr_par' dir='ltr' id='par_1_117' title="bbox 2132 5700 3715 5771">
     <span class='ocr_line' id='line_1_121' title="bbox 2132 5700 3715 5771; baseline 0.001 -17"><span class='ocrx_word' id='word_1_905' title='bbox 2132 5702 2345 5764; x_wconf 83' lang='lat' dir='ltr'><strong>bulare;</strong></span> <span class='ocrx_word' id='word_1_906' title='bbox 2377 5713 2469 5757; x_wconf 87' lang='lat' dir='ltr'><strong>aut</strong></span> <span class='ocrx_word' id='word_1_907' title='bbox 2505 5704 2833 5757; x_wconf 82' lang='lat' dir='ltr'><strong>commisceri</strong></span> <span class='ocrx_word' id='word_1_908' title='bbox 2860 5702 3112 5771; x_wconf 67' lang='lat' dir='ltr'><strong>ﬂammat,</strong></span> <span class='ocrx_word' id='word_1_909' title='bbox 3143 5713 3193 5758; x_wconf 81' lang='lat' dir='ltr'><strong>ct</strong></span> <span class='ocrx_word' id='word_1_910' title='bbox 3224 5719 3326 5757; x_wconf 72' lang='lat' dir='ltr'><strong>non</strong></span> <span class='ocrx_word' id='word_1_911' title='bbox 3352 5700 3637 5764; x_wconf 75' lang='lat' dir='ltr'><strong>comburi;</strong></span> <span class='ocrx_word' id='word_1_912' title='bbox 3660 5710 3715 5756; x_wconf 72' lang='lat' dir='ltr'><strong>et</strong></span> 
     </span>
    </p>
   </div>
   <div class='ocr_carea' id='block_1_118' title="bbox 2130 5773 2839 5845">
    <p class='ocr_par' dir='ltr' id='par_1_118' title="bbox 2130 5773 2839 5845">
     <span class='ocr_line' id='line_1_122' title="bbox 2130 5773 2839 5845; baseline 0 -18"><span class='ocrx_word' id='word_1_913' title='bbox 2130 5773 2256 5837; x_wconf 85' lang='lat' dir='ltr'><strong>alia,</strong></span> <span class='ocrx_word' id='word_1_914' title='bbox 2284 5773 2463 5845; x_wconf 82' lang='lat' dir='ltr'><strong>qualia</strong></span> <span class='ocrx_word' id='word_1_915' title='bbox 2491 5773 2671 5828; x_wconf 75' lang='lat' dir='ltr'><strong>Simon</strong></span> <span class='ocrx_word' id='word_1_916' title='bbox 2698 5774 2839 5842; x_wconf 65' lang='lat' dir='ltr'><strong>fecit.</strong></span> 
     </span>
    </p>
   </div>
  </div>
