3806 6272
149 368 287 434 ικϊεθ

1339 363 1889 423 BECOGNITIONUM
1924 364 2049 422 LIB.
2083 361 2153 418 ﬂ.

3199 357 3337 417 ιεδι

161 493 237 542 vis
263 486 483 539 haroam
510 471 804 549 producam.
835 471 920 535 in
949 494 1136 537 aerem
1188 478 1420 533 volando
1460 477 1702 537 invebar,
1732 483 1776 537 Α
1804 477 1952 545 virga
1974 476 2207 530 transire
2231 490 2246 539 ;
2278 487 2440 543 super
2464 487 2573 542 quo
2593 469 3001 541 obstupefactus
3027 469 3334 535 Dositheus.

162 590 347 629 aurum
383 572 667 641 plurimum
707 570 1033 639 ostendam,
1068 588 1221 642 reges
1267 572 1457 625 faciam
1498 585 1700 639 eosque

153 663 427 731 dejiciam.
451 657 725 713 Adorabur
742 664 792 709 ut
819 653 999 722 Deus,
1029 662 1235 731 publice
1248 660 1442 713 divinis
1460 660 1702 713 donabor

155 752 483 813 honoribus,
514 750 587 803 ita
624 758 681 801 ut
712 746 1071 803 simulacrum
1102 751 1232 803 mihi
1272 756 1560 802 statuentes
1588 746 1699 814 (64)

145 852 411 911 tanquam
444 841 615 895 Deum
640 841 814 894 colant
842 847 899 890 et
927 840 1171 894 adorent.
1207 838 1271 891 Et
1303 839 1427 907 quid
1456 853 1590 906 opus
1617 846 1700 890 est

142 935 318 987 multa
380 932 610 987 dicere?
644 929 899 999 quidquid
960 931 1181 984 voluero
1228 929 1443 990 facere,
1496 939 1699 995 potero.

133 1023 309 1077 Multa
338 1023 551 1076 etenim
583 1022 691 1089 jam
726 1020 854 1073 milii
882 1019 1228 1087 experimenti
1256 1034 1419 1071 causa
1452 1033 1703 1071 consum-

134 1123 289 1167 mata
331 1121 495 1167 sunt.
539 1111 779 1178 Denique
818 1108 1127 1177 aliquando,
1157 1109 1350 1175 inquit,
1382 1122 1504 1161 cum
1534 1118 1704 1159 mater

126 1219 258 1256 mea
282 1202 502 1255 Rachel
524 1201 736 1269 juberet
762 1214 844 1252 me
863 1199 1008 1251 exire
1031 1200 1096 1251 ad
1119 1212 1326 1265 agrum,
1348 1206 1406 1250 ut
1428 1206 1700 1260 meterem,

126 1307 235 1360 ego
295 1291 503 1344 falcem
563 1289 747 1341 videns
786 1286 1011 1353 positam
1064 1285 1284 1353 praecepi
1320 1285 1368 1337 ei
1421 1292 1479 1336 ut
1515 1284 1615 1338 iret
1649 1292 1705 1337 et

124 1390 397 1441 mcteret,
428 1392 489 1433 et
526 1378 749 1432 messuit
779 1375 1003 1444 dccuplo
1030 1374 1259 1441 amplius
1289 1374 1511 1427 caeteris.
1539 1373 1702 1428 Multa

118 1473 247 1541 jam
287 1486 444 1526 nova
477 1470 707 1539 virgulta
734 1467 957 1536 produxi
991 1467 1055 1520 de
1087 1474 1228 1519 terra
1253 1475 1305 1519 et
1340 1467 1702 1521 convalescere

121 1577 191 1615 ea
237 1561 397 1624 feci,
443 1561 552 1613 sub
607 1566 878 1611 momento
920 1555 1172 1622 temporis
1223 1568 1477 1622 apparere
1512 1555 1612 1608 feci
1647 1564 1704 1609 et

119 1658 392 1703 montem
426 1646 762 1716 proximum,
798 1659 895 1711 ego
932 1642 1167 1697 secundo
1204 1641 1491 1707 perforavi.

195 1728 276 1783 Χ.
324 1728 445 1783 Sed
484 1730 600 1783 haec
629 1744 752 1782 cum
784 1730 988 1784 diceret
1037 1732 1104 1786 de
1138 1732 1379 1800 virgultis
1424 1735 1701 1801 productis

114 1826 172 1872 et
197 1827 409 1872 monte
439 1818 744 1887 perforato,
766 1821 1137 1888 stupescebam
1162 1836 1258 1889 pro
1278 1837 1365 1886 eo,
1382 1822 1524 1890 quod
1542 1824 1699 1876 etiam
1736 1803 1774 1855 Β

115 1922 229 1962 nos
253 1908 687 1961 circumvenire
718 1909 866 1972 velit,
892 1908 1090 1977 quibus
1140 1925 1197 1963 se
1243 1913 1621 1967 commendare
1650 1921 1702 1965 et

114 1998 485 2052 concredere
540 1997 863 2063 videbatur;
916 1999 1221 2054 sciebamus
1277 2001 1420 2062 enim
1478 2004 1621 2070 quod
1673 2018 1702 2054 a

113 2087 361 2155 proavis
390 2088 513 2140 haec
544 2087 797 2152 fuissent,
820 2102 938 2155 quae
968 2102 998 2139 a
1024 2103 1081 2141 se
1102 2104 1272 2157 nuper
1292 2088 1430 2142 facta
1455 2090 1705 2158 perhibe-

115 2176 238 2232 bat.
280 2177 419 2231 llaec
447 2192 582 2246 ergo
603 2193 705 2232 nos
734 2178 801 2230 ab
817 2194 881 2231 eo
901 2176 1098 2247 ﬂagitia
1117 2178 1412 2239 audientes.
1434 2186 1486 2232 et
1514 2180 1701 2232 horum

114 2267 447 2331 deteriora,
477 2268 846 2335 sequebamur
893 2276 1071 2322 tamen
1099 2276 1153 2323 et
1186 2270 1286 2338 ipsi
1325 2269 1444 2335 ejus
1474 2272 1699 2332 scelera,
1738 2300 1741 2305 -

115 2363 175 2408 et
203 2357 364 2411 alios
384 2358 458 2409 ab
490 2372 557 2411 eo
588 2356 764 2425 decipi
796 2357 1152 2425 patiebamur,
1181 2358 1346 2410 multa
1366 2359 1525 2411 etiam
1554 2374 1706 2412 men-

118 2444 337 2500 tientes
371 2461 478 2514 pro
513 2460 603 2507 eo,
657 2452 711 2499 et
750 2446 852 2499 hoc
882 2447 1194 2515 priusquam
1248 2447 1450 2515 aliquid
1501 2447 1702 2501 faceret

112 2550 331 2590 eorum
358 2551 491 2605 quae
522 2536 867 2605 promiserat,
898 2538 973 2591 ita
1006 2545 1066 2589 ut
1093 2536 1258 2590 nullis
1301 2538 1477 2591 adhuc
1513 2539 1700 2608 gestis,

117 2640 155 2679 ι
174 2627 493 2681 nonnullis
525 2632 709 2680 tamen
737 2634 1025 2695 putaretur
1058 2627 1224 2682 Deus.

190 2715 301 2771 XI.
348 2716 588 2771 [nterim
623 2717 678 2769 in
707 2716 867 2770 initio
908 2732 1031 2770 cum
1082 2719 1259 2773 adhuc
1299 2720 1439 2774 inter
1484 2720 1703 2789 triginta

120 2802 392 2861 Dosithei
427 2805 737 2873 discipulos
768 2805 1079 2870 haberetur,
1109 2809 1273 2875 ccepit
1304 2809 1404 2876 ipsi
1449 2807 1704 2862 Dositheo

117 2893 433 2963 derogare,
490 2900 749 2962 tanquam
795 2894 889 2962 qui
924 2909 1031 2948 non
1071 2894 1274 2963 integre
1320 2911 1420 2950 nec
1470 2894 1703 2963 perfecte

122 2981 382 3046 doceret,
421 2983 597 3052 idque
625 2998 745 3036 eum
771 2999 877 3039 non
901 2984 1101 3037 invidia
1132 2983 1307 3038 facere
1329 2984 1423 3038 sed
1451 2986 1504 3037 in
1529 2986 1704 3039 scien-

123 3072 229 3127 tia.
263 3072 491 3128 Verum
516 3071 806 3127 Dositheus
838 3074 928 3127 ubi
957 3074 1059 3128 sibi
1080 3073 1323 3143 derogari
1353 3075 1521 3128 sensit
1539 3088 1570 3125 a
1610 3073 1699 3127 Si-

125 3172 317 3223 mone,
358 3176 577 3216 verens
600 3177 667 3216 ne
681 3162 865 3231 opinio
889 3177 988 3216 sua
1020 3164 1407 3218 obscuraretur
1438 3164 1579 3232 apud
1601 3165 1699 3218 bo«

127 3249 353 3317 mines,
416 3251 525 3321 qui
568 3268 690 3306 eum
740 3253 1003 3323 putabant
1052 3255 1226 3323 ipsum
1262 3270 1383 3309 esse
1430 3255 1694 3319 Stantem,

128 3338 321 3396 furore
340 3350 696 3405 commotus,
722 3357 842 3396 cum
872 3342 939 3396 ad
961 3343 1199 3398 scholam
1232 3345 1391 3397 solito
1411 3346 1700 3399 convenis-

124 3438 277 3493 sent,
308 3434 483 3501 virga
512 3440 765 3500 correpta
789 3433 1074 3488 verberare
1118 3432 1391 3488 Simonem
1419 3434 1617 3502 cmpit,
1646 3442 1703 3488 et

124 3532 355 3591 repente
382 3537 499 3593 per
528 3538 726 3592 corpus
754 3524 871 3593 ejus
890 3526 1047 3594 quasi
1084 3541 1180 3595 per
1212 3525 1441 3591 fumum,
1471 3526 1590 3580 visa
1617 3531 1701 3579 est

1804 566 1878 617 ait
1904 565 1970 617 ad
1998 580 2120 618 eum
2140 579 2157 614 :
2184 562 2279 615 Dic
2309 561 2461 624 mihi,
2492 561 2537 614 si
2565 570 2619 614 tu
2642 576 2700 614 es
2728 559 2910 620 Stans,
2938 565 2994 613 ut
3015 559 3229 614 adorem
3264 569 3331 614 te.

1802 652 2041 722 Cumque
2073 653 2257 706 Simon
2277 650 2664 719 respondisset,
2697 664 2797 718 ego
2848 663 2967 701 sum
2989 686 3006 711 ,
3052 647 3336 703 Dositheus

1799 746 1988 799 videns
2038 760 2097 798 se
2125 759 2232 796 non
2285 757 2407 796 esse
2459 740 2725 802 Stantem,
2759 739 2955 797 cecidit
3006 750 3060 794 et
3093 740 3336 792 adoravit

1801 848 1947 894 eum,
1974 839 2027 886 et
2074 831 2277 886 Simoni
2322 830 2539 901 quidem
2570 829 2713 883 cedit
2743 829 3099 897 principatum
3153 845 3330 889 suum,

1803 919 2012 987 ipsique
2033 920 2250 972 obedire
2277 934 2487 971 omnem
2540 918 2759 985 triginta
2814 917 3050 969 virorum
3088 915 3330 969 ordinem

1798 1008 1975 1076 jubet,
2004 1008 2348 1076 semetipsum
2385 1022 2521 1060 vero
2557 1006 2613 1059 in
2644 1007 2818 1058 locum
2862 1003 3099 1058 Simonis
3145 1004 3334 1057 statuit

1800 1106 1856 1154 et
1888 1113 1995 1151 non
2024 1098 2190 1149 multo
2216 1105 2333 1164 post
2361 1096 2647 1150 defunctus
2674 1103 2757 1150 est
2790 1094 2924 1164 (65).

1870 1189 1982 1245 Xli.
2022 1188 2186 1257 Igitur
2214 1196 2332 1257 post
2361 1190 2565 1241 obitum
2606 1187 2844 1241 Dosithei
2894 1187 3078 1240 Simon
3121 1187 3329 1254 accepit

1800 1278 2025 1342 Lunam,
2060 1294 2177 1331 cum
2202 1294 2305 1346 qua
2338 1293 2508 1346 usque
2540 1277 2607 1330 ad
2638 1292 2874 1344 praesens
2908 1278 3121 1338 circuit,
3164 1284 3223 1328 ut
3251 1277 3334 1328 vi-

1800 1372 1939 1426 detis
1962 1370 2234 1437 decipiens
2259 1369 2445 1421 turbas
2477 1376 2530 1420 et
2558 1382 2828 1430 asserens,
2853 1368 3195 1434 semetipsum
3217 1367 3334 1434 qui-

1800 1462 1921 1515 dem
1938 1442 2199 1514 hvirtutem
2236 1474 2353 1512 esse
2377 1457 2684 1526 quamdam,
2711 1472 2833 1526 qua:
2858 1458 2930 1509 sit
2953 1471 3112 1524 supra
3143 1457 3334 1509 condi-

1802 1560 1968 1604 torem
2002 1550 2189 1613 Deum,
2222 1548 2427 1601 Lunam
2460 1562 2589 1601 vero
2622 1563 2741 1615 quae
2777 1562 2957 1601 secum
2987 1554 3091 1609 est,
3119 1560 3239 1601 esse
3266 1547 3332 1598 de

1801 1637 2169 1707 superioribus
2199 1637 2351 1690 caelis
2389 1635 2692 1699 deductam,
2729 1636 3082 1704 eamdemque
3107 1643 3334 1689 cuncto-

1803 1743 1919 1781 rum
1963 1728 2271 1797 genitricem
2309 1726 2503 1782 asserit
2528 1741 2651 1780 esse
2688 1726 3026 1793 sapientiam,
3070 1740 3166 1794 pro
3201 1741 3330 1793 qua,

1801 1818 1993 1887 inquit,
2050 1818 2220 1870 Graeci
2286 1827 2340 1870 et
2380 1817 2595 1871 barbari
2636 1816 3003 1884 conﬂigentes,
3046 1817 3331 1885 imaginem

1801 1910 2012 1977 quidem
2041 1908 2159 1976 ejus
2190 1907 2299 1974 (66)
2336 1910 2515 1976 aliqua
2539 1924 2604 1961 ex
2634 1916 2787 1976 parte
2812 1909 2994 1962 videre
3024 1916 3330 1975 potuerunt,

1801 2000 1968 2068 ipsam
1997 2014 2123 2051 vero
2150 2005 2209 2050 ut
2236 2006 2338 2057 est,
2383 1999 2595 2065 penitus
2626 1999 2963 2065 ignorarunt,
2995 2000 3189 2068 quippe
3213 2013 3332 2067 quas

1800 2086 1941 2154 apud
1990 2086 2137 2138 illum
2175 2086 2406 2154 primum
2461 2087 2700 2138 omnium
2749 2095 2803 2140 et
2845 2087 3016 2141 solum
3068 2087 3333 2140 habitaret

1800 2175 1984 2230 Deum.
2027 2174 2090 2229 Et
2125 2176 2234 2229 haec
2256 2184 2418 2244 atque
2447 2176 2549 2227 alia
2578 2175 2664 2229 his
2685 2176 2879 2229 similia
2901 2192 3023 2229 cum
3048 2161 3358 2230 verborum.

1800 2280 1991 2334 pompa
2031 2264 2329 2333 proferens,
2384 2263 2596 2331 decepit
2638 2265 2859 2318 multos.
2898 2264 2999 2319 Sed
3030 2276 3086 2319 et
3117 2266 3219 2319 hoc
3252 2266 3330 2318 in-

1799 2356 1979 2409 dicare
2021 2354 2208 2416 debeo,
2252 2353 2394 2422 quod
2427 2354 2543 2422 ipse
2585 2368 2683 2421 ego
2740 2354 2943 2408 vidisse
2975 2371 3059 2408 me
3089 2355 3331 2419 memini,

1798 2460 1919 2497 cum
1939 2453 2084 2499 esset
2106 2444 2396 2512 aliquando
2415 2443 2563 2496 Luna
2588 2444 2677 2495 illa
2698 2443 2815 2511 ejus
2840 2444 2893 2495 in
2920 2444 3056 2496 turri
3079 2445 3332 2512 quadam,

1800 2534 2092 2587 multitudo
2118 2534 2311 2603 ingens
2339 2533 2406 2586 ad
2436 2547 2553 2585 eam
2591 2542 2917 2586 convenerat
2952 2534 3333 2602 pervidendam

1799 2634 1851 2678 et
1880 2623 2114 2692 undique
2137 2625 2281 2677 circa
2310 2624 2503 2677 turrim
2543 2624 2753 2686 stabat;
2778 2630 2835 2675 at
2874 2624 2963 2676 illa
3004 2639 3099 2692 per
3143 2638 3334 2677 omnes

1801 2711 2063 2766 fenestras
2091 2714 2259 2766 turris
2287 2714 2434 2767 illius
2463 2713 2608 2766 omni
2650 2713 2847 2782 populo
2873 2714 3222 2781 procumbere
3268 2729 3331 2767 ac

1799 2804 2105 2873 prospicere
2134 2803 2438 2857 videbatur.
2465 2802 2531 2855 Et
2559 2805 2728 2856 mut-ta
2752 2803 2854 2855 alia
2898 2803 3165 2855 mirabilia
3204 2802 3334 2856 fecit

1798 2902 1851 2949 et
1880 2894 2028 2957 facit,
2060 2895 2136 2947 ita
2176 2903 2236 2947 ut
2277 2902 2557 2963 stupentes
2588 2908 2687 2962 pro
2727 2893 2812 2947 his
2848 2892 3095 2946 homines
3139 2899 3334 2961 putent

1798 2998 1919 3038 eum
1943 2984 2117 3052 ipsum
2147 2999 2269 3037 esse
2296 2998 2562 3037 summum
2591 2982 2779 3038 Deum.

1871 3071 2007 3127 Xlll.
2044 3071 2178 3128 Nam
2210 3073 2339 3126 mihi
2369 3072 2655 3143 aliquando
2678 3080 2735 3127 et
2760 3072 2958 3127 Nicetis
2983 3072 3331 3142 rogantibus,

1800 3173 1857 3217 ut
1882 3170 2169 3233 exponeret
2186 3163 2453 3233 quomodo
2474 3162 2586 3216 haec
2610 3163 2821 3232 possint
2846 3171 2965 3217 arte
2992 3164 3200 3232 magica
3243 3161 3327 3216 ef-

1799 3253 1903 3316 fici,
1936 3264 1988 3307 et
2010 3268 2129 3323 quae
2149 3262 2291 3308 esset
2315 3252 2476 3321 hujus
2496 3253 2575 3307 rei
2605 3261 2819 3315 natura,
2853 3252 3039 3305 Simon
3068 3250 3329 3321 tanquam

1797 3345 2147 3400 familiaribus
2178 3345 2290 3399 suis
2316 3344 2602 3413 explanare
2651 3344 2726 3397 ita
2776 3345 2979 3413 coepit:
3021 3342 3203 3406 Pueri,
3243 3344 3331 3396 in-

1799 3436 1933 3504 quit,
1965 3435 2257 3503 incorrupti
2301 3442 2357 3487 et
2378 3433 2645 3487 violenter
2698 3434 2895 3497 necati,
2939 3433 3169 3485 animam
3215 3431 3331 3501 (67)

1799 3525 2183 3593 adjuramentis
2212 3522 2568 3577 ineﬂ‘abilibus
2613 3532 2890 3577 evocatam
2920 3523 3177 3577 assistere
3197 3521 3331 3574 mihi

1401 3679 1754 3735 COTELERII
1786 3678 2017 3734 NOTAE.

188 3855 303 3926 (64)
339 3855 457 3910 Ita
490 3858 551 3926 ut
580 3848 914 3926 simulacrum
956 3851 1432 3926 mihi__statuentes.
1466 3850 1697 3926 Bectea

111 3922 171 3979 S.
195 3918 456 3979 ‘lrenazo
494 3918 588 3970 lib.
622 3932 669 3988 I_.
704 3932 818 3985 cup.
851 3919 954 3981 20,
994 3920 1201 3988 publica
1255 3929 1430 3972 statua
1464 3918 1698 3976 Simonis

110 3994 253 4063 Magi
289 3994 514 4047 Bonna:
554 3984 745 4063 positu.
776 3984 1089 4063 secernitur
1122 3989 1202 4063 ab_
1226 3988 1697 4063 imagineprivata

109 4052 371 4119 Sin‘ionis
402 4052 601 4127 specie
622 4052 971 4127 ξΙονίεἱίιιιειιιι
999 4056 1305 4127 Simoniani
1326 4052 1450 4127 cum
1472 4052 1702 4127 imagine

106 4130 354 4188 Selenes
386 4122 507 4182 seu
543 4122 753 4193 Helena;
780 4124 1013 4193 factaiad
1042 4125 1259 4193 figuram
1294 4126 1543 4179 Minervae
1572 4122 1703 4180 suo-

102 4202 338 4256 rabant.
380 4196 454 4249 ld
493 4191 711 4261 monui.
744 4193 867 4260 quia
916 4192 971 4246 Β.
1005 4191 1331 4261 Augustinus
1371 4195 1425 4246 in
1458 4195 1592 4248 libro
1627 4196 1702 4248 De

99 4270 432 4323 Ιηωοεείιηιε
483 4260 696 4312 videtur
734 4258 906 4330 minus
934 4258 1183 4315 distincte
1213 4263 1375 4330 loqui.
1418 4264 1602 4317 dicens
1631 4267 1696 4317 de

98 4336 355 4393 Simone
388 4356 407 4390 :
439 4331 626 4383 Jovem
654 4345 706 4381 se
726 4329 863 4381 credi
884 4330 1100 4392 volebat,
1130 4329 1409 4384 Minervam
1452 4348 1564 4385 vero
1592 4349 1697 4385 mc—

96 4408 373 4461 γεινίεεηι
430 4396 987 4470 quantdant_Sclenen;
1017 4416 1170 4466 quant
1197 4400 1296 4452 sibi
1323 4401 1515 4470 sociam
1548 4406 1700 4455 scele-

1796 3871 1959 3916 crum,
1983 3869 2075 3921 pro
2092 3869 2189 3920 quo
2213 3853 2492 3921 con/latum
2522 3852 2621 3920 fuit
2651 3851 2841 3921 bellum
2869 3850 3040 3904 decem
3063 3867 3343 3907 annorum.

1799 3920 2058 3978 Caeterum
2087 3922 2300 3989 quando
2328 3920 2517 3974 Celsus
2533 3922 2670 3988 apud
2689 3920 2967 3989 Origenem
2999 3921 3329 3977 Simonianis

1798 3993 1911 4044 vult
1940 3988 2244 4057 impositum
2276 3988 2436 4042 fuisse
2470 4006 2659 4042 nomen
2689 3988 3094 4042 Helenianorum
3125 3990 3191 4043 ab
3220 3989 3329 4045 He-

1800 4061 1940 4121 lena,
1969 4060 2048 4110 vel
2069 4066 2395 4126 praeceptore
2415 4057 2635 4120 Heleno,
2666 4058 2716 4109 in
2738 4057 2936 4112 Heleno
2962 4074 3067 4110 non
3092 4057 3329 4125 jocatur,

1800 4131 2009 4197 opinor,
2036 4127 2136 4197 sed
2166 4134 2329 4180 errat.

1872 4197 1982 4265 (67)
2018 4196 2175 4249 Pueri
2200 4196 2485 4261 incorrupti
2519 4206 2567 4247 et
2605 4195 2851 4265 uiolenter
2881 4198 3047 4248 necati
3075 4199 3325 4252 animam.

1798 4264 2275 4335 Ιιιειὶιιιιδᾼιιιίιινιγι·
2306 4264 2718 4335 apologeticoﬁ.
2744 4281 2796 4332 p.
2830 4264 2937 4335 65:
2980 4266 3043 4316 Αἱ
3078 4266 3328 4335 ἀδιαφθό-

1802 4351 1905 4405 ρων
1947 4333 2145 4405 πᾳίᾼδων
2189 4332 2559 4405 ὲαιιεθτττεήεξειςἒ
2597 4332 2791 4405 Παῖδας
2820 4333 3099 4405 ἀφθόρους,
3134 4335 3187 4387 in
3215 4332 3325 4389 ’80-

1802 4399 1969 4462 crate,
1994 4403 2088 4455 lib.
2121 4418 2203 4464 ιιι,
2238 4402 2480 4471 cap.Ai5.
2518 4399 2767 4471 Horatius
2804 4399 3018 4469 epod.'v,
3048 4419 3195 4471 puer,
3225 4405 3326 4455 im-

94 4491 222 4527 rum
255 4462 496 4542 fecerat
529 4467 999 4542 :__imaginesqttc_et
1028 4462 1179 4542 suam
1207 4468 1501 4542 etcjusdem
1534 4488 1698 4542 mereo
1730 4462 1771 4515 Β
1793 4471 2143 4542 ραρεᾼεοιριιε.
2175 4462 2322 4542 Apud
2352 4469 2659 4542 Eusebium,
2684 4462 2936 4542 llistflib.
2965 4462 3059 4532 vit;
3086 4462 3203 4542 cap.
3236 4472 3320 4525 1οε

97 4534 267 4596 tricis
290 4534 735 4605 discipulissuis
763 4534 1350 4601 praxbebatadorandas,
1374 4554 1501 4605 quas
1532 4550 1579 4591 et
1600 4539 1699 4591 Ro-

94 4628 202 4664 ma:
243 4601 546 4679 tanquam
582 4601 793 4655 deorum
828 4605 1109 4657 simulacra
1151 4601 1459 4658 auctoritate
1493 4608 1703 4674 publica

90 4683 522 4733 constituerat.

197 4746 309 4814 65)
350 4742 437 4797 Et
472 4753 579 4814 non
593 4735 768 4814 multo
783 4736 1209 4814 postdefunctus
1235 4739 1572 4814 cst._l!orte_m
1597 4741 1701 4794 Do-

197 4750 309 4814 65)
350 4750 437 4797 Et
472 4753 574 4790 non
608 4750 768 4788 multo
831 4750 913 4790 ost
939 4750 1209 4805 defunctus
1235 4750 1327 4794 cst.
1356 4750 1572 4795 Mortem
1599 4750 1695 4794 Do-

94 4750 276 4869 sitirei
320 4805 607 4868 describit
638 4813 755 4872 post
783 4751 1132 4872 Epiphanium
1165 4808 1348 4862 haeresi
1376 4809 1458 4871 15,
1486 4808 1695 4864 Nicetes

92 4881 452 4937 Choniates
480 4874 575 4926 lib.
604 4888 618 4923 ι
657 4871 926 4933 Thesauri,
952 4890 999 4927 c.
1025 4875 1108 4927 55.
1145 4874 1310 4928 Paulo
1336 4876 1488 4930 aliter
1512 4879 1564 4931 in
1591 4878 1703 4931 No-

95 4955 170 5005 tis
203 4943 553 5003 Aijraiiami
589 4939 944 5015 Ecchelleusis
984 4941 1255 4997 Maronitae
1286 4947 1349 4997 ad
1383 4945 1695 5015 Calalogum

89 5018 480 5087 Βεὺθίηεξυν
506 5025 559 5087 Ρτ
592 5008 709 5061 ¹6⁴·
797 5076 841 5087 ..
1005 5075 1016 5087 .

170 5077 925 5167 (651.1?689‘3'511‘155‘52'
947 5077 1139 5167 Heg-
1153 5086 1279 5167 eis;
1292 5078 1450 5167 the.
1473 5080 1695 5167 autem

88 5145 242 5225 quin
277 5145 909 5225 Simonncommentum
946 5145 1318 5225 boe_de_l.una_
1359 5150 1452 5201 seu
1484 5149 1693 5225 Selene,

92 5213 259 5277 dicta
286 5222 487 5274 etiam
516 5213 733 5274 Helena,
762 5213 998 5265 hauserit
1028 5214 1095 5266 ab
1125 5215 1384 5279 ethnicis;
1416 5232 1537 5269 cum
1573 5218 1693 5271 Pla-

100 5292 271 5346 tonis
324 5282 573 5351 insignia
607 5282 772 5351 verba
806 5289 1031 5351 exstent,
1062 5283 1153 5351 lib.
1191 5297 1242 5334 ix
1286 5285 1356 5334 De
1389 5287 1645 5351 republica
1671 5302 1691 5341 .°

110 5360 196 5434 Ti)
222 5358 341 5424 τῆς
379 5349 848 5434 Ἑλένῃςῆξῐδωλον
887 5348 988 5434 vim?)
1023 5350 1143 5434 τῶν⁹
1168 5352 1224 5402 ὲν
1252 5352 1418 5434 poli
1436 5348 1689 5434 ξῖηςίχο-

118 5431 221 5498 ράς
256 5417 405 5493 φησι
437 5417 1097 5495 γενέσθαι.περιμάχητονν
1121 5417 1309 5500 ἀγνριᾴ
1331 5417 1421 5500 tot?
1445 5417 1688 5493 ἁλήθόῦς.

119 5499 202 5548 De
266 5490 495 5543 Helena:
531 5499 769 5557 _tmagtnc
807 5484 1129 5557 Stesichorus
1171 5493 1253 5557 ait
1298 5488 1547 5557 Τνομιηοε
1586 5496 1689 5547 uer;

110 5559 478 5626 ignoratione
505 5552 811 5626 decertare.
839 5553 1136 5626 ltem_Sexti
1168 5552 1421 5626 Etnpil'ici
1448 5560 1687 5614 adversus

111 5617 551 5695 quthentalt'cos
576 5617 668 5668 lib.
697 5635 786 5681 vu,
813 5638 861 5686 p.
894 5622 1139 5695 184,}85
1168 5641 1181 5675 :
1219 5617 1431 5695 Ἑλένης
1456 5628 1684 5695 εῑδωλον,

109 5698 254 5767 περὶ
290 5689 356 5745 οὗ
388 5686 653 5751 δεκαέτης
693 5695 914 5757 συνέστη
953 5692 1199 5762 πόλεμος.
1231 5686 1442 5750 Helena:
1472 5686 1686 5752 Sintula;

1801 4540 2072 4609 σπλάγχνᾳ
2104 4541 2317 4609 νξογεΑνῆ
2341 4577 2356 4599 ,
2405 4539 2523 4609 ηιμ
2549 4554 2676 4609 vtn.
2708 4553 2845 4609 cap.
2880 4541 2968 4609 i5,
3018 4548 3071 4609 et
3106 4538 3181 4609 De
3220 4542 3326 4593 vita

1798 4606 2125 4663 Constantini
2146 4608 2183 4667 I,
2202 4606 2566 4678 36_._%oyavibv
2587 4606 2862 4678 σπλᾴγχνα
2897 4608 3124 4678 βρεφῶν.
3152 4608 3326 4678 Chry-

1798 4686 2086 4739 sostmnus,
2111 4686 2238 4730 tom.
2256 4675 2319 4738 V,
2350 4677 2606 4731 concione
2630 4677 2663 4728 2
2684 4675 3000 4736 De’Lazaro,
3034 4676 3164 4729 νέων
3189 4675 3327 4729 ἀπᾶ-

1796 4746 1901 4812 ᾉῷν
1927 4744 2169 4812 νσώματα
2216 4746 2603 4812 κατασφάττειν
2626 4783 2641 4806 ,
2676 4760 2831 4811 quem
2863 4753 2915 4797 et
2945 4744 3064 4799 vide
3105 4746 3324 4799 humilia

1796 4810 1865 4862 28
1918 4811 1972 4863 in
1998 4810 2323 4868 Matthwum.
2351 4810 2801 4881 Augustinus’lib.
2834 4828 2961 4866 xvnt
3014 4813 3327 4871 Decivitatc

1796 4881 1893 4934 Dei
1921 4896 2039 4949 cap.
2063 4883 2161 4935 55:
2186 4882 2324 4935 Puer
2354 4883 2625 4934 anniculus
2656 4882 2851 4933 occisus
2871 4920 2887 4943 ,
2924 4890 2971 4933 et
3013 4882 3323 4945 dilaniatus.

1795 4959 1842 5002 et
1872 4952 1975 5003 ritu
2003 4950 2198 5017 nefario
2221 4951 2443 5017 sepultus
2471 4959 2566 5003 est.
2585 4949 2685 5000 Alii
2718 4950 3003 5017 innumeri.
3031 4951 3160 5014 Quis
3181 4952 3324 5004 enim

1797 5033 1903 5088 non
1937 5020 2254 5088 memoravit
2271 5016 2449 5088 quam
2495 5023 2686 5088 vocant
2714 5016 3155 5088 lfsycliagogiam,
3193 5018 3328 5088 Psy-

1796 5087 2187 5156 chomantiam,
2238 5084 2694 5156 Necyomantiam,
2728 5084 3179 5149 Necroniantiam,
3229 5084 3324 5142 seu

1791 5155 1942 5222 juxta
1974 5155 2329 5224 Barbarorum
2350 5152 3020 5224 'filios,_lﬁigromantiam,
3075 5157 3321 5224 peritiam

1796 5221 1968 5290 ciendi
1999 5225 2204 5277 animas
2230 5225 2296 5277 ab
2322 5221 2528 5284 inferis,
2551 5221 2731 5274 Manes
2756 5224 3020 5290 sepulcris
3051 5221 3327 5279 eliciendi?

1795 5289 1902 5345 Nec
1946 5292 2204 5360 pra'teriri
2245 5292 2401 5345 debet
2434 5290 2498 5360 de
2545 5289 2871 5360 Simonianis
2916 5292 3065 5345 locus
3107 5292 3323 5346 Tertul-

1796 5361 1921 5414 liani
1948 5358 2069 5429 cap.
2102 5362 2303 5429 penult.
2345 5360 2435 5412 lib.
2466 5359 2540 5412 De
2570 5360 2745 5411 animo
2775 5376 2791 5412 :
2827 5358 2956 5412 Ecce
3001 5361 3149 5413 hodie
3181 5363 3325 5429 ejus-

1794 5429 1907 5482 dem
1925 5428 2150 5483 Simonis
2185 5428 2449 5481 Ita’reticos
2477 5437 2623 5479 tanta
2640 5430 2970 5495 praesumptio
3000 5432 3129 5483 artis
3154 5428 3324 5486 cxtol-

1796 5499 1872 5558 lit,
1906 5509 1961 5551 ut
1986 5500 2139 5552 etiam
2156 5498 2515 5564 prophetarum
2537 5499 2738 5548 animas
2761 5497 2825 5548 ab
2843 5498 3021 5563 inferis
3053 5515 3248 5554 movere
3268 5513 3327 5553 se

1795 5569 2095 5633 spondeam.
2123 5565 2186 5619 Et
2211 5566 2360 5633 credo
2376 5565 2498 5632 quia
2519 5564 2781 5617 mendacio
2801 5576 3035 5632 possunt.
3058 5568 3206 5631 Quod
3225 5583 3322 5619 au-

1797 5632 1900 5688 tem
1929 5636 2272 5690 doctissimus
2303 5632 2605 5686 Gronovius
2637 5633 2966 5688 Observator.
2996 5637 3047 5688 in
3088 5635 3323 5700 Scripto-

1796 5702 1937 5759 ribus
1967 5703 2323 5758 ecclesiasticis
2352 5718 2470 5770 cap.
2508 5702 2539 5755 4
2575 5703 2701 5770 legit
2732 5703 2783 5755 in
2802 5703 3059 5756 Aldhelmi
3078 5704 3199 5756 loco
3226 5717 3321 5755 sue
