1936 3178
299 152 369 185 1253

724 155 754 184 S.
772 151 969 184 CLEMENTIS
985 154 997 183 1
1013 150 1097 184 ΒΟΜ.
1117 155 1219 184 PONT.
1237 151 1353 185 OPERA
1372 155 1485 184 DUBIA.

1813 167 1858 196 1256

299 212 365 246 feci,
393 217 421 241 et
452 219 503 249 per
533 212 622 248 ipsam
652 211 682 239 ﬁt
713 219 795 239 omne
831 212 905 248 quod
937 212 1031 247 jubeo.
1055 212 1089 240 Et
1102 217 1124 246 Α
1139 220 1202 241 cum
1219 213 1332 242 essetin
1347 217 1483 249 potestate
1502 219 1572 246 mea,
1595 215 1636 242 vel
1655 221 1859 254 parvulum,“

299 267 351 295 ego
363 269 370 287 :
382 259 477 291 Estne,
497 259 620 293 inquam,
635 258 768 293 possibile
782 259 881 286 animae
899 259 957 286 haec
973 258 1084 287 facere!

300 305 347 333 Ille
362 305 502 340 respondit
518 313 525 331 :
542 303 600 331 lloc
613 310 663 331 vos
682 303 753 332 scire
766 304 840 336 volo,
853 305 918 339 quia
934 305 1086 332 secundum

301 352 390 379 locum
416 354 477 385 post
504 349 589 377 Deum
623 350 728 377 obtinet
753 350 844 377 anima
869 350 999 383 hominis,
1023 358 1085 378 cum

299 401 382 425 exuta
398 396 480 423 fuerit
494 403 510 422 a
522 396 648 430 corporis
669 395 712 423 sui
737 396 870 424 tenebris.
891 396 991 424 Statim
1009 396 1087 424 deni-

299 450 353 477 que
366 446 392 469 et
408 441 607 477 praescientiam
620 441 711 473 habet,
734 445 846 477 propter
860 442 933 477 quod
956 447 1087 470 evocatur

300 488 333 515 ad
349 487 576 515 necromantiam.
589 487 624 515 Et
642 495 693 523 ego
711 488 840 522 respondi
857 497 864 516 :
881 487 938 516 Cur
954 496 1019 524 ergo
1041 489 1085 516 ln-

300 532 475 560 terfectorum
497 532 596 560 animat
615 540 671 560 non
697 533 871 561 ulciscuntur
895 533 1086 563 interfectores

298 585 364 605 suos
374 578 450 614 (68)?
459 579 494 605 At
504 578 549 606 ille
558 588 565 607 :
577 578 636 607 Non
645 580 805 613 meministi,
816 581 914 616 inquit,
926 582 1000 616 quod
1016 581 1083 614 dixi,

299 624 363 659 quia
377 632 440 651 cum
456 625 555 652 exierit
569 625 603 653 de
622 633 748 661 corpore,
778 627 859 654 etiam
884 627 1085 662 praescientiam

299 672 400 699 habet?
411 670 521 699 Memini
539 672 662 707 inquam.
682 671 723 699 0b
738 672 789 700 hoc
811 680 887 708 ergo,
905 673 1005 708 inquit,
1021 680 1085 700 cum

298 717 406 745 excedit
421 725 575 752 ecorpore,
597 718 691 745 statim
709 718 857 753 praenoscit
879 718 1002 746 l‘uturum
1024 726 1086 746 esse

296 762 443 799 judicium.
459 767 486 792 et
501 771 725 799 unumquemque
738 772 788 800 pro
805 764 850 793 his
865 772 926 800 quae
940 765 985 792 hic
999 765 1086 800 egerit

298 809 379 837 malis
393 816 489 844 pinnas
503 809 644 840 daturum,
657 813 686 836 et
699 808 760 836 ideo
773 808 872 836 nolunt
888 809 985 837 ulcisci
1000 803 1086 837 inter-

299 855 417 883 fectores
432 862 508 888 suos,
524 855 589 890 quia
602 859 630 883 et
645 854 711 890 ipsa:
730 862 780 890 pro
796 854 855 882 suis
871 855 951 883 malis
965 862 1025 891 quae
1039 855 1084 882 hic

298 900 505 932 commiserant,
522 899 666 935 perferunt
689 899 841 932 cruciatus,
869 904 896 928 et
917 900 973 928 illis
994 899 1085 928 sciunt
1100 891 1121 918 Β

299 946 328 973 in
340 945 444 981 judicio
460 946 585 981 graviora
613 951 725 973 manere
748 946 893 981 supplicia.
914 945 1003 981 Super
1026 945 1085 973 haec

299 997 391 1020 autem
408 992 500 1020 omnia
524 1000 575 1020 nec
589 992 759 1027 permittitur
779 992 820 1020 ei:
833 992 919 1023 exire.
935 997 983 1019 aut
995 991 1086 1020 facere

299 1038 450 1074 quidquam
472 1038 507 1065 ab
525 1038 630 1073 angelis
649 1038 696 1073 qui
710 1038 750 1065 eis
767 1041 897 1073 praesunt.
911 1037 946 1065 Et
960 1045 1011 1073 ego
1023 1044 1085 1065 res-

287 1079 382 1120 'pondi
396 1094 403 1112 :
416 1084 446 1112 Si
459 1091 514 1111 non
528 1083 697 1119 permittitur
708 1083 750 1111 eis
760 1084 794 1111 ab
802 1083 911 1119 angelis
922 1083 976 1111 huc
990 1083 1085 1111 venire

299 1134 348 1157 aut
371 1130 462 1158 facere
481 1129 555 1165 quod
571 1129 680 1161 volunt,
703 1129 840 1164 quomodo
860 1137 940 1165 mago
959 1129 1085 1157 evocanti

298 1176 491 1211 obtemperant
514 1175 630 1202 anima)?
652 1173 733 1210 Ipsis,
753 1175 854 1210 inquit,
882 1175 1027 1203 animabus
1038 1182 1085 1202 ve-

299 1223 359 1251 nire
384 1220 541 1249 volentibus
568 1228 623 1247 non
637 1220 789 1256 indulgent,
814 1228 877 1248 cum
900 1228 966 1249 vero
989 1221 1017 1248 bi
1036 1221 1083 1256 qui

298 1273 420 1303 pmsunt
438 1267 527 1303 angeli
543 1266 660 1302 sdjurati
669 1265 771 1295 fuerint
779 1274 828 1302 per
846 1267 977 1302 majorem
992 1272 1084 1297 suum,

297 1318 505 1342 uel-sationem
522 1314 623 1341 habent
640 1316 754 1345 nostrae.
776 1313 823 1348 qui
843 1321 892 1341 eos
915 1313 1084 1348 adjuramus.

300 1360 448 1393 violentiae,
465 1365 495 1387 ut
514 1359 675 1395 permittant
689 1359 765 1387 exire
783 1360 891 1387 animas
905 1367 975 1394 quas
988 1366 1086 1387 evoca-

297 1408 377 1438 rnus;
392 1414 447 1433 non
461 1406 534 1434 enim
548 1405 588 1433 illi
605 1409 719 1440 peccant
734 1405 782 1440 qui
797 1405 851 1432 vim
864 1405 1019 1440 patiuntur.
1037 1405 1086 1432 sed

298 1462 350 1482 nos
369 1453 417 1488 qui
438 1452 583 1480 inferimus
610 1452 813 1479 necessitatem.
837 1451 878 1478 Ad
903 1451 961 1479 haec
978 1450 1084 1483 Niceta,

300 1500 371 1527 ultra
382 1507 438 1526 non
453 1498 545 1525 ferens
559 1505 730 1533 przepropere
742 1496 895 1532 respondit,
909 1496 983 1532 quod
996 1499 1024 1524 et
1035 1504 1086 1532 ego

298 1545 411 1581 quidem
425 1544 549 1572 facturus
560 1551 647 1576 eram,
663 1543 711 1571 sed
726 1542 803 1577 prius
818 1550 879 1570 eum
899 1542 1038 1577 espiscari
1052 1541 1086 1569 de

301 1591 420 1626 singulis
428 1590 586 1625 cupiebam;
599 1589 658 1622 sed,
670 1594 700 1617 ut
710 1589 778 1621 dixi,
789 1588 884 1615 Niccta
896 1588 1083 1623 praeveniens:

300 1634 333 1664 Et
342 1641 383 1669 tu,
403 1636 504 1671 inquit.
521 1643 575 1662 non
594 1635 676 1662 times
691 1634 763 1661 diem
779 1633 888 1668 judicii,
905 1634 952 1669 qui
967 1634 1021 1661 vim
1036 1641 1087 1661 an»

299 1682 366 1717 gelis
381 1681 458 1712 facis.
474 1686 502 1708 et
525 1681 630 1708 animas
653 1686 760 1711 evocas,
778 1683 806 1706 et
822 1679 947 1712 homines
968 1679 1084 1714 decipis,

299 1731 327 1754 et
343 1726 475 1754 honorem
493 1725 542 1752 tibi
563 1725 685 1752 divinum
705 1724 740 1751 ab
758 1723 917 1751 hominibus
935 1724 1086 1752 mercaris?

298 1775 326 1799 et
340 1771 478 1807 quomodo
493 1770 574 1798 nobis
590 1770 738 1805 persuades
753 1769 826 1805 quod
849 1777 938 1805 neque
950 1770 1086 1805 judicium

299 1816 362 1847 erit,
379 1819 409 1842 ut
421 1815 545 1842 nonnulli
559 1814 716 1842 Iudaeorum
731 1814 869 1847 fatentur,
886 1823 973 1851 neque
987 1816 1086 1843 animat

300 1861 470 1889 immortales
492 1861 558 1893 sint,
574 1860 647 1896 quod
662 1860 771 1888 videtur
785 1862 921 1896 pluribus,
938 1870 1001 1889 cum
1018 1853 1085 1897 ipsis

300 1906 388 1934 oculis
403 1906 458 1934 tuis
470 1906 564 1934 videas
577 1913 634 1938 eas,
650 1909 678 1933 et
689 1906 899 1934 commotionem
915 1906 1001 1934 divini
1010 1905 1086 1941 judi-

296 1952 334 1979 cii
350 1952 443 1987 capias
456 1960 490 1979 ex
506 1951 593 1987 ipsis?

336 1996 406 2024 XIV.
428 1996 476 2025 His
494 1997 528 2024 ab
543 2005 575 2024 eo
592 1996 674 2024 dictis
690 1996 824 2032 impalluit
840 1996 945 2029 Simon,
957 2000 984 2024 et
996 2001 1086 2024 tamen

299 2047 360 2084 post
387 2043 527 2078 paululum
552 2043 715 2079 recolligens
739 2051 786 2075 se,
812 2043 849 2071 ita
874 2042 1087 2078 respondit:l’le

301 2090 412 2124 putetis,
426 2089 525 2125 inquit,
542 2089 615 2124 quod
627 2089 734 2124 generis
748 2088 833 2116 vestri
848 2089 930 2115 homo
946 2089 998 2116 sim
1011 2097 1019 2121 ;
1035 2096 1086 2124 ego

300 2144 389 2172 neque
403 2144 499 2172 magus
514 2143 587 2169 sum,
602 2143 691 2170 neque
706 2141 813 2163 amator
823 2135 916 2167 Lunae,
932 2143 1020 2170 neque
1030 2135 1087 2162 An-

301 2182 369 2210 tonii
394 2182 476 2210 illius.
494 2182 564 2209 Ante
589 2182 661 2209 enim
689 2190 771 2217 quam
795 2185 882 2209 mater
904 2190 963 2209 mea
985 2181 1086 2210 Rachel

1135 267 1277 295 magnum,
1305 263 1333 287 et
1363 259 1501 287 hominem
1524 259 1593 287 inter
1623 260 1736 291 homines
1758 269 1860 301 apparere.

1135 304 1271 333 Tentaudi
1285 313 1351 341 ergo
1363 306 1451 341 gratia
1466 313 1515 333 vos
1530 305 1631 341 primos
1648 311 1768 344 assumpsi
1779 316 1860 349 aulicos,

1135 354 1167 378 ut
1181 351 1209 378 in
1231 352 1391 380 ccelestibus
1405 356 1431 379 et
1450 352 1630 380 inell‘abilihus
1643 354 1704 382 locis
1722 357 1779 385 meis
1789 361 1861 394 primos

1135 402 1185 423 vos
1208 396 1351 428 collocem,
1377 404 1440 423 cum
1464 397 1629 431 probavero;
1642 398 1752 427 Humana
1773 410 1823 438 ergo
1839 407 1862 434 de

1135 442 1242 477 meipso
1256 443 1387 470 mentitus
1403 450 1476 475 sum,
1488 447 1518 469 ut
1532 450 1580 472 vos
1595 445 1753 474 manilestius
1770 456 1862 485 compro.

1135 486 1240 521 harem,
1256 488 1279 516 si
1295 488 1430 525 integrum
1443 490 1507 524 erga
1522 497 1565 516 me
1578 491 1690 518 servatis
1700 492 1812 522 aﬂ‘ectum.
1824 496 1863 532 Ego

1135 541 1200 561 vero
1209 535 1267 562 haec
1278 535 1404 567 audiens.
1414 535 1504 571 ipsum
1516 535 1624 571 quidem
1640 536 1755 565 miserum
1763 539 1863 574 judicans,

1136 580 1332 615 impudentiam
1344 585 1435 610 tamen
1452 581 1512 616 ejus
1530 581 1677 614 admirans,
1688 587 1713 610 et
1732 592 1773 619 pro
1784 593 1809 613 eo
1824 587 1864 622 ipss

1135 627 1311 659 erubescens,
1329 627 1411 654 simul
1432 631 1459 655 et
1479 627 1585 655 veritus
1596 635 1629 656 ne
1642 628 1702 663 quid
1722 630 1746 656 in
1758 638 1799 658 nos
1809 634 1865 660 molis

1135 678 1212 701 retur
1219 674 1293 706 mali,
1303 675 1387 701 innuo
1394 673 1505 706 Nicette,
1513 675 1649 711 paulisper
1657 684 1706 703 una
1712 684 1799 705 mecum
1805 680 1864 707 simu-

1135 719 1203 751 lare,
1212 723 1239 747 et
1253 720 1296 747 aio
1305 720 1338 747 ad
1355 728 1416 747 eum
1428 730 1434 748 :
1445 720 1503 748 Non
1514 721 1594 748 nobis
1606 721 1743 757 indigneris
1751 723 1864 754 hominibus

1134 766 1369 801 corruptibilibus,
1388 767 1606 802 incorruptibilis
1633 767 1715 802 Deus;
1730 769 1770 796 sed
1787 772 1864 806 suscipe

1135 812 1222 847 magis
1237 812 1365 840 allectum
1381 817 1519 846 nostrum,
1528 818 1557 841 et
1567 814 1683 842 animum
1694 816 1805 844 volentem
1816 819 1864 846 scire

1135 856 1181 892 qui
1192 857 1228 884 sit
1238 856 1327 889 Deus;
1342 859 1464 886 nondum
1475 859 1547 886 enim
1561 859 1708 888 sciebamus
1716 862 1768 897 quis
1774 871 1838 896 esses,
1846 867 1864 892 cl

1136 910 1187 930 nec
1212 903 1420 933 advertebamus
1438 905 1502 939 quia
1515 909 1545 932 tu
1564 912 1595 933 es
1614 913 1690 940 quem
1714 909 1863 942 qurebamns.

1170 947 1229 975 XV.
1250 948 1312 976 Haec
1328 954 1355 976 ct
1370 950 1413 977 his
1426 951 1526 977 similia
1540 951 1618 978 vultu
1632 958 1680 986 pro
1694 959 1721 980 re
1737 955 1809 988 aptato
1822 962 1865 989 pm

1136 994 1317 1029 sequentibus
1343 996 1434 1028 nobis,
1462 997 1629 1024 vanissimus
1650 999 1757 1026 credidit
1772 1007 1811 1028 nos
1832 1002 1864 1028 de-

1136 1042 1242 1074 ceptos,
1254 1043 1281 1067 et
1293 1048 1325 1068 eo
1341 1042 1427 1077 magis
1443 1043 1530 1070 elatus
1547 1043 1731 1071 addiditetiam
1744 1045 1790 1072 haec
1803 1055 1808 1073 :
1820 1046 1865 1074 Pw

1135 1084 1219 1119 pitius
1234 1086 1312 1114 vobis
1329 1091 1330 1094 ‘
1334 1087 1391 1122 jam
1406 1096 1479 1120 sum,
1501 1096 1553 1123 pro
1574 1090 1667 1116 aﬁectu
1681 1098 1752 1125 quem
1769 1099 1818 1127 erga
1837 1100 1865 1120 me

1117 1145 1123 1153 ι
1136 1130 1221 1158 Deum
1232 1132 1336 1167 geritis,
1350 1140 1393 1160 me
1402 1132 1475 1161 enim
1489 1134 1635 1170 diligentes
1649 1136 1798 1169 nesciebatils,
1809 1141 1865 1165 etme

1136 1181 1289 1212 quaerentes
1301 1178 1480 1214 ignorabatis.
1499 1179 1553 1207 Sed
1569 1181 1632 1208 nolo
1641 1180 1820 1217 dubitetis,quia
1829 1183 1865 1209 hoc

1136 1229 1254 1257 esuere
1268 1223 1352 1251 Deum
1372 1231 1443 1257 esse,
1460 1232 1523 1252 cum
1543 1229 1633 1260 potest
1647 1227 1705 1261 quis
1716 1235 1797 1262 parvus
1807 1229 1863 1261 efﬁci,

1136 1270 1179 1298 vel
1194 1277 1319 1305 magnus,
1346 1270 1370 1298 si
1387 1271 1517 1303 voluerit,
1531 1279 1596 1299 nam
1617 1279 1721 1308 quoquo
1734 1273 1798 1306 modo
1809 1281 1865 1309 app»

1136 1321 1196 1343 rere
1214 1315 1371 1343 hominibus
1382 1319 1516 1350 poteram.
1532 1316 1613 1344 Nunc
1625 1325 1686 1353 ergo
1700 1318 1804 1352 incipiam
1813 1319 1865 1346 vobis

1136 1362 1244 1397 aperire
1257 1362 1330 1397 quod
1343 1370 1437 1390 verum
1452 1366 1504 1391 est.
1527 1363 1586 1399 Ego
1600 1364 1697 1391 virtute
1716 1372 1766 1391 mea
1781 1365 1864 1400 quodam

1137 1411 1259 1442 tempore
1278 1415 1370 1436 aerem
1389 1412 1500 1436 vertens
1522 1409 1551 1435 in
1578 1417 1672 1444 aquam
1681 1408 1741 1444 (ΤΟ),
1758 1414 1779 1437 et
1798 1417 1865 1445 aquam

1138 1460 1236 1481 rursus
1250 1453 1277 1480 in
1289 1454 1461 1489 sanguinem,
1480 1460 1647 1491 carnemque
1667 1455 1780 1487 solidans,
1795 1464 1866 1483 novum

1137 1497 1275 1525 hominem
1298 1506 1412 1533 puerum
1430 1498 1559 1530 formavi,
1582 1503 1610 1526 et
1620 1506 1686 1533 opus
1700 1498 1814 1526 conditore
1829 1498 1867 1525 Des

1137 1543 1224 1571 multo
1243 1543 1365 1571 nobilius
1381 1544 1491 1579 protuli.
1511 1543 1561 1572 llle
1581 1545 1652 1572 enim
1666 1545 1755 1571 creavit
1767 1544 1867 1571 hominem

1136 1595 1152 1613 e
1172 1592 1257 1622 terra,
1272 1595 1324 1624 ego
1345 1592 1448 1621 autem,
1472 1589 1547 1624 quod
1559 1593 1601 1617 est
1623 1588 1756 1620 dillicilius,
1771 1596 1796 1616 ex
1815 1595 1865 1621 aere,

1136 1641 1272 1670 quemque
1295 1642 1393 1663 rursus
1418 1635 1561 1663 resolvens
1585 1634 1640 1663 aeri
1663 1634 1765 1666 reddidi,
1782 1634 1866 1669 speciem

1136 1685 1227 1708 tamen
1242 1680 1302 1715 ejus
1322 1680 1522 1716 imaginemque
1530 1681 1667 1716 depictam
1681 1681 1708 1708 in
1719 1681 1822 1708 interiore
1832 1685 1866 1706 ωδ

1136 1727 1228 1754 biculo
1249 1727 1392 1759 collocavi,
1418 1732 1447 1755 ut
1466 1732 1542 1755 esset
1572 1727 1699 1755 indicium
1725 1734 1752 1754 ac
1772 1726 1866 1753 memoria

1135 1773 1228 1808 operis
1244 1774 1310 1801 mei.
1324 1772 1388 1800 llaec
1403 1777 1494 1801 autem
1517 1773 1729 1809 intelligebamus
1745 1779 1795 1800 eum
1803 1772 1867 1799 dicere

1136 1826 1186 1853 pro
1200 1826 1285 1854 puero
1307 1818 1364 1851 illo,
1383 1819 1463 1854 cujus
1482 1819 1508 1846 vi
1532 1819 1622 1847 necati
1640 1819 1733 1851 anima,
1746 1818 1774 1845 ad
1786 1824 1809 1845 ea
1825 1824 1866 1851 qua:

1135 1863 1243 1891 volebat
1258 1863 1421 1896 ministeria,
1435 1864 1574 1893 utebatur.

1188 1909 1258 1937 XVI.
1278 1909 1376 1937 Petrus
1399 1918 1465 1937 vero
1479 1910 1537 1938 hxec
1561 1910 1674 1938 audiens
1702 1916 1756 1937 cum
1774 1907 1865 1943 lacrymis

1135 1954 1192 1983 ait:
1208 1955 1293 1983 Miror
1308 1955 1455 1983 admodum
1471 1956 1635 1984 immensam
1651 1955 1695 1983 Dei
1709 1954 1866 1990 patientism,cl

1135 2009 1151 2029 e
1166 2001 1306 2032 contrario
1318 2001 1346 2028 in
1360 2003 1500 2030 nonnullis
1515 2003 1641 2030 humanae
1654 2001 1794 2029 temeritatis
1809 1998 1867 2025 auda-

1135 2047 1216 2075 ciam.
1229 2046 1296 2079 Qua:
1308 2048 1380 2074 enim
1392 2048 1463 2075 ratio
1473 2047 1590 2075 imeniri
1603 2048 1671 2074 ultra
1686 2045 1779 2081 poterit,
1788 2051 1833 2078 quae
1840 2041 1867 2068 Si.

1135 2092 1211 2120 moni
1226 2093 1350 2125 suadeat,
1365 2093 1437 2128 quod
1453 2093 1522 2121 Deus
1533 2093 1637 2128 judicet
1647 2092 1758 2127 iniquos;
1770 2098 1817 2116 eum
1829 2089 1867 2122 ipse

1136 2139 1188 2166 sibi
1206 2138 1363 2174 persuadet,
1376 2139 1449 2174 quod
1461 2139 1614 2166 animarum
1624 2137 1762 2166 obedientia
1773 2134 1798 2162 ad
1807 2133 1867 2161 scele-

1135 2192 1197 2212 rum
1209 2192 1322 2212 suorum
1338 2189 1432 2212 utatur
1453 2185 1654 2212 ministerium?
1667 2192 1693 2211 re
1715 2186 1789 2210 autem
1802 2185 1847 2206 rem
1856 2184 1867 2204 ι

301 2227 460 2255 conveniret
475 2234 536 2255 cum
550 2234 584 2254 eo
597 2226 665 2262 (69),
687 2227 777 2254 adhuc
794 2227 871 2262 virgo
882 2227 1008 2263 concepit
1029 2235 1083 2260 me,
1101 2243 1124 2270 ι)
1135 2230 1307 2259 demo-ibus
1322 2231 1461 2264 illuditur;
1472 2228 1866 2265 tarnen‘7eumperhecipsacer-

354 2297 374 2313 ¹⁷
396 2296 493 2323 Tamen
513 2310 548 2315 ——
561 2295 737 2322 substantiam
754 2294 854 2323 desunt
876 2295 903 2322 in
918 2294 998 2322 codd.
1017 2294 1106 2330 Lipss.

934 2353 1116 2381 COTELERll
1135 2351 1252 2381 NOTE.

300 2422 348 2452 pra
364 2413 451 2452 relato
467 2419 528 2439 cum
550 2411 716 2452 testimoniis
737 2416 858 2452 veterum
877 2420 883 2438 :
902 2410 986 2452 Atque
1002 2411 1087 2438 Simo-

301 2445 352 2478 ἱιίω
375 2448 509 2479 letht'leras
531 2447 717 2474 necromantiae
738 2445 876 2473 labrusca:
898 2445 1026 2473 radicitus
1040 2453 1086 2473 ea:-

300 2486 466 2519 m'rpmttem,
490 2489 540 2516 pro
558 2481 694 2519 Vlethiferas
714 2489 813 2519 uectum
834 2481 970 2519 Romaniae
996 2481 1087 2519 labru-

301 2516 360 2548 καὶ
369 2527 379 2551 ;
389 2525 484 2546 vereor
497 2523 526 2544 ut
542 2518 578 2544 sit
589 2517 774 2544 necessarium
789 2524 795 2541 :
813 2524 874 2543 cum
888 2516 1021 2543 Romania
1038 2524 1092 2543 εξχά

301 2555 365 2592 poni
388 2553 475 2592 possit
493 2551 617 2592 Romana
640 2551 735 2592 religio
750 2558 798 2592 seu
813 2552 922 2579 ethnica
934 2572 942 2584 ,
957 2552 1089 2587 quemad-

303 2586 412 2618 'mmluin
429 2586 551 2614 Simouia
569 2587 681 2614 haeresis
696 2587 815 2614 Simonis

338 2624 395 2660 (68)
411 2623 466 2660 Cur
478 2630 539 2657 ergo
554 2622 750 2660 inter[e_ctorum
769 2622 865 2649 anima!
885 2629 937 2648 non
955 2621 1088 2660 ulciscun-

303 2656 346 2686 tur
361 2656 539 2692 in'terfecloru
554 2659 633 2685 suos?
647 2657 719 2685 Idem
739 2661 928 2692 argumentum
945 2660 1022 2692 urget
1034 2656 1087 2683 Ta-

303 2696 394 2722 tianus
407 2693 534 2720 Oratione
544 2697 635 2719 contra
650 2692 765 2724 ercos,
780 2700 805 2727 p.
823 2692 884 2727 156.

340 2730 396 2764 (69)
413 2729 479 2755 Aule
499 2728 568 2764 enim
584 2736 662 2764 quam
677 2726 833 2764 "talarium
847 2726 953 2764 Rachel~
963 2727 1085 2764 conveni-

304 2761 347 2792 ret
358 2761 417 2790 cum
436 2771 476 2790 eo.
497 2761 627 2790 Abulitur
640 2763 740 2798 impius
756 2762 850 2798 Simon
866 2762 925 2789 loco
938 2761 1085 2798 Scriptura:

305 2799 400 2826 Matth.
418 2798 497 2833 “718,
513 2798 577 2833 quia
598 2806 627 2825 se
644 2797 707 2825 esse
726 2797 866 2825 Christum
888 2797 962 2833 credi
982 2797 1084 2833 voluit;

304 2834 377 2874 quod
392 2838 420 2874 et
435 2832 467 2860 de
479 2839 510 2874 se
523 2832 591 2874 ipsis
602 2833 733 2874 dixerunt
741 2833 851 2874 quidam
867 2832 1019 2874 post-“illum
1032 2832 1086 2858 hae-

306 2867 460 2898 resiarchas.
482 2867 544 2895 Pari
564 2868 646 2896 modo
663 2868 734 2904 apud
752 2867 897 2895 Socratem
915 2867 962 2895 lib.
979 2874 1006 2900 l,
1024 2874 1084 2902 cap.

1138 2411 1184 2439 22.
1196 2410 1378 2438 Tcrebinthus
1388 2429 1395 2441 ,
1412 2417 1460 2437 seu
1478 2408 1586 2436 Budth
1608 2411 1696 2434 natum
1706 2410 1781 2441 facer
1793 2407 1866 2441 Virgilii!

1138 2436 1406 2480 alii-rmatiiipropte'r
1417 2436 1548 2480 veterem,
1564 2444 1591 2470 ni
1601 2442 1691 2480 fallor,
1705 2436 1866 2480 Buddant‘jtlf:

1138 2470 1426 2508 ﬁéh’ii'iieiaﬁaiiho
1439 2470 1557 2506 iButtam
1568 2498 1575 2508 .
1596 2470 1690 2514 Strgm;
1710 2483 1735 2514 ιζ
1747 2481 1769 2514 pl.
1784 2470 1866 2514 W53)le

1138 2505 1533 2550 quo-post-aliosllatrauinus
1544 2505 1616 2550 libro
1632 2511 1668 2550 De
1685 2505 1801 2550 nalirilalc

1138 2540 1291 2585 ἕιῖνςὲβίδλ
1302 2540 1439 2584 Spicilégii
1454 2540 1594 2575 Acherunti
1616 2551 1635 2573 t.
1650 2548 1669 2576 1,
1689 2544 1725 2571 An
1738 2540 1868 2585 certe;

1611 2587 1639 2608 ut
1649 2573 1833 2615 quemadmodum
1841 2573 1866 2612 ἱιζλ

1138 2625 1214 2647 sech
1226 2628 1281 2647 sum
1296 2625 1429 2646 auctorem
1452 2618 1571 2645 Bubdam
1587 2617 1623 2652 (Ι.
1636 2612 1755 2652 Badium)
1766 2618 1802 2645 Ρεν
1813 2616 1871 2652 PV?“

1136 2627 1214 2647 κειαξ
1226 2628 1281 2647 SINE
1296 2627 1429 2646 auctorem
1452 2627 1571 2645 uuoaam
1587 2627 1623 2648 υ.
1636 2627 1755 2647 Daunum;
1766 2627 1797 2645 rw
1815 2627 1838 2648 ξιτ

1137 2645 1398 2682 ἶιῖἶλιίιὶῖηῆνῆ-ἁῆί
1408 2659 1528 2681 exortum
1538 2673 1545 2685 ,
1562 2645 1608 2679 iter
1618 2660 1662 2678 nos
1680 2645 1795 2677 Christum
1810 2645 1866 2678 [vim

1135 2691 1325 2728 meditemur?
1466 2725 1473 2728 _
1630 2720 1658 2728 η,
1712 2723 1735 2728 ν,
1762 2713 1825 2728 .,-...η
1846 2711 1858 2728 ο

1350 2729 1449 2752 vertens
1463 2725 1490 2751 in
1509 2731 1613 2760 aquam.
1628 2720 1745 2760 Clematii;
1762 2713 1864 2760 Ινρξιιῇςξί

1136 2769 1161 2788 c.
1173 2747 1289 2788 aliis;
1297 2747 1538 2795 ἷιῖἱοὶιῖἰὲἴηὶἒάῖεἶ
1544 2747 1713 2795 philosophi}
1722 2747 1864 2795 Simon.‘l;ld:*

1137 2783 1626 2833 agisagis;Esaia:ﬁgo,
1637 2783 1677 2833 ίιί,Δ
1687 2783 1856 2833 legatie}:

1137 2816 1344 2892 ξῖἵῖξίνὲἶὲὄὶἦὶ
1360 2816 1722 2865 ’ὕῗρῗὲῦἐιῖϊιώόὰόώυω
1737 2821 1816 2849 um.
1837 2816 1864 2850 [ιν

1154 2874 1171 2892 Ι
1185 2886 1204 2892 ..
1229 2886 1235 2892 .
1252 2874 1271 2892 1.
1288 2874 1312 2892 C.
1348 2885 1356 2892 .

1138 2866 1204 2899 baL,
1217 2867 1235 2894 l.
1252 2874 1271 2898 I.
1288 2874 1312 2893 c.
1331 2866 1356 2893 l.
