3806 6286
118 302 235 357 ηδτ

1280 298 1834 355 RECOGNITIONUM
1870 300 1993 352 LIB.
2028 300 2095 352 il.

3133 298 3264 352 1233

114 421 188 464 tus
211 411 294 471 sit,
332 409 473 477 quod
504 411 841 465 immortales
872 420 996 464 sunt
1031 410 1219 462 animae
1245 419 1296 464 et
1314 410 1626 478 judicautur
1657 414 1697 468 Α
1728 408 1911 463 fideles
1943 425 1971 461 a
2005 408 2252 461 fidelibus
2272 418 2323 461 et
2346 408 2423 476 pii
2442 409 2820 462 discernantur
2837 410 2905 462 ab
2926 409 3122 478 impiis,
3147 425 3267 478 per-

114 516 194 570 pro
211 502 287 553 bis
309 515 426 567 qua:
440 502 732 568 gesserint.
753 512 804 554 et
822 503 911 569 qui
927 516 982 555 se
994 508 1139 568 putet
1158 515 1214 553 re
1234 502 1346 567 ipsa
1371 499 1546 552 videre
1564 513 1627 552 ea

113 604 212 655 qua:
238 602 330 640 nos
354 588 456 639 fide
492 589 795 646 credimus.
832 590 1094 657 quamvis,
1121 596 1178 641 ttt
1208 588 1337 649 dixi,
1375 589 1629 642 illudatur

112 695 137 732 a
159 679 491 739 daemonibus,
520 688 705 731 tamen
736 680 1026 733 arbitratur
1055 694 1111 732 se
1138 679 1304 746 ipsam
1334 680 1522 732 anima:
1549 681 1629 731 vi-

110 768 215 819 dere
240 765 617 819 substantiam.
639 766 872 829 Quando
892 767 997 826 hic,
1023 767 1257 833 inquam,
1278 766 1527 820 fatebitur
1546 766 1628 819 vel

112 856 226 907 male
247 868 302 908 se
337 868 494 922 agere
526 855 582 908 in
620 863 777 908 tanto
805 857 943 908 malo
977 856 1205 924 positus,
1254 856 1335 909 vel
1373 856 1625 922 judican-

108 942 213 994 dum
240 955 296 995 se
327 956 421 1008 pro
443 942 530 995 his
563 957 688 1009 quae
715 943 903 1010 egerit,
931 945 1018 1010 qui
1049 943 1226 996 sciens
1250 942 1341 995 Dei
1364 942 1625 1010 judicium

108 1030 372 1083 contemnit
413 1039 466 1082 et
503 1029 788 1083 inimicum
839 1046 897 1084 se
948 1031 1163 1084 exhibet
1201 1030 1332 1095 Deo,
1370 1040 1422 1085 et
1468 1033 1627 1086 audet

108 1128 197 1172 tam
218 1117 440 1172 nefanda
469 1118 851 1173 committere?
881 1117 1030 1173 Unde
1059 1128 1263 1173 certum
1292 1131 1394 1183 est,
1434 1120 1626 1173 fratres

110 1207 504 1261 meimonttullos
530 1207 750 1259 veritati
781 1221 844 1260 ac
866 1206 1106 1275 religioni
1140 1206 1230 1259 Dei
1252 1222 1357 1260 non
1386 1207 1503 1261 ideo
1533 1205 1627 1259 ad-

105 1294 303 1357 versari,
334 1294 477 1361 quod
521 1295 603 1347 eis
640 1294 767 1348 ﬁdei
794 1296 935 1348 ratio
1002 1309 1335 1364 nequaquam
1376 1304 1624 1350 constare

108 1379 344 1441 rideatur,
376 1380 470 1433 sed
508 1381 638 1448 quia
681 1388 775 1434 aut
804 1382 1075 1435 nimietate
1106 1391 1440 1449 peccatorum
1474 1383 1625 1437 invo-

109 1469 204 1533 luti,
231 1478 315 1520 aut
342 1469 498 1522 malis
533 1470 651 1522 suis
683 1472 953 1537 praeventi
977 1478 1029 1524 et
1061 1480 1268 1524 tumore
1293 1472 1473 1524 cordis
1499 1472 1623 1525 elati

108 1563 230 1619 sunt,
259 1556 328 1607 ita
364 1565 421 1607 ut
446 1570 546 1608 nec
567 1571 630 1608 ea
662 1557 878 1624 quidem
905 1558 1145 1621 credant,
1177 1573 1294 1627 quae
1316 1560 1484 1613 oculis
1511 1558 1623 1614 suis

110 1658 154 1696 se
179 1642 345 1695 videre
370 1643 727 1696 arbitrantur.

160 1770 303 1826 XVII.
342 1769 539 1825 Verum
571 1775 829 1842 quoniam
856 1775 1087 1844 ingenita
1121 1792 1245 1846 erga
1286 1777 1451 1831 Deum
1485 1793 1619 1831 con-

104 1857 305 1913 ditorem
332 1859 584 1913 sufficere
615 1860 685 1912 ad
711 1862 938 1914 salutem
964 1864 1241 1918 videbatur
1269 1866 1482 1918 atiectio
1514 1867 1617 1932 his,

108 1946 182 2013 qui
208 1946 479 2015 diligerent
510 1961 659 2010 eum,
686 1948 866 2001 studet
908 1950 1157 2005 inimicus
1200 1952 1342 2004 hanc
1383 1952 1620 2007 affectio-

109 2048 211 2085 nem
237 2034 289 2087 in
317 2034 629 2087 hominibus
660 2044 987 2103 pervertere,
1019 2046 1071 2090 et
1118 2039 1365 2093 inimicos
1393 2054 1485 2093 eos
1509 2040 1618 2092 elli-

107 2137 209 2176 eere
246 2131 398 2192 atque
442 2124 684 2191 ingratos
714 2124 992 2178 Conditori
1039 2142 1157 2181 suo.
1208 2127 1400 2182 Testor
1441 2128 1619 2182 autem

104 2212 273 2263 cretum
296 2226 366 2263 ac.
385 2219 607 2273 terram,
638 2212 786 2279 quod
818 2214 861 2265 si
891 2224 1148 2281 quantum
1192 2218 1339 2283 cupit
1368 2218 1619 2273 inimicus

114 2296 357 2362 desaevire,
379 2299 792 2366 permitteretur
817 2302 977 2353 etiam
1008 2317 1037 2353 a
1083 2302 1211 2365 Deo,
1260 2306 1385 2357 olim
1431 2322 1617 2360 omnes

109 2385 320 2442 homines
349 2390 724 2456 deperissent;
757 2391 849 2445 sed
894 2394 1275 2447 misericordiae
1307 2410 1471 2450 causa
1509 2411 1617 2450 non

106 2477 215 2528 sinit
243 2476 392 2532 Deus.
425 2478 578 2543 Quod
608 2480 654 2533 si
675 2478 719 2510 “
748 2480 992 2532 affectum
1023 2496 1178 2534 suum
1213 2484 1456 2539 homines
1487 2500 1618 2539 con-

112 2572 351 2635 verterent
380 2568 445 2620 ad
471 2567 658 2628 Deum,
702 2583 887 2621 aiunes
916 2570 1031 2623 sine
1065 2570 1229 2624 dubio
1254 2574 1612 2639 salvarentur,

105 2654 241 2707 etiam
268 2657 309 2709 si
340 2673 434 2724 pro
457 2659 732 2727 aliquibus
784 2658 991 2711 delictis
1026 2659 1095 2714 ob
1124 2661 1389 2728 justitiam
1415 2666 1615 2733 corripi

110 2742 399 2797 viderentur.
435 2744 539 2799 Sed
567 2761 719 2799 nunc
750 2746 962 2813 plurimi
1002 2746 1278 2799 hominum
1311 2748 1514 2801 inimici
1532 2749 1616 2803 ef-

110 2829 212 2884 fecti
236 2842 355 2887 sunt
392 2835 506 2902 Dei,
552 2851 789 2906 quorum
816 2837 1081 2905 malignus
1100 2840 1263 2891 corda
1298 2844 1612 2907 penetravit,

108 2928 154 2971 et
197 2922 432 2977 affectum
481 2941 641 2994 quem
697 2928 775 2979 eis
824 2912 1070 2978 conditor
1108 2926 1247 2981 Deus
1292 2929 1610 2997 inseruerat,

1726 500 1951 552 missum
1978 507 2060 552 est
2087 500 2320 567 maligno
2345 501 2421 551 uti
2454 500 2536 552 his
2559 501 2786 562 artibus,
2811 499 3007 567 quibus
3030 499 3265 567 singulo-

1727 600 1845 639 rum
1868 602 1990 655 erga
2018 602 2202 638 verum
2230 596 2503 655 parentem
2541 588 2833 655 probentur
2854 586 3094 639 affectus.
3115 585 3265 650 Quod

1725 676 1773 727 si
1797 674 1839 704 ³⁸
1866 689 1989 727 vere
2026 684 2168 727 esset
2214 675 2409 743 aliquis
2447 675 2580 728 deus
2625 676 2855 737 alienus,
2883 684 3059 727 tamen
3086 675 3153 727 ab
3179 690 3264 731 eo.

1725 762 1815 831 qui
1848 777 1947 815 nos
1992 774 2269 817 creaverat
2321 764 2520 833 quique
2568 764 2724 817 nobis
2746 775 2895 831 pater
2934 772 2985 816 et
3021 764 3268 819 conditor

1728 851 1921 913 fuerat,
1956 860 2233 905 rectumne
2271 862 2408 915 erat,
2442 853 2630 905 relicto
2676 853 2895 921 preprio
2927 853 3157 906 transire
3200 852 3263 904 ad

1724 939 1996 991 alienum?
2032 939 2097 991 Et
2138 938 2329 1007 Aquila
2361 960 2372 993 :
2405 938 2599 992 Absit!
2636 941 2827 1008 inquit.
2866 938 3001 992 Tum
3032 938 3260 992 Petrus:

1724 1027 2000 1093 Quomodo
2021 1045 2145 1097 ergo
2166 1030 2408 1084 dicemus
2433 1031 2721 1098 malignum
2745 1046 2865 1083 esse
2890 1044 3107 1083 causam
3138 1044 3263 1098 pec—

1724 1116 1831 1168 cati
1862 1116 2056 1180 nostri,
2081 1132 2203 1169 cum
2230 1117 2332 1169 hoc
2351 1118 2615 1186 permissu
2636 1117 2727 1168 Dei
2758 1117 2867 1181 fiat,
2887 1122 2943 1168 ut
2973 1131 3065 1184 per
3090 1116 3263 1183 ipsum

1722 1206 2019 1273 probentur
2046 1213 2099 1260 et
2131 1205 2184 1258 in
2214 1206 2298 1259 die
2322 1206 2512 1274 judicii
2549 1215 2843 1274 arguantur
2878 1206 2932 1258 hi
2968 1205 3059 1273 qui
3091 1205 3264 1272 majo-

1722 1296 1874 1351 ribus
1909 1296 2388 1365 pollicitationibus
2434 1296 2668 1358 invitati,
2700 1296 2810 1349 veri
2851 1295 3019 1363 patris
3049 1301 3103 1347 et
3139 1308 3264 1346 con-

1724 1384 1916 1439 ditoris
1947 1385 2031 1437 sui
2065 1385 2381 1453 reliquerint
2413 1385 2688 1452 pietatem,
2727 1385 2781 1436 hi
2820 1400 2948 1437 vero
2978 1384 3068 1451 qui
3107 1382 3263 1435 fidem

1722 1480 1777 1527 et
1806 1473 2122 1527 charitatcm
2152 1475 2353 1542 proprii
2382 1476 2569 1543 patris,
2596 1477 2755 1528 etiam
2784 1490 2905 1527 cum
2924 1482 3260 1542 paupertate,

1723 1562 1767 1616 si
1799 1563 2076 1627 acciderit,
2108 1573 2160 1616 et
2190 1579 2312 1617 cum
2346 1566 2688 1619 tribulatione
2717 1566 3069 1627 servaverint,
3102 1565 3261 1620 donis

1724 1653 2035 1708 caelestibus
2070 1654 2122 1706 in
2155 1669 2319 1723 regno
2348 1655 2467 1723 ejus
2504 1665 2556 1709 et
2596 1656 2990 1709 immortalibus
3022 1655 3261 1712 muneri-

1653 1716 1697 1775 Β
1723 1743 1824 1797 bus
1844 1716 2241 1812 perfruantur
2258 1744 2361 1799 Sed
2376 1716 2497 1800 bmc
2526 1747 2660 1800 alias
2688 1747 2998 1817 diligentius
3026 1762 3261 1815 expone-

1718 1851 1859 1888 mus.
1901 1834 2038 1899 Quid
2099 1847 2275 1890 autem
2318 1833 2507 1890 Simon
2555 1837 2721 1906 egerit
2767 1847 2887 1907 post
2938 1840 3071 1904 hac,
3119 1842 3261 1897 scire

1715 1924 1894 1991 cupio.

1786 2012 1924 2067 XIX.
1966 2013 2032 2067 Et
2068 2015 2256 2070 Nieeta
2288 2019 2563 2086 respondit
2596 2037 2608 2071 :
2638 2018 2738 2073 Ubi
2771 2020 3100 2076 intellexisse
3132 2036 3257 2075 eum

1715 2104 2011 2168 sensimus,
2034 2105 2175 2173 quod
2198 2106 2568 2173 deprehensus
2601 2120 2746 2164 esset
2786 2126 2815 2162 a
2858 2111 3038 2174 nobis,
3084 2112 3259 2165 collo-

1715 2190 1825 2244 cuti
1855 2191 1992 2244 inter
2021 2207 2119 2245 nos
2142 2192 2208 2245 de
2234 2194 2531 2249 sceleribus
2567 2196 2684 2264 ejus
2711 2197 3033 2265 reliquimus
3060 2214 3181 2254 eum
3204 2209 3259 2254 et

1716 2282 1783 2335 ad
1824 2282 2137 2337 Zacchaeum
2183 2286 2451 2349 venimus,
2500 2286 2614 2339 ham
2657 2288 2773 2355 ipsa
2805 2290 2875 2350 ei,
2916 2306 3037 2359 qua:
3077 2300 3132 2344 et
3159 2293 3256 2347 tibi

1713 2386 1861 2425 nunc
1886 2373 2234 2439 protulimus,
2281 2374 2602 2430 indicantes.
2646 2376 2713 2428 At
2745 2376 2833 2430 ille
2863 2378 3254 2446 benignissime

1713 2475 1812 2514 nos
1871 2462 2190 2529 suscipiens,
2242 2472 2296 2517 et
2344 2463 2411 2517 de
2466 2464 2569 2517 (ide
2620 2463 2831 2519 Domini
2896 2468 3066 2521 nostri
3123 2468 3255 2524 Jesu

1712 2546 1916 2601 Christi
1946 2548 2198 2614 edocens,
2241 2550 2476 2605 tldelium
2518 2569 2745 2607 numero
2798 2555 3042 2610 sociavit.
3085 2556 3252 2611 Cum.

1713 2648 1818 2703 que
1840 2633 1953 2688 haec
1985 2634 2175 2690 Niceta
2203 2637 2451 2701 dixisset,
2482 2638 2775 2696 Zaccbaaus
2808 2642 2898 2711 qui
2929 2644 3089 2710 paulo
3127 2652 3255 2697 ante

1712 2735 1967 2791 egressus
1991 2723 2191 2792 fuerat,
2214 2727 2612 2795 iugrediebatur
2634 2729 2820 2786 dicens
2849 2752 2861 2786 :
2888 2731 3124 2803 Tempus
3146 2743 3251 2800 est.

1716 2820 1774 2864 ut
1800 2812 2062 2881 procedas
2111 2816 2177 2867 ad
2225 2814 2631 2886 disputandum,
2674 2818 2867 2885 Petre;
2914 2821 3068 2877 turba
3111 2823 3253 2877 enim

1716 2902 1882 2953 multa
1912 2903 1963 2955 in
1988 2905 2127 2956 atrio
2151 2903 2341 2958 domus
2374 2916 2693 2978 congregata
2720 2918 2771 2963 te
2795 2910 3089 2978 opperitur,
3114 2928 3252 2981 quo-

110 3016 284 3080 mgrga
313 3028 370 3067 se
404 2990 688 3078 hab'emm’
723 3016 777 3067 in
822 3016 1168 3084 semeupgum
1202 3017 1434 3074 deﬂexi"
1466 2990 1616 3073 Alio;
1641 3028 1681 3085 ο
1718 3004 1838 3043 rum
1879 2990 1938 3085 in
1978 2994 2154 3085 medio
2193 2994 2392 3085 multis,
2420 2996 2587 3051 fultus
2630 2999 2854 3052 asseclis
2884 3000 3137 3054 consistit
3168 3000 3254 3055 Si-

110 3110 205 3151 rum
249 3117 388 3166 vero,
421 3102 511 3174 qui
560 3106 955 3174 aliquantulum
1006 3106 1227 3174 vigilare
1264 3108 1602 3173 videbantur,

109 3183 151 3235 in
195 3188 460 3255 phantasia
508 3195 697 3262 gloriae
749 3200 802 3246 et
869 3192 1173 3261 splendoris
1222 3210 1506 3263 apparens,
1555 3207 1609 3252 et

108 3286 269 3343 magna
296 3281 530 3347 quadam
562 3291 725 3351 atque
758 3282 996 3350 ingentia
1047 3285 1446 3349 repromittens,
1484 3301 1608 3338 eva-

106 3364 197 3427 gari
221 3365 555 3426 nihilominus
578 3387 615 3425 a
649 3371 758 3425 Deo
782 3385 911 3425 vero
930 3379 1160 3426 mentem
1184 3382 1342 3442 atque
1364 3376 1604 3429 animum

108 3447 235 3516 fecit;
266 3470 377 3523 qua:
410 3466 592 3513 tamen
623 3468 931 3529 perpetrare
973 3461 1023 3515 ei
1047 3461 1193 3529 justa
1223 3463 1452 3530 quadam
1484 3479 1598 3533 per-

107 3537 301 3595 mittitur
329 3547 551 3602 ratione.

159 3665 323 3727 XVIII.
361 3675 442 3730 Ad
471 3679 586 3733 haec
615 3680 807 3749 Aquila
844 3681 1118 3750 respondit
1146 3702 1164 3736 :
1197 3682 1336 3747 Quid
1360 3699 1491 3751 ergo
1511 3684 1604 3738 de-

103 3752 319 3825 linquunt
344 3763 608 3832 homines,
652 3769 696 3822 si
730 3770 995 3837 malignus
1028 3770 1420 3827 transformans
1459 3789 1515 3826 se
1549 3774 1601 3825 in

99 3847 397 3911 splendorem
431 3857 632 3913 lucis"
662 3860 863 3927 majora
907 3861 1231 3927 repromittit
1271 3861 1598 3927 hominibus,

97 3948 231 3999 (luant
259 3941 366 4009 ipse
386 3947 638 3999 conditor
669 3946 847 4001 Deus?
870 3947 928 4000 Et
957 3947 1148 4002 Petrus
1182 3967 1194 4001 :
1228 3948 1384 4014 Puto,
1408 3952 1598 4019 inquit,

96 4021 181 4077 hoc
208 4028 451 4097 injustius
484 4038 619 4089 nihil
649 4053 786 4102 esse,
835 4047 887 4091 et
928 4046 1193 4107 quatenus
1234 4040 1491 4108 injustum
1532 4043 1601 4095 sit

96 4116 220 4170 audi.
250 4118 301 4172 Si
333 4122 470 4179 [ilius
489 4133 646 4187 tuus,
677 4127 769 4194 qui
798 4142 827 4179 a
870 4134 921 4181 te
944 4130 1091 4181 omni
1119 4129 1390 4198 diligentia
1420 4132 1595 4183 erudi-

97 4209 169 4256 tus
210 4217 288 4261 est
330 4220 382 4265 et
421 4217 684 4278 nutritus,
737 4224 899 4283 atque
942 4216 1008 4269 ad
1064 4217 1271 4270 virilem
1312 4220 1599 4286 perductus

94 4301 297 4360 :etatem,
328 4302 569 4371 ingratus
594 4305 692 4358 tibi
714 4306 802 4368 sit,
829 4314 880 4358 et
904 4306 1212 4375 relinquens
1234 4316 1283 4360 te
1317 4310 1381 4361 ad
1407 4311 1590 4372 alium,

94 4394 229 4444 quem
254 4385 386 4444 forte
407 4392 654 4446 ditiorem
680 4392 891 4455 viderit,
924 4402 1029 4457 eat,
1070 4404 1122 4449 et
1155 4396 1409 4448 honorem
1442 4414 1597 4465 quem

94 4468 175 4521 tibi
195 4471 413 4531 debebat
444 4481 520 4533 illi
545 4481 815 4540 exhibeat,
853 4495 917 4533 ac
954 4497 1048 4548 spe
1088 4484 1309 4550 majoris
1338 4485 1472 4538 lucri
1503 4502 1591 4539 na-

92 4561 246 4651 turam
278 4579 431 4636 neget
473 4577 526 4623 et
553 4569 677 4638 jura
710 4578 931 4651 paterna
972 4569 1225 4639 defugiat,
1263 4581 1469 4627 rectum
1502 4576 1596 4629 tibi

93 4646 297 4715 ridetur,
334 4671 403 4711 an
442 4659 705 4729 impium?
731 4646 794 4711 Et
841 4659 1031 4727 Aquila
1066 4662 1378 4729 respondit:
1412 4664 1598 4717 Omni-

92 4732 176 4788 bus
200 4741 368 4805 palam
415 4758 520 4812 est,
572 4749 713 4817 quod
761 4749 983 4817 impium
1027 4750 1117 4803 sit.
1174 4748 1237 4800 Et
1278 4749 1506 4806 Petrus:
1540 4753 1595 4807 Si

89 4837 197 4912 ergo
223 4830 274 4882 in
302 4831 608 4892 hominibus
641 4840 742 4890 hoc
774 4839 991 4905 impium
1022 4840 1177 4898 dicis,
1203 4850 1405 4905 quanto
1424 4845 1594 4912 magis

90 4919 135 4958 ³η
172 4910 289 4978 Deo.
323 4924 413 4988 Qui
435 4940 595 4995 supra
633 4942 819 4979 omnes
863 4926 1107 4981 homines
1148 4926 1350 4981 honore
1392 4933 1461 4984 ab
1501 4910 1595 4985 ho-

90 5000 299 5086 minibus
328 5012 521 5084 dignus
570 5020 687 5073 est?
728 5018 883 5086 cujus
937 5036 1044 5073 non
1102 5020 1276 5072 solum
1324 5022 1598 5079 beneﬁciis

92 5084 317 5160 fruimur,
369 5120 553 5159 verum
600 5116 653 5162 et
703 5123 803 5177 ope
836 5122 900 5161 ac
949 5110 1146 5161 virtute
1182 5122 1301 5162 esse
1330 5115 1595 5180 cepimus

91 5189 195 5267 ctim
223 5201 324 5242 non
351 5209 615 5267 essemus,
642 5199 834 5266 cuique
864 5200 906 5251 si
937 5200 1237 5266 placeamus
1266 5204 1595 5256 merebimur

96 5263 155 5319 ab
178 5286 256 5337 ρο,
281 5286 337 5332 ut
362 5266 523 5340 etiam
550 5289 736 5342 aeterni
778 5288 831 5339 in
860 5288 1012 5341 bonis
1041 5286 1227 5339 simus.
1263 5285 1333 5339 Ut
1362 5305 1491 5359 ergo
1512 5294 1595 5345 iu-

1716 3093 1858 3131 mon.
1897 3077 2031 3131 Tum
2060 3078 2250 3135 Petrus
2282 3089 2339 3135 ut
2381 3084 2495 3137 haec
2539 3086 2759 3149 audivit,
2791 3088 3051 3142 orationis
3080 3091 3252 3159 gratia

1708 3168 1963 3221 secedere
1994 3185 2075 3221 me
2097 3170 2294 3236 jubens
2342 3172 2603 3239 (nondum
2634 3175 2775 3227 enim
2802 3190 2949 3228 eram
2979 3176 3184 3231 dilutus
3220 3193 3250 3230 a

1708 3256 1963 3322 peccatis,
1989 3272 2106 3324 qua:
2135 3257 2189 3309 in
2220 3258 2521 3326 ignorantia
2549 3262 3050 3332 commiseram),ait
3075 3265 3140 3317 ad
3167 3279 3252 3318 re-

1705 3343 2177 3413 liquos:0remus
2232 3346 2447 3409 fratres,
2504 3355 2560 3399 ut
2621 3348 2760 3401 Deus
2812 3365 2909 3418 per
2973 3347 3248 3404 Christum

1704 3446 1861 3485 suum
1906 3446 2002 3498 pro
2048 3432 2303 3484 inetfabili
2342 3434 2717 3487 misericordia
2760 3451 2855 3489 sua
2897 3436 3113 3503 adjuvet
3160 3454 3249 3493 me

1702 3528 1983 3574 exeuntem
2021 3536 2117 3587 pro
2156 3521 2331 3575 salute
2375 3523 2675 3588 hominum,
2717 3527 2806 3594 qui
2837 3527 2905 3580 ab
2933 3527 3052 3596 ipso
3081 3532 3247 3585 creati

1702 3615 1847 3661 sunt.
1878 3605 1939 3657 Et
1968 3607 2080 3659 hate
2105 3622 2228 3659 cum
2259 3608 2507 3673 dixisset,
2540 3615 2783 3667 oratione
2808 3614 2949 3668 facta
2970 3619 3247 3685 processit

1702 3695 1768 3747 ad
1803 3694 1998 3746 atrium
2031 3694 2244 3758 domus,
2300 3697 2354 3748 in
2403 3713 2511 3766 quo
2563 3708 2682 3753 erat
2726 3704 3016 3757 multitudo
3062 3708 3247 3776 populi

1702 3781 1931 3848 plurima
1960 3792 2316 3852 congregata;
2365 3801 2500 3853 quos
2553 3790 2643 3842 ubi
2690 3805 2876 3845 omnes
2916 3810 3127 3850 summo
3166 3798 3242 3850 si-

1700 3867 1865 3920 lentio
1894 3867 1961 3920 ad
1993 3884 2051 3922 se
2081 3870 2311 3922 intentos
2335 3874 2485 3936 vidit,
2515 3885 2567 3927 et
2608 3893 2819 3946 magum
2870 3880 3145 3938 Simonem
3177 3886 3232 3940 in

1700 3956 1875 4010 medio
1899 3973 2086 4011 eorum
2126 3962 2272 4014 velut
2321 3962 2637 4029 signiferum
2667 3975 2918 4035 stantem,
2954 3970 3056 4025 hoc
3086 3972 3244 4027 modo

1700 4060 1723 4097 ι’
1739 4048 1869 4115 (Dle
1894 4066 1907 4100 :

1769 4136 1882 4191 XX.
1922 4137 2029 4191 Pax
2054 4141 2205 4194 vobis
2232 4142 2301 4195 sit
2332 4144 2602 4209 omnibus,
2636 4147 2728 4214 qui
2758 4150 2931 4216 parati
2962 4153 3095 4207 estis
3112 4154 3243 4208 dex-

1700 4234 1843 4280 teras
1873 4229 2004 4282 dare
2046 4233 2295 4297 veritati;
2336 4235 2649 4305 quicunque
2691 4242 2833 4293 enim
2875 4244 3136 4299 obediunt
3170 4248 3242 4311 ei,

1629 4359 1671 4411 υ
1699 4315 1946 4368 videntur
1974 4319 2191 4411 quidem
2228 4323 2329 4376 sibi
2379 4326 2577 4394 aliquid
2621 4330 2804 4398 gratia:
2833 4332 3082 4389 conferre
3116 4336 3244 4400 Deo,

1704 4419 1863 4473 porro
1886 4414 2063 4460 autem
2093 4410 2195 4477 ipsi
2226 4412 2294 4464 ab
2317 4428 2380 4465 eo
2408 4413 2607 4469 d‘onum
2630 4434 2690 4471 su
2702 4419 2825 4471 mmi
2850 4425 3094 4476 muneris
3116 4440 3245 4478 con-

1701 4504 1999 4562 sequuntur
2021 4498 2245 4565 justitia:
2266 4503 2384 4570 ejus
2416 4506 2623 4561 semitis
2658 4508 2986 4566 incedentes.
3020 4512 3247 4582 Propter

1704 4582 1849 4650 quod
1879 4582 2236 4651 primum'est
2264 4594 2525 4653 omnium,
2557 4596 2823 4663 justitiam
2856 4596 2950 4650 Dei
2994 4616 3247 4669 regnum-

1701 4690 1805 4743 que
1845 4678 1962 4744 ejus
2001 4680 2371 4749 inquirere“;
2409 4686 2675 4753 justitiam
2720 4687 2939 4756 quidem
2996 4701 3056 4745 ut
3104 4703 3248 4748 recte

1701 4782 1859 4834 agere
1889 4767 2200 4835 doceamur,
2232 4790 2457 4842 regnum
2498 4794 2643 4839 vero,
2676 4785 2736 4830 ut
2764 4792 2884 4845 quae
2922 4780 2999 4832 sit
3037 4799 3248 4839 merces

1696 4858 1869 4923 posita
1916 4859 2114 4913 laboris
2163 4872 2217 4914 et
2264 4866 2532 4931 patientiae
2574 4867 2902 4929 noverimus,
2939 4868 2996 4921 in
3033 4887 3141 4939 quo
3168 4884 3253 4925 est

1703 4945 1859 5000 bonis
1897 4950 2115 5017 quidem
2157 4960 2480 5006 aeternorum
2532 4954 2795 5008 bonorum
2850 4961 3251 5022 remuneratio,

1703 5036 1786 5088 his
1814 5048 2012 5103 autem,
2040 5040 2130 5107 qui
2162 5049 2350 5093 contra
2384 5042 2713 5097 voluntatem
2747 5042 2841 5094 Dei
2873 5046 3115 5108 egerint,
3158 5064 3257 5114 pro
3292 5078 3295 5081 -

1698 5127 2119 5196 uniuscujusque
2144 5130 2309 5196 gestis
2334 5146 2612 5197 poenarum
2655 5132 2817 5198 digna
2836 5131 3141 5189 restitutio.
3165 5136 3262 5189 llic

1701 5230 1847 5282 ergo,
1880 5217 1977 5269 hoc
2009 5225 2089 5269 est
2133 5218 2184 5269 in
2234 5224 2484 5285 praesenti
2524 5225 2624 5275 vita
2667 5221 2879 5289 positos
2909 5231 3137 5285 oportet
3169 5240 3267 5277 vos

1701 5316 1994 5368 agnoscere
2024 5304 2349 5357 voluntatem
2376 5308 2487 5371 Dei,
2520 5310 2610 5362 ubi
2641 5319 2695 5359 et
2730 5304 2924 5371 agendi
2962 5305 3131 5361 locus
3164 5318 3269 5361 est.

183 5417 222 5487 i'
253 5422 363 5486 Quo
392 5432 435 5481 si
464 5463 529 5472 η-
549 5434 835 5487 riderentur
868 5442 916 5485 et

97 5484 423 5609 εςξιὲὲρερεε.
487 5503 525 5532 ιν
546 5484 589 5551 ιι
614 5484 741 5555 «ξω-,ί
758 5484 831 5566 ξεί,
854 5484 931 5553 η.

232 5645 477 5713 Ρηιιοι..
514 5659 617 5717 Gn.
661 5658 704 5715 Ι.

2834 5664 2913 5717 [ιο

941 5438 1381 5514 φξτριξοίμξυηῑιη·
1409 5454 1420 5486 :
1453 5437 1689 5514 Aliorum
1720 5462 1835 5500 vero
1860 5478 1929 5487 --
1962 5447 2276 5514 permittitur
2304 5451 2507 5504 ratione
2535 5451 2928 5505 desiderantur
2948 5446 3008 5497 in
3034 5458 3273 5514 utroque

998 5500 1037 5527 ²⁰
1059 5497 1203 5560 Quod
1230 5502 1610 5558 si~muneribt

1717 5497 2015 5581 arfrttantzrtr
2048 5497 2150 5566 non
2186 5497 2519 5581 Iegttntttrvzttt
3004 5515 3053 5544 ²¹
3088 5503 3276 5569 “diu”
