3806 6270
155 308 263 364 ηθι

1306 319 1857 383 RECOGNITIONUM
1896 332 2020 389 LIB.
2058 332 2117 386 II.

3163 344 3310 420 iace

148 420 341 488 tevolo,
360 422 491 489 quia
519 422 737 480 duobus
766 428 904 481 inter
930 443 989 484 se
1008 428 1390 489 dimicantibus
1416 442 1545 491 tunc
1564 438 1668 491 erit
1694 444 1741 498 Α
1768 440 2006 513 Intelligo
2048 448 2313 500 versutias
2337 452 2489 511 tuas;
2518 447 2602 502 vis
2632 448 2777 501 enim
2806 448 2902 502 tibi
2926 464 2990 502 ea
3028 451 3145 521 ipse
3170 470 3299 523 pro-

149 524 266 578 pax,
296 524 415 564 cum
446 513 584 567 alter
612 516 874 570 ceciderit
909 528 1229 587 superatus;
1258 530 1312 575 et
1342 522 1461 577 ideo
1492 541 1663 595 pugna

148 607 198 651 ut
222 607 395 668 potes,
422 616 524 655 nec
548 606 799 672 requiras
828 622 1012 674 pacem
1031 608 1151 663 sine
1178 610 1318 664 bello
1336 652 1353 676 ,
1383 614 1526 681 quod
1565 615 1664 667 im-

146 688 380 755 possibile
404 698 510 751 est,
542 699 638 744 aut
669 694 715 746 si
748 703 923 762 potest
951 697 1084 759 fieri,
1117 699 1359 754 ostende.

201 777 375 833 XXIV.
415 778 498 832 Ad
529 781 645 835 haec
676 782 870 839 Petrus
895 806 908 839 :
934 786 1204 843 Attentius
1226 792 1432 855 audite,
1465 808 1499 847 ο
1526 793 1660 860 viri,

142 880 245 934 quae
286 866 537 922 dicimus.
594 868 869 927 Ponamus
917 877 1175 930 mundum
1222 879 1366 934 hunc
1413 896 1658 951 campum

140 969 243 1009 esse
286 956 515 1025 aliquem
562 974 854 1028 magnum,
881 971 935 1017 ct
976 980 1040 1018 ex
1081 968 1289 1022 duabus
1319 970 1657 1036 civitatibus,

140 1058 344 1112 quarum
391 1061 547 1114 reges
597 1048 708 1101 sibi
755 1050 980 1105 invicem
1011 1056 1118 1107 sint
1144 1059 1430 1120 contrarii,
1462 1061 1657 1115 missos

137 1146 240 1186 esse
279 1133 520 1201 singulos
550 1136 620 1188 ad
646 1137 1008 1194 dimicandum
1043 1143 1209 1200 duces
1228 1188 1242 1210 ,
1272 1154 1325 1201 et
1356 1149 1503 1202 illum
1535 1153 1657 1219 qui-

137 1220 239 1273 dem
268 1221 389 1274 boni
421 1224 566 1292 regis
593 1225 789 1280 ducem
835 1230 1122 1284 consilium
1150 1233 1300 1298 dare,
1335 1245 1394 1289 ut
1435 1246 1658 1308 uterque

135 1308 383 1362 exercitus
411 1311 620 1378 absque
646 1316 933 1381 sanguinis
956 1319 1265 1385 profusione
1285 1360 1300 1384 ,
1326 1326 1563 1379 melioris
1602 1328 1655 1380 in

135 1396 258 1465 regis
277 1397 398 1464 jura
429 1400 730 1465 concedat,
761 1418 869 1472 quo
898 1407 1015 1459 sine
1038 1408 1277 1475 periculo
1305 1424 1492 1465 omnes
1521 1414 1653 1466 salvi

136 1485 264 1550 fiant,
292 1480 439 1541 illum
470 1505 602 1544 vero
633 1494 968 1547 contrarium
999 1497 1177 1552 dicere
1202 1519 1215 1553 :
1247 1499 1388 1566 Non,
1418 1503 1511 1557 sed
1551 1518 1653 1571 pu-

134 1582 321 1675 gnetur,
348 1584 406 1629 ut
434 1592 545 1675 non
576 1581 893 1675 qui-dignus
919 1593 1002 1639 est
1022 1625 1036 1647 ,
1077 1588 1170 1641 sed
1197 1590 1287 1657 qui
1306 1590 1503 1675 λοι-εἰοι-
1540 1593 1654 1660 ipse

135 1676 239 1715 cum
264 1664 342 1718 his
363 1667 454 1734 qui
481 1669 767 1723 evaserint
794 1683 1002 1741 regnet.
1028 1674 1219 1740 Quaeso
1245 1664 1363 1741 vos,
1394 1680 1523 1749 quid
1547 1697 1653 1734 ma-

1765 545 1989 599 ponere,
2025 549 2251 602 quorum
2291 536 2562 588 absolutio
2603 536 2738 590 bene
2772 536 2867 591 tibi
2900 539 3148 593 meditata
3177 550 3293 607 est,

1767 626 1825 671 ut
1858 620 2234 689 ignorantibus
2256 625 2430 677 turbis
2456 624 2689 679 videaris
2706 633 2850 679 recte
2870 626 3067 695 aliquid
3092 628 3294 695 dicere;

1763 709 1855 761 sed
1885 711 2024 778 apud
2064 727 2148 765 me
2177 728 2282 765 non
2315 713 2410 766 tibi
2437 714 2540 767 erit
2560 714 2751 767 horum
2782 715 2952 770 locus.
2976 716 3128 771 Nunc
3146 733 3294 788 ergo,

1760 796 2014 861 quoniam
2063 806 2122 849 ut
2154 799 2237 851 vir
2280 798 2436 853 fortis
2468 801 2735 870 polliceris
2758 841 2774 863 ,
2805 808 2858 856 te
2904 806 3051 857 omni
3097 807 3294 860 volenti

1760 896 2057 951 proponere
2103 901 2522 954 responsurum,
2572 889 2703 941 mihi
2758 889 2971 944 interim
3002 892 3174 960 primo
3202 908 3293 948 re-

1759 971 2035 1039 spondeto.
2061 972 2127 1025 Et
2156 974 2345 1029 Petrus
2369 994 2381 1029 :
2407 974 2656 1039 Paratus,
2692 978 2885 1046 inquit,
2917 995 3056 1041 sum,
3084 988 3292 1034 tantum

1759 1068 1817 1112 ut
1858 1076 1981 1114 cum
2026 1078 2156 1130 pace
2206 1065 2276 1118 sit
2321 1080 2518 1119 sermo.
2553 1065 2688 1118 Tum
2722 1066 2903 1121 Simon
2927 1084 2943 1117 :
2975 1067 3092 1122 Non
3120 1070 3290 1134 vides,

1755 1148 1948 1216 inquit,
1973 1149 2391 1218 imperitissime,
2412 1154 2556 1220 quod
2586 1154 2861 1206 contraria
2891 1157 3005 1224 agis
3035 1159 3292 1225 magistro

1756 1244 1868 1299 tuo,
1886 1252 2070 1306 pacem
2096 1237 2410 1307 deposcens,
2444 1242 2586 1310 quod
2617 1244 2796 1311 utique
2818 1259 2926 1297 non
2950 1248 3197 1300 convenit
3217 1247 3289 1308 ei,

1753 1326 1845 1393 qui
1874 1334 2301 1394 expugnaturum
2331 1343 2389 1381 se
2412 1330 2678 1396 promittit
2706 1331 3098 1399 ignorantiam?
3121 1334 3226 1387 Aut
3243 1335 3292 1387 si

1751 1420 1809 1466 tu
1857 1424 2000 1468 recte
2042 1430 2225 1484 pacem
2254 1416 2322 1469 ab
2364 1418 2702 1471 auditoribus
2746 1420 2959 1487 poscis,
3006 1436 3114 1473 non
3144 1432 3288 1475 recte

1751 1503 2003 1573 magister
2024 1512 2149 1558 tuus
2178 1505 2312 1558 dixit
2337 1521 2349 1555 :
2384 1505 2522 1570 Quia
2551 1523 2651 1559 non
2677 1509 2787 1560 veni
2812 1523 2985 1574 pacem
3009 1511 3206 1563 mittere
3234 1513 3290 1565 in

1752 1604 1978 1659 terram,
2028 1597 2115 1649 sed
2140 1597 2371 1665 gladium
2385 1599 2451 1652 ".
2484 1599 2590 1649 Aut
2617 1599 2758 1651 enim
2790 1606 2845 1652 tu
2877 1600 3012 1653 bene
3043 1601 3199 1660 dicis.
3236 1594 3290 1655 et

1752 1685 1841 1739 ille
1856 1701 1964 1738 non
1993 1687 2144 1748 bene,
2171 1694 2263 1739 aut
2290 1687 2336 1740 si
2364 1687 2618 1756 magister
2634 1694 2761 1742 tuus
2778 1689 2932 1753 bene,
2953 1697 3007 1742 tu
3033 1692 3285 1758 pessime,

134 1752 202 1819 gis
225 1754 521 1822 eligeretis?
553 1756 674 1811 Non
707 1758 895 1814 dubito
922 1764 1080 1832 quin,
1120 1775 1179 1819 ut
1203 1782 1326 1822 cum
1367 1770 1650 1825 incolumi-
1682 1755 1725 1809 Β
1749 1774 1843 1843 qui
1871 1789 1977 1827 non
2006 1775 2318 1829 intellexisti
2348 1752 2620 1829 contraria
2659 1784 2711 1832 te
2746 1752 2987 1846 proferre
3023 1752 3101 1845 ei,
3131 1781 3288 1848 cujus

134 1848 222 1893 tate
241 1844 474 1896 omnium
500 1882 517 1907 ,
548 1847 666 1915 regi
702 1850 912 1902 meliori
944 1866 1135 1906 manus
1156 1853 1431 1910 darentur.
1461 1857 1525 1909 Et
1551 1874 1649 1926 ego

137 1943 259 1983 nunc
276 1946 401 1997 non,
432 1941 493 1987 ut
518 1933 711 1989 Simon
738 1939 832 2000 ait,
856 1940 1004 2006 pacis
1035 1954 1198 1995 causa
1227 1958 1506 1999 assensum
1526 1951 1648 2002 volo

134 2021 435 2074 commodari
484 2023 571 2079 his
616 2041 740 2095 quae
789 2029 926 2081 male
964 2028 1252 2095 dicuntur,
1295 2034 1389 2088 sed
1427 2044 1484 2087 ut
1524 2052 1645 2091 eum

135 2107 289 2174 quiete
312 2116 365 2163 et
391 2112 581 2167 ordine
609 2115 817 2171 veritas
845 2119 1171 2186 requiratur.

188 2196 336 2254 XXV.
362 2200 615 2256 Nonnulli
640 2206 785 2258 enim
818 2207 874 2260 in
900 2209 1321 2277 disputationum
1351 2216 1646 2270 certamine

136 2284 211 2338 ubi
233 2302 458 2344 errorem
491 2309 650 2347 suum
680 2297 954 2351 senserint
979 2299 1246 2354 confutari
1271 2341 1286 2365 ,
1327 2318 1493 2358 causa
1525 2322 1646 2375 per-

133 2373 242 2444 fugii
258 2382 573 2438 conturbare
597 2385 862 2439 continuo
890 2388 1173 2457 incipiunt,
1190 2400 1247 2445 et
1264 2408 1477 2450 movere
1498 2373 1642 2462 lites,

133 2478 189 2516 ne
213 2467 374 2532 palam
421 2469 510 2524 fiat
554 2473 811 2528 omnibus
859 2475 1003 2543 quod
1052 2488 1408 2546 superantur;
1444 2490 1643 2553 etpro-

133 2563 286 2617 pterea
315 2572 410 2625 ego
436 2558 751 2629 frequenter
772 2577 958 2627 exoro,
984 2573 1041 2619 ut
1068 2581 1190 2620 cum
1212 2569 1354 2621 omni
1385 2572 1641 2638 patientia

132 2649 175 2691 et
220 2643 388 2710 quiete
418 2646 613 2717 indago
643 2649 1025 2718 disputationis
1069 2654 1352 2723 habeatur,
1404 2668 1463 2711 ut
1508 2667 1561 2713 et
1594 2662 1641 2715 si

133 2728 249 2785 forte
278 2735 471 2805 aliquid
498 2739 682 2794 minus
710 2749 856 2795 recte
887 2744 1087 2798 dictum
1117 2747 1378 2813 videatur,
1402 2759 1641 2819 repetere

132 2819 232 2874 idet
257 2827 485 2893 apertius
515 2828 679 2883 liceat
698 2833 1004 2900 explanare.
1027 2833 1173 2890 Solet
1198 2839 1341 2892 enim
1370 2839 1636 2896 interdum

132 2910 264 2966 aliter
280 2915 380 2969 dici
408 2919 535 2987 quid
564 2932 617 2975 et
645 2923 805 2976 aliter
831 2924 1045 2988 audiri,
1076 2928 1203 2981 dum
1234 2937 1325 2982 aut
1354 2932 1533 2987 minus
1563 2934 1639 2986 Iu-

130 2998 227 3052 cide
254 3004 534 3073 profertur,
569 3017 664 3063 aut
712 3011 892 3066 minus
922 3012 1207 3083 vigilanter
1236 3018 1551 3085 advertitur,
1581 3030 1634 3075 et

130 3085 187 3137 ob
206 3087 297 3142 hoc
320 3094 578 3161 patienter
607 3098 772 3165 cupio
800 3099 987 3153 haberi
1016 3117 1337 3169 sermonem,
1370 3116 1428 3160 ut
1466 3125 1639 3179 neque

130 3175 362 3247 Subripiat
382 3183 517 3237 alter
545 3187 702 3239 alteri
727 3226 742 3250 ,
774 3204 946 3257 neque
968 3206 1265 3248 sermonem
1299 3196 1527 3252 dicentis
1553 3175 1640 3255 in—

130 3268 449 3333 tempestivus
477 3288 660 3328 sermo
686 3278 1105 3334 contradicentis
1134 3282 1507 3353 interrumpat,
1542 3304 1637 3342 ne-

128 3364 213 3415 que
238 3358 651 3424 reprehendendi
699 3364 935 3419 studium
964 3382 1233 3436 geramus,
1261 3372 1355 3426 sed
1386 3374 1540 3428 liceat
1580 3386 1638 3430 ut

125 3439 217 3492 dixi
240 3481 255 3504 ,
283 3447 458 3503 minus
489 3451 652 3518 plane
679 3451 821 3506 dicta
850 3463 1093 3524 repetere
1112 3497 1127 3521 ,
1157 3467 1217 3512 ut
1245 3463 1638 3519 examinatione

120 3526 391 3615 justissima
431 3538 701 3595 clarescat
746 3543 988 3597 veritatis
1038 3548 1258 3615 agnitio.
1308 3549 1458 3603 Scire
1494 3553 1634 3606 enim

121 3613 369 3710 (habemus,
400 3627 527 3693 quia
557 3630 607 3682 si
631 3629 757 3697 quis
786 3646 817 3684 a
846 3613 1365 3699 veritate'vincatur,
1391 3654 1498 3692 non
1521 3641 1636 3709 ipse

120 3704 325 3793 vincitur
345 3748 361 3772 ,
394 3714 487 3766 sed
519 3715 830 3783 ignorantia
860 3732 977 3786 qua:
1016 3719 1068 3771 in
1105 3721 1221 3788 ipso
1252 3732 1367 3786 est,
1396 3740 1517 3793 qua:
1542 3704 1636 3781 est

116 3786 301 3881 daemon
328 3801 621 3868 pessimus,
655 3819 815 3872 quam
846 3805 935 3873 qui
969 3786 1201 3873 potuerit
1227 3786 1492 3881 ell‘ugare,
1543 3829 1632 3867 sa-

116 3874 225 3935 Iutis
245 3888 437 3956 accipit
462 3894 723 3959 palmam.
753 3893 1088 3962 Propositum
1116 3874 1359 3968 namque
1380 3900 1534 3956 nobis
1552 3913 1633 3956 est

112 3972 344 4032 prodesse
372 3982 718 4038 auditoribus
736 4023 752 4046 ,
806 4000 914 4038 non
945 3994 1002 4065 ut
1030 3989 1167 4042 male
1196 3990 1498 4054 vincamus,
1537 3993 1631 4046 sed

113 4068 161 4108 υῑ
203 4078 295 4130 pro
337 4071 616 4137 agnitione
641 4074 884 4127 veritatis
913 4076 1046 4129 bene
1072 4077 1365 4130 vincamur.
1400 4077 1455 4131 Si
1487 4081 1628 4133 enim

107 4153 324 4211 veritatis
357 4158 696 4230 inquirenda:
712 4166 890 4219 studio
904 4181 1081 4220 sermo
1099 4176 1396 4231 moveatur,
1419 4172 1626 4226 etiamsi

104 4240 219 4326 quid
245 4247 422 4305 minus
452 4253 611 4320 plene
650 4269 748 4322 pro
779 4256 1009 4309 humana
1042 4256 1327 4326 fragilitate
1363 4259 1625 4326 dicemus,

103 4323 228 4384 Deus
255 4350 350 4401 pro
376 4338 639 4396 ineffabili
667 4358 763 4396 sua
796 4345 1052 4407 bonitate,
1083 4323 1149 4399 ea
1183 4362 1301 4416 qure
1329 4349 1526 4404 desunt
1556 4323 1625 4405 la;

101 4420 259 4472 tenter
290 4426 600 4484 auditorum
648 4432 896 4485 sensibus
943 4432 1270 4502 adimplebit.
1319 4434 1509 4493 Justus
1542 4449 1624 4495 est

99 4504 247 4570 enim,
272 4522 323 4566 et
350 4520 655 4573 secundum
688 4521 1110 4590 uniuscujusque
1127 4526 1482 4592 propositum,
1504 4529 1624 4583 aliis

97 4593 296 4655 Quidem
327 4602 382 4655 in
408 4616 666 4677 promptu
696 4608 823 4661 facit
850 4624 968 4663 esse
995 4610 1138 4678 quod
1184 4613 1466 4679 quaeritur,
1504 4618 1624 4670 aliis

96 4692 210 4770 vero
224 4686 514 4747 obscurum
534 4697 727 4759 reddit,
745 4699 904 4750 etiam
926 4699 1066 4767 quod
1082 4700 1256 4767 palam
1276 4704 1502 4770 positum
1520 4716 1622 4762 est.

96 4764 219 4829 Quia
245 4790 373 4847 ergo
404 4783 487 4836 via
510 4784 635 4848 Dei,
658 4787 744 4839 via
777 4788 924 4855 pacis
955 4796 1059 4851 est,
1083 4803 1205 4843 cum
1231 4806 1361 4859 pace
1389 4810 1508 4861 quae
1527 4793 1619 4850 Dei

1749 1871 1801 1916 te
1830 1863 2151 1921 discipulum
2185 1864 2470 1922 proﬁteris.

1814 1980 2023 2036 XXVII.
2052 1981 2131 2035 Ad
2164 1982 2274 2035 hinc
2298 1982 2491 2038 Petrus
2518 2003 2532 2037 :
2558 1984 2739 2055 Neque
2759 1986 2846 2055 qui
2875 1987 3019 2040 misit
3048 2003 3128 2043 me
3151 1991 3287 2044 male

1747 2070 1871 2125 fecit
1898 2072 2130 2141 gladium
2167 2071 2377 2126 mittere
2405 2074 2459 2125 in
2493 2080 2716 2138 terram,
2752 2092 2924 2144 neque
2958 2093 3055 2146 ego
3082 2088 3290 2132 contra-

1744 2161 1825 2213 ria
1856 2161 1904 2214 ei
1938 2175 2035 2228 ago
2056 2198 2072 2223 ,
2120 2161 2423 2215 auditorum
2461 2178 2645 2230 pacem
2671 2168 2971 2233 requirens.
3009 2168 3110 2221 Sed
3143 2177 3199 2222 tu
3232 2179 3287 2223 et

1742 2249 1988 2317 imperite
2017 2255 2070 2302 et
2101 2257 2299 2304 temere
2330 2252 2677 2318 reprehendis
2700 2270 2761 2307 ea
2803 2271 2921 2323 qua!
2952 2272 3060 2309 non
3092 2258 3286 2311 intelli-

1742 2336 1850 2405 gis;
1873 2338 2067 2390 etcnim
2097 2338 2220 2406 quia
2247 2353 2430 2406 pacem
2458 2356 2565 2393 non
2596 2343 2743 2393 venit
2767 2344 2975 2396 mittere
3001 2345 3053 2396 in
3084 2351 3284 2399 terram

1742 2425 2016 2494 magister,
2047 2426 2275 2490 audisti,
2308 2429 2451 2496 quod
2483 2436 2661 2482 autem
2696 2431 2929 2483 dixerit:
2963 2433 3110 2485 Beati
3137 2437 3284 2500 paci-

1741 2514 1849 2582 ﬁci,
1879 2516 2121 2583 quoniam
2141 2517 2241 2583 ipsi
2264 2517 2366 2583 ﬁlii
2394 2517 2489 2571 Dei
2514 2518 2911 2583 vocabuntur",
2936 2537 3041 2574 non
3059 2523 3276 2580 audisti.

1738 2602 1962 2672 Propter
1984 2606 2126 2674 quod
2154 2622 2261 2659 non
2294 2621 2392 2676 ego
2423 2608 2685 2677 magistro
2714 2610 2923 2663 diversa
2953 2613 3153 2675 sentio,
3186 2630 3281 2682 pa-

1738 2707 1852 2747 cem
1870 2696 2217 2763 persuadens,
2240 2712 2396 2765 quam
2416 2698 2502 2751 ille
2526 2684 2861 2753 servantibus
2895 2702 3278 2758 beatitudinem

1738 2786 1935 2852 posuit.
1963 2784 2027 2837 Et
2055 2785 2240 2840 Simon
2270 2788 2344 2839 ait
2372 2803 2383 2837 :
2414 2787 2520 2842 Pro
2550 2791 2807 2859 magistro
2830 2792 3153 2860 respondere
3182 2810 3278 2846 cu-

1736 2874 1909 2941 piens,
1929 2889 1960 2927 ο
1986 2873 2161 2936 Petre,
2183 2877 2351 2930 multo
2378 2893 2501 2931 eum
2534 2880 2748 2947 gravius
2777 2882 3065 2943 accusasti,
3091 2882 3134 2936 si
3155 2898 3277 2935 cum

1736 2963 1849 3033 ipse
1877 2979 1984 3018 non
2013 2967 2219 3019 venerit
2250 2982 2433 3035 pacem
2474 2968 2651 3023 facere
2674 3009 2688 3034 ,
2721 2971 2860 3024 hanc
2913 2972 3033 3025 aliis
3060 2988 3279 3026 servare

1664 3072 1706 3128 α
1739 3055 2068 3122 ρι’ξεοθρθτίι.
2097 3054 2161 3107 Et
2189 3056 2459 3124 quomodo
2501 3059 2638 3112 alius
2667 3058 2756 3112 ille
2789 3060 2907 3127 ejus
2943 3076 3118 3114 sermo
3148 3078 3278 3115 con-

1739 3144 1903 3197 stabit
1922 3158 2078 3211 quem
2106 3144 2429 3210 dixit?Quia
2454 3148 2635 3216 suﬁicit
2662 3150 2935 3217 discipulo,
2961 3160 3015 3202 ut
3053 3153 3120 3204 sit
3144 3153 3277 3205 sicut

1736 3233 1981 3301 magister
2008 3234 2121 3301 ejus
2142 3234 2207 3288 ’⁸.

1804 3351 2033 3406 XXVIII.
2060 3353 2249 3408 Petrus
2267 3356 2329 3409 ad
2355 3356 2466 3409 hate
2490 3376 2503 3409 :
2538 3356 2807 3426 Magister,
2841 3360 3036 3427 inquit,
3063 3368 3271 3423 noster,

1733 3445 1823 3512 qui
1854 3451 1969 3497 erat
1992 3460 2153 3499 verus
2182 3447 2442 3515 propheta
2466 3456 2519 3500 et
2555 3450 2648 3505 sui.
2675 3450 2730 3500 in
2773 3451 3022 3503 omnibus
3046 3467 3270 3514 memor,

1734 3550 1905 3602 neque
1931 3535 2031 3588 sibi
2059 3537 2327 3588 contraria
2350 3537 2560 3590 locutus
2590 3544 2692 3602 est,
2718 3553 2894 3606 neque
2920 3540 3076 3593 nobis
3099 3541 3166 3594 ab
3185 3542 3271 3596 his

1732 3637 1849 3689 qua:
1879 3621 1991 3689 ipse
2017 3623 2235 3690 gerebat
2256 3623 2468 3677 diversa
2493 3625 2785 3679 mandavit.
2817 3626 2969 3690 Quod
2996 3628 3137 3681 enim
3160 3629 3266 3682 ait:

1736 3709 1854 3763 Non
1877 3712 1987 3764 veni
2025 3726 2200 3778 pacem
2227 3706 2429 3766 mittere
2455 3714 2508 3766 in
2552 3724 2743 3767 terram
2764 3755 2778 3778 ,
2821 3717 2910 3768 sed
2941 3717 3192 3784 gladium,
3220 3729 3271 3772 et

1729 3814 1793 3852 ex
1820 3799 1912 3852 hoc
1943 3800 2175 3854 videbitis
2199 3804 2435 3869 separari
2468 3813 2666 3871 patrem
2696 3821 2728 3856 a
2754 3804 2896 3871 ﬁlio,
2925 3806 3091 3872 ﬁlium
3117 3824 3148 3859 a
3173 3823 3269 3874 pa-

1732 3898 1826 3950 tre,
1868 3890 2031 3942 virum
2067 3891 2130 3941 ab
2153 3906 2315 3944 umore
2335 3930 2350 3953 ,
2375 3901 2423 3944 et
2453 3908 2665 3946 uxorem
2708 3910 2740 3945 a
2767 3894 2893 3955 viro,
2925 3904 2973 3946 et
2998 3905 3209 3949 matrem
3233 3915 3266 3950 α

1729 3979 1863 4046 ﬁlia,
1882 3980 2047 4047 ﬁliam
2070 3996 2101 4031 a
2126 3991 2310 4041 matre,
2333 3981 2548 4047 fratrem
2570 4000 2602 4034 a
2626 3983 2811 4050 fratre,
2830 3999 3033 4046 socrum
3058 4001 3089 4036 a
3107 4001 3265 4050 nuru,

1729 4068 1949 4119 amicum
1972 4067 2035 4118 ab
2062 4068 2231 4121 amico
2253 4069 2319 4130 ’9,
2334 4068 2446 4122 haec
2472 4070 2649 4123 omnia
2666 4071 2941 4125 continent
2964 4071 3261 4126 doctrinam

1727 4157 1899 4226 pacis,
1933 4165 1986 4210 et
2009 4157 2277 4226 quomodo
2299 4198 2314 4221 ,
2349 4161 2493 4214 audi.
2526 4160 2681 4214 Initio
2710 4162 3103 4228 praedicationis
3129 4182 3259 4228 suae,

1726 4254 1909 4315 utpote
1938 4247 2029 4315 qui
2060 4247 2188 4299 velit
2230 4263 2419 4301 omnes
2446 4250 2672 4304 invitare
2699 4258 2752 4303 et
2777 4251 3040 4309 adducere
3071 4255 3135 4308 ad
3176 4272 3264 4308 sa-

1725 4335 1922 4395 lutem,
1965 4349 2028 4387 ac
2053 4335 2361 4402 patientiam
2396 4338 2636 4391 laborum
2671 4341 3131 4412 tentationumque
3166 4344 3264 4396 lia-

1657 4403 1949 4473 Dbendam
2003 4422 2281 4485 suaderet,
2334 4439 2600 4494 pauperes
2653 4403 3262 4502 beatiﬁcabat,.eosque

1723 4522 1818 4575 pro
1847 4509 2083 4576 penuria:
2116 4510 2403 4565 tolerantia
2446 4515 2735 4584 adepturos
2762 4534 2883 4573 esse
2911 4523 3261 4588 pollicebatur

1723 4612 1882 4665 regna
1923 4599 2220 4661 ccelorum,
2282 4608 2341 4652 ut
2390 4603 2491 4657 sub
2542 4612 2693 4657 tanta
2743 4622 2837 4674 spe
2889 4612 3260 4677 azquanimitcr

1724 4686 2052 4753 paupertatis
2071 4688 2302 4755 pondus,
2323 4698 2501 4756 spreta
2532 4693 2825 4761 cupiditate
2847 4702 3144 4761 portarent.
3163 4697 3259 4752 Est

1723 4772 1864 4826 enim
1891 4789 2053 4825 unum
2076 4783 2128 4827 et
2160 4775 2449 4828 maximum
2477 4792 2542 4830 ex
2564 4780 3043 4846 perniciosissimis
3071 4800 3259 4850 pecca-

97 4866 210 4911 sum
238 4869 607 4936 requiramus.
636 4873 718 4926 Ad
753 4874 865 4928 ι,ωο
902 4876 946 4928 εί
975 4877 1096 4943 quis
1129 4879 1288 4932 habet
1317 4882 1460 4947 quod
1498 4898 1623 4952 pm_
1713 4862 1808 4925 tis,
1839 4863 2121 4931 cupiditas.
2158 4862 2261 4916 Sed
2281 4872 2333 4917 et
2354 4868 2655 4921 esurientes
2683 4876 2734 4921 et
2764 4869 3009 4923 sitientes
3034 4875 3251 4927 aeternis
3316 4872 3319 4873 ⁷

98 4956 360 5041 aequatur,
394 4958 550 5015 locus
581 4969 696 5027 est;
735 4963 782 5017 si
811 4978 935 5017 vero
958 4965 1138 5019 nullus
1169 4974 1253 5021 est
1282 4970 1376 5036 qui
1408 4987 1622 5041 respon-

95 5029 211 5125 dere
253 5044 400 5111 velit,
451 5064 553 5118 ego
599 5051 780 5105 dicere
830 5050 1103 5120 incipiam,
1148 5063 1201 5107 et
1250 5029 1369 5125 quae
1390 5029 1520 5113 mihi
1551 5062 1619 5115 ab

99 5118 193 5214 alio
220 5142 442 5194 possunt
472 5140 674 5208 objici,
718 5140 833 5209 ipse
878 5118 957 5194 in_
982 5143 1216 5197 medium
1267 5118 1479 5214 prolata
1505 5150 1616 5205 dis-

100 5211 314 5273 solvam.

165 5299 339 5364 XXVI.
392 5315 525 5370 Cum
573 5336 699 5391 ergo
735 5320 920 5376 Petrus
980 5323 1235 5388 cmpisset
1296 5330 1617 5383 continuare

102 5397 384 5484 fermonem
409 5442 425 5467 ,
482 5407 666 5464 Simon
694 5411 985 5479 interrupta
1016 5414 1264 5469 oratione
1291 5418 1409 5484 ejus
1438 5439 1451 5472 :
1485 5419 1612 5483 Cur,

107 5482 263 5545 ""luit
278 5524 296 5550 ,
323 5489 547 5551 festinas
564 5499 677 5568 ipse
706 5501 798 5555 tibi
820 5500 1017 5559 dicere,
1050 5513 1172 5566 quae
1206 5505 1302 5558 tibi
1321 5482 1614 5563 videntur?

166 5588 207 5619 “
239 5593 422 5657 Matth.
458 5622 510 5665 x.
544 5608 628 5662 34.
698 5612 737 5639 "
759 5608 935 5662 Manli.
960 5622 1011 5666 v.
1036 5607 1086 5661 9.
1166 5613 1217 5645 ³³
1236 5614 1421 5674 Matth.
1456 5634 1509 5682 x,
1540 5619 1631 5675 25.

1718 4951 2112 5018 bonisjustitize
2142 4956 2464 5008 saturandos
2486 4972 2606 5009 esse
2632 4958 2914 5026 promisit,
2948 4966 3007 5009 ut
3045 4969 3261 5028 egesta-

1716 5049 1825 5096 tem
1852 5043 2198 5096 tolerabiliter
2226 5042 2481 5107 ferentes,
2501 5047 2634 5098 nihil
2670 5061 2766 5114 pro
2790 5046 2891 5098 hac
2916 5046 3105 5112 injusti
3131 5065 3260 5117 ope-

1716 5130 1794 5185 ris
1822 5132 2153 5184 molirentur.
2176 5131 2401 5187 Mundos
2430 5150 2643 5203 quoque
2672 5133 2837 5187 corde
2866 5133 3121 5188 similiter
3141 5137 3264 5190 bea—

1718 5230 1802 5276 tos
1846 5223 2087 5286 diccbat,
2132 5231 2184 5275 et
2233 5239 2327 5290 per
2355 5225 2456 5277 hoc
2500 5226 2662 5279 Deum
2713 5224 2965 5284 visuros,
3012 5232 3072 5275 ut
3102 5241 3266 5289 unus-

1717 5313 1947 5381 quisque
1958 5312 2039 5365 adi
2047 5311 2175 5381 pisci
2198 5321 2400 5365 tantum
2424 5314 2646 5382 cupiens
2662 5314 2889 5372 bonum,
2909 5313 3270 5380 semetipsum

1718 5415 1748 5453 a
1770 5401 2016 5469 pessimis
2043 5407 2095 5453 et
2121 5399 2339 5468 pollutis
2369 5401 2795 5469 cogitationibus
2821 5397 3157 5463 contineret.

1785 5514 1971 5569 XXIX.
2032 5513 2121 5565 Sic
2162 5526 2287 5580 ergo
2326 5512 2576 5579 magister
2617 5519 2815 5563 noster
2854 5505 3171 5573 discipulos
3218 5506 3284 5558 ad

1713 5624 1754 5655 ¹⁹
1779 5622 1912 5677 Ibid.
1945 5624 2033 5683 54.
2067 5621 2153 5685 55;
2182 5619 2311 5674 Luc.
2340 5630 2432 5681 XII,
2457 5620 2545 5674 55.
