3806 6288
130 256 241 314 ιευδ

1261 247 1819 305 RECOGNiTIONUM
1853 249 1977 304 LIB.
2014 248 2073 301 II.

3146 252 3281 311 {266

128 386 215 426 non
254 364 405 425 facit,
453 361 621 415 multo
670 362 851 428 magis
884 375 981 415 nec
1014 361 1445 418 inconsonantia.
1494 362 1631 428 Quia
1660 366 1701 421 Α
1735 360 1876 430 quod
1920 375 2018 429 pro
2062 360 2358 413 assertione
2414 358 2605 412 horum
2667 361 2948 415 innumera
2993 362 3279 420 verborum

130 472 233 527 ergo
262 452 420 507 multa
453 459 616 512 sunt,
665 464 792 517 quae
817 451 1064 504 videntur
1088 451 1302 519 quidem
1342 453 1637 506 inconsona

130 562 227 600 esse
246 541 529 607 nonnullis,
555 540 759 592 habent
787 546 962 592 tamen
986 539 1329 607 profundiore
1350 543 1557 596 ratione
1581 544 1636 597 in

130 632 397 702 semetipsis
419 630 855 692 consonantiam,
876 630 1015 683 sicut
1046 639 1098 684 et
1128 632 1229 684 alia
1252 648 1369 701 qua:
1393 633 1638 687 videntur

129 725 298 777 habere
339 720 784 781 consonantiam,
834 720 1081 774 discussa
1128 721 1435 787 diligentius
1491 724 1638 778 inve-

128 814 318 865 niuntur
356 809 653 862 inconsona
679 846 694 869 ,
725 808 825 861 hac
855 810 921 862 de
959 824 1123 864 causa
1170 813 1327 865 aliam
1360 829 1467 867 non
1508 822 1638 882 puto

128 901 372 955 rectiorem
402 914 523 954 esse
568 900 714 953 viam
747 899 812 952 ad
850 899 1040 970 horum
1088 901 1406 967 discrimen,
1436 905 1541 957 nisi
1579 913 1638 958 ut

125 988 247 1056 prius
270 1001 682 1055 cognoscamus,
714 988 759 1041 si
787 988 834 1041 is
880 990 970 1057 qui
1000 989 1210 1043 locutus
1236 1001 1319 1044 est
1340 1007 1400 1045 ea
1421 1008 1539 1062 quae
1558 994 1638 1047 vi-

124 1078 293 1131 dentur
326 1077 654 1141 inconsona,
689 1079 947 1147 propheta
975 1082 1063 1135 sit.
1098 1082 1152 1134 Si
1185 1082 1323 1136 enim
1370 1084 1637 1139 invenitur

124 1168 351 1236 propheta
394 1182 515 1222 esse
540 1207 555 1231 ,
588 1170 771 1222 omnia
820 1170 911 1222 illa
936 1186 1055 1239 quae
1085 1172 1329 1227 videntur
1375 1174 1477 1228 sibi
1517 1189 1638 1228 esse

120 1258 391 1322 contraria,
431 1265 652 1313 constat
695 1260 893 1314 habere
922 1264 1364 1324 consonantiam,
1399 1264 1491 1318 sed
1531 1280 1636 1318 non

120 1346 337 1414 intelligi.
363 1346 436 1400 De
465 1348 550 1403 his
576 1364 709 1418 ergo
743 1351 1095 1418 probamenta
1132 1354 1333 1408 rectius
1368 1355 1637 1423 requiren-

121 1444 209 1487 tur.
232 1433 333 1488 Nos
358 1438 499 1490 enim
536 1442 771 1507 apostoli
806 1442 949 1496 illius
980 1445 1072 1511 qui
1120 1459 1218 1497 nos
1249 1446 1428 1510 misit,
1471 1446 1635 1499 verba

118 1539 353 1591 exponere
380 1528 535 1581 missi
564 1545 758 1586 sumus
788 1541 843 1585 et
880 1531 1143 1589 afﬁrmare
1168 1537 1485 1599 sententias,
1512 1551 1636 1605 pro-

119 1615 264 1681 prium
282 1631 403 1670 vero
422 1617 604 1674 dicere
625 1621 829 1691 aliquid
858 1639 967 1679 non
990 1625 1249 1680 habemus
1270 1627 1323 1680 in
1345 1629 1633 1693 mandatis,

118 1703 193 1755 sed
216 1705 490 1761 verborum
521 1709 701 1772 illius,
738 1720 800 1764 ut
828 1713 958 1776 dixi,
996 1715 1202 1783 aperire
1224 1716 1524 1772 veritatem.

175 1790 370 1848 XXXV.
411 1796 477 1849 Et
511 1800 701 1851 Simon
734 1802 807 1853 ait
844 1818 856 1852 :
890 1802 1029 1857 Doce
1058 1820 1184 1873 ergo
1216 1820 1335 1871 nos,
1362 1809 1633 1875 quomodo

120 1887 389 1948 conveniat,
414 1896 473 1940 ut
496 1889 542 1943 is
566 1892 659 1958 qui
686 1892 980 1948 divisiones
1019 1894 1166 1959 facit,
1194 1913 1311 1964 qua:
1340 1899 1632 1955 divisiones

116 1974 282 2029 cadere
316 1977 514 2033 faciant
537 1996 635 2035 eos
658 1984 752 2051 qui
779 1984 1107 2046 dividuntur,
1138 1986 1219 2039 vel
1250 1987 1424 2042 bonus
1451 1990 1632 2044 videa-

120 2072 208 2122 tur.
233 2065 310 2118 vel
349 2067 412 2119 ad
461 2068 750 2124 hominum
790 2073 1013 2126 salutem
1038 2074 1272 2128 venisse.
1317 2075 1380 2128 Et
1404 2076 1628 2133 Petrus:

118 2153 253 2215 Audi,
282 2160 547 2225 quomodo
576 2164 839 2229 magister
884 2171 1068 2218 noster
1105 2180 1260 2219 omne
1298 2183 1541 2237 regnum,
1579 2177 1631 2223 et

120 2256 305 2298 omnem
330 2246 546 2302 domum
576 2250 810 2305 divisam
841 2253 1123 2307 adversum
1156 2257 1518 2325 semetipsam,
1550 2257 1631 2310 di-

120 2334 182 2386 xit
222 2345 355 2392 stare
402 2354 510 2395 non
552 2358 735 2411 posse.
786 2344 897 2398 Hoc
945 2353 1122 2400 autem
1166 2362 1286 2401 cum
1333 2350 1446 2418 ipse
1486 2350 1629 2415 fecit,

119 2422 219 2477 vide
239 2430 499 2494 quomodo
522 2433 589 2486 ad
625 2435 855 2488 salutem
891 2436 1063 2489 cedat.
1100 2436 1157 2490 In
1186 2453 1367 2493 errore
1400 2443 1631 2509 positum

120 2515 277 2568 mundi
315 2532 556 2587 regnum.
604 2525 692 2577 vel
739 2540 1164 2595 unamquamque
1214 2528 1266 2581 in
1309 2545 1374 2584 eo
1414 2531 1631 2586 domum

120 2603 259 2657 verbo
288 2609 520 2667 veritatis
551 2609 765 2677 dividit,
797 2618 981 2683 procul
1013 2617 1177 2671 dubio
1218 2626 1276 2671 ut
1303 2620 1459 2674 cadat
1481 2637 1635 2676 error

120 2701 163 2745 et
180 2698 362 2754 veritas
393 2713 596 2772 regnet.
627 2707 783 2772 Quod
814 2708 859 2762 si
894 2710 1052 2762 alicui
1091 2712 1299 2764 accidat
1338 2713 1540 2777 domui,
1571 2725 1630 2768 ut

119 2795 252 2837 error
293 2787 627 2851 introductus
673 2812 767 2865 per
809 2799 1038 2867 aliquem
1083 2800 1284 2854 dividat
1329 2804 1628 2866 veritatem,

121 2886 223 2925 cum
264 2891 412 2933 errcr
458 2884 779 2948 obtinuerit,
813 2894 1016 2942 certum
1054 2898 1135 2943 est
1178 2892 1453 2947 veritatem
1488 2901 1631 2949 stare

122 2975 212 3016 non
248 2981 418 3035 posse.
470 2973 535 3027 Et
568 2974 796 3030 Simon:
825 2978 929 3033 Sed
987 2982 1250 3035 incertum
1300 2992 1403 3046 est,
1449 2992 1628 3038 utrum
1658 2990 1699 3044 C

124 3051 352 3118 magister
386 3068 564 3116 vester
602 3080 843 3119 errorem
874 3066 1077 3121 dividat
1106 3083 1174 3122 an
1204 3070 1499 3127 veritatem.
1565 3071 1629 3126 Et

122 3133 319 3198 Petrus:
345 3147 489 3204 Istud
516 3154 740 3210 alterius
759 3158 1071 3224 quaestionis
1092 3168 1190 3213 est.
1219 3158 1321 3215 Sed
1351 3162 1396 3216 si
1422 3171 1631 3218 constat

122 3230 242 3294 allud
267 3241 335 3297 te,
367 3241 491 3307 quia
520 3257 684 3299 omne
713 3247 856 3314 quod
900 3248 1132 3303 divisum
1162 3250 1322 3305 fuerit
1347 3253 1507 3318 cadit,
1539 3270 1632 3309 su-

124 3326 276 3379 perest
297 3332 352 3377 ut
373 3332 675 3396 ostendam,
701 3334 746 3387 si
777 3340 985 3388 tantum
1014 3352 1134 3389 cum
1161 3352 1292 3406 pace
1316 3342 1502 3396 audire
1528 3343 1627 3405 vis,

120 3409 242 3497 quod
270 3411 425 3472 Jesus
470 3430 662 3476 noster
692 3439 928 3478 errorem
966 3425 1209 3483 diviserit
1238 3442 1304 3485 ac
1332 3432 1628 3497 resolverit,

120 3489 338 3554 docendo
361 3508 667 3565 veritatem.
1444 3574 1449 3579 ~

176 3584 393 3648 XXXVI.
429 3597 565 3653 Tum
600 3600 786 3654 Simon
814 3619 825 3653 :
850 3602 1064 3668 Omitte,
1105 3606 1300 3676 inquit,
1332 3625 1628 3666 sermonem

118 3676 247 3737 pacis
276 3678 585 3751 frequenter
616 3690 833 3753 iterare,
862 3693 989 3760 quid
1016 3709 1140 3746 vero
1170 3698 1240 3748 sit
1278 3699 1419 3765 quod
1463 3701 1631 3755 sentis

115 3771 194 3813 aut
236 3771 424 3837 credis,
464 3776 701 3832 breviter
746 3794 971 3848 expone.
1021 3782 1084 3834 Et
1132 3782 1322 3840 Petrus
1349 3787 1461 3843 ait:
1492 3788 1631 3853 Quid

114 3854 252 3912 times
304 3864 494 3919 crebro
541 3869 731 3923 audire
772 3870 839 3924 de
885 3873 1054 3939 pace?
1104 3883 1195 3926 aut
1248 3876 1463 3946 ignoras
1505 3880 1631 3948 quia

112 3946 349 4009 perfectio
378 3955 512 4026 legis
538 3975 643 4028 pax
672 3961 794 4014 est?
825 3976 887 4014 ex
916 3964 1151 4030 peccatis
1198 3967 1341 4020 enim
1372 3968 1508 4022 bella
1522 3946 1632 4022 Vna-

111 4045 318 4092 scuntur
343 4051 395 4097 et
420 4050 746 4111 certamina,
780 4051 870 4103 ubi
903 4058 1077 4105 autem
1107 4064 1384 4120 peceatum
1417 4073 1520 4110 non
1554 4059 1628 4121 tit,

106 4135 196 4187 pax
222 4136 301 4181 est
318 4134 510 4189 animm
533 4154 545 4188 :
575 4138 668 4191 ubi
696 4153 824 4192 vero
845 4155 944 4207 pax
972 4150 1072 4204 est,
1100 4141 1155 4194 in
1183 4143 1631 4212 disputationibus

107 4215 315 4295 veritas,
344 4222 397 4275 in
428 4226 688 4294 operibus
738 4226 945 4294 justitia
992 4231 1278 4285 invenitur.
1328 4233 1390 4285 Et
1415 4234 1626 4289 Simon:

113 4297 304 4389 l’ideris
349 4313 481 4365 mihi
523 4330 635 4368 non
686 4331 843 4384 posse
875 4319 1106 4386 profiteri
1149 4323 1289 4389 quod
1334 4325 1518 4380 sentis.
1567 4324 1632 4377 Et

105 4382 324 4448 Petrus:
358 4398 570 4469 Dicam,
619 4420 682 4458 ex
729 4408 951 4460 arbitrio
998 4417 1193 4475 tamen,
1228 4428 1334 4469 non
1380 4421 1486 4475 tuis
1514 4438 1633 4477 ver-

106 4477 252 4532 sutiis
280 4498 527 4546 coactus.
579 4492 752 4560 Cupio
790 4495 932 4547 enim
974 4499 1116 4564 quod
1161 4502 1395 4559 salutare
1424 4516 1475 4560 et
1506 4512 1633 4565 utile

103 4572 179 4617 est
206 4575 460 4633 omnibus
506 4581 702 4635 adduci
749 4583 804 4636 in
849 4587 1113 4651 notitiam,
1143 4597 1196 4643 et
1238 4593 1355 4647 ideo
1395 4600 1634 4664 proferre

103 4666 254 4719 quam
312 4663 638 4725 brevissime
697 4687 803 4724 non
856 4676 1124 4731 morabor.
1178 4678 1324 4736 Unus
1353 4663 1433 4738 est
1469 4686 1630 4753 Deus,

107 4741 345 4819 idemque
386 4760 641 4813 conditor
686 4762 904 4827 mundi,
946 4766 1128 4832 justus
1171 4768 1367 4835 judex.
1414 4782 1466 4827 et
1510 4741 1631 4832 uni:

104 4835 287 4905 cuique
315 4858 414 4910 pro
446 4851 658 4904 actibus
686 4850 799 4905 suis
827 4854 1144 4922 quandoque
1174 4859 1480 4916 restituens.
1516 4866 1631 4921 Jam

108 4936 223 4979 Vero
257 4946 355 4998 pro
398 4942 697 4993 assertione
738 4941 950 5005 borum,
997 4945 1107 4998 scio
1149 4947 1426 5003 innumera
1478 4972 1634 5022 posse

106 5015 382 5072 verborum
410 5027 573 5079 millia
604 5033 942 5085 commoveri.

170 5100 428 5167 XXXVI].
471 5115 536 5168 Et
574 5116 756 5171 Simon
788 5120 895 5174 ait:
930 5121 1090 5174 Miror
1128 5123 1341 5188 quidem
1380 5132 1633 5188 velocita-

108 5197 204 5244 tem
233 5197 433 5269 ingenii
460 5208 559 5272 tui,
590 5224 697 5263 non
726 5217 897 5265 tamen
921 5212 1212 5280 amplector
1238 5231 1472 5274 errorem
1511 5227 1631 5282 fidei

111 5286 236 5373 tuae;
274 5295 568 5359 prudenter
596 5301 737 5354 enim
763 5305 1068 5370 prtevidisti,
1096 5305 1236 5369 ‘IUOd
1280 5308 1376 5362 “bi
1410 5324 1635 5373 (πωπω

112 5370 207 5426 dici
251 5386 450 5447 possit,
489 5396 543 5442 et
575 5392 773 5447 urbane
814 5394 862 5447 id
896 5394 1047 5450 etiam
1093 5392 1209 5459 ipse
1236 5398 1517 5461 professus
1552 5425 1610 5462 es

191 5552 229 5581 ³⁸
268 5556 396 5613 Ceu.
454 5580 534 5627 ιιι,
584 5565 633 5617 ὃ.

1733 447 1900 499 millia
1929 446 2318 509 movebuntur;
2358 445 2489 498 nulli
2518 444 2660 499 enim
2697 443 2987 498 concordat
3015 446 3281 524 professio

1744 534 1864 589 fidei
1910 542 2034 588 tum.
2081 534 2318 603 Denique
2363 534 2507 604 quod
2540 550 2680 589 unus
2710 535 2782 588 sit
2815 534 2979 597 Dens,
3012 536 3169 603 cujus
3211 538 3280 592 sit

1731 639 1866 691 opus
1916 623 2168 687 mundus,
2219 623 2321 676 hoc
2365 624 2596 692 primum
2651 624 2771 692 quis
2827 624 3091 693 recipiat?
3146 633 3279 695 puto

1734 712 1858 780 quia
1904 728 2077 780 neque
2104 727 2432 781 paganorum
2462 714 2768 783 quisquam,
2805 714 3051 782 quamvis
3090 714 3179 770 ille
3205 716 3278 770 sit

1734 801 1921 862 idiota,
1962 802 2396 870 philosophorum
2439 812 2616 856 autem
2663 804 2883 857 omnino
2931 806 3133 865 nullus.
3179 803 3272 859 sed

1733 904 1831 943 nec
1858 889 2161 944 Judzcorum
2192 892 2404 960 quidem
2448 893 2885 962 imperitissimus
2914 896 3196 965 quisquam
3223 904 3276 950 et

1732 979 2089 1041 miserrimus,
2130 996 2302 1049 neque
2325 997 2421 1051 ego
2459 982 2573 1051 ipse
2600 984 2693 1052 qui
2722 998 2907 1037 eorum
2945 985 3112 1053 legem
3140 985 3275 1041 bene

1734 1067 1880 1121 novi.
1922 1067 1986 1119 Et
2010 1067 2237 1123 Petrus:
2272 1068 2489 1136 Omitte,
2530 1071 2721 1140 inquit,
2764 1073 3044 1141 opiniones
3081 1074 3275 1128 absen-

1733 1157 1901 1220 tium,
1942 1158 2034 1211 tibi
2086 1159 2213 1227 quid
2254 1158 2485 1225 videtur,
2516 1175 2751 1230 praesens
2791 1165 3041 1230 praesenti
3089 1163 3274 1219 dicito.

1733 1244 1867 1300 Tum
1910 1248 2095 1302 Simon
2126 1265 2137 1298 :
2168 1248 2416 1313 Possum,
2448 1250 2650 1320 inquit,
2681 1267 2947 1321 exponere
2976 1254 3124 1322 quod
3156 1268 3277 1308 vere

1732 1337 1927 1401 sentio,
1976 1338 2067 1394 sed
2117 1338 2402 1408 pigriorem
2449 1356 2534 1394 me
2584 1340 2713 1395 facit
2759 1343 2848 1395 illa
2888 1343 3272 1409 consideratio,

1734 1426 1859 1495 quia
1884 1428 1929 1482 si
1955 1427 2161 1495 dixero,
2191 1432 2333 1499 quod
2358 1446 2531 1500 neque
2553 1432 2651 1485 tibi
2679 1433 2750 1486 sit
2780 1448 3077 1488 consonum
3100 1451 3276 1505 neque

1735 1516 1896 1586 vulgo
1942 1518 2067 1572 huic
2114 1520 2361 1588 imperito
2410 1530 2613 1575 rectum
2667 1523 2898 1588 videtur,
2946 1532 3002 1577 tu
3056 1520 3273 1594 quidem

1735 1607 1888 1674 quasi
1944 1607 2388 1677 obstupefactus,
2442 1625 2601 1665 aures
2654 1614 2911 1668 continuo
2974 1615 3274 1671 obcludens

1736 1695 1878 1749 velut
1910 1712 1975 1750 ne
2005 1697 2333 1766 blasphemia
2364 1700 2689 1769 polluantur,
2727 1704 2949 1758 verteris
2984 1706 3039 1758 in
3070 1706 3271 1775 fugam,

1732 1785 1856 1854 quia
1887 1786 2029 1854 quod
2056 1789 2380 1857 respondeas
2409 1805 2516 1843 non
2546 1791 2809 1857 invenies,
2839 1796 3067 1862 populus
3098 1803 3271 1849 autem

1739 1874 2126 1931 irrationabilis
2163 1886 2469 1935 assentatus
2513 1881 2631 1946 tibi,
2661 1890 2712 1936 te
2740 1884 2952 1951 quidem
2988 1886 3277 1954 amplecte-

1732 1968 1840 2026 tur,
1880 1967 2033 2033 quasi
2076 1983 2138 2021 ea
2169 1968 2447 2023 docentem
2492 1987 2609 2039 quae
2658 1972 2710 2025 in
2745 1989 2846 2027 usu
2893 1976 2969 2029 eis
3002 1983 3151 2039 sunt,
3184 1991 3269 2030 me

1731 2066 1858 2105 vero
1886 2056 2332 2120 exsecrabuntur,
2366 2057 2529 2110 veluti
2560 2073 2697 2111 nova
2728 2059 2966 2128 quaedam
3003 2070 3161 2131 atque
3189 2064 3270 2116 in-

1732 2142 1913 2195 audita
1938 2143 2296 2211 profitentem,
2328 2163 2612 2214 meumque
2639 2164 2875 2204 errorem
2906 2152 3094 2207 alienis
3124 2168 3273 2207 men-

1734 2230 1880 2283 tibus
1911 2226 2249 2287 inferentem.

1808 2316 2087 2375 XXXVIII.
2130 2320 2263 2374 Tum
2292 2321 2516 2378 Petrus:
2541 2322 2793 2393 Nunquid
2836 2341 2943 2379 non
2974 2337 3051 2393 tu,
3083 2328 3137 2382 in
3165 2346 3272 2399 quo

1731 2422 1829 2461 nos
1860 2410 2172 2473 accusabas,
2204 2409 2318 2479 ipse
2346 2413 2656 2482 ambagibus
2688 2415 2874 2483 uteris,
2906 2418 3039 2471 nihil
3069 2419 3273 2476 habens

1732 2499 1873 2567 quod
1905 2498 2097 2555 afferas
2124 2502 2408 2555 veritatis?
2444 2510 2534 2554 aut
2561 2502 2607 2557 si
2636 2503 2823 2567 babes,
2856 2505 3031 2575 incipe
3067 2510 3272 2579 absque

1732 2589 2163 2655 circuitionibus,
2213 2592 2259 2647 si
2307 2602 2511 2646 tantum
2556 2594 2784 2650 confidis
2817 2615 2829 2650 :
2863 2605 2917 2651 et
2962 2600 3009 2653 si
3056 2601 3271 2668 quidem

1732 2694 1841 2733 non
1872 2681 2173 2748 placuerint
2202 2681 2363 2735 alicui
2405 2684 2707 2737 auditorum
2737 2702 2854 2755 qua
2880 2688 3036 2753 dicis,
3079 2691 3270 2747 absce-

1731 2768 1841 2833 det,
1878 2769 1969 2838 qui
2000 2785 2128 2824 vero
2155 2772 2568 2839 permanserint,
2598 2784 2857 2843 cogentur
2883 2778 3270 2835 assertionibus

1735 2857 1846 2913 tuis
1893 2859 2119 2927 probare
2164 2860 2306 2929 quod
2336 2876 2519 2915 verum
2564 2874 2669 2916 est.
2710 2862 2886 2933 Incipe
2941 2867 3102 2935 igitur
3127 2872 3271 2938 quod

1733 2945 1829 2999 tibi
1866 2956 2072 3000 rectum
2112 2948 2345 3012 videtur,
2388 2965 2674 3019 exponere.
2715 2952 2780 3006 Et
2812 2954 2996 3009 Simon
3023 2957 3135 3010 ait:
3163 2959 3272 3030 Ego

1731 3036 1855 3088 dico
1900 3037 2100 3091 multos
2142 3054 2262 3092 esse
2291 3039 2443 3102 deos,
2473 3056 2635 3094 unum
2672 3049 2847 3098 tamen
2894 3060 3015 3101 esse
3067 3048 3272 3103 incom-

1730 3123 2143 3191 prehensibilem
2177 3133 2340 3193 atque
2367 3127 2620 3181 omnibus
2666 3130 3018 3198 incognitum,
3048 3133 3269 3189 horum-

1728 3227 1832 3281 que
1884 3215 2125 3268 omnium
2173 3214 2394 3270 deorum
2428 3215 2613 3270 Deum.
2659 3218 2793 3272 Tum
2826 3219 3017 3278 Petrus
3048 3243 3061 3278 ε
3092 3223 3269 3287 Hunc,

1731 3302 1933 3370 inquit,
1966 3321 2125 3374 quem
2151 3306 2287 3360 dicis
2315 3320 2435 3359 esse
2482 3308 3074 3377 incomprehensibilem
3107 3323 3160 3369 et
3186 3315 3271 3369 in-

1729 3395 2001 3463 cog-uitam
2032 3396 2282 3449 omnibus
2310 3394 2496 3455 Deum,
2519 3410 2587 3449 ex
2624 3396 2920 3467 Scripturis
2953 3401 3263 3457 Judawruin

1729 3496 1847 3547 quae
1879 3482 1932 3533 in
1960 3484 2279 3535 auctoritate
2306 3482 2591 3546 habentur,
2627 3488 2853 3553 probare
2876 3496 3047 3557 potes,
3098 3508 3163 3544 an
3203 3509 3264 3547 ex

1730 3568 1850 3621 aliis
1874 3569 2162 3637 aliquibus,
2189 3587 2323 3640 quas
2340 3588 2525 3629 omnes
2547 3576 2878 3646 ignoramus,
2898 3592 2962 3630 an
2985 3594 3050 3632 ex
3068 3578 3268 3635 Graecis

1730 3657 2061 3719 auctoribus,
2109 3674 2177 3712 an
2224 3676 2287 3714 ex
2331 3664 2439 3717 tuis
2483 3666 2769 3733 scripturis
2813 3669 3085 3734 propriis?
3113 3669 3269 3724 Certe

1728 3760 1794 3797 ex
1818 3745 2225 3816 quibuscunque
2251 3751 2357 3811 vis,
2393 3753 2582 3816 dicito,
2612 3754 2683 3805 ita
2719 3761 2896 3808 tamen
2935 3765 2987 3807 ut
3018 3760 3268 3815 ostendas

1728 3848 1821 3887 eas
1843 3834 1991 3901 prius
2017 3850 2137 3891 esse
2168 3841 2535 3908 propheticas;
2578 3844 2650 3897 ita
2682 3844 2823 3897 enim
2854 3845 2962 3910 fiet,
2998 3856 3056 3900 ut
3084 3863 3269 3903 earum

1731 3922 2033 3977 indubitata
2073 3926 2333 3983 habeatur
2364 3939 2675 3993 auctoritas.

1802 4010 2037 4069 XXXIX.
2081 4017 2143 4071 Et
2184 4019 2365 4077 Simon
2405 4027 2515 4078 ait:
2547 4028 2623 4083 Ex
2664 4031 2777 4099 legc
2802 4031 3107 4088 Judaaorum
3154 4037 3269 4092 sola

1738 4102 2067 4160 assertiones
2112 4108 2391 4167 adhibebo.
2424 4114 2683 4172 Omnibus
2712 4122 2852 4174 enim
2880 4123 2972 4191 qui
2999 4126 3269 4195 religionis

1730 4205 1913 4246 curam
1950 4206 2159 4263 gerunt,
2197 4202 2535 4258 manifestum
2571 4216 2652 4262 est
2684 4212 2848 4265 totius
2879 4227 2999 4266 esse
3036 4217 3270 4269 auctori-

1662 4300 1709 4360 D
1734 4282 1859 4335 tatis
1889 4282 2027 4337 hanc
2059 4285 2248 4354 legem,
2284 4306 2716 4366 unumquemque
2758 4310 2933 4356 tamen
2973 4306 3267 4361 secundum

1732 4374 2006 4441 proprium
2052 4391 2269 4431 sensum
2312 4382 2714 4452 intelligentiam
2766 4393 2895 4461 legis
2932 4393 3091 4461 hujus
3128 4398 3271 4450 acci-

1732 4475 1875 4530 pere.
1906 4463 1981 4515 Ita
2009 4465 2148 4518 enim
2181 4466 2249 4519 ab
2269 4483 2333 4522 eo
2356 4473 2446 4539 qui
2480 4477 2735 4529 mundum
2769 4480 3028 4540 condidit.
3063 4486 3265 4553 scripta

1732 4555 1834 4614 est,
1865 4556 1921 4601 ut
1967 4550 2023 4603 in
2072 4552 2187 4621 ipsa
2232 4570 2409 4611 rerum
2456 4560 2590 4616 fides
2635 4566 2909 4621 habeatur.
2961 4566 3114 4623 Unde
3155 4550 3266 4626 sive

1738 4638 1868 4705 quis
1900 4654 2046 4702 vera,
2097 4642 2208 4696 sive
2240 4645 2398 4699 etiam
2441 4647 2572 4703 falsa
2613 4654 2854 4720 proferre
2880 4657 3023 4720 velit,
3066 4660 3267 4729 absque

1734 4727 1833 4780 hac
1884 4729 1997 4792 lege
2053 4730 2195 4785 nulla
2254 4735 2544 4804 recipietur
2599 4745 2847 4799 assertio.
2909 4744 3043 4809 Quia
3102 4727 3267 4818 igitur

1733 4817 1958 4869 scientia
1987 4832 2103 4871 mea
2129 4820 2439 4888 plenissime
2468 4843 2589 4880 cum
2626 4831 2739 4899 lege
2771 4833 3082 4901 concordat,
3116 4817 3262 4892 recte

1736 4905 1931 4959 multos
1966 4921 2085 4960 esse
2125 4913 2461 4976 pronuntiavi
2508 4916 2665 4981 deos,
2717 4937 2942 4989 quorum
2993 4939 3135 4980 unus
3183 4938 3266 4981 est

1731 4992 2051 5049 eminentior
2077 5005 2130 5050 et
2155 4997 2729 5071 incomprehensibilis,
2762 5011 2877 5078 ipse
2902 5011 2995 5079 qui
3018 5023 3103 5066 est
3126 5013 3265 5069 Deus

1733 5076 1971 5133 deorum.
2036 5080 2186 5145 Quod
2250 5093 2426 5140 autem
2500 5094 2650 5147 multi
2692 5076 2799 5151 sint
2839 5076 2942 5159 dii,
3002 5098 3119 5167 ipsa
3182 5120 3267 5158 me

1733 5163 1942 5219 edocuit
1971 5168 2073 5221 lex.
2110 5169 2289 5225 Primo
2315 5176 2531 5244 quidem
2564 5181 2651 5235 ubi
2686 5199 2747 5237 ex
2779 5200 3009 5254 persona
3039 5203 3265 5258 serpen-

1733 5254 1803 5306 tis
1829 5256 2024 5309 dicitur
2051 5260 2113 5312 ad
2147 5260 2331 5327 Evam,
2362 5268 2584 5333 primam
2609 5273 2887 5326 mulierem
2916 5288 2929 5323 :
2955 5273 3271 5348 Quacunque

1738 5340 1819 5395 die
1844 5346 2270 5405 manducaveritis
2313 5353 2375 5406 de
2398 5355 2535 5424 ligno
2564 5360 2763 5413 sciendi
2783 5359 2973 5413 bonum
3001 5373 3051 5415 et
3075 5368 3271 5419 malum

1735 5433 1876 5487 erilis
1904 5438 2034 5489 sicut
2065 5438 2136 5490 dii
2166 5439 2227 5503 ³⁸,
2259 5441 2354 5497 hoc
2380 5456 2481 5508 est,
2515 5451 2650 5503 sicut
2679 5451 2731 5503 hi
2756 5450 2859 5518 qui.
2884 5450 3164 5508 hominem
3195 5455 3273 5509 fc-
