3872 6380
559 284 697 340 ηδτ
1421 252 1459 340 s
1514 284 1909 340 CLEMENTIS
1942 284 1960 337 ι
1994 282 2139 339 nou

553 412 699 455 cere.
744 397 939 456 Postea
972 402 1118 456 enim
1165 413 1327 469 quam
1378 406 1666 468 gustavere
1703 398 1769 454 de
1802 399 1974 469 ligno,
2019 397 2136 469 ipse

553 488 701 547 Deus
730 498 963 548 testatur
988 492 1178 546 dicens
1207 489 1273 543 ad
1305 490 1548 560 reliquos
1578 490 1711 545 deos
1747 506 1763 542 :
1809 489 1938 543 Ecce
1962 488 2134 542 Adam

542 566 725 654 lfactus
762 594 838 638 est
883 584 1018 636 sicut
1056 600 1189 635 imus
1234 597 1298 635 ex
1328 580 1477 635 nobis
1511 583 1574 636 ³⁵.
1615 580 1707 636 Sic
1740 598 1871 651 ergo
1917 588 2136 635 constat

549 675 753 729 multos
797 689 917 728 esse
968 673 1099 729 deos
1141 674 1234 742 qui
1290 673 1565 727 hominem
1616 672 1881 733 fecerint,
1920 673 2046 741 quia
2082 679 2137 725 et

549 766 709 821 initio
752 770 824 820 ita
878 766 1013 819 dicit
1044 764 1188 819 Deus
1237 764 1305 819 ad
1358 772 1591 819 caeteros
1642 763 1775 817 deos
1803 778 1814 813 :
1845 762 2135 815 Faciamus

547 860 804 915 hominem
837 858 907 911 ad
943 860 1225 927 imaginem
1263 866 1310 910 et
1350 856 1758 910 similitudinem
1803 865 2042 908 nostram
2065 855 2131 909 ⁸⁸.

549 951 655 1007 Sed
689 960 739 1004 et
772 950 917 1020 quod
946 951 1022 1002 ait
1050 970 1060 1004 ε
1092 948 1386 1018 Ejiciamus
1414 966 1532 1002 eum
1554 949 1595 981 ⁸¹
1628 948 1765 1019 (75).
1798 948 1863 1001 Ει
1891 949 2089 1001 iterum
2118 964 2130 999 :

558 1041 743 1095 Venire
793 1039 1162 1094 descendentes
1193 1040 1589 1109 confundamus
1625 1038 1833 1109 linguas
1863 1055 2045 1092 eorum
2065 1037 2132 1091 δ’.

543 1130 736 1186 Omnia
770 1132 883 1185 haec
912 1131 1114 1185 multos
1140 1146 1264 1186 esse
1287 1125 1553 1185 indicant
1581 1130 1734 1185 deos.
1773 1128 1880 1184 Sed
1910 1138 1964 1185 et
1996 1129 2134 1183 illud

541 1222 810 1293 scriptum
843 1230 929 1277 est
958 1242 970 1276 :
1004 1222 1143 1277 Deos
1174 1240 1278 1276 non
1309 1221 1615 1288 maledices,
1647 1233 1697 1277 et
1726 1224 2014 1292 principem
2041 1239 2136 1291 po-

537 1314 652 1382 puli
681 1315 757 1367 tui
789 1330 891 1368 non
918 1314 1194 1369 maledices
1219 1314 1285 1369 “.
1322 1313 1390 1369 Et
1417 1330 1637 1370 rursum
1673 1315 1821 1385 quod
1865 1316 2134 1385 scriptum

539 1408 939 1463 estzDominus
982 1407 1125 1461 solus
1168 1408 1391 1463 ducebat
1420 1423 1557 1470 .cos,
1600 1415 1649 1461 et
1693 1422 1796 1458 non
1834 1415 1950 1458 erat
1992 1421 2114 1458 cum

546 1498 659 1555 illis
687 1500 825 1557 Deus
855 1501 1056 1556 alienus
1079 1502 1144 1565 “,
1175 1502 1374 1555 multos
1399 1515 1520 1555 esse
1546 1498 1780 1554 ostendit
1804 1498 1954 1552 deos.
1985 1498 2124 1555 Sunt

539 1599 596 1643 et
627 1588 732 1642 alia
767 1589 1000 1659 plurima
1031 1605 1152 1659 qua:
1182 1588 1415 1659 proferri
1448 1600 1682 1660 possunt
1714 1606 1780 1645 ex
1814 1590 1928 1661 lege
1977 1592 2135 1646 testi-

542 1682 753 1746 monia,
796 1697 902 1734 non
940 1681 1117 1737 solum
1165 1682 1519 1745 obscuriora,
1569 1683 1665 1739 sed
1713 1691 1767 1739 et
1814 1683 2129 1748 manifesta,

538 1773 738 1843 quibus
778 1773 937 1827 multi
982 1788 1104 1828 esse
1136 1773 1436 1828 doceantur
1466 1773 1563 1831 dii.
1613 1773 1689 1827 Ex
1729 1774 1930 1844 quibus
1961 1791 2124 1839 unus,

538 1868 598 1917 ut
624 1861 937 1917 Iudaeorum
968 1864 1174 1934 popqu
1205 1862 1350 1919 Deus
1380 1872 1549 1929 esset,
1583 1874 1733 1919 sorte
1778 1866 1987 1920 electus
2018 1873 2122 1921 est.

536 1951 653 2023 Ego
684 1962 869 2009 autem
915 1970 1023 2008 non
1055 1955 1199 2009 hunc
1249 1971 1459 2019 assero,
1494 1955 1589 2011 sed
1632 1956 1783 2009 illum
1831 1957 1924 2026 qui
1962 1958 2125 2011 etiam

532 2045 702 2115 hujus
734 2045 878 2101 Deus
911 2057 1018 2113 est,
1050 2065 1210 2120 quem
1260 2064 1360 2103 nec
1410 2049 1514 2118 ipsi
1555 2049 1777 2119 quidem
1807 2048 1980 2104 Judaei
2025 2065 2125 2104 no-

532 2146 682 2194 runt.
743 2138 928 2209 Neque
972 2141 1116 2193 enim
1168 2141 1411 2210 ipsorum
1458 2148 1543 2197 est
1567 2140 1733 2206 Deus,
1786 2142 1881 2197 sed
1931 2158 2125 2198 eorum

538 2233 632 2301 qui
668 2233 991 2303 agnoverint
1016 2248 1161 2287 eum.

612 2323 725 2379 XL.
769 2324 866 2377 His
915 2324 1120 2378 auditis
1143 2324 1336 2379 Petrus
1382 2345 1396 2380 :
1432 2325 1600 2391 Nihil,
1652 2326 1852 2397 inquit,
1884 2328 2124 2385 verearis

536 2411 759 2481 Simon;
795 2430 924 2469 ecce
966 2415 1114 2469 enim
1154 2431 1332 2485 neque
1375 2432 1538 2474 aures
1576 2419 1917 2485 clausimus;
1947 2435 2124 2490 neque

534 2503 795 2577 fugimus,
842 2506 937 2562 sed
972 2506 1039 2560 ad
1070 2522 1132 2560 ea
1166 2522 1285 2575 quae
1317 2508 1458 2563 falso
1495 2518 1825 2579 prosecutus
1863 2525 1944 2574 es,
1978 2510 2123 2565 veri-

533 2597 666 2652 tatis
714 2599 1061 2654 sermonibus
1108 2600 1539 2669 respondcmus,
1586 2602 1721 2656 illud
1752 2603 1930 2671 primo
1971 2617 2123 2657 asse-

532 2699 738 2755 rentes,
785 2692 915 2762 quia
966 2708 1111 2746 unus
1166 2702 1251 2747 est
1291 2692 1455 2755 Deus,
1508 2693 1597 2747 hic
1632 2695 1746 2763 ipse
1780 2692 2119 2761 Iudaeorum,

531 2784 625 2853 qui
668 2793 753 2838 est
804 2785 955 2840 solus
989 2784 1154 2848 Deus,
1192 2786 1315 2839 cmli
1357 2794 1574 2840 creator
1617 2802 1680 2840 ac
1727 2796 1907 2849 terrm,
1944 2787 2036 2856 qui
2065 2795 2121 2841 et

529 2874 773 2928 omnium
806 2876 971 2930 etiam
999 2893 1138 2945 quos
1171 2876 1310 2930 dicis
1340 2878 1566 2931 deorum
1593 2878 1736 2933 Deus
1768 2886 1873 2934 est.
1903 2878 1960 2932 Si
1990 2893 2121 2949 ergo

530 2965 827 3020 ostendero
858 2968 1071 3021 nullum
1104 2984 1227 3023 esse
1283 2969 1386 3023 hoc
1416 2970 1777 3040 superiorem,
1813 2970 1907 3024 sed
1940 2970 2120 3040 ipsum

533 3067 656 3108 esse
702 3070 867 3123 super
911 3055 1116 3120 omnia,
1171 3055 1429 3111 fateberis
1483 3071 1724 3111 errorem
1782 3065 1937 3109 tuum
1997 3070 2121 3110 esse

532 3160 700 3213 super
757 3147 961 3199 omnia.
1030 3147 1094 3199 Et
1143 3146 1333 3201 Simon
1384 3168 1395 3201 :
1459 3145 1602 3212 Quid
1662 3148 1851 3212 enim,
1905 3147 2115 3217 inquit,

528 3236 745 3292 etiamsi
788 3254 888 3307 ego
932 3239 1099 3292 nolim
1145 3239 1324 3302 fateri,
1353 3239 1445 3308 qui
1492 3239 1761 3293 assistunt
1808 3238 2113 3302 auditores,

531 3344 711 3383 nonne
733 3338 960 3399 arguent
985 3347 1069 3384 me
1088 3331 1358 3384 uolentem
1378 3345 1497 3399 qua:
1528 3345 1653 3383 vera
1673 3337 1801 3384 sunt
1832 3329 2073 3399 proﬁteri
2094 3329 2119 3382 ‘l

603 3420 737 3475 XLI.
777 3422 1043 3477 Ausculta
1086 3438 1237 3493 ergo,
1276 3422 1352 3476 ait
1377 3422 1595 3486 Petrus.
1637 3430 1696 3477 ut
1730 3423 1874 3477 scias
1907 3424 2110 3494 primo,

623 3557 668 3589 "
704 3556 837 3611 Ibid.
898 3555 987 3611 22.
1090 3558 1138 3590 ⁸⁸
1176 3556 1314 3614 Gen.
1380 3575 1417 3619 ι,
1469 3558 1559 3613 26.
1637 3558 1679 3590 “
1720 3558 1856 3615 Gen.
1900 3576 1978 3619 ιιι.
2032 3561 2124 3616 22.

530 3626 618 3682 12.
726 3628 772 3658 ⁸³
813 3626 966 3681 Deut.
998 3645 1051 3689 ι,
1083 3628 1167 3683 l7.
1266 3629 1311 3660 "
1343 3628 1517 3683 Exod.
1550 3644 1646 3691 vn,
1685 3629 1735 3683 l.
1849 3631 1892 3661 ⁸⁷

2148 328 2160 340 .
2198 255 2397 343 mur.
2434 283 2663 341 orsus
2699 285 2922 342 unum.

3627 308 3722 363 1268

2164 407 2209 463 Α
2244 402 2392 472 quod
2441 404 2609 458 etiam
2651 403 2695 457 si
2735 403 2896 458 multi
2936 414 3064 459 sunt
3098 404 3194 471 dii,
3225 416 3282 463 ut
3307 408 3454 478 dicis,
3481 414 3723 485 Judaeum.“

2240 493 2352 548 Deo
2395 494 2601 549 subditi
2641 505 2803 559 sunt,
2854 496 2943 549 cui
2995 512 3170 566 neque
3213 504 3423 569 aequalis
3466 511 3723 583 quisquam,

2239 598 2417 653 neque
2454 585 2630 654 major
2664 600 2785 639 esse
2816 594 3029 653 potest;
3066 587 3321 656 scriptum
3350 602 3427 647 est
3448 598 3592 661 enim,
3618 608 3728 673 quod

2240 674 2318 727 ita
2357 674 2507 728 dicat
2570 674 2635 726 ad
2678 673 2895 730 Judaaos
2941 674 3154 745 Moyses
3196 680 3487 749 propheta:
3526 686 3729 751 Dominus

2238 765 2379 820 Deus
2408 776 2576 820 vester
2597 766 2681 820 hic
2711 778 2788 820 est
2813 767 2955 821 Deus
2983 768 3219 833 deorum,
3264 784 3310 825 et
3353 773 3577 834 Dominus
3600 781 3730 840 domi.

2238 872 2450 920 norum,
2480 856 2621 910 Deus
2658 873 2883 926 magnus
2906 858 2973 912 ".
3009 856 3087 911 lta
3124 860 3333 915 etiamsi
3363 865 3503 920 multi
3541 880 3727 945 suntqui

2236 948 2501 1002 dicuntur
2545 946 2645 1011 dii,
2679 962 2824 1002 unus
2856 956 2941 1003 est
2982 956 3165 1004 tamen
3219 953 3447 1008 omnium
3484 955 3731 1020 Iudaeorum

2236 1039 2404 1103 Deus,
2434 1041 2529 1111 qui
2559 1050 2615 1095 et
2645 1040 2872 1096 deorum
2902 1040 3048 1096 Deus
3074 1042 3255 1099 dictus
3290 1054 3389 1102 est.
3427 1046 3585 1119 Neque
3619 1058 3730 1112 enim

2236 1132 2553 1202 quicunque
2600 1133 2784 1188 dictus
2833 1132 2999 1188 fuerit
3044 1132 3210 1196 Deus,
3250 1139 3491 1193 continuo
3516 1140 3632 1200 Delus
3652 1159 3727 1204 est.

2238 1222 2486 1292 Denique
2527 1230 2582 1277 et
2623 1222 2838 1293 Moyses
2891 1224 3028 1278 deus
3075 1223 3279 1277 dicitur
3317 1224 3584 1286 Pharaonis
3616 1233 3732 1299 “,et

2236 1324 2448 1370 certum
2478 1326 2561 1372 est
2590 1332 2714 1371 eum
2747 1318 3020 1371 hominem
3053 1316 3243 1373 fuisse.
3277 1318 3339 1372 Et
3362 1321 3551 1389 judices
3574 1327 3632 1380 dii
3657 1344 3729 1399 ap-

2239 1408 2426 1477 pellati
2458 1416 2609 1474 sunt,
2641 1416 2695 1463 et
2725 1415 2942 1462 constat
2972 1424 3068 1463 eos
3100 1409 3271 1466 fuisse
3300 1416 3547 1471 mortales.
3589 1416 3731 1475 Simu-

2235 1497 2385 1551 lacra
2429 1513 2650 1569 quoque
2696 1500 2944 1566 gentium
2993 1499 3068 1554 dii
3110 1503 3459 1572 appellantur,
3497 1515 3542 1561 et
3586 1524 3731 1567 omnes

2236 1588 2465 1654 scimus,
2501 1590 2631 1660 quia
2666 1606 2774 1645 non
2808 1601 2958 1655 sunt,
2998 1593 3095 1647 sed
3123 1594 3306 1664 impiis
3334 1598 3479 1665 quasi
3504 1614 3586 1667 pro
3608 1616 3730 1670 plena

2236 1682 2340 1737 hoc
2387 1682 2577 1737 datum
2620 1689 2737 1744 est,
2771 1690 2831 1736 ut
2859 1684 2987 1752 quia
3025 1700 3221 1738 verum
3265 1684 3425 1739 Deum
3467 1702 3733 1759 cognoscere

2229 1774 2547 1835 noluerunt,
2592 1789 2932 1844 quaecunque
2976 1776 3056 1833 eis
3090 1774 3267 1830 forma
3297 1784 3350 1832 et
3389 1778 3550 1850 imago
3583 1796 3733 1837 oecur-

2228 1864 2415 1928 risset,
2462 1865 2760 1920 haberetur
2808 1865 2876 1919 ab
2906 1866 2987 1919 eis
3031 1864 3199 1921 Deus.
3251 1864 3727 1933 Quoniamllunius,

2228 1965 2288 2011 ut
2309 1956 2444 2021 dixi,
2470 1958 2565 2027 qui
2596 1966 2682 2011 est
2709 1957 2955 2011 omnium
2983 1957 3148 2021 Deus,
3176 1957 3493 2028 agnitionem
3514 1963 3733 2033 suscipere

2229 2054 2581 2113 recusarunt,
2628 2047 2749 2102 ideo
2782 2063 2914 2119 ergo
2953 2048 3279 2103 conceditur
3321 2048 3397 2103 eis
3437 2048 3546 2104 illos
3580 2050 3732 2107 habere

2229 2136 2384 2199 deos,
2435 2136 2529 2206 qui
2573 2145 2835 2207 praestare
2879 2138 3321 2207 supplicantibus
3366 2138 3490 2192 nihil
3534 2152 3729 2209 possunt.

2227 2225 2370 2294 Quid
2394 2229 2540 2283 enim
2584 2237 2678 2281 aut
2708 2229 2962 2283 exanima
3008 2229 3306 2285 simulacra
3336 2228 3564 2285 conferre
3596 2232 3731 2287 homi-

2226 2320 2391 2377 nibus
2417 2328 2624 2391 queant
2651 2329 2745 2375 aut
2776 2322 3105 2388 animantia,
3130 2338 3259 2377 cum
3282 2330 3509 2393 potestas
3540 2327 3731 2380 omnium

2225 2412 2367 2482 apud
2402 2429 2573 2466 unum
2600 2412 2709 2467 sit?

2295 2504 2456 2559 XLII.
2498 2505 2699 2561 Tribus
2746 2506 2914 2577 igitur
2943 2508 3121 2565 modis
3146 2508 3293 2565 Deus
3319 2512 3436 2581 quis
3459 2513 3643 2577 dicitur,
3666 2514 3730 2567 vel

2224 2596 2355 2668 quia
2375 2614 2503 2654 vere
2530 2606 2636 2663 est,
2665 2600 2756 2654 vel
2793 2601 2923 2670 quia
2951 2601 3003 2656 ei
3027 2602 3123 2671 qui
3142 2618 3274 2658 vere
3300 2612 3400 2671 est,
3422 2607 3669 2668 ministrat,
3690 2613 3730 2660 et

2223 2689 2293 2743 ob
2323 2689 2588 2744 honorem
2623 2690 2913 2755 mittentis,
2948 2700 3008 2747 ut
3035 2693 3201 2763 plena
3238 2695 3305 2750 sit
3334 2696 3446 2765 ejus
3471 2699 3727 2752 auctoritas.

2223 2782 2330 2837 hoc
2379 2782 2582 2837 dicitur
2631 2783 2733 2839 iste
2775 2786 2868 2855 qui
2912 2786 3121 2843 missus
3150 2794 3258 2853 est,
3289 2788 3427 2857 quod
3455 2797 3531 2845 est
3566 2789 3640 2844 ille
3658 2787 3732 2858 qui

2222 2872 2395 2939 misit,
2437 2882 2498 2926 ut
2540 2890 2684 2944 srepe
2729 2874 2936 2928 factum
2977 2885 3062 2929 est
3103 2875 3173 2930 de
3215 2878 3437 2946 angelis,
3476 2879 3556 2948 qui
3591 2886 3729 2931 tamen

2234 2980 2362 3019 cum
2388 2966 2745 3035 apparuerint
2774 2965 2983 3020 homini
3004 2966 3076 3033 “,
3104 2968 3153 3022 si
3184 2967 3259 3022 sit
3300 2967 3523 3037 prudens
3557 2978 3603 3025 et
3632 2984 3733 3023 en.-

2146 3097 2190 3155 c
2223 3055 2370 3111 ditus
2398 3057 2503 3120 vir,
2542 3055 2845 3126 interrogat
2887 3055 3012 3125 ejus
3056 3057 3154 3127 qui
3201 3058 3443 3128 apparuit
3480 3073 3660 3121 nomen,
3685 3068 3732 3111 ut

2224 3151 2387 3207 simul
2418 3160 2473 3207 et
2510 3151 2777 3207 honorem
2810 3152 2966 3208 missi
3013 3160 3068 3207 et
3108 3156 3479 3209 auctoritatem
3518 3154 3733 3210 mittentis

2221 3250 2502 3315 agnoscat.
2563 3242 2660 3299 Est
2702 3242 2851 3298 enim
2903 3244 3343 3316 uniuscujusque
3401 3246 3557 3317 gentis
3603 3261 3732 3317 ange-

2224 3338 2312 3391 lus
2348 3335 2483 3408 (74),
2536 3335 2626 3389 cui
2676 3335 2883 3391 credita
2915 3343 3002 3392 est
3031 3338 3215 3408 gentis
3261 3339 3429 3408 ipsius
3455 3340 3730 3408 dispensatio

2221 3442 2251 3480 a
2281 3426 2413 3493 Deo,
2450 3428 2544 3498 qui
2574 3433 2756 3482 tamen
2787 3444 2912 3482 cum
2940 3430 3280 3500 apparuerit,
3306 3430 3540 3500 quamvis
3559 3438 3731 3500 putetur

2220 3563 2263 3595 “
2299 3561 2555 3635 Genrxr,
2591 3565 2641 3618 7.
2714 3564 2762 3597 “
2785 3563 2957 3620 Exod.
3008 3583 3147 3635 xxu,
3198 3567 3292 3623 28.
3360 3568 3405 3598 “
3435 3566 3570 3623 Deut.
3593 3584 3728 3629 nxu,

2159 1760 2201 1815 Β

1936 3630 2199 3709 Quoniam
2230 3664 2298 3675 -
2320 3633 2460 3709 apud
2520 3636 2811 3709 unumusit
2843 3636 3043 3709 desunt
3103 3630 3160 3694 in
3206 3648 3434 3709 utroque
3468 3641 3577 3694 cod.
3610 3637 3726 3709 Lips.

529 3697 577 3728 “
609 3696 780 3751 Codd.
812 3697 990 3767 Lipss.
1022 3714 1034 3748 :
1065 3700 1155 3768 qui
1186 3709 1357 3753 tamen
1383 3716 1672 3767 apparuere
1693 3698 2010 3754 hominibus.
2050 3701 2153 3756 Sed
2182 3714 2230 3757 et
2263 3696 2455 3769 sancti,
2481 3714 2587 3761 etc.
2619 3705 2850 3776 Reliqua
2877 3706 3097 3763 desunt.

1819 3800 2186 3867 COTELERII
2218 3814 2455 3870 NOTAE.

601 3946 713 4020 (7§)
748 3946 1222 4020 iEjiciamuseum.
1268 3947 1581 4020 Clementin.
1623 3966 1704 4013 ιιι,
1744 3950 2097 4020 59;Ερὶιοηι.

528 4018 619 4079 37,
652 4017 883 4072 Cedren.
914 4034 967 4085 p.
1003 4019 1124 4081 l7l,
1156 4020 1189 4072 l.
1213 4020 1303 4073 ‘20.
1341 4018 1517 4075 Facile
1546 4021 1676 4073 mihi
1706 4017 2097 4087 persuaserim,

529 4088 770 4161 additum
797 4089 850 4141 id
882 4088 1048 4161 fuisse
1077 4090 1194 4140 loco
1215 4087 1410 4161 Cenes.
1446 4107 1523 4151 ιιι,
1556 4091 1647 4151 ‘22,
1672 4087 1743 4145 0b
1775 4093 2098 4161 pendentem

527 4157 853 4212 sententiam
880 4173 895 4207 :
923 4155 1077 4209 Nunc
1098 4174 1218 4226 ergo
1250 4176 1311 4212 ne
1332 4159 1467 4227 forte
1482 4162 1655 4213 mittat
1678 4155 1892 4215 manuus
1924 4172 2098 4225 suam,

525 4237 578 4280 et
608 4237 785 4280 sumat
809 4226 1061 4297 etiamne
1085 4228 1225 4297 ligno
1258 4226 1399 4294 vitae,
1432 4240 1481 4283 et
1524 4230 1783 4293 comedat,
1812 4244 1857 4286 et
1888 4234 2024 4287 vivat
2047 4234 2101 4286 in

531 4305 805 4350 atomum.
842 4294 1032 4362 Simile
1072 4294 1274 4367 quippe
1317 4298 1744 4351 additamentum
1786 4299 2103 4367 complecti-

529 4377 620 4421 tur
641 4367 819 4421 versio
844 4367 1074 4421 Arabica
1104 4387 1117 4421 :
1148 4367 1363 4436 Oportet
1398 4376 1624 4421 utexeut
1643 4384 1707 4421 ea:
1748 4367 1919 4421 horto.

2209 3972 2339 4009 num
2378 3962 2557 4009 tamen
2587 3958 2820 4025 epistola
2850 3958 2887 4010 2
2927 3956 3179 4011 adversus
3208 3957 3541 4020 Novatianos,
3572 3970 3729 4025 ponere

2207 4025 2423 4098 linguas
2453 4041 2578 4098 cxx,
2606 4026 2711 4081 nisi
2743 4028 2817 4081 sit
2843 4028 3256 4098 rescribendum
3288 4044 3445 4098 parva
3465 4027 3726 4098 mutatione,

2209 4094 2337 4165 LXX.
2370 4095 2625 4165 Euphoro
2648 4105 2850 4165 autem,
2883 4098 2967 4151 vel
2996 4094 3217 4165 Ephoro
3240 4094 3463 4165 aliisque
3489 4095 3648 4165 multis
3666 4095 3730 4146 hi-

2205 4156 2624 4230 διοῐίῴξξξηιυό
2665 4156 2998 4230 Clementem
3038 4156 3667 4230 Alexandrinumﬁtrgpl.
3697 4170 3726 4211 I.

2202 4240 2327 4307 1198·
2360 4225 2498 4307 5β8.
2519 4219 2721 4307 'gentes
2752 4234 2814 4307 et
2854 4225 3070 4307 linguas
3103 4240 3230 4280 esse
3278 4240 3434 4307 trav.
3465 4222 3541 4307 Ill.
3571 4219 3722 4307 linunt

2204 4292 2355 4351 illum
2390 4296 2445 4348 in
2474 4292 2817 4364 archangelis
2847 4292 3173 4355 maiimum,
3206 4297 3294 4351 cui
3324 4296 3441 4349 data
3472 4295 3534 4348 sit
3557 4292 3729 4364 dispen-

2204 4366 2343 4421 satio
2375 4365 2558 4433 populi
2592 4360 2708 4428 Dei,
2742 4364 2911 4419 videri
2945 4380 3067 4419 esse
3097 4364 3453 4428 Michaelem;
3485 4379 3543 4417 ex
3571 4360 3727 4433 Danieo

609 4437 721 4507 (74)
752 4435 848 4489 Est
897 4438 1037 4508 enim
1082 4430 1495 4508 uniuscuiusque
1537 4438 1705 4507 gentis
1738 4438 1973 4507 angelus.
2019 4437 2101 4493 Ad
2133 4430 2176 4485 D
2205 4438 2271 4490 lis
2300 4430 2470 4508 πλη]
2497 4433 2560 4489 2i
2586 4450 2602 4499 ;
2632 4436 2905 4508 ξιιέμίχξο
2944 4450 3016 4508 εξ
3050 4434 3315 4508 Dionysio
3345 4434 3417 4508 De
3443 4433 3611 4508 stetein
3639 4431 3728 4508 ltig—

534 4506 654 4561 hme
680 4515 733 4561 et
766 4507 1047 4576 sequentia
1093 4508 1383 4562 observare
1409 4506 1625 4576 'uportet
1674 4522 1781 4561 non
1814 4506 2022 4575 pauca.
2057 4511 2097 4567 l.

533 4576 691 4649 Quod
725 4576 901 4644 angeli
940 4576 1198 4649 caveam
1241 4578 1611 4649 hicgdicautur
1656 4579 1829 4646 angeli
1866 4579 2016 4639 boni,
2047 4590 2103 4635 et

530 4647 627 4717 lib.
653 4661 772 4709 vm,
799 4661 926 4717 cap.
940 4646 1031 4717 51,
1059 4646 1147 4713 56,
1171 4646 1344 4717 angeli
1373 4647 1520 4709 mali.
1552 4648 1602 4701 id
1624 4662 1742 4702 esse
1762 4663 1826 4701 ex
1853 4648 2100 4705 doctrina

529 4715 782 4790 _0rigenis
806 4714 1221 4790 etHierunymi,
1248 4714 1340 4786 qui
1370 4718 1909 4790 gen_t_ibus_utrosque
1938 4733 2103 4790 ange—

527 4786 614 4876 los
635 4784 978 4876 prmptpunlt.
1011 4784 1168 4876 gen?
1196 4784 1399 4876 teritum
1422 4785 1580 4876 ιχὲ,
1606 4784 1894 4876 Deu'leroq.
1927 4784 2099 4857 xxi",

528 4854 1103 4931 8-:_.0?§‘§tep€pt€EV
1138 4854 1232 4931 ὁ]
1246 4858 1471 4931 luto-tog
1508 4856 1668 4931 ἔθνη)
1696 4854 2102 4931 ᾡςΑδιέσπειρεὺ

531 4928 693 5000 μίοὺς⁸
714 4926 903 5000 Ἀράμ,
930 4926 1155 5000 Eamus-sv
1179 4925 1302 5000 opta.
1327 4925 1494 5000 sese»
1520 4927 1661 5000 κᾳτὰ
1682 4928 1913 5000 ἀριθμὸν
1935 4925 2104 4999 om-

529 4996 814 5071 λμυνβεσῖν
835 4995 1357 5071 Quandodividebat
1384 4995 1690 5071 Altissimus
1719 4995 1917 5071 gentes,
1942 4995 2104 5071 quan-

530 5067 600 5141 do
630 5066 993 5141 disseminauit
1022 5066 1165 5134 filios
1200 5067 1364 5128 Adw;
1396 5066 2104 5141 constituitterminos'gen-

532 5139 665 5209 tium
699 5140 987 5209 secundum
1017 5152 1294 5209 numerum
1320 5146 1633 5209 angetorum
1671 5138 1795 5199 Dei;
1831 5140 1898 5193 ad
1938 5138 2102 5209 quem

528 5208 585 5275 in
624 5207 737 5275 hoc
778 5207 953 5275 capite
980 5207 1293 5275 respicitur,
1316 5206 1583 5275 Maxumus
1619 5223 1885 5262 enarrans
1915 5206 2034 5274 cap.
2069 5212 2102 5265 9

520 5271 756 5328 Caelestis
785 5271 1114 5337 hiérarchicé,
1147 5290 1270 5327 cum
1303 5274 1425 5327 aliis
1470 5275 1720 5344 pluribus
1760 5271 1999 5344 explicat
2028 5276 2095 5332 de

520 5344 728 5415 sanctis
776 5344 1012 5415 angelis;
1064 5353 1255 5397 auctor
1299 5359 1426 5397 vero
1459 5343 1643 5412 Operis
1694 5343 1986 5413 imperfecti
2038 5346 2094 5399 in

520 5412 831 5483 Matthwum
853 5412 941 5468 'ad
970 5429 1091 5483 cap.
1135 5430 1290 5476 xxiv,
1323 5427 1469 5468 vers.
1506 5416 1568 5477 9,
1604 5430 1699 5468 seu
1740 5412 1961 5468 humilia
1998 5415 2091 5480 68,

524 5482 600 5555 De
628 5485 907 5555 malignis;
954 5482 1053 5555 nec
1084 5485 1312 5538 multum
1346 5483 1561 5555 diverse
1602 5483 1835 5555 Rufinus
1870 5484 2088 5555 Exposi-

520 5554 658 5607 tione
706 5552 773 5607 in'
814 5554 1122 5623 Symbolum
1178 5554 1557 5624 apostolorum.
1616 5552 1681 5609 ll.
1726 5554 1800 5609 De
1840 5552 1959 5609 Lxx'
1993 5570 2093 5610 seu

520 5636 665 5676 uxu
711 5625 1026 5681 nationibus
1074 5624 1175 5691 (de
1216 5625 1415 5694 quibus
1458 5624 1637 5679 Horus
1680 5625 1875 5694 Apollo
1908 5626 2002 5679 lib.
2048 5642 2087 5691 ι,

521 5708 638 5764 cap.
672 5695 782 5765 14),
813 5696 1145 5763 totidemque
1187 5696 1393 5763 angelis
1440 5695 1730 5764 prrel‘eetis,
1782 5702 1834 5749 et
1863 5696 2085 5765 linguis,

521 5764 746 5823 veteres
774 5764 1115 5823 Christianos
1150 5773 1201 5821 et
1240 5765 1453 5821 Judaeos
1493 5768 1802 5821 consentire
1842 5782 1849 5814 :
1892 5764 2083 5820 Pacia-

2204 4505 2420 4577 rarcliia
2457 4499 2679 4577 eap._.9.
2706 4501 2777 4577 ᾮ
2816 4503 3036 4575 Μιχαὴλ
3075 4499 3449 4577 πρωῖτάγγελε,
3480 4503 3629 4573 inquit
3650 4499 3727 4577 Mi-

2203 4576 2357 4631 chael
2389 4568 2674 4644 Syncellus
2720 4568 3053 4628 Laudaiioue
3087 4568 3139 4627 in
3176 4568 3403 4630 cccles'tes
3439 4568 3646 4644 virtutes.
3677 4568 3727 4644 Et

2206 4647 2258 4700 iu
2291 4643 2548 4699 Oratione
2573 4644 2772 4700 Niceta!
2803 4645 2877 4699 De
2903 4646 3154 4699 laudibus
3180 4645 3454 4700 Michaelis
3483 4655 3526 4697 et
3552 4643 3729 4697 Gabrie-

2203 4718 2291 4780 lis,
2319 4725 2582 4798 vocantur
2616 4716 2688 4798 illi
2710 4757 2725 4777 ,
2752 4716 2851 4798 τῇς
2880 4715 3294 4798 ἀρμχαγγελικῇς
3321 4715 3517 4781 τάξεως
3547 4711 3679 4798 Fuﬁi?

2240 4804 2315 4858 at,
2343 4784 2641 4858 scalarum;
2664 4780 3264 4858 ᾁγγέλωνᾙήμςσξγῳγρῖ
3290 4780 3723 4858 χορόςτεισῐςιίηἶ

2202 4805 2315 4907 ξαι,
2343 4805 2439 4838 και
2464 4805 2641 4855 πασης
2664 4805 2909 4854 αγγελων
2938 4805 3264 4856 οημαγωγοι
3290 4805 3633 4858 χοροστασιας.
3656 4805 3723 4858 l‘:

2252 4858 2379 4911 erlia
2412 4857 2576 4910 citata
2610 4872 2640 4909 e
2672 4855 3092 4909 Deuteronomio
3125 4857 3316 4910 leviter
3358 4858 3618 4924 depravata
3647 4852 3725 4918 leg!

2152 4936 2155 4939 '
2203 4927 2259 4983 in
2304 4925 2584 4997 Victorino
2630 4926 2699 4980 ad
2742 4928 3159 4997 Apocalypsim;
3200 4924 3725 4997 Thcodoa-ituullgeret.

2204 4996 2400 5069 fabul.,
2428 4998 2523 5051 lib.
2549 5013 2601 5061 v,
2631 5014 2752 5067 cap.
2778 4990 2831 5062 7,
2852 5007 2907 5052 et
2930 4990 3167 5053 maxime
3218 5000 3290 5052 ibi
3320 5013 3498 5119 sulpra.
3524 4994 3581 5047 V.
3605 4990 3725 5071 Deni-

2204 5083 2309 5119 uue
2359 5068 2635 5119 observari
2687 5078 2927 5119 meretur
2973 5068 3338 5119 fragmentum
3422 5067 3519 5119 euii
3560 5062 3725 5119 codius

2203 5062 2331 5139 que,
2359 5068 2635 5139 observari
2687 5062 2927 5124 meretur
2950 5068 3338 5139 fragmentum
3377 5062 3519 5139 Regii
3560 5062 3725 5139 codicis

2205 5129 2366 5205 4-648,
2394 5138 2471 5210 De
2496 5139 2692 5209 linguis
2720 5148 2771 5192 et
2794 5138 3033 5208 gentibus
3059 5129 3161 5210 w'72,
3183 5148 3239 5192 et
3265 5129 3493 5192 coul’erFi
3516 5151 3622 5210 cum
3649 5129 3727 5210 Εμ-

2204 5211 2384 5273 sebio,
2417 5206 2752 5279 Epiphanio,
2790 5206 3049 5263 Chronico
3095 5208 3492 5268 Alexandrino.
3536 5206 3725 5271 Georgio

2206 5278 2488 5352 Syncellu’,
2518 5278 2623 5334 etc.
2670 5278 2913 5350 Subjicio
2947 5280 3110 5339 illud.
3144 5280 3360 5334 levibus
3388 5279 3523 5333 vitiis
3561 5287 3723 5341 purga-

2204 5365 2341 5408 tum.
3560 5406 3566 5408 ,
3666 5398 3681 5405 -

2193 5406 2647 5487 minantem
2676 5416 2708 5467 ὁ
2740 5411 3126 5487 χαρτοφύᾼαξ
3152 5412 3225 5487 es:
3256 5410 3336 5474 τῷ
3367 5406 3606 5487 ἐγχεομξῳ
3630 5416 3719 5487 qui:

2261 5486 2445 5554 ἁγίων
2494 5476 2893 5549 «(showing
2923 5476 2941 5481 ⁷
2968 5484 3067 5535 οϐ’
3112 5476 3411 5549 γλώσσας
3458 5476 3720 5542 ὠνόμασεν

2262 5572 2438 5608 ουτω⁶

2266 5623 2521 5695 ..Ελληνες
2545 5623 2660 5695 ἅμα
2680 5624 2772 5676 καὶ
2796 5620 3408 5695 βάρϐᾳρᾳηΜακεδόνεές
3428 5617 3523 5695 ,καὶ
3552 5612 3717 5695 9571a;

2190 5676 2655 5757 lotillaiiuvsguat
2679 5676 2812 5746 mi
2822 5676 2989 5759 ρι’κηὶξ
3019 5676 3288 5759 Ἀθηναῖοι
3311 5676 3404 5743 καί
3428 5676 3717 5759 Ἀρζεςίοικιὶ

2193 5711 2655 5757 Λοι,ιιαιωνεςκαι
2699 5711 2812 5746 ww
2855 5711 2983 5756 ικηι,
3034 5711 3288 5759 Αυηναιοι
3311 5711 3404 5743 και
3440 5711 3713 5757 Αρτιιυιμι

2193 5766 2464 5831 Λάκωνες,
2497 5767 2588 5818 καὶ
2621 5767 2667 5817 οἱ
2699 5763 2788 5816 τὸν
2821 5711 3067 5828 ἓῦξεινον
3107 5761 3299 5813 πόντον
3344 5750 3713 5831 περικαθήμενοί
