3872 6350
121 257 273 313 ηδε)

1342 248 1914 311 ΒΕΟΟΟΝΙΤΙΟΝΠΜ
1950 250 2077 306 LIB.
2114 249 2173 304 ll.

3264 256 3402 312 1273

116 377 177 423 et
198 369 418 422 dicatur
440 365 511 421 ab
531 365 620 421 his
637 366 838 435 quibus
857 362 1251 435 prmest,deus,
1271 371 1450 442 tamen
1475 362 1710 418 interro-
1739 367 1787 424 Α
1885 362 2067 419 XLIV.
2133 362 2291 430 Quod
2332 372 2388 418 et
2435 365 2483 419 si
2512 365 2623 419 sint
2665 364 2779 427 alii,
2813 373 2873 420 ut
2904 366 3168 432 diximus,
3197 369 3290 440 qui
3318 372 3402 424 di-

118 470 286 530 gatus
301 473 413 514 non
432 458 543 514 sibi
554 456 707 512 dabit
722 457 842 528 ipse
857 457 967 512 tale
982 454 1382 511 testimonium.
1402 452 1547 510 Deus
1565 453 1712 509 enim

118 552 400 614 excelsus,
449 549 546 620 qui
587 549 742 605 solus
779 555 1106 620 potestatem
1145 547 1390 601 omnium
1428 553 1580 601 tenet
1603 586 1619 608 ,
1656 546 1712 600 in

120 641 475 713 septuaginta
498 649 551 696 et
572 640 712 694 duas
735 648 923 710 partes
943 637 1134 694 divisit
1151 637 1323 693 totius
1350 644 1513 692 terra:
1537 636 1713 691 natio-

122 751 243 799 nes,
276 735 471 804 eisque
498 730 777 803 principes
809 730 1035 800 angelos
1076 728 1287 785 statuit.
1322 726 1427 782 Uni
1459 742 1589 783 vero
1617 726 1712 798 qui

122 828 178 880 in
227 824 580 895 archangelis
624 833 743 879 erat
791 822 1087 884 maximus,
1136 828 1286 876 sorte
1312 820 1438 874 data
1465 827 1551 875 est
1598 820 1713 875 dis-

120 918 375 989 pensatio
408 932 598 973 eorum
621 954 637 980 ,
663 914 760 985 qui
798 928 909 984 pne
957 912 1171 967 caeteris
1216 912 1477 966 omnibus
1507 912 1712 967 excelsi

120 1012 217 1069 Dei
266 1013 480 1067 cultum
528 1018 691 1080 atque
760 1006 1052 1065 scientiam
1102 1012 1449 1076 receperunt.
1513 1005 1621 1060 Sed
1657 1014 1713 1061 et

118 1104 300 1160 sancti
346 1102 622 1165 homines,
656 1107 715 1155 ut
747 1100 1013 1166 diximus,
1056 1099 1351 1169 impiorum
1400 1098 1712 1154 elliciuntur

117 1194 217 1260 dii,
251 1202 517 1265 tanquam
549 1193 643 1263 qui
665 1200 991 1263 potestatem
1020 1191 1335 1261 acceperint
1364 1192 1421 1245 in
1451 1206 1547 1246 eos
1582 1191 1711 1246 vita:

117 1302 183 1341 ac
211 1286 394 1350 necis,
436 1296 498 1341 ut
527 1285 597 1342 de
628 1285 813 1356 Moyse
835 1293 891 1340 et
922 1283 1203 1354 judicibus
1241 1298 1409 1354 supra
1438 1299 1710 1339 memora-

118 1378 323 1433 vimus.
350 1377 582 1448 Propter
612 1376 760 1447 quod
794 1376 1062 1446 scriptum
1094 1384 1179 1431 est
1205 1374 1413 1431 de'eis:
1436 1375 1571 1429 Deos
1604 1392 1711 1429 non

117 1468 429 1532 maledica,
461 1476 511 1522 et
550 1468 837 1537 principem
871 1466 1054 1536 populi
1089 1466 1167 1518 tui
1203 1481 1308 1520 non
1341 1464 1620 1519 maledicas
1641 1466 1707 1519 ⁵⁸.

116 1558 406 1630 Principes
455 1573 586 1630 ergo
626 1557 971 1629 singularum
1016 1556 1262 1627 gentium
1308 1554 1382 1610 dii
1426 1556 1708 1626 appellan-

120 1663 229 1710 tur.
282 1653 604 1723 Principum
650 1661 830 1706 autem
872 1648 1018 1706 Deus
1044 1649 1299 1705 Christus
1341 1657 1447 1713 est,
1494 1650 1588 1720 qui
1627 1656 1711 1704 est

114 1746 365 1802 omnium
424 1744 613 1815 judex.
661 1741 803 1797 Vere
850 1755 986 1812 ergo
1027 1756 1207 1812 neque
1254 1740 1471 1810 angeli,
1529 1755 1709 1810 neque

114 1839 392 1903 homines,
424 1852 606 1907 neque
656 1835 768 1889 ulla
818 1840 1074 1889 creatura
1128 1831 1202 1887 dii
1266 1846 1391 1887 esse
1456 1837 1707 1901 possunt,

115 1934 317 2003 quippe
363 1930 459 2001 qui
506 1928 612 1985 sub
659 1932 933 1999 potestate
988 1929 1119 1981 sunt
1186 1923 1385 1994 positi,
1446 1930 1709 1992 tanquam

113 2021 291 2077 creati
327 2027 386 2075 et
422 2018 655 2074 mobiles
686 2017 771 2083 '°;
835 2015 1014 2088 angeli
1056 2013 1313 2086 quidem,
1351 2020 1413 2068 ut
1452 2015 1544 2084 qui
1598 2029 1708 2069 non

117 2111 275 2168 fuere
327 2121 382 2167 et
426 2111 579 2175 sint,
637 2108 886 2165 homines
941 2117 1121 2162 autem
1170 2114 1230 2160 ut
1279 2106 1559 2171 mortales,
1584 2122 1705 2161 om-

113 2207 202 2261 nis
252 2219 384 2260 vero
425 2210 683 2259 creatura
719 2240 736 2265 ,
792 2209 851 2256 ut
902 2216 1027 2271 quae
1058 2199 1197 2255 solvi
1234 2197 1432 2269 possit,
1468 2198 1566 2253 sed
1619 2215 1708 2254 re-

114 2310 246 2351 vera
276 2295 326 2350 si
356 2293 584 2349 solverit
614 2292 708 2348 ille
731 2291 825 2363 qui
859 2289 1010 2348 fecit.
1044 2289 1111 2345 Et
1140 2290 1264 2345 ideo
1310 2290 1404 2345 ille
1432 2289 1587 2345 solus
1611 2304 1704 2343 ve-

113 2405 212 2444 rus
248 2395 337 2443 est
362 2385 508 2441 Deus
544 2385 639 2456 qui
680 2399 794 2439 non
831 2383 1011 2440 solum
1050 2382 1168 2452 ipse
1190 2381 1345 2445 vivit,
1380 2381 1476 2437 sed
1503 2389 1557 2437 et
1584 2380 1707 2435 aliis

113 2483 284 2537 vitam
307 2486 555 2551 praestat,
581 2492 749 2549 quam
771 2484 827 2533 et
843 2476 1062 2533 auferre
1091 2484 1270 2547 potest
1301 2491 1427 2531 eum
1457 2476 1599 2531 vult.

183 2570 371 2625 XLIII.
409 2568 707 2640 Propterea
748 2583 880 2640 ergo
929 2568 1131 2623 clamat
1169 2564 1456 2637 Scriptura
1483 2580 1553 2621 ex
1583 2581 1706 2636 per-

114 2679 255 2718 sona
288 2662 383 2718 Dei
410 2662 752 2725 Iudaeorum,
780 2668 834 2716 et
859 2659 995 2715 dicit
1020 2679 1033 2714 :
1094 2656 1307 2723 Videte,
1364 2656 1550 2722 videte,
1575 2673 1706 2728 quo-

114 2756 264 2807 niam
287 2770 382 2825 ego
428 2770 549 2808 sum
578 2752 740 2815 Deus,
769 2760 820 2805 et
841 2767 943 2803 non
964 2758 1043 2804 est
1080 2748 1221 2802 alius
1247 2758 1440 2815 preter
1474 2764 1574 2803 me.
1593 2747 1704 2819 Ego

113 2845 379 2911 occidam,
410 2855 460 2900 et
489 2846 654 2900 vivere
692 2843 926 2913 faciam;
946 2840 1261 2910 percutiam,
1286 2848 1335 2893 et
1358 2856 1451 2910 ego
1478 2838 1701 2905 sanabo,

112 2948 164 2992 et
209 2954 318 2992 non
345 2946 427 2992 est
471 2937 561 3007 qui
588 2935 780 3005 eripiat
812 2934 876 2988 de
908 2932 1149 2987 manibus
1202 2933 1331 2985 meis
1386 2932 1454 2986 ⁸¹.
1502 2930 1707 2988 Videas

1815 462 2019 511 cuntur
2047 454 2147 519 dii,
2174 454 2279 510 sub
2309 463 2578 524 potestate
2628 466 2755 512 sunt
2781 454 3095 512 Jndmorum
3123 456 3239 523 Dei,
3276 461 3404 531 quia
3454 514 3465 525 ,

1815 548 1891 602 ita
1914 547 2054 603 dixit
2087 547 2373 619 Scriptura
2420 547 2666 603 Judteis:
2708 547 2963 604 Dominus
3018 548 3160 605 Deus
3202 562 3401 617 noster,

1812 638 1898 693 hic
1924 648 2003 693 est
2033 639 2172 694 Deus
2197 640 2439 703 deorum,
2458 650 2507 694 et
2528 639 2786 693 Dominus
2804 639 3140 695 dominorum
3161 642 3227 696 ⁸⁸.
3248 641 3403 697 llune

1812 730 1977 785 etiam
2007 732 2185 787 solum
2240 732 2531 787 colendum
2584 739 2769 787 monet
2826 731 3132 803 Scriptura,
3165 732 3398 788 dicens:

1814 822 2101 877 Dominum
2122 823 2288 878 Deum
2321 834 2469 878 tuum
2497 824 2771 883 adorabis.
2797 834 2847 878 et
2878 825 2961 878 illi
2990 825 3094 878 soli
3121 826 3312 879 servies
3330 826 3393 880 ".

1814 918 1879 973 Et
1898 939 1909 973 :
1929 919 2068 973 Audi
2081 918 2274 982 Israel,
2302 919 2563 974 Dominus
2598 916 2737 972 Deus
2767 928 2886 972 tuus
2908 917 3046 972 Deus
3078 935 3212 972 unus
3236 919 3396 974 est".

1812 1010 2057 1082 Denique
2114 1020 2168 1067 et
2230 998 2409 1067 sancti
2462 1009 2670 1081 Spiritu
2721 1009 2815 1065 Dei
2858 1010 3071 1081 repleti,
3127 1018 3181 1066 et
3233 1010 3400 1081 guttis

1812 1103 2204 1159 misericordiae
2226 1104 2349 1173 ejus
2398 1104 2617 1157 irrorati
2645 1102 3046 1165 exclamabant,
3100 1104 3397 1159 dicentes:

1813 1196 1920 1263 Qui
1958 1196 2149 1250 similis
2178 1195 2272 1250 tibi
2298 1197 2351 1250 in
2372 1196 2499 1263 diis,
2537 1195 2779 1260 Domine,
2809 1198 2925 1267 quis
2957 1196 3150 1250 similis
3184 1197 3277 1249 tibi
3306 1198 3351 1228 "‘
3376 1198 3400 1250 ?

1812 1289 1880 1343 Et
1927 1288 2126 1342 iterum
2163 1305 2177 1342 :
2212 1286 2344 1353 Quis
2400 1286 2538 1341 Deus
2585 1297 2779 1356 pra'ter
2831 1286 3140 1353 Dominum,
3178 1298 3226 1341 et
3282 1289 3398 1359 quis

1812 1378 1952 1433 Deus
1981 1387 2173 1449 prwter
2229 1377 2515 1432 Dominum
2565 1388 2803 1433 nostrum
2828 1379 2916 1433 '9?
2965 1378 3154 1449 Itaque
3184 1377 3398 1449 Moyses

1813 1470 1904 1525 ubi
1938 1474 2201 1541 prolicere
2225 1470 2489 1541 pepulum
2524 1470 2682 1529 vidit.
2718 1470 2979 1541 paulatim
3006 1486 3101 1526 eos
3133 1470 3198 1523 ad
3234 1469 3395 1525 intel-

1780 1622 1783 1625 _
1811 1563 2093 1643 ligentiam
2124 1562 2481 1626 monarchize,
2507 1569 2561 1618 et
2608 1563 2767 1619 tidem
2823 1562 2917 1617 Dei
2933 1549 3106 1619 'unius
3137 1564 3401 1629 initiavit,

1812 1662 1873 1707 ut
1895 1654 1949 1708 in
1982 1653 2447 1723 consequentibus
2480 1653 2613 1708 dicit
2640 1672 2653 1709 :
2719 1651 2956 1708 Nomina
3008 1654 3226 1709 deorum
3258 1656 3397 1709 alio-

1810 1764 1931 1801 rum
1962 1763 2065 1801 non
2100 1747 2536 1802 commemorabis
2566 1746 2635 1811 ⁸ο,
2685 1748 3005 1803 recordatus
3056 1749 3175 1804 sine
3203 1748 3391 1816 dubio,

1811 1839 1961 1910 quali
1994 1854 2157 1910 paena
2203 1838 2496 1895 damnatus
2525 1838 2598 1895 sit
2626 1854 2877 1910 serpens,
2930 1842 3020 1911 qui
3049 1843 3258 1913 primus
3294 1860 3390 1897 nov

1811 1930 2157 1987 minaverant
2184 1930 2317 1987 deos
2344 1930 2410 1986 ⁶¹.
2444 1929 2669 1987 Terram
2691 1930 2926 2000 denique
2954 1933 3239 1987 comedere
3264 1949 3394 1988 con-

1810 2023 2123 2089 demnatur,
2157 2032 2212 2079 et
2242 2024 2337 2077 tali
2365 2023 2489 2078 cibo
2518 2022 2720 2094 dignus
2745 2023 3025 2095 iudicatur
3055 2026 3124 2080 ob
3157 2025 3391 2096 id.quod

1811 2112 2047 2184 primum
2081 2113 2326 2167 omnium
2355 2112 2783 2182 appellationum
2820 2112 3045 2166 deorum
3093 2112 3393 2165 introduxit

1811 2206 1865 2261 in
1891 2205 2175 2261 mundum.
2204 2204 2361 2271 Quod
2410 2204 2456 2259 si
2504 2212 2558 2259 et
2609 2215 2669 2260 tu
2713 2206 2917 2260 multos
2948 2206 3080 2261 deos
3110 2206 3191 2261 vis
3221 2205 3395 2260 intro-

1808 2296 2031 2363 ducere,
2093 2295 2219 2352 vide
2260 2312 2331 2352 ne
2380 2295 2588 2351 exitqu
2647 2297 2920 2367 serpentis
2976 2296 3212 2353 similem
3268 2312 3391 2352 sor-

1806 2387 1987 2443 tiaris.

1878 2477 2040 2537 XLV.
2072 2478 2267 2536 Certus
2326 2485 2507 2534 autem
2536 2486 2698 2542 -esto,
2730 2476 2875 2549 quod
2906 2494 3008 2535 nos
3051 2479 3216 2550 hujus
3269 2484 3389 2539 ausi

1808 2572 1990 2630 socios
2026 2586 2134 2625 non
2188 2569 2438 2631 habebis.
2474 2583 2578 2623 nec
2625 2569 2801 2641 decipi
2852 2584 2953 2624 nos
2985 2569 3255 2639 patiemur
3292 2572 3390 2626 abs

1806 2672 1880 2721 te.
1912 2663 2100 2735 Neque
2126 2665 2273 2719 enim
2317 2661 2563 2734 proderit
2607 2662 2767 2717 nobis
2798 2662 2865 2717 ad
2894 2663 3301 2720 excusationem
3334 2664 3387 2717 in

1803 2756 2037 2827 judicio,
2074 2758 2120 2812 si
2148 2755 2397 2810 dicamus
2426 2753 2571 2827 quod
2596 2768 2650 2809 tu
2683 2753 2960 2826 deeepcris
2991 2768 3112 2819 nos,
3136 2754 3263 2824 quia
3286 2771 3387 2811 nec

1805 2849 2037 2918 primam
2080 2846 2365 2903 mulierem
2397 2862 2663 2902 exi-usare
2718 2846 2902 2916 potuit
2920 2846 3059 2900 male
3087 2845 3391 2903 credidisse

1806 2936 2067 3008 serpenti,
2107 2936 2203 2993 sed
2234 2944 2411 2992 morte
2442 2936 2573 3008 quia
2616 2936 2759 2992 male
2789 2936 3102 3001 crediderit,
3128 2937 3389 2992 condem-

114 3044 249 3100 ergo
275 3027 552 3098 quomodo
600 3026 861 3083 inell‘abili
909 3024 1146 3095 quadam
1178 3024 1381 3079 virtute
1410 3023 1697 3094 Scriptura
1728 3054 1772 3111 (ς
1808 3040 1937 3087 nata
1963 3037 2072 3086 est.
2106 3028 2219 3083 Hac
2268 3044 2399 3101 ergo
2430 3030 2497 3084 de
2526 3044 2695 3085 causa
2739 3035 2791 3083 et
2843 3027 3054 3099 Moyses
3082 3030 3243 3085 unius
3294 3028 3388 3084 Dei

114 3137 418 3177 occurrens
443 3120 644 3176 futuris
670 3119 953 3176 erroribus
984 3132 1173 3173 eorum
1202 3117 1295 3186 qui
1324 3115 1489 3169 alium
1505 3115 1697 3183 Deum,

116 3222 317 3283 praeter
346 3228 470 3269 eum
501 3214 592 3284 qui
625 3220 710 3268 est
736 3211 1073 3273 Judaaorum,
1132 3209 1218 3264 vel
1264 3209 1321 3263 in
1370 3209 1525 3263 caelis
1552 3222 1699 3273 esse.

118 3306 200 3359 vel
238 3305 292 3359 in
323 3306 489 3360 terris
518 3304 871 3365 aﬂirmarent,
896 3301 1217 3372 pronuntiat
1248 3298 1440 3355 dicens
1466 3318 1480 3354 :
1514 3298 1697 3353 Domi-

114 3409 217 3447 nus
253 3392 395 3447 Deus
423 3405 542 3447 tuus
589 3394 703 3465 (75)
732 3393 873 3447 Deus
902 3407 1038 3446 unus
1063 3401 1162 3455 est,
1216 3391 1271 3443 in
1306 3389 1435 3443 ctelo
1461 3405 1698 3455 sursum,

114 3495 165 3540 et
194 3487 251 3539 in
283 3495 425 3539 terra
455 3488 721 3550 deorsum,
750 3496 799 3541 et
822 3494 1012 3554 praeter
1038 3485 1208 3550 ipsum
1232 3483 1372 3537 alius
1398 3499 1501 3535 non
1528 3491 1606 3536 est
1634 3481 1699 3537 δ’.

117 3576 407 3643 Quomodo
458 3593 770 3648 ergoausus
796 3593 856 3634 es
908 3576 1089 3631 dicere
1123 3576 1287 3629 alium
1333 3590 1458 3629 esse
1505 3572 1700 3639 Deum,

115 3677 316 3740 praeter
342 3683 468 3723 eum
498 3670 592 3739 qui
613 3668 925 3723 Judieorum
956 3675 1041 3723 est
1095 3667 1277 3723 Deus?
1325 3666 1371 3697 ⁵³
1399 3665 1467 3720 Ει
1496 3665 1695 3720 iterum

116 3763 255 3817 dicit
276 3760 559 3833 Scriptura
596 3781 610 3816 :
644 3760 778 3816 Ecce
808 3761 1021 3815 Domini
1044 3759 1141 3813 Dei
1170 3760 1247 3813 tui
1278 3759 1486 3823 caelum,
1520 3767 1569 3813 et
1599 3776 1702 3813 cae-

120 3854 231 3908 lum
253 3855 392 3920 cmli,
423 3865 567 3908 terra
606 3864 655 3907 et
681 3854 859 3907 omnia
908 3868 1024 3922 quor
1049 3851 1101 3905 in
1129 3851 1205 3905 eis
1231 3860 1380 3907 sunt.
1417 3850 1694 3905 Verumta-

116 3965 237 4002 men
258 3957 435 4017 patres
467 3956 583 4000 tuos
624 3946 777 4015 elegi,
832 3954 888 3997 ut
922 3943 1196 4012 diligerent
1226 3960 1336 4006 eos,
1366 3953 1415 3997 et
1448 3960 1536 3998 vos
1580 3954 1698 4013 post

114 4040 260 4107 ipsos
274 4038 340 4092 “.
367 4038 443 4091 Ita
468 4053 533 4091 ex
565 4037 710 4090 omni
734 4044 885 4105 parte
907 4035 974 4088 ab
1005 4032 1288 4104 Scriptura
1319 4035 1565 4089 munitur
1591 4036 1696 4092 ista

116 4128 413 4189 sententia,
445 4127 573 4197 quia
615 4127 729 4196 ipse
766 4125 857 4194 qui
901 4122 1162 4178 mundum
1198 4124 1426 4188 creavit,
1453 4140 1619 4180 verus
1641 4134 1694 4180 et

116 4222 272 4277 solus
295 4227 381 4275 est
400 4218 565 4273 Deus.

1806 3123 1964 3178 ﬁdem
1984 3121 2185 3193 populo
2214 3120 2630 3184 commendans,
2654 3120 2731 3174 ait
2753 3139 2765 3174 :
2784 3118 3011 3181 Observa
3031 3119 3125 3175 tibi
3148 3121 3249 3190 ipsi
3272 3120 3387 3193 (76)

1804 3231 1869 3269 ne
1896 3212 2171 3269 seducaris
2196 3230 2229 3267 a
2250 3211 2479 3267 Domino
2511 3211 2617 3266 Deo
2654 3221 2742 3265 tuo
2774 3211 2840 3265 θ’.
2878 3209 3009 3267 Vide
3036 3212 3166 3283 quia
3196 3211 3387 3267 cedem

1804 3306 1973 3361 verbo
2013 3304 2205 3369 utitur,
2236 3320 2346 3374 quo
2369 3310 2424 3359 et
2478 3304 2651 3375 prima
2685 3302 2881 3357 mulier
2925 3302 2978 3359 in
3030 3304 3388 3359 excusatione

1805 3397 2081 3459 utebatur,
2142 3396 2425 3452 seductam
2468 3412 2527 3451 se
2582 3394 2793 3458 dicens,
2835 3394 2928 3449 sed
2978 3393 3110 3447 nihil
3157 3394 3384 3463 profuit.

1808 3488 1987 3559 Super
2021 3488 2205 3543 omnia
2236 3496 2418 3542 autem
2467 3488 2683 3543 etiamsi
2716 3503 2876 3542 verus
2906 3486 3103 3557 aliquis
3133 3496 3385 3558 surgeret

1807 3578 2094 3650 propheta,
2126 3579 2217 3648 qui
2252 3579 2410 3649 signa
2428 3587 2481 3632 et
2508 3578 2755 3649 prodigia
2788 3577 3006 3640 faceret,
3034 3577 3264 3633 suadere
3288 3594 3354 3632 au

1807 3678 1919 3725 tem
1942 3670 2093 3734 velit,
2124 3676 2185 3724 ut
2231 3670 2539 3725 coleremus
2590 3669 2725 3724 deos
2774 3669 2919 3724 alios.
2956 3676 3152 3739 printer
3196 3668 3382 3724 Judae-

1807 3773 1965 3815 orum
1990 3757 2183 3823 Deum,
2238 3774 2518 3830 nunquam
2575 3757 2625 3813 ei
2679 3758 2903 3813 credere
2938 3772 3247 3827 possemus.
3293 3756 3385 3813 Sic

1806 3848 1951 3902 enim
1987 3864 2088 3903 nos
2137 3847 2321 3903 docuit
2374 3847 2456 3902 lex
2495 3847 2700 3910 divina,
2752 3855 3024 3902 secretum
3076 3861 3381 3902 sermonem

1806 3940 1998 4009 purius
2022 3955 2095 3995 ex.
2110 3938 2407 3994 traditione
2431 3938 2841 3993 commendans.
2864 3936 2953 3991 Ait
2978 3950 3108 4007 ergo
3132 3955 3146 3991 :
3179 3936 3241 3991 Si
3268 3954 3383 3990 sur-

1804 4033 1998 4086 rexerit
2020 4033 2075 4086 in
2111 4040 2158 4087 te
2176 4031 2447 4101 propheta,
2481 4040 2572 4086 aut
2605 4032 2875 4087 somnians
2899 4029 3183 4095 somnium,
3214 4038 3265 4084 et
3289 4029 3379 4082 de-

1802 4124 1938 4178 derit
1967 4126 2118 4195 signa
2146 4124 2224 4180 vel
2257 4124 2521 4195 prodigia,
2572 4133 2620 4178 et
2651 4124 2910 4179 evenerint
2964 4124 3117 4193 signa
3174 4122 3272 4177 illa
3301 4124 3380 4177 vel

1797 4216 2069 4289 prodigia,
2112 4226 2161 4273 et
2210 4217 2411 4273 dixerit
2438 4216 2515 4270 ad.
2559 4226 2627 4282 te,
2662 4233 2843 4272 eamus
2873 4224 2922 4271 et
2952 4216 3189 4272 colamus
3248 4216 3372 4273 deos

222 4379 268 4411 δ’
304 4376 478 4432 Exod.
526 4391 657 4439 χχιι,
697 4373 788 4445 ‘28.
871 4374 915 4405 '°
949 4371 1016 4427 Et
1041 4372 1403 4443 nobiles—qui
1431 4373 1554 4445 fecit
1577 4388 1696 4445 non
1728 4372 1984 4444 leguntur
2009 4375 2065 4430 in
2098 4381 2330 4445 utroque
2364 4373 2524 4445 codd.
2557 4372 2737 4444 Lipss.
2816 4374 2861 4405 "
2891 4372 3048 4431 Deut.
3080 4393 3250 4445 xxxn,
3283 4379 3372 4434 ‘59.

114 4451 161 4482 ⁹¹
193 4448 351 4503 Deut.
379 4464 449 4513 tv,
485 4446 574 4516 59.
613 4514 631 4516 _
651 4446 696 4516 ξ’
734 4444 865 4511 Quae
894 4452 1203 4516 sequuntur
1237 4442 1432 4516 usque
1460 4442 1666 4516 ad__ill_a
1695 4442 1843 4513 cap.,
1875 4459 2056 4516 sequ.,
2091 4442 2356 4516 vocabula
2382 4462 2395 4498 :
2422 4442 2654 4516 Denique
2672 4454 2721 4498 et
2745 4446 2944 4516 sancti,
2993 4453 3123 4516 ete.,
3156 4442 3374 4504 deside-

114 4531 315 4575 rantur
352 4520 408 4572 in
449 4515 572 4570 eod.
612 4514 762 4586 Lips.
845 4515 891 4547 “
931 4512 1182 4586 seu”,
1237 4512 1335 4575 M,’
1370 4513 1455 4568 15.
1514 4513 1575 4586 ξς
1614 4512 1700 4586 De:

1810 4530 1864 4575 ι,
1908 4512 1995 4569 17.

2103 4516 2147 4548 ⁸⁸
2185 4514 2477 4585 Βριῃκ-γι,
2512 4514 2613 4585 ίᾷς
2648 4531 2703 4577 ι,
2731 4515 2824 4573 2οε
2919 4516 2963 4548 ⁸⁷
2998 4514 3155 4575 Deut.
3212 4536 3285 4585 γι,
3317 4520 3372 4575 4.

114 4592 164 4625 ⁸³
204 4588 353 4646 Psal.
413 4602 611 4650 Lxxxv,
642 4582 706 4645 8';
749 4600 875 4648 Lxx,
916 4585 1004 4639 l9.
1075 4585 1121 4616 "
1156 4584 1303 4640 Psal.
1346 4600 1480 4648 xvu,
1513 4582 1603 4639 52.
1679 4583 1724 4614 ⁸ο
1763 4582 1880 4640 Jos.
1912 4600 2065 4651 xxm,
2092 4586 2133 4641 7,
2153 4586 2209 4640 in
2230 4583 2404 4641 LXX.
2484 4586 2525 4616 ⁶¹
2542 4583 2681 4640 Gen.
2716 4602 2796 4643 ιιι.
2876 4587 2920 4617 θ’
2948 4586 3108 4643 Deut.
3141 4582 3372 4656 vnn“.

1400 4714 1766 4773 COTELERII
1804 4715 2035 4773 ΝΟΤᾹΣ.

110 4851 334 4926 βρᾷκές
375 4867 433 4904 τε
467 4850 568 4926 ita).
616 4847 919 4926 Bugdwwt,
937 4846 1044 4926 χαὶ
1074 4847 1123 4899 οἱ
1152 4848 1305 4926 *πρὸς
1333 4847 1410 4926 τῷ
1438 4849 1698 4926 βου-πόρῳ

110 4904 436 4993 ᾗῗρᾗριοι,
467 4918 677 4993 Βιθυνοί
702 4904 762 4993 ::_s
789 4904 916 4993 Δκαῖ
937 4904 1322 4993 Καππαδόὶιαξ,
1356 4904 1565 4993 Φρύγες
1606 4904 1699 4993 in.)

112 4987 438 5065 Ῑ(ἅρξς’κςι.ὶΔ
469 4990 687 5065 ἰὲιξκιοι,Δ
712 4987 948 5065 Γαλάται.
983 4987 1078 5065 καὶ
1110 4988 1383 5065 ’Ἰσειιιιρεζιζ
1409 4987 1698 5065 Λυδοξκαὶ

113 5056 331 5119 [inibat
356 5061 451 5114 καὶ
470 5057 772 5129 Πάμφυλοι,
792 5056 1075 5129 Λιικόονέςς⁸
1097 5072 1156 5129 {re
1185 5056 1281 5110 καῖ
1297 5058 1536 5129 Κίλικες,
1550 5059 1698 5129 Σκύ-

111 5135 208 5187 θαι
235 5132 330 5186 καὶ
362 5124 570 5201 Πέρσαι
601 5124 1001 5201 militiast-pios,
1034 5124 1230 5201 nemo:
1262 5127 1357 5201 καὶ
1402 5128 1697 5201 Ἀστσρριοι,

111 5145 208 5187 θαι
235 5145 330 5186 καὶ
362 5145 568 5201 ιιερσαι
601 5145 695 5181 και
729 5145 1001 5199 υακτριοι,
1034 5145 1230 5195 nouo:
1262 5145 1357 5181 και
1415 5145 1695 5247 Ασσυῖιοι,

111 5196 1695 5289 "demseriqu“sigﬁkehstzfﬁimr‘sirem-

114 5266 275 5343 μυὲς,
320 5266 474 5323 Ἰνδοὶ
517 5266 612 5321 irai.
650 5266 926 5331 Αἰθίοπες,
970 5266 1305 5352 ΊσΙμαηλῖτὲαι
1346 5266 1689 5349 καὶθΑἱγύπ-

108 5360 242 5405 τισι,
277 5342 439 5410 Σύροι
455 5338 559 5410 καὶ
596 5338 1214 5410 Παλαιστινοὶ,Κρπριομι
1237 5337 1339 5410 ita}
1364 5340 1577 5410 Κρηῖες
1598 5340 1692 5410 καὶ

123 5413 341 5474 Ῥόδιοι,
358 5405 563 5471 λίολεῖς
578 5410 671 5461 καὶ
692 5410 895 5469 Ἴωνες,
918 5405 1213 5460 Γότθοικαὶ
1234 5405 1497 5475 Ἀὄασγόί
1519 5424 1577 5459 τε
1596 5409 1691 5460 καὶ

110 5481 385 5545 Χάλυϐες,
410 5478 652 5549 Φοίνικές
680 5495 739 5531 τε
766 5475 1129 5549 καὶᾊραὸες,
1156 5476 1531 5549 ξΡωμαῖοιᾷξεαὶ
1564 5477 1691 5549 'lou-

107 5552 271 5615 δαῐοι,
303 5547 612 5621 Κυρηναῖος
629 5565 687 5600 τε
717 5549 810 5601 καὶ
842 5544 1080 5621 Λξὸνζλες,⁸
1099 5544 1392 5621 Admiral.
1416 5546 1573 5621 Γέῖαι
1597 5548 1690 5621 καὶ

112 5616 715 5694 Σαυῳμᾴὲαὶιξςὲλτοι
738 5635 800 5694 re
825 5620 917 5672 καὶ
949 5616 1483 5694 Βανδηξριπιϐηρες,
1502 5616 1685 5694 Κροά-

109 5708 195 5747 τοι
219 5687 314 5747 ita);
333 5689 619 5747 Μωαϐῖται
636 5688 727 5742 καὶ
760 5688 1113 5761 ’Λμμωνϊῒαμ
1129 5687 1419 5742 Χαναναῖοι
1437 5688 1527 5743 xui.
1551 5687 1687 5741 Χετ-

1800 4852 1959 4930 ταξοιᾎ
1974 4852 2069 4905 καὶ
2109 4851 2548 4930 ’ῥξοέραϊοιᾉκαὶ
2574 4850 2875 4930 dispergam,
2901 4854 3087 4930 Εὐαςοι
3114 4859 3209 4912 καὶ
3230 4860 3380 4930 Γερ.

1838 4920 2005 4985 εζαῖοι
2048 4922 2144 4975 καὶ
2175 4920 2512 4983 Ἵέὸὸυσαϊοι,
2546 4920 2660 4977 καῖ
2680 4922 2730 4973 ol
2775 4924 3155 4991 κατοικοῦντες
3183 4920 3377 5052 vllam};

1838 4991 2167 5052 ερεττανικὰς
2194 4992 2388 5046 καὶτὰ
2422 4993 2670 5052 Γάδειρα.
2727 4990 2896 5052 Ὅσας
2941 4996 3180 5052 Μωῢσῆς
3264 5002 3376 5052 Este

1847 4991 2167 5068 perravtxdg
2194 4994 2290 5068 καὶ
2320 4992 2388 5046 τὰ
2422 4993 2670 5064 Γάδειρα.
2691 4990 2896 5068 -ςοσας
2941 4996 3180 5068 Μωῢσῆς
3232 4990 3376 5068 iis“;

1800 5060 1965 5186 (fortm
1987 5061 2195 5186 EESth).
2229 5062 2360 5133 Leg.
2389 5078 2547 5118 eone.
2576 5060 2649 5117 ξω
2690 5060 2971 5118 Nicetium
2995 5103 3012 5129 ,
3056 5060 3146 5132 ιι,’
3166 5060 3289 5126 act:
3319 5060 3374 5137 5,

1800 5146 1898 5186 nos
1952 5148 2036 5186 me
2082 5171 2096 5186 .

1835 5140 1923 5186 ost
1952 5140 2096 5188 med.

1835 5146 1923 5186 ost
1952 5146 2096 5188 mea.

1796 5146 1975 5272 {(75)
2014 5202 2267 5257 Dominus
2315 5200 2455 5272 Deus
2500 5210 2652 5263 tuus.
2703 5202 2842 5258 Deus
2866 5220 3003 5259 unus
3045 5216 3142 5261 est.
3198 5206 3288 5263 Sic
3318 5210 3374 5266 in

1799 5270 2025 5351 Vulgata
2060 5273 2223 5351 Marc.
2250 5288 2346 5351 xu,
2501 5275 2986 5351 concordantibus
3017 5274 3373 5351 Hieronymo,

1794 5341 2132 5411 Augustino.
2174 5350 2282 5397 etc.
2320 5341 2493 5397 Aliter
2527 5344 2599 5397 ab
2640 5342 2875 5411 Irenaeo;
2918 5345 3078 5401 aliter
3115 5350 3183 5401 ab
3226 5341 3371 5407 aliis;

1794 5409 2058 5488 Yideatur
2083 5413 2290 5468 Fronto
2314 5411 2544 5468 Dircaeus
2578 5412 2646 5467 ad
2674 5409 2953 5470 homiliam
2996 5415 3375 5488 Chrysostomi

1796 5480 1883 5554 De
1895 5481 2080 5554 Phoco
2118 5494 2372 5554 martyre.

1867 5552 1978 5622 (76)
2016 5552 2245 5608 Observa
2266 5552 2370 5607 tibi
2400 5554 2521 5622 ipsi,
2549 5570 2614 5608 ne
2645 5555 2915 5609 seducaris
2959 5574 2991 5611 a
3019 5556 3247 5615 Dommo
3267 5560 3374 5617 Dea

1796 5630 1900 5677 tuo.
1931 5621 2072 5695 Lege
2097 5623 2256 5681 Deut.
2282 5640 2354 5691 vl,
2386 5621 2751 5693 12',vm,ll;
2790 5641 2866 5694 χι,
2901 5626 2968 5681 16
2996 5636 3051 5682 et
3089 5645 3242 5699 xvtu,
3274 5630 3332 5688 5.
