3872 6348
496 284 631 341 δεῖ(

1360 269 1414 324 S.
1453 262 1847 323 CLEMENTIS
1878 260 1895 314 1
1934 258 2097 315 ROM.
2132 255 2335 313 ΡΟΝΤ.
2371 254 2598 310 OPERA
2635 250 2864 305 DUBIA.

3638 242 3787 298 ἱεὶῗὲ

490 402 693 454 alienos
728 410 857 466 quos
900 390 1133 451 nescitis,
1180 402 1283 438 non
1329 381 1556 437 audietis
1607 380 1761 435 verba
1809 378 2075 447 propheta:
2107 379 2152 434 Α
2178 374 2364 427 dixisti
2410 372 2614 426 habere
2657 368 2849 430 Deum,
2891 366 3035 437 quod
3078 372 3163 421 cst
3200 361 3463 433 injuriae;
3496 362 3787 431 quomodo

489 492 659 551 itiius,
686 501 846 550 neque
869 496 1130 537 somnium
1161 476 1503 531 somniatoris
1530 474 1697 537 illius,
1723 472 1847 541 quia
1868 479 2079 522 teutaus

493 584 709 640 tentavit
745 598 854 640 vos,
912 586 968 630 ut
1022 575 1197 629 videat
1230 575 1277 627 si
1325 571 1550 643 diligitis
1591 569 1877 623 Dominum
1914 566 2078 619 Deum

490 686 723 735 vestrum
749 674 814 725 ".

558 764 736 820 XLVI.
771 761 1064 829 Propterea
1093 772 1223 827 ergo
1251 763 1304 810 ct
1326 753 1591 809 Dominus
1622 760 1810 807 noster
1841 751 1996 820 signa
2028 754 2082 801 et

486 854 734 926 prodigia
785 850 1016 911 faciens,
1061 846 1232 900 Deum
1282 846 1618 915 prmdicahat
1665 842 1999 904 Iudaeorum,
2028 846 2083 893 ct

450 946 611 1017 ,ideo
665 949 814 997 recte
861 937 1234 1010 prmdicationi
1285 937 1406 1005 ejus
1454 936 1719 989 creditur.
1768 932 1850 986 Tu
1901 939 2080 984 autem

487 1036 649 1089 etiam
695 1031 739 1085 si
791 1045 918 1083 vere
964 1028 1226 1098 pr0pheta
1260 1042 1433 1089 esses,
1478 1034 1533 1080 et
1575 1026 1729 1096 signa
1764 1023 1974 1077 faceres
2019 1035 2083 1073 ac

487 1124 754 1196 prodigia,
785 1123 926 1178 sicut
972 1121 1263 1190 promittis,
1294 1128 1346 1174 et
1376 1121 1515 1173 alios
1556 1119 1912 1173 annuntiares
1951 1119 2083 1173 deos

486 1225 682 1289 prieter
711 1231 836 1270 eum
859 1217 950 1284 qui
983 1229 1147 1269 verus
1189 1222 1293 1281 est,
1327 1212 1679 1266 manifestum
1723 1221 1871 1267 esset
1916 1220 1971 1267 te
2013 1214 2080 1267 ad

487 1309 842 1364 tentationem
889 1308 1090 1377 populo
1134 1305 1230 1359 Dei
1283 1304 1627 1366 suscitatum,
1661 1312 1715 1359 et
1758 1304 1883 1360 ideo
1931 1306 2081 1359 credi

485 1400 585 1459 tibi
618 1401 840 1455 omnino
889 1417 1002 1454 non
1047 1406 1244 1469 potest.
1277 1396 1432 1452 Unus
1461 1405 1546 1452 est
1580 1398 1726 1451 enim
1767 1412 1955 1464 verus,
1988 1399 2080 1469 qui

485 1501 570 1549 est
591 1492 900 1548 Iudmorum
928 1491 1093 1554 Deus,
1121 1499 1173 1545 et
1199 1491 1269 1544 ob
1293 1490 1397 1543 hoc
1423 1489 1686 1543 Dominus
1707 1496 1893 1543 noster
1921 1488 2083 1546 Iesus

486 1585 739 1639 Christus
768 1582 997 1637 docebat
1031 1579 1385 1651 quaerendum
1414 1595 1536 1634 esse
1568 1594 1678 1632 non
1718 1576 1886 1633 Deum
1917 1594 2077 1649 quem

485 1676 626 1731 liene
675 1686 957 1736 noverant,
1007 1674 1103 1729 sed
1161 1687 1390 1742 regnum
1440 1681 1497 1726 et
1535 1671 1815 1740 justitiam
1857 1673 1976 1740 ejus
2008 1672 2075 1741 “,

2184 466 2330 519 enim
2346 464 2548 518 habere
2571 462 2738 515 lilium
2759 465 2955 530 potest,
2977 457 3083 512 nisi
3107 456 3312 512 similia
3334 453 3665 507 hominibus
3690 460 3787 505 aut

2187 556 2521 611 animalibus
2539 552 2815 623 patiatur?
2841 550 2946 604 Sed
2969 549 3034 602 de
3048 548 3133 603 his
3151 563 3258 601 non
3281 555 3369 601 est
3389 560 3543 599 nunc
3563 551 3781 612 tempus

2185 662 2415 717 arguere
2438 644 2766 715 profundam
2797 640 3084 696 stultitiam
3111 646 3281 700 tuam,
3310 636 3518 691 festino
3540 635 3692 688 enim
3715 634 3781 688 de

2187 738 2553 793 immensitate
2618 749 2846 789 summa:
2884 733 3024 785 lucis
3058 745 3353 801 exponere,
3390 739 3448 782 et
3478 728 3599 795 jam
3636 741 3779 778 nunc

2184 828 2332 882 audi.
2353 825 2489 881 Puto
2508 840 2629 880 esse
2650 826 2886 893 aliquam
2915 822 3170 875 virtutem
3204 821 3489 873 immensae
3517 825 3572 872 et
3593 814 3783 870 ineffa-

2188 920 2315 974 bilis
2343 920 2503 979 lucis,
2535 917 2693 985 cujus
2716 915 3034 987 magnitudo
3075 910 3661 980 incomprehensibilis
3687 908 3785 961 ha-

2187 1010 2400 1073 beatur,
2415 1024 2576 1079 quam
2596 1010 2851 1062 virtutem
2865 1008 3027 1061 etiam
3045 1003 3237 1057 mundi
3260 1001 3520 1056 conditor
3542 1001 3780 1069 ignoret,

2183 1108 2239 1157 et
2278 1101 2554 1171 legis-lator
2580 1100 2813 1170 Moyses,
2844 1106 2898 1151 et
2928 1096 3185 1166 magister
3222 1101 3407 1149 vester
3438 1092 3633 1148 Iesus.

2258 1193 2319 1248 L.
2369 1192 2508 1246 Tum
2549 1191 2790 1246 Petrus:
2824 1189 2942 1244 Non
2996 1188 3092 1241 tibi
3122 1186 3339 1240 videtur
3388 1185 3650 1239 amentia:
3692 1199 3785 1239 res

2184 1300 2328 1350 esse,
2359 1297 2605 1338 asserere
2630 1282 2768 1336 velle
2796 1279 3128 1350 quempiam,
3153 1274 3299 1346 quod
3331 1274 3405 1329 sit
3449 1275 3599 1327 alius
3637 1272 3778 1326 Deus

2186 1392 2349 1447 quam
2379 1376 2525 1431 Deus
2554 1373 2822 1435 omnium,
2854 1378 2909 1426 et
2944 1370 3152 1433 dicere,
3180 1376 3311 1437 puto
3360 1381 3489 1421 esse
3514 1366 3774 1418 virtutem

2185 1469 2498 1540 quamdam,
2530 1475 2584 1523 et
2607 1466 2931 1537 priusquam
2974 1462 3078 1531 ipsi
3123 1469 3337 1515 certum
3391 1458 3465 1512 sit
3504 1455 3662 1526 quod
3702 1456 3781 1509 lo-

2184 1563 2391 1632 quitur,
2419 1561 2527 1615 hoc
2553 1560 2690 1615 velle
2718 1558 2841 1614 aliis
2867 1555 3238 1611 conﬁrmare?
3268 1553 3436 1607 Estne
3469 1550 3679 1620 aliquis
3707 1551 3781 1603 ita

2186 1666 2449 1721 prweeps,
2479 1649 2573 1719 qui
2602 1649 2782 1706 verbis
2828 1648 2941 1703 tuis
2960 1646 3172 1713 credat,
3194 1645 3251 1699 in
3279 1643 3488 1714 quibus
3514 1651 3572 1696 te
3602 1644 3780 1710 ipsum

485 1782 649 1836 quam
681 1766 887 1822 Scriba;
917 1775 969 1821 et
1009 1764 1289 1829 Pharisaei,
1320 1772 1571 1832 suscepta
1620 1762 1863 1817 scientia:
1900 1762 2070 1826 clave,

2178 1744 2359 1798 videat
2388 1743 2765 1809 dubitantem;
2804 1748 2862 1794 et
2890 1739 3143 1794 admittat
3166 1752 3291 1794 esse
3323 1736 3575 1806 aliquam
3606 1736 3781 1788 virtu-

486 1874 599 1913 non
627 1860 1033 1918 concluserant,
1068 1857 1162 1912 sed
1193 1855 1546 1911 excluserunt
1573 1854 1637 1909 ⁸⁸.
1671 1854 1806 1909 Nam
1837 1854 1883 1909 si
1915 1857 2074 1926 igno-

486 1958 702 2006 rasscnt
747 1965 936 2005 verum
982 1948 1172 2012 Deum,
1217 1963 1495 2018 nunquam
1549 1947 1741 2018 utique
1790 1948 1955 2018 hujus
1993 1947 2073 2002 rei

486 2041 769 2096 scientiam
799 2041 1135 2111 relinquens,
1170 2053 1291 2109 quae
1316 2046 1434 2093 erat
1456 2038 1702 2092 omnium
1735 2047 1922 2110 caput,
1958 2041 2075 2095 cul-

485 2139 640 2203 paret
663 2148 758 2187 eos
787 2132 854 2187 de
884 2133 1069 2201 parvis
1098 2138 1152 2186 et
1186 2130 1451 2197 minimis,
1490 2130 1542 2184 id
1586 2140 1669 2187 est
1691 2132 1838 2201 quod
1876 2132 2076 2186 dilata-

483 2232 607 2277 rent
635 2222 877 2279 fimbrias
907 2237 1058 2286 suas,
1084 2231 1137 2277 et
1155 2223 1362 2292 primos
1399 2222 1685 2278 accubitus
1720 2224 1775 2278 in
1804 2224 2074 2279 conviviis

483 2314 846 2374 vindicarent.
872 2321 926 2369 et
954 2314 1100 2384 quod
1137 2314 1193 2368 in
1220 2314 1527 2385 quadriviis
1574 2321 1787 2371 stantes
1831 2324 2073 2379 orarent,

483 2412 540 2459 et
569 2406 675 2458 alia
708 2404 796 2458 his
814 2403 1038 2467 similia,
1065 2417 1185 2471 quae
1210 2404 1400 2474 utique
1428 2419 1493 2457 ex
1525 2403 1933 2472 comparalione
1958 2419 2073 2457 ma-

484 2495 577 2565 gni
610 2496 777 2564 hujus
801 2496 1019 2565 capitis,
1067 2498 1395 2567 ignorantia:
1437 2495 1555 2560 Dei,
1593 2497 1790 2568 exigua
1823 2494 2078 2553 viﬂentur

483 2593 540 2640 et
568 2600 756 2654 parva.

557 2676 765 2731 XLVII.
798 2676 863 2730 Et
897 2678 1084 2732 Simon
1118 2678 1188 2732 ad
1212 2678 1325 2733 haec
1352 2680 1427 2733 ait
1459 2698 1473 2733 :
1504 2679 1581 2733 Ex
1614 2681 1799 2735 verbis
1830 2679 2076 2751 magistri

485 2771 563 2822 hii
591 2768 914 2822 convincam
944 2775 1019 2833 te,
1053 2770 1180 2838 quia
1204 2769 1371 2823 etiam
1402 2772 1518 2839 ipse
1547 2771 1854 2840 ignoratum
1884 2786 2078 2840 quem-

484 2858 609 2913 dam
642 2858 899 2911 omnibus
926 2858 1225 2911 introducit
1256 2858 1448 2914 Deum.
1482 2860 1619 2914 Cum
1644 2860 1791 2915 enim
1815 2869 1867 2915 et
1904 2860 2074 2914 Adam

484 2958 784 3006 creatorem
827 2966 986 3005 suum
1030 2952 1215 3005 scierit
1247 2950 1437 3015 Deum,
1481 2953 1780 3022 mundique
1825 2954 2077 3008 condito-

2176 1846 2285 1892 tem
2319 1836 2649 1905 incognitam
2717 1832 2953 1889 creatori
2979 1830 3111 1898 Deo,
3145 1838 3200 1886 et
3231 1828 3428 1901 Moysi,
3452 1834 3515 1883 et
3544 1826 3779 1897 prophe-

2175 1928 2267 1989 tis,
2318 1936 2372 1983 et
2405 1928 2529 1997 legi.
2585 1933 2640 1981 et
2675 1924 2803 1981 Iesu
2847 1925 3012 1980 etiam
3056 1923 3319 1992 magistro
3370 1927 3614 1986 nostro,
3663 1933 3781 1987 quae

2178 2022 2353 2075 virtus
2401 2020 2474 2072 ita
2516 2019 2658 2073 bona
2705 2018 2798 2080 sit,
2827 2025 2888 2071 ut
2920 2015 3056 2070 nulli
3096 2014 3227 2069 velit
3265 2014 3646 2074 innotescere,
3676 2010 3778 2065 nisi

2178 2109 2273 2164 uni
2297 2115 2537 2177 tantum,
2563 2115 2618 2162 et
2646 2108 2748 2162 hoc
2778 2108 2875 2161 tibi
2906 2104 3184 2160 tali?Tum
3215 2104 3419 2159 deinde
3448 2105 3499 2157 si
3531 2117 3676 2157 nova
3698 2109 3781 2155 est

2178 2204 2283 2257 ista
2306 2201 2503 2265 virtus,
2537 2198 2810 2270 quomodo
2838 2198 2999 2253 nobis
3033 2212 3143 2251 non
3171 2196 3263 2251 dat
3299 2210 3508 2250 novum
3545 2194 3781 2262 aliquem

2178 2309 2402 2351 sensum
2455 2303 2650 2364 praeter
2695 2292 2797 2348 hos
2837 2306 2977 2360 quos
3014 2291 3255 2361 gerimus
3303 2288 3576 2358 quinque,
3612 2294 3675 2339 ut
3713 2301 3780 2340 ex

2178 2387 2300 2458 ipso
2340 2387 2409 2442 ab
2457 2402 2523 2441 ea
2564 2386 2722 2442 nobis
2761 2385 2958 2453 largito
3001 2397 3146 2438 novo
3196 2397 3387 2447 sensu,
3432 2380 3616 2449 ipsam
3660 2393 3783 2448 qua:

2177 2494 2320 2534 nova
2350 2486 2437 2535 est
2459 2492 2655 2549 capere
2694 2486 2747 2532 et
2786 2476 3087 2547 intelligere
3115 2472 3432 2546 possimus?
3461 2479 3562 2526 aut
3591 2471 3640 2525 si
3673 2486 3779 2523 non

2179 2578 2357 2643 potest
2402 2572 2610 2641 largiri,
2642 2571 2918 2641 quomodo
2948 2569 3047 2624 tibi
3074 2556 3273 2638 largita
3310 2566 3439 2621 est?
3466 2571 3567 2617 aut
3605 2564 3653 2617 si
3684 2564 3776 2616 tibi

2178 2663 2460 2726 revelavit,
2482 2678 2583 2718 cur
2632 2677 2740 2717 non
2764 2672 2817 2716 et
2843 2658 3038 2715 nobis?
3071 2657 3127 2712 Si
3150 2672 3281 2711 vero
3307 2673 3341 2710 a
3372 2656 3672 2724 temetipso
3695 2655 3781 2707 in-

2179 2758 2458 2821 tellexisti,
2490 2771 2613 2827 qum
2648 2771 2719 2810 ne
2754 2754 3031 2826 prophetae
3059 2751 3276 2821 quidem
3319 2750 3534 2804 sentire
3575 2758 3670 2801 aut
3695 2748 3781 2801 in-

2181 2850 2425 2920 telligere
2452 2856 2768 2918 potuerunt,
2799 2847 2889 2901 dic
2926 2858 3025 2915 age
3064 2843 3224 2899 nobis
3258 2856 3409 2895 nunc
3438 2840 3577 2909 quid
3608 2855 3780 2893 unus-

2179 2941 2414 3010 quisque
2446 2947 2696 2994 nostrum
2731 2936 2938 3007 cogitat
2964 2953 2978 2989 :
3015 2932 3073 2987 Si
3102 2932 3248 2987 enim
3290 2939 3487 2984 tantus
3521 2939 3611 2984 est
3640 2928 3696 2982 in
3726 2936 3783 2983 te

482 3054 618 3101 rem,
647 3046 702 3093 et
733 3038 940 3101 Enoch,
972 3039 1172 3108 quippe
1201 3039 1297 3107 qui
1332 3040 1399 3093 ab
1441 3054 1507 3094 eo
1544 3040 1848 3095 translatus
1881 3048 1985 3102 est,
2016 3047 2072 3097 et
2095 3072 2140 3131 ο
2177 3033 2427 3103 spiritus,
2459 3038 2601 3086 utea
2631 3045 2753 3101 qum
2782 3042 2948 3098 super
2969 3026 3138 3081 cmlos
3170 3030 3319 3085 sunt,
3353 3022 3640 3091 incognita
3666 3036 3781 3074 om.

480 3126 617 3192 Noe,
646 3135 834 3199 utpote
864 3129 930 3183 ab
971 3143 1039 3185 eo
1080 3130 1278 3198 jussus
1322 3144 1505 3183 arcam
1539 3141 1878 3197 construere,
1909 3146 2033 3187 eum
2060 3168 2065 3173 -

481 3234 588 3289 que
623 3226 676 3273 et
703 3219 1002 3283 Abraham,
1047 3226 1102 3274 et
1153 3220 1324 3283 Isaac,
1363 3228 1419 3275 et
1443 3219 1634 3286 Iacob,
1662 3230 1717 3277 et
1752 3221 1985 3294 Moyses,
2015 3234 2070 3281 et

481 3326 695 3375 omnes,
732 3312 1018 3382 omnisque
1041 3313 1277 3382 populus
1306 3321 1471 3383 atque
1518 3330 1712 3370 omnes
1744 3326 1936 3385 gentes
1967 3334 2069 3372 no-

483 3402 659 3455 verint
689 3402 1027 3457 conditorem
1058 3404 1268 3469 mundi,
1299 3414 1353 3459 ct
1383 3406 1656 3461 fateantur
1686 3406 1877 3473 Deum,
1906 3409 2069 3467 Iesus

482 3498 681 3555 vester,
707 3493 798 3562 qui
825 3493 983 3563 longe
1011 3496 1285 3563 posterior
1305 3494 1563 3552 Patribus
1589 3500 1867 3567 apparuit,
1892 3501 2027 3556 dicit
2052 3522 2065 3558 :

484 3580 655 3636 Nemo
687 3582 829 3637 novit
860 3582 1085 3645 Filium,
1117 3585 1222 3638 nisi
1264 3585 1446 3648 Pater,
1479 3602 1638 3656 neque
1679 3587 1895 3642 Patrem
1926 3592 2063 3662 quis,

482 3675 588 3729 nisi
617 3672 811 3742 Filius,
839 3685 889 3731 et
915 3676 1001 3730 cui
1028 3676 1252 3731 voluerit
1282 3676 1459 3731 Filius
1479 3680 1714 3734 revelare
1735 3681 1800 3737 ⁸⁸.
1834 3683 1911 3736 Ita
1940 3700 2071 3755 ergo

480 3772 536 3821 et
556 3763 716 3822 Iesus
754 3774 933 3821 vester
977 3768 1143 3821 alium
1184 3784 1308 3823 esse
1338 3768 1509 3823 Deum
1545 3770 2069 3841 incomprehensibi-

481 3855 589 3910 Iem
621 3856 878 3911 omnibus
903 3866 957 3911 et
987 3857 1322 3927 incognitum
1354 3857 1572 3915 fatetur.

552 3938 783 3998 XLVIII.
822 3947 849 3999 Ἰ
890 3962 960 3999 un
995 3945 1191 4002 Petrus
1225 3967 1239 4001 :
1270 3948 1577 4014 Contraria,
1626 3951 1824 4022 inquit,
1856 3953 2070 4009 tibimet

479 4037 583 4106 ipsi
616 4047 669 4091 te
695 4036 940 4107 proferre
974 4054 1083 4092 non
1111 4040 1302 4096 sentis.
1338 4040 1394 4094 Si
1422 4042 1568 4096 enim
1599 4051 1651 4097 et
1674 4040 1835 4100 Iesus
1879 4054 2069 4101 noster

478 4127 583 4181 scit
616 4122 802 4191 istum,
840 4143 999 4197 quem
1032 4128 1171 4184 dicis
1202 4129 1539 4200 incognitum
1570 4132 1762 4201 Deum,
1794 4150 1924 4205 ergo
1955 4137 2067 4205 jam

479 4231 588 4270 non
619 4230 650 4269 a
680 4223 733 4271 te
759 4217 875 4271 solo
906 4225 988 4271 est
1020 4221 1294 4289 cognitus.
1325 4221 1439 4276 Imo
1469 4223 1513 4276 si
1538 4220 1698 4278 Iesus
1729 4234 1917 4280 noster
1945 4242 2068 4281 eum

480 4310 652 4371 novit,
678 4308 890 4379 Moyses
919 4326 1157 4381 quoque,
1190 4313 1284 4383 qui
1313 4322 1370 4368 et
1407 4314 1592 4370 Iesum
1626 4327 1914 4371 venturum
1947 4335 2070 4374 esse

2173 3126 2337 3181 nibus
2376 3132 2433 3179 et
2482 3122 2743 3178 omnibus
2791 3114 3374 3189 incomprehensibilia
3423 3127 3777 3184 cognoscas,

2169 3215 2346 3269 multo
2396 3212 2613 3267 facilius
2651 3211 3014 3282 cogitationes
3047 3208 3319 3263 humanas
3359 3220 3489 3276 qua
3520 3205 3576 3259 in
3610 3203 3781 3258 terris

2170 3307 2442 3362 habentur
2469 3305 2744 3375 agnoscis.
2774 3302 2927 3369 Quod
2959 3302 3004 3356 si
3037 3301 3397 3372 cogitationes
3429 3308 3658 3353 nostras
3683 3297 3777 3366 qui

2171 3398 2261 3453 hic
2286 3404 2501 3453 stamus
2530 3413 2636 3450 non
2664 3405 2822 3466 potes
2860 3398 3025 3459 scire,
3048 3392 3323 3464 quomodo
3351 3407 3419 3448 ea
3458 3406 3587 3461 quas
3606 3390 3779 3445 nullis

2169 3504 2294 3547 esse
2322 3490 2540 3560 cognita
2562 3489 2818 3550 allirmas,
2847 3488 2989 3543 scire
3019 3497 3070 3542 te
3099 3487 3281 3543 dicis?

2242 3580 2328 3635 LI.
2360 3580 2534 3635 Crede
2558 3587 2737 3635 autem
2772 3579 2927 3643 mihi,
2959 3579 3087 3649 quia
3126 3592 3408 3648 nunquam
3441 3578 3622 3632 scires
3644 3577 3775 3648 quid

2170 3682 2254 3729 est
2276 3674 2390 3737 lux,
2417 3674 2523 3729 nisi
2550 3675 2618 3729 ab
2648 3673 2765 3743 ipsa
2808 3673 2931 3727 luce
2959 3672 3269 3742 accepisses
3300 3677 3352 3724 et
3383 3669 3567 3724 visum
3600 3678 3656 3723 et
3683 3672 3771 3723 iu-

2171 3772 2446 3827 tellectum
2484 3771 2741 3837 videndi;
2776 3771 2857 3825 sic
2886 3777 2942 3825 et
2978 3770 3033 3823 in
3075 3769 3309 3825 caeteris.
3358 3766 3501 3820 Hinc
3545 3773 3771 3833 accepta

2172 3862 2557 3933 intelligentia,
2590 3862 2768 3931 majus
2797 3859 3002 3930 aliquid
3032 3867 3090 3914 et
3121 3858 3419 3914 sublimius
3447 3857 3656 3911 somnii
3683 3859 3772 3909 in-

2171 3962 2291 4011 star
2317 3955 2618 4024 excogitas,
2668 3954 2963 4007 occasione
3013 3960 3191 4005 tamen
3235 3967 3302 4004 ex
3344 3949 3471 4003 istis
3524 3948 3771 4019 quinque

2172 4046 2427 4103 sensibus
2456 4051 2694 4115 sumpta,
2726 4059 2961 4115 quorum
2985 4042 3230 4114 largitori
3254 4043 3507 4111 ingratus
3527 4057 3613 4095 es.
3640 4041 3771 4096 Cer-

2170 4144 2261 4192 tus
2290 4143 2469 4190 autem
2494 4142 2635 4198 esto,
2659 4134 2804 4205 quod
2834 4134 3009 4188 donec
3046 4147 3155 4186 non
3184 4129 3405 4184 invenis
3434 4143 3647 4184 novum
3671 4128 3772 4181 ali-

2172 4245 2333 4299 quem
2363 4245 2606 4292 scnsum,
2631 4229 2723 4298 qui
2746 4234 2901 4282 extra
2925 4227 3026 4281 hos
3053 4224 3295 4297 quinque
3324 4225 3397 4279 sit
3420 4222 3632 4292 quibus
3661 4237 3773 4275 om-

2171 4339 2272 4379 nes
2299 4323 2527 4383 utimur,
2559 4335 2761 4375 novum
2791 4334 3041 4375 asserere
3086 4333 3199 4373 non
3231 4316 3440 4387 poteris
3466 4314 3672 4369 Deum.
3704 4314 3768 4367 Et

477 4401 819 4470 praphetavit
847 4403 965 4456 sine
993 4403 1161 4458 dubio
1190 4420 1289 4459 nec
1315 4404 1430 4475 ipse
1455 4407 1727 4477 ignoravit
1753 4424 1875 4462 eum
1897 4427 1914 4475 ;
1937 4426 2055 4479 pro-
2099 4423 2142 4477 ι)
2176 4416 2366 4471 Simon
2391 4434 2404 4471 :
2432 4414 2567 4471 Cum
2590 4413 2833 4484 quinque
2863 4411 3120 4468 sensibus
3146 4416 3401 4464 constent
3428 4405 3624 4461 omnia
3651 4420 3769 4475 qua:

476 4492 641 4561 pheta
668 4494 816 4547 enim
858 4504 996 4558 erat,
1026 4504 1081 4549 et
1111 4495 1206 4565 qui
1255 4497 1322 4551 de
1372 4497 1510 4552 Filio
1554 4499 1918 4569 prophetavit,
1950 4502 2069 4556 sine

476 4583 645 4639 dubio
675 4595 1005 4655 cognoverat
1034 4585 1271 4642 Patrem.
1306 4588 1362 4642 Si
1402 4591 1547 4644 enim
1581 4591 1635 4644 in
1675 4593 1956 4647 voluntate
1984 4601 2069 4649 est

475 4674 600 4730 Filii
634 4679 875 4734 revelare
924 4679 1141 4735 Patrem
1189 4683 1277 4735 cui
1328 4682 1581 4746 voluerit,
1632 4683 1826 4748 Filius,
1869 4701 1963 4755 qui
1997 4686 2069 4741 ab

473 4770 634 4828 initio
662 4780 715 4827 et
742 4788 957 4844 semper
987 4790 1109 4827 cum
1134 4774 1296 4830 Patre
1330 4776 1430 4829 fuit
1465 4792 1562 4845 per
1606 4777 1852 4847 singulas
1897 4795 2065 4848 quas-

474 4876 582 4932 que
611 4864 1013 4932 generationes,
1042 4865 1184 4919 sicut
1216 4866 1476 4919 revelavit
1504 4865 1675 4939 Moysi
1717 4867 1952 4933 Patrem,
1988 4870 2063 4924 ita

474 4962 529 5008 et
558 4955 682 5009 aliis
710 4958 1020 5027 prophetis;
1051 4959 1197 5028 quod
1230 4959 1277 5015 si
1318 4968 1422 5024 est,
1456 4962 1591 5015 nulli
1645 4961 1863 5019 Patrem
1892 4964 2064 5021 fuisse

475 5045 814 5116 incognitum
850 5058 1086 5104 constat.
1122 5049 1245 5103 Tibi
1273 5066 1402 5105 vero
1435 5054 1527 5122 qui
1578 5052 1772 5107 Filium
1799 5070 1906 5109 non
1941 5070 2063 5110 cre-

473 5136 581 5200 dis,
605 5140 882 5208 quomodo
903 5143 1079 5211 potuit
1112 5142 1340 5198 revelari
1382 5142 1564 5208 Pater,
1603 5146 1695 5214 qui
1726 5123 1858 5199 nulli
1900 5154 2064 5202 notus

472 5236 578 5292 est,
602 5229 708 5284 nisi
738 5231 827 5285 cui
860 5233 1092 5288 voluerit
1125 5234 1297 5291 Filius
1322 5237 1598 5290 revelare?
1629 5236 1850 5291 Revelat
1877 5248 2058 5293 autem

472 5316 644 5375 Filius
667 5320 888 5377 Patrem
910 5325 997 5378 his
1017 5326 1113 5395 qui
1146 5326 1222 5380 ita
1253 5327 1621 5381 bonorilicant
1650 5327 1871 5397 Filium,
1909 5332 2056 5385 sicut

478 5411 838 5470 honorificam
864 5415 1080 5473 Patrem
1096 5420 1161 5474 ".

543 5504 729 5562 XLIX.
762 5508 899 5563 Tum
928 5511 1116 5566 Simon
1146 5532 1156 5566 :
1185 5512 1474 5579 Memento,
1497 5515 1693 5587 inquit,
1727 5514 1852 5586 quia
1883 5514 2050 5569 (ilium

545 5724 591 5758 θ’
614 5724 766 5782 Deut.
803 5744 917 5799 xm,
955 5728 1059 5784 1-5.

1164 5730 1205 5763 ⁸⁸⁵
1246 5728 1434 5785 Matth.
1468 5748 1536 5798 Vt,
1563 5732 1647 5785 55.
1726 5733 1765 5759 ⁵⁵
1803 5729 1931 5784 Lux
1972 5745 2043 5791 x1,
2079 5731 2165 5783 iii.

2172 4514 2321 4569 sunt,
2359 4504 2497 4558 nihil
2543 4519 2745 4557 novum
2778 4501 2978 4556 addere
3012 4500 3192 4553 virtus
3242 4498 3331 4550 illa
3367 4496 3596 4551 cunctis
3627 4494 3764 4549 emi-

2172 4599 2390 4655 nentior
2422 4603 2621 4667 potest.
2649 4594 2714 4648 Et
2742 4593 2938 4648 Petrus
2961 4593 3037 4645 ait
3065 4611 3077 4645 :
3113 4589 3332 4646 Falsum
3362 4597 3469 4643 est.
3497 4588 3601 4642 Est
3619 4588 3761 4642 enim

2169 4700 2224 4747 et
2275 4690 2414 4744 alius
2445 4698 2634 4744 sextus
2681 4701 2909 4745 sensus.
2966 4684 3021 4737 id
3076 4690 3161 4737 est
3205 4679 3635 4751 praenoscendi;
3675 4678 3759 4734 isti

2168 4783 2313 4835 enim
2344 4779 2585 4849 quinque
2613 4792 2810 4831 sensus
2841 4774 3085 4829 scicntia:
3117 4787 3347 4843 capaces
3378 4777 3535 4835 sunt,
3570 4780 3761 4825 sextus

2170 4880 2350 4926 autem
2384 4868 2741 4940 przescientia:
2784 4874 2889 4927 est,
2953 4880 3114 4935 quem
3170 4863 3411 4917 habuere
3451 4862 3755 4931 pmphetae.

2171 4965 2251 5018 Tu
2288 4977 2417 5033 ergo
2444 4959 2721 5030 quomodo
2748 4964 2904 5028 potes
2930 4955 3096 5010 Deum
3119 4955 3376 5009 omnibus
3408 4952 3757 5022 incognitum

2169 5070 2353 5115 nosse.
2387 5052 2483 5122 qui
2508 5066 2609 5105 nec
2639 5049 3017 5120 propheticum
3072 5062 3317 5110 sensum,
3355 5045 3453 5115 qui
3498 5054 3589 5100 est
3616 5062 3756 5115 prte—

2169 5146 2429 5209 scientiae,
2491 5140 2837 5213 cognovisti?
2887 5139 3025 5193 Tum
3077 5138 3265 5193 Simon
3296 5138 3467 5207 crepit
3517 5138 3751 5191 dicere:

2164 5236 2318 5290 Hanc
2346 5249 2510 5305 quam
2561 5232 2685 5286 dico
2743 5230 2999 5283 virtutem
3057 5225 3676 5296 incomprehensibilem
3705 5231 3753 5276 et

2162 5325 2582 5383 eminentiorem
2632 5322 2871 5383 cunctis,
2925 5319 3090 5374 etiam
3150 5318 3273 5388 ipso
3328 5316 3424 5386 qui
3478 5314 3749 5370 mundum

2163 5420 2407 5475 condidit
2435 5418 2569 5480 Deo,
2622 5432 2799 5486 neque
2852 5414 3171 5483 angelorum
3219 5412 3519 5482 quisquam
3574 5422 3751 5477 neque

2158 5516 2463 5569 daemonum
2505 5509 2657 5565 novit
2684 5521 2859 5579 neque
2904 5503 3243 5568 Iudaeorum,
3277 5518 3457 5573 neque
3490 5504 3603 5559 ulla
3636 5516 3747 5557 om-

2247 5728 2290 5757 “
2335 5727 2533 5781 Matth.
2574 5742 2647 5795 χι,
2680 5727 2769 5782 Ξῖ.
2852 5727 2893 5756 θ’
2932 5725 3089 5780 ιῐυαη.
3126 5742 3182 5790 δ’.
3211 5725 3305 5781 εδο
