3806 6238
170 289 293 344 ηπ

1305 275 1857 335 RECOGNITIONUM
1889 273 2015 329 LIB.
2051 272 2109 329 II.

3165 275 3298 330 1274

168 402 278 454 nino
302 402 414 467 quae
443 411 472 449 a
513 393 794 449 conditore
833 392 942 447 Deo
969 391 1207 446 substitit
1244 393 1676 454 creatura.Quo-
1707 398 1753 454 Α
1778 398 1994 437 causam
2032 383 2088 435 in
2143 381 2392 450 paradiso
2420 381 2634 449 posuit?
2681 379 2737 435 Si
2789 396 2913 435 vero
2958 380 3154 435 bonum
3184 393 3304 439 erat

167 488 308 544 modo
334 486 474 540 enim
503 474 928 554 poteratfquam
956 481 1180 536 Creator
1230 483 1342 549 ipse
1374 495 1481 533 non
1514 494 1676 532 nove-

164 584 256 637 rat,
295 575 372 626 lex
397 588 480 625 me
512 571 684 639 ipsius
713 570 988 626 Creatoris
1019 570 1261 636 educere,
1286 584 1405 623 cum
1433 581 1531 620 nec
1559 568 1674 636 ipsa

162 663 307 717 sciret
332 665 469 730 quod
498 663 747 716 doceret?

219 752 317 806 LII.
349 751 411 804 Et
469 751 661 805 Petrus
690 771 702 806 :
755 753 940 815 Miror,
973 751 1160 820 inquit,
1219 750 1486 820 quomodo
1524 754 1582 803 tu
1611 763 1674 802 ex

161 841 259 910 lege
290 841 404 908 plus
458 841 703 908 potueris
759 842 987 902 discere,
1023 856 1180 909 quam
1212 840 1404 894 docere
1428 839 1512 894 vel
1539 839 1677 893 scire

159 931 228 984 lex
257 930 497 997 poterat?
521 935 574 982 et
627 933 898 998 quomodo
945 930 1132 983 horum
1183 944 1300 997 qua:
1330 942 1567 982 asserere
1596 929 1676 982 vis

158 1019 483 1088 probationes
514 1018 666 1071 dicas
698 1025 750 1071 te
780 1035 845 1073 ex
888 1020 1000 1088 lege
1050 1019 1309 1086 proferre,
1341 1033 1460 1070 cum
1506 1033 1677 1085 neque

157 1107 310 1176 legem
339 1120 555 1160 asseras
601 1120 768 1159 nosse
794 1120 856 1159 ea
899 1121 1016 1175 qua:
1044 1106 1209 1168 dicis,
1236 1120 1406 1173 neque
1435 1119 1554 1159 eum
1585 1105 1675 1172 qui

153 1196 302 1265 legem
334 1195 498 1254 dedit,
545 1196 598 1249 id
655 1202 740 1250 est
779 1197 961 1250 mundi
991 1196 1337 1250 Creatorem?
1364 1195 1468 1250 Sed
1497 1207 1548 1250 et
1575 1196 1677 1248 hoc

151 1285 324 1346 miror,
355 1283 628 1351 quomodo
658 1292 716 1338 tu
771 1287 860 1354 qui
892 1287 1039 1341 solus
1069 1287 1178 1340 haec
1210 1287 1372 1354 nosti,
1407 1286 1494 1340 hic
1520 1289 1678 1341 modo

152 1387 258 1425 cum
289 1373 541 1427 omnibus
575 1381 690 1427 stes
743 1375 925 1430 brevis
973 1376 1092 1428 atrii
1127 1377 1287 1444 hujus
1342 1377 1544 1430 ambitu
1571 1377 1679 1431 cir-

151 1460 441 1516 cumdatus.
481 1461 549 1515 Et
581 1461 771 1517 Simon
799 1465 988 1519 videns
1024 1480 1145 1519 cum
1196 1468 1340 1520 omni
1373 1468 1570 1536 populo
1600 1469 1676 1521 ri-

150 1549 344 1603 dentem
401 1548 659 1604 Petrum:
687 1549 876 1614 Rides,
902 1551 1096 1619 inquit,
1131 1551 1306 1614 Petre,
1346 1566 1469 1607 cum
1502 1567 1678 1606 sermo

149 1638 206 1692 de
229 1639 384 1692 tantis
412 1639 574 1694 rebus
625 1649 678 1693 et
707 1647 818 1692 tam
848 1641 1202 1695 eminentibus
1224 1641 1514 1695 habeatur?
1545 1640 1676 1693 Tum

148 1725 322 1782 Petrus
352 1746 364 1780 :
395 1725 537 1790 Noli,
568 1728 770 1796 inquit,
816 1729 1082 1798 indignari
1136 1729 1341 1794 Simon,
1366 1730 1499 1783 nihil
1526 1730 1669 1784 enim

148 1823 322 1883 praeter
359 1816 780 1884 promissionem
830 1824 1068 1870 nostram
1098 1818 1352 1886 gerimus,
1381 1832 1552 1886 neque
1576 1831 1672 1870 au--

150 1923 227 1962 res
255 1916 466 1962 nostras
494 1907 826 1967 claudimus,
851 1914 910 1960 ut
939 1907 1178 1969 dicebas,
1211 1921 1382 1975 neque
1408 1907 1586 1960 statim
1613 1915 1672 1959 ut

150 1994 434 2052 audivimus
463 2004 574 2051 ate
623 1995 915 2050 ineffabilia
945 1994 1173 2064 proferri
1223 1995 1278 2047 in
1319 1995 1496 2064 fugam
1530 1994 1669 2048 versi

149 2101 338 2147 sumus,
370 2088 460 2141 sed
480 2103 546 2141 ne
570 2087 694 2140 loco
724 2086 941 2154 quidem
984 2085 1136 2138 moti.
1167 2083 1347 2152 Neque
1368 2084 1509 2138 enim
1535 2084 1672 2136 veri-

149 2171 326 2226 similia
363 2174 551 2227 saltem
608 2175 789 2241 aliqna
827 2171 1171 2239 proferuntur
1193 2172 1290 2224 abs
1319 2177 1389 2231 te,
1431 2185 1550 2239 qua:
1574 2185 1672 2224 nos

150 2263 340 2330 possint
369 2263 712 2332 aliquatenus
744 2261 1030 2323 deterrere,
1058 2266 1149 2313 aut
1179 2270 1323 2312 certe
1349 2260 1492 2327 aperi
1517 2258 1672 2312 nobis

149 2351 539 2421 intelligentiam
568 2352 700 2406 dicti
745 2350 925 2419 hujus,
954 2352 1223 2420 quomodo
1269 2357 1324 2402 tu
1357 2365 1421 2403 ex
1449 2351 1564 2418 lege
1591 2349 1671 2402 di-

151 2440 328 2498 diceris
353 2441 541 2506 Deum,
569 2458 731 2511 quem
775 2443 854 2495 lex
891 2441 1004 2510 ipsa
1051 2441 1242 2503 nescit,
1275 2448 1326 2492 et
1355 2453 1510 2506 quem
1559 2438 1674 2506 ipse

151 2530 232 2599 qui
260 2531 420 2600 legem
447 2532 627 2600 posuit
674 2531 903 2600 ignoret.
936 2529 998 2581 Et
1024 2527 1208 2582 Simon
1235 2544 1248 2579 :
1272 2527 1346 2589 Si,
1374 2528 1565 2595 inquit,
1592 2526 1671 2579 ri-

151 2619 306 2676 dendo
349 2623 598 2685 cessasti,
630 2621 977 2675 evidentibus
1012 2619 1397 2672 assertionibus
1425 2631 1674 2684 compro-

149 2707 290 2763 babo.
322 2707 384 2762 Et
412 2709 602 2764 Petrus
631 2711 710 2762 ait
739 2727 753 2763 :
785 2709 925 2773 Quin
975 2708 1237 2768 desinam,
1269 2713 1328 2759 ut
1352 2705 1554 2774 possim
1583 2704 1670 2759 di-

147 2808 422 2860 scereate,
455 2799 733 2868 quomodo
784 2807 840 2851 tu
885 2812 914 2852 a
963 2799 1078 2867 lege
1127 2797 1396 2859 didiceris,
1423 2811 1541 2865 quae
1587 2797 1669 2850 lex

150 2891 300 2942 nescit
319 2899 369 2942 et
389 2906 504 2958 quae
531 2891 647 2958 ipse
677 2888 815 2942 Deus
853 2889 983 2956 legis
1013 2888 1236 2955 ignoret.

209 2978 332 3034 LIII.
361 2980 422 3032 Et
449 2980 637 3033 Simon
665 2979 841 3041 :Audi,
867 2979 1062 3047 inquit,
1080 2976 1420 3031 manifestum
1452 2985 1535 3031 est
1559 2991 1671 3030 om-

153 3071 293 3125 nibus
343 3079 394 3125 et
446 3070 705 3125 ineffabili
759 3070 987 3138 quadam
1046 3069 1250 3122 ratione
1304 3076 1670 3138 compertum,

153 3175 299 3212 unum
334 3176 453 3215 esse
482 3160 672 3222 Deum,
724 3159 813 3227 qui
868 3158 938 3212 sit
975 3160 1211 3212 omnium
1263 3159 1473 3222 melior,
1507 3174 1535 3211 a
1565 3176 1675 3228 quo

153 3262 294 3303 cuine
325 3251 460 3317 quod
495 3257 597 3311 est,
624 3249 858 3317 sumpsit
884 3247 1185 3310 exordium,
1214 3249 1355 3302 unde
1383 3255 1436 3302 et
1480 3263 1670 3304 neces-

155 3341 283 3392 sario
305 3340 536 3407 subjecta
561 3346 691 3394 sunt
718 3340 763 3392 ei
794 3339 969 3391 omnia
999 3353 1118 3406 qua:
1156 3346 1274 3407 post
1303 3339 1476 3408 ipsum
1525 3349 1670 3403 sunt,

153 3429 282 3481 velut
335 3430 560 3497 principi
617 3427 858 3479 omnium
917 3433 969 3480 et
1021 3427 1377 3480 eminentiori.
1411 3425 1519 3495 Ego
1545 3442 1674 3496 ergo

154 3531 261 3569 cum
290 3520 656 3588 cognovissem
711 3516 874 3570 Deum
925 3518 1065 3570 hunc
1095 3518 1184 3584 qui
1216 3525 1488 3570 creaverat
1517 3533 1674 3570 mun-

154 3604 286 3668 dum,
320 3608 614 3661 secundum
651 3605 792 3673 quod
836 3605 916 3656 lex
947 3605 1123 3666 docet,
1150 3605 1203 3658 in
1235 3607 1415 3658 multis
1443 3621 1562 3659 esse
1592 3606 1676 3658 in-

155 3692 371 3758 firmum,
401 3696 555 3766 longe
580 3703 759 3747 autem
794 3692 1044 3745 abhorret
1072 3692 1352 3747 intirmitas
1382 3708 1410 3744 a
1438 3693 1674 3760 perfecto

155 3779 266 3844 Deo,
289 3792 340 3837 et
369 3785 510 3837 hunc
532 3785 764 3837 viderem
790 3797 894 3834 non
924 3797 1043 3835 esse
1076 3781 1389 3850 perfectum,
1419 3798 1671 3836 necessa-

153 3871 223 3924 rio
257 3875 411 3927 alium
459 3890 579 3927 esse
631 3872 863 3925 intellexi
915 3872 1005 3940 qui
1053 3881 1194 3925 esset
1249 3872 1537 3940 perfectus.
1576 3872 1672 3926 llic

150 3961 300 4026 enim,
331 3970 387 4015 ut
422 3964 552 4024 dixi,
603 3961 892 4015 secundum
930 3959 1068 4028 quod
1101 3960 1376 4028 Scriptura
1418 3962 1550 4029 legis
1575 3962 1675 4014 do-

152 4053 246 4108 cet,
271 4047 322 4100 in
347 4050 528 4102 multis
552 4048 796 4100 infirmus
826 4062 946 4100 esse
975 4048 1404 4116 deprehenditur.
1425 4050 1470 4080 ⁸⁸
1494 4049 1674 4103 Primo

151 4136 281 4199 quod
315 4137 472 4188 homo
501 4152 658 4205 quem
693 4137 992 4203 plasmavit,
1027 4153 1135 4189 non
1166 4141 1336 4206 potuit
1364 4155 1674 4206 permanere

149 4225 261 4277 talis
290 4227 496 4293 qualem
549 4227 663 4294 ipsc
715 4225 970 4287 voluerat,
999 4233 1052 4279 et
1089 4227 1213 4294 quia
1241 4244 1339 4281 nec
1369 4231 1540 4283 bonus
1566 4236 1667 4294 est,

1771 475 1912 543 quod
1941 475 1994 528 in
2032 472 2284 542 paradiso
2327 473 2527 542 posuit,
2557 488 2665 526 non
2686 483 2770 528 est
2793 473 2918 526 boni
2940 474 3224 542 prohibere
3272 492 3304 529 a

1771 564 1929 617 bono.
3121 605 3124 610 .

1841 651 1970 706 LIV.
2011 651 2100 706 Sic
2126 667 2254 722 ergo
2278 669 2399 722 cum
2431 653 2477 707 is
2505 652 2596 720 qui
2625 651 2893 706 hominem
2925 651 3052 707 fecit
3073 663 3126 707 et
3149 669 3308 708 mun-

1771 740 1919 803 dum,
1944 743 2236 795 secundum
2263 757 2330 795 ea
2369 756 2488 810 qua:
2515 739 2598 794 lex
2627 741 2792 794 refert
2819 741 3162 810 imperfectus
3211 744 3301 804 sit,

1773 832 1935 884 alium
1963 833 2081 886 sine
2111 832 2273 885 dubio
2301 831 2392 885 dat
2424 832 2648 900 intelligi
2671 831 2762 899 qui
2786 832 3054 898 perfectus
3083 834 3173 886 sit.
3201 831 3306 886 Ne-

1774 935 1927 974 cesse
1961 929 2045 974 est
2069 923 2211 974 enim
2260 936 2380 975 esse
2410 922 2640 989 aliquem
2679 920 2917 973 omnium
2970 923 3308 989 prastantio-

1775 1023 1903 1070 rem,
1926 1017 2142 1078 propter
2169 1024 2324 1078 quem
2353 1018 2404 1063 et
2425 1011 2600 1063 omnis
2625 1017 2868 1063 creatura
2890 1009 3131 1064 ordinem
3148 1027 3304 1064 suum

1775 1105 1970 1152 servat.
1997 1098 2148 1154 Unde
2169 1109 2222 1153 et
2253 1114 2351 1168 ego
2381 1101 2580 1162 sciens,
2604 1101 2728 1168 quia
2750 1100 3057 1154 omnimodo
3088 1116 3308 1156 necesse

1773 1194 1858 1240 est
1886 1201 2004 1241 esse
2048 1189 2278 1257 aliquem
2333 1188 2696 1250 benigniorem
2742 1196 2794 1240 et
2841 1188 3191 1255 potentiorem
3219 1203 3304 1252 eo,

1773 1275 1864 1343 qui
1896 1276 2062 1345 legem
2111 1276 2275 1339 dedit,
2309 1277 2620 1345 imperfecto
2653 1277 2775 1338 deo,
2808 1293 2874 1334 ex
2906 1279 3308 1348 comparatione

1775 1364 2069 1431 imperfecti
2122 1365 2413 1433 perfectum
2458 1364 2585 1433 quid
2643 1367 2713 1418 sit
2748 1366 3070 1434 intelligens,
3101 1382 3164 1420 cx
3193 1367 3306 1435 ipsa

1777 1451 2053 1520 Scriptura
2097 1452 2263 1507 Deum
2323 1453 2474 1506 illttm
2505 1453 2570 1508 de
2610 1469 2716 1522 quo
2747 1457 3002 1523 scriptum
3033 1472 3139 1508 non
3167 1463 3304 1517 erat,

1776 1537 2030 1592 intellexi.
2066 1538 2128 1591 Et
2153 1540 2253 1592 hoc
2277 1540 2432 1592 modo
2450 1540 2662 1607 potui,o
2679 1538 2854 1602 Petre,
2872 1556 2936 1594 ex
2963 1541 3076 1609 lege
3099 1541 3310 1596 discere

1777 1627 1919 1693 quod
1949 1629 2223 1682 nesciebat
2279 1628 2384 1682 lex.
2414 1627 2567 1693 Quod
2599 1636 2652 1681 et
2700 1629 2748 1682 si
2799 1629 2883 1682 lex
2913 1644 3019 1681 non
3070 1629 3309 1682 dedisset

1706 1721 1742 1775 li
1772 1718 1992 1779 indicia,
2024 1718 2221 1786 quibus
2265 1717 2607 1786 colligeretur
2644 1717 2989 1786 imperfectus
3015 1734 3134 1772 esse
3166 1719 3307 1774 Deus

1769 1806 1861 1876 qui
1887 1805 2129 1860 condidit
2157 1806 2436 1866 mundum,
2471 1806 2600 1859 mihi
2630 1807 2884 1874 possibile
2905 1816 3038 1869 erat,
3059 1811 3218 1863 etiam
3241 1825 3308 1863 ex

1769 1895 1854 1948 his
1879 1910 2001 1963 quae
2053 1895 2106 1948 in
2163 1893 2266 1948 hoc
2312 1895 2511 1948 mundo
2533 1902 2792 1964 geruntur
2821 1897 2976 1951 malis
3003 1913 3102 1951 nec
3126 1913 3309 1952 emen-

1769 1986 1984 2048 dantur,
2009 1987 2279 2055 colligere,
2336 1986 2419 2038 vel
2450 1986 2578 2054 quia
2614 1985 2970 2054 impossibilis
2997 1994 3080 2041 est
3101 1995 3309 2040 creator

1772 2075 1911 2142 ejus,
1943 2075 2034 2142 qui
2055 2075 2193 2127 male
2211 2081 2358 2142 gesta
2390 2089 2495 2126 non
2521 2074 2763 2142 corrigit,
2789 2077 2833 2128 si
2859 2089 2966 2128 non
3001 2083 3196 2144 petest,
3223 2076 3309 2129 vel

1770 2165 1814 2218 si
1846 2180 1953 2217 non
1979 2163 2092 2217 vult
2113 2161 2326 2230 auferre
2351 2164 2510 2228 mala,
2528 2163 2642 2233 ipse
2668 2149 2840 2220 malus
2867 2167 2958 2228 sit,
2981 2166 3029 2220 si
3058 2183 3184 2222 vero
3209 2184 3307 2222 ne-

1770 2269 1874 2321 que
1903 2259 2076 2321 potest
2102 2267 2276 2320 neque
2303 2252 2436 2314 vult,
2489 2266 2589 2306 nec
2634 2260 2824 2320 potens
2859 2269 2960 2308 nec
3012 2254 3185 2309 bonus
3214 2255 3306 2311 sit.

1770 2342 1834 2394 Et
1859 2358 1923 2396 ex
1951 2342 2034 2397 bis
2062 2356 2282 2395 necesse
2336 2347 2419 2394 est
2467 2342 2666 2409 colligi,
2705 2343 2848 2410 quod
2899 2344 3036 2399 alius
3065 2345 3136 2398 sit
3167 2344 3308 2399 Deus

1769 2431 2007 2485 omnium
2039 2431 2376 2498 praestantior
2395 2438 2448 2486 et
2479 2433 2764 2499 potentior.
2806 2433 2890 2487 Ad
2919 2433 3032 2488 haec
3083 2435 3129 2488 si
3176 2435 3308 2504 quid

1770 2520 1938 2576 habes
1967 2520 2170 2584 dicere,
2199 2536 2306 2574 non
2338 2523 2587 2576 moreris.

1837 2609 1946 2664 LV.
1975 2609 2166 2665 Petrus
2193 2612 2470 2680 respondit
2497 2631 2510 2664 :
2537 2611 2722 2668 Solent
2753 2615 2872 2676 ista,
2903 2629 2936 2668 ο
2963 2613 3169 2679 Simon,
3203 2617 3304 2670 ab-

1770 2698 1932 2753 surda
1975 2700 2233 2755 adversus
2277 2701 2440 2755 Deum
2489 2703 2736 2756 meditari
2783 2703 2836 2756 hi
2866 2705 2956 2772 qui
2988 2705 3152 2773 legem
3199 2720 3308 2760 non

1771 2793 2042 2859 magistris
2082 2791 2417 2845 tradentibus
2465 2792 2671 2860 legunt,
2721 2793 2814 2846 sed
2858 2795 3178 2861 semetipsos
3207 2794 3308 2848 do-

1770 2889 1949 2936 ctores
1977 2883 2178 2936 habent
2203 2888 2258 2936 et
2279 2889 2467 2950 putant
2496 2897 2556 2936 se
2587 2883 2884 2951 intelligere
2905 2898 3064 2952 posse
3101 2884 3270 2952 legem
3287 2925 3308 2951 ,

1773 2986 1930 3039 quam
1956 2972 2058 3025 sibi
2085 2986 2193 3025 non
2217 2971 2466 3040 exposuit
2495 2971 2586 3024 ille
2610 2971 2748 3040 quia
2768 2972 3025 3041 magistro
3039 2972 3304 3029 didicerit.

1775 3059 2152 3115 Verumtamen
2166 3077 2330 3124 nunc,
2349 3069 2408 3114 ut
2422 3069 2473 3116 et
2487 3077 2588 3114 nos
2609 3061 2902 3116 secundum
2926 3071 3073 3117 tuum
3091 3078 3310 3118 sensum

1776 3150 2108 3220 Scripturam
2145 3153 2276 3220 legis
2300 3153 2449 3220 sequi
2487 3151 2787 3213 videamur,
2818 3152 2943 3219 quia
2973 3162 3028 3205 et
3051 3153 3308 3221 impossi-

1773 3241 1930 3295 bilem
1957 3248 2010 3295 et
2039 3256 2144 3294 non
2167 3241 2365 3294 bonum
2391 3240 2527 3294 dicis
2557 3242 2768 3295 ostendi
2795 3243 3137 3297 Conditorem
3154 3260 3310 3298 mun-

1772 3330 1848 3393 di,
1883 3332 2152 3399 quomodo
2182 3346 2288 3383 non
2321 3330 2498 3384 vidisti
2543 3331 2684 3398 quod
2729 3331 2918 3384 iisdem
2957 3332 3090 3400 ipsis
3125 3349 3309 3401 repre-

1774 3419 2126 3474 hensionibus
2148 3420 2449 3474 succumbit
2472 3428 2525 3472 et
2555 3421 2796 3486 subjacet
2824 3421 2983 3473 etiam
3008 3422 3113 3474 ista
3135 3423 3308 3478 virtus

1772 3517 1886 3572 tua,
1913 3523 2075 3576 quam
2114 3509 2251 3562 dicis
2290 3524 2411 3562 esse
2445 3509 2850 3562 eminentiorem
2893 3511 3170 3565 omnium?
3205 3512 3308 3566 Eo—

1773 3599 1891 3652 dem
1922 3613 2156 3666 namque
2183 3597 2342 3650 modo
2369 3597 2435 3651 de
2462 3600 2577 3665 ipsa
2603 3599 2710 3651 dici
2741 3606 2935 3667 potest,
2976 3601 3100 3669 quia
3126 3605 3306 3658 omnia

1772 3705 1890 3758 qua
1915 3689 2001 3742 hic
2023 3691 2160 3742 male
2185 3696 2463 3756 geruntur,
2489 3695 2582 3740 aut
2600 3688 3176 3760 impossibili‘destqua:
3200 3708 3306 3747 non

1773 3778 2014 3846 corrigit,
2034 3784 2126 3829 aut
2152 3778 2197 3830 si
2227 3783 2401 3844 potest
2424 3787 2476 3830 et
2503 3791 2611 3829 non
2637 3777 2772 3838 vult,
2792 3778 2941 3831 malai
2961 3788 3061 3832 est.
3096 3778 3151 3832 Si
3177 3796 3306 3834 vero

1773 3882 1945 3936 neque
1981 3874 2158 3934 potest
2190 3881 2361 3935 neque
2392 3866 2526 3929 vult,
2558 3874 2612 3920 et
2645 3853 2995 3934 impossibilis
3028 3875 3082 3921 et
3109 3869 3308 3936 imper-

1774 3957 1909 4010 fecta
1936 3964 2038 4010 est.
2071 3954 2222 4009 Unde
2248 3970 2355 4008 non
2397 3957 2570 4009 solum
2602 3955 2762 4008 simili
2793 3956 2963 4023 culpae
2986 3957 3162 4012 virtus
3193 3960 3302 4014 ista

1773 4054 1864 4098 tua
1893 4059 2048 4107 nova,
2083 4045 2173 4098 sed
2199 4051 2251 4097 et
2276 4045 2530 4097 deteriori
2555 4043 2824 4106 invenitur
2851 4047 3103 4109 obnoxia,
3137 4048 3182 4103 si
3212 4064 3306 4102 su-

1772 4150 1868 4204 per
1897 4137 2010 4188 haec
2036 4135 2221 4187 omnia
2253 4135 2412 4188 etiam
2441 4150 2562 4187 cum
2607 4149 2712 4187 non
2745 4137 2834 4197 sit,
2871 4149 2990 4190 esse
3029 4137 3302 4194 credatur.

1772 4225 1903 4279 Nam
1934 4227 1979 4279 is
2017 4225 2107 4293 qui
2139 4225 2394 4276 mundum
2427 4225 2647 4289 creavit,
2672 4225 2773 4279 hoc
2812 4225 2983 4293 ipsum
3009 4229 3149 4295 quod
3175 4229 3303 4282 διώ*

150 4314 229 4380 qui
259 4317 426 4383 primo
452 4315 651 4369 homini
682 4315 860 4381 posuit
895 4316 1081 4384 legem,
1115 4325 1180 4369 ut
1201 4318 1268 4370 ab
1289 4321 1536 4373 omnibus
1549 4323 1671 4388 qui-
1700 4324 1742 4379 υ
1771 4316 1990 4370 sistitex
2009 4314 2298 4382 opereejus
2316 4328 2421 4380 quo
2437 4314 2694 4366 mundum
2712 4316 2972 4380 condidit,
2993 4318 3166 4385 palam
3192 4326 3297 4380 est,

149 4397 257 4450 dem
284 4401 436 4471 lignis
481 4406 711 4473 paradisi
737 4407 914 4459 ederet
936 4448 948 4466 ,
978 4406 1042 4458 de
1064 4408 1208 4474 ligno
1236 4415 1410 4461 autem
1436 4411 1671 4462 scientiae

151 4500 248 4538 non
277 4493 632 4561 contingeret,
666 4496 756 4547 sed
809 4495 852 4548 si
908 4504 1176 4563 gustasset
1213 4506 1530 4552 moreretur.
1563 4501 1672 4553 Cur

148 4576 278 4628 enim
310 4589 510 4634 vetaret
560 4599 679 4636 eum
708 4584 846 4637 vesci
875 4592 926 4636 et
971 4587 1109 4639 scire
1133 4586 1256 4654 quid
1307 4596 1447 4639 esset
1473 4591 1668 4641 bonum

150 4665 225 4716 vel
247 4669 371 4735 quid
427 4678 644 4732 malum,
682 4685 738 4724 ut
787 4688 962 4727 sciens
1021 4677 1156 4726 mala
1209 4676 1422 4743 quidem
1459 4678 1668 4740 vitaret,

149 4750 280 4808 bona
308 4773 433 4811 vero
467 4761 722 4830 eligeret?
766 4760 866 4814 Sed
921 4778 1090 4830 neque
1115 4764 1228 4831 ipse
1254 4766 1352 4818 hoc
1378 4768 1666 4830 concessit,

147 4848 196 4892 et
225 4848 344 4912 quia
378 4848 467 4902 ille
509 4857 697 4916 pmter
743 4851 1049 4903 mandatum
1091 4855 1324 4921 gustavit
1364 4861 1416 4907 et
1456 4857 1668 4925 agnovit

148 4934 266 4998 quid
295 4949 433 4992 esset
463 4940 680 4999 bonum.
707 4955 766 4992 ac
789 4941 972 4994 didicit
1000 4943 1216 4994 honoris
1242 4947 1408 5011 gratia
1438 4947 1667 4999 verenda

148 5031 422 5094 contegere
473 5029 803 5097 (indecorum
831 5031 970 5084 enim
996 5032 1162 5085 sensit
1187 5034 1435 5087 revelatis
1463 5035 1670 5102 puden-

148 5110 227 5166 dis
257 5125 398 5172 stare
447 5127 568 5175 ante
597 5121 902 5174 Creatorem
951 5119 1154 5188 suum),
1187 5121 1274 5174 ille
1301 5139 1421 5176 eum
1451 5125 1540 5192 qui
1571 5125 1668 5179 ho-

147 5214 323 5257 norem
354 5206 464 5261 Deo
508 5209 715 5263 deferre
766 5208 1041 5273 didicerat,
1075 5216 1243 5261 morte
1267 5213 1590 5266 condemnat
1615 5221 1668 5267 et

151 5294 377 5359 serpenti
401 5297 491 5363 qui
519 5298 630 5350 haec
669 5297 994 5360 ostenderat,
1029 5295 1316 5350 maledicit.
1352 5297 1453 5351 Sed
1485 5301 1666 5369 utique

149 5383 191 5430 sl
213 5381 480 5440 lazdendus
502 5402 565 5440 ex
597 5387 696 5439 hoc
715 5393 829 5441 erat
855 5389 1010 5440 homo
1029 5424 1042 5448 ,
1070 5399 1168 5436 cur
1195 5387 1418 5439 omnino
1442 5388 1665 5442 laedendi

1772 4407 1914 4458 sicut
1951 4405 2110 4456 etiam
2163 4404 2276 4470 ipse
2308 4402 2602 4457 confiteris.
2649 4403 2756 4458 Ista
2787 4411 2915 4459 vero‘
2940 4406 3113 4459 virtus
3142 4422 3302 4472 quam

1769 4502 1822 4548 te
1852 4495 2024 4548 solum
2057 4493 2193 4546 scire
2223 4491 2380 4550 dicis,
2401 4494 2606 4548 nullum
2625 4494 2691 4546 dc
2721 4509 2778 4547 se
2801 4494 3055 4547 indicium
3082 4496 3302 4564 praebet,

1770 4599 1865 4652 per
1897 4584 2039 4651 quod
2075 4583 2175 4635 huc
2223 4583 2397 4651 ipsum
2429 4583 2616 4637 saltem
2648 4583 2790 4652 quod
2817 4591 2898 4637 est
2924 4591 2979 4637 et
3018 4585 3298 4646 subsistit,

1771 4673 2038 4742 possimus
2086 4672 2381 4726 advertere.

1839 4761 1970 4815 LVI.
2001 4762 2167 4826 Quale
2195 4769 2276 4815 est
2308 4777 2454 4830 ergo,
2489 4769 2547 4814 ut
2568 4761 3001 4830 derelinquamus
3031 4762 3221 4826 Deum,
3246 4765 3302 4818 in

1771 4852 1927 4920 cujus
1949 4852 2148 4905 mundo
2173 4852 2400 4905 vivimus
2421 4861 2475 4904 et
2501 4852 2753 4906 omnibus
2779 4852 2844 4905 ad
2868 4853 3031 4906 vitam
3055 4868 3302 4907 necessa-

1772 4945 1870 4997 riis
1901 4943 2147 5004 fruimur,
2179 4951 2232 4996 et
2265 4955 2551 5010 sequamur
2581 4943 2766 4996 nescio
2790 4958 2978 5010 quem,
3009 4943 3165 5009 cujus
3192 4959 3300 4996 non

1771 5037 1944 5089 solum
1979 5033 2114 5087 nihil
2159 5031 2539 5100 consequimur
2579 5032 2736 5094 boni,
2770 5032 2860 5085 sed
2894 5048 2959 5085 ne
2987 5033 3087 5085 hoc
3118 5033 3295 5101 ipsum

1771 5125 1984 5192 quidem
2008 5163 2024 5189 ,
2053 5121 2196 5191 quod
2235 5121 2326 5180 sit,
2367 5121 2508 5174 scire
2551 5136 2839 5190 possumus
2863 5159 2878 5183 ,
2923 5122 3129 5176 scilicet
3174 5122 3300 5191 quia

1772 5229 1870 5267 nec
1905 5221 2020 5276 est;
2055 5212 2166 5265 sive
2192 5211 2330 5263 enim
2357 5226 2478 5264 eum
2515 5211 2686 5263 lucem
2710 5211 2945 5280 appelles
2975 5220 3026 5265 et
3049 5212 3166 5266 luce
3197 5213 3299 5264 ista

1771 5317 1929 5369 quam
1966 5298 2235 5354 cernimus
2263 5299 2544 5351 eiariorem
2567 5337 2580 5359 ,
2621 5314 2812 5352 nomen
2845 5301 3018 5369 ipsum
3055 5317 3082 5354 a
3112 5303 3297 5356 mundi

1769 5391 2053 5444 Conditore
2074 5387 2367 5452 mutuaris;
2389 5388 2500 5442 sive
2528 5388 2880 5442 substantiam
2908 5391 3108 5446 dixeris
3137 5405 3301 5460 super

215 5518 402 5585 “Quae
428 5532 723 5594 sequuntur
753 5524 1004 5580 vocabula
1036 5535 1206 5590 usque
1237 5521 1304 5576 ad
1366 5521 1454 5576 illa
1505 5538 1622 5592 cap.
1679 5539 1792 5596 seq.
1827 5539 1888 5578 ex
1919 5521 2320 5589 comparatione,
2371 5527 2499 5582 ctc.,
2554 5520 2748 5574 desunt
2803 5521 2854 5575 in
2893 5535 3118 5594 utroque
3171 5520 3294 5576 cod.

155 5579 288 5652 Lips.
