3872 6386
523 262 666 321 12⁸75

519 378 708 435 omnia
729 420 745 445 ,
777 376 1203 450 intelligentiam
1245 378 1376 433 hinc
1411 378 1627 449 profers
1663 396 1788 435 cum
1824 382 2097 439 sermonis

518 482 839 544 augmento;
869 474 984 527 sive
1006 480 1262 536 mentem,
1299 472 1413 527 sive
1439 472 1892 537 bonitatem,sive
1908 473 2095 541 vitam,

518 566 635 621 sive
665 565 815 619 aliud
858 566 989 635 quid
1033 565 1460 628 niemoraveris,
1494 565 1623 619 hinc
1662 566 1933 620 vocabula
1978 583 2099 622 mu-

516 662 714 716 tuaris.
768 658 906 713 Cum
930 673 1061 727 ergo
1108 657 1244 711 nihil
1283 660 1409 711 novi
1454 657 1522 711 de
1556 658 1647 711 illa
1683 658 1884 713 virtute
1933 674 2097 728 quam

515 755 680 817 dicis,
723 768 832 807 non
884 752 1063 806 solum
1097 749 1166 803 ad
1220 749 1659 820 intelligendum,
1698 766 1885 805 verum
1921 766 1990 806 ne
2028 751 2096 806 ad

518 846 912 903 nominandum
941 843 1159 913 quidem
1195 842 1433 906 habeas,
1485 843 1761 913 quomodo
1792 842 2095 899 iutroducis

518 956 721 996 novum
750 938 940 997 Deum.
975 937 1133 1006 cujus
1164 952 1267 991 nec
1293 937 1715 1005 appellationem
1756 937 1978 1006 quidem
2010 938 2096 992 in-

514 1034 670 1090 venis
700 1031 934 1086 novam?
965 1029 1151 1084 Virtus
1182 1030 1328 1083 enim
1361 1044 1469 1082 non
1495 1028 1673 1083 solum
1690 1026 1919 1082 Creator
1935 1043 2095 1083 mun-

514 1127 571 1182 di
599 1125 840 1185 dicitur,
883 1122 979 1177 sed
1025 1130 1079 1177 et
1124 1121 1367 1175 ministri
1413 1121 1601 1192 gloria:
1643 1120 1765 1189 ejus
1804 1121 2093 1191 omnisque

513 1217 708 1272 militia
734 1215 999 1271 ccelestis.
1033 1214 1151 1267 Non
1180 1214 1279 1268 tibi
1304 1228 1436 1282 ergo
1462 1213 1661 1267 melius
1688 1213 1904 1267 videtur
1931 1229 2054 1269 esse
2073 1254 2087 1277 ,

512 1320 574 1366 ut
591 1324 888 1381 sequamur
917 1308 1179 1361 factorem
1212 1313 1462 1359 nostrum
1488 1303 1680 1367 Deum,
1708 1311 1967 1373 tanquam
1996 1319 2092 1373 pa-

510 1412 652 1459 trem
691 1401 1034 1457 erudieutem
1084 1413 1187 1452 nos
1216 1404 1269 1451 et
1314 1397 1647 1451 imbuentem
1681 1396 1825 1451 sicut
1847 1396 1964 1465 ipse
1991 1409 2092 1449 no-

512 1497 626 1551 vit?
643 1493 799 1561 Quod
827 1501 882 1547 et
908 1492 955 1546 si
984 1491 1056 1545 sit
1078 1488 1301 1559 aliquis,
1329 1496 1389 1541 ut
1414 1498 1471 1542 tu
1494 1489 1634 1543 dicis
1659 1487 1950 1557 benignior
1972 1502 2091 1541 om-

513 1588 668 1643 nium
701 1586 867 1646 Deus,
895 1591 1106 1638 certum
1141 1589 1225 1635 est
1255 1581 1380 1650 quia
1408 1594 1518 1633 non
1549 1580 1808 1633 irascitur
1835 1579 2017 1643 nobis,
2042 1579 2088 1631 si

510 1694 641 1736 vero
706 1677 963 1733 irascitur
1030 1676 1208 1729 malus
1258 1680 1366 1727 est.
1401 1671 1598 1726 Noster
1638 1678 1823 1725 autem
1866 1669 2009 1725 Deus
2040 1672 2086 1725 si

512 1770 769 1826 irascitur
795 1778 850 1824 et
870 1767 1131 1829 vindicet,
1160 1780 1269 1819 non
1302 1773 1388 1819 est
1411 1764 1590 1818 malus
1615 1762 1712 1818 sed
1730 1763 1937 1831 justus,
1961 1778 2087 1832 pro-

508 1865 661 1934 prios
681 1863 828 1919 enim
869 1860 1012 1914 ﬁlios
1050 1858 1279 1927 corripit
1314 1864 1368 1911 et
1392 1855 1670 1911 emendat.
1708 1855 1801 1910 Ille
1832 1870 1962 1910 vero
1987 1856 2085 1925 qui

508 1956 648 2011 nihil
688 1953 976 2008 nobiscum
1001 1951 1166 2005 habet
1195 1948 1436 2017 negotii,
1464 1946 1511 2002 si
1543 1947 1826 2001 vindicare
1866 1946 1997 2001 velit
2031 1950 2085 2000 in

506 2063 631 2111 nos,
662 2045 940 2117 quomodo
965 2045 1142 2098 bonus
1168 2042 1310 2097 erit?
1338 2039 1606 2110 supplicia
1641 2054 1866 2095 sumens
1894 2038 1961 2093 de
1985 2052 2087 2091 no-

505 2141 617 2203 bis,
648 2138 796 2209 quod
828 2152 938 2191 non
963 2135 1227 2191 derelicto
1265 2141 1419 2205 patre
1466 2140 1659 2186 nostro
1698 2132 1877 2208 ipsum
1906 2132 2084 2186 secuti

505 2246 700 2285 sumus
734 2228 995 2283 inanibus
1024 2225 1441 2296 suspicionibus
1475 2226 1662 2289 tracti,
1697 2225 1973 2295 quomodo
1990 2240 2083 2281 er-

505 2337 575 2393 go
623 2323 725 2377 iste
755 2320 884 2374 talis
919 2321 1097 2374 bonus
1142 2333 1172 2372 a
1202 2327 1255 2373 te
1284 2317 1587 2383 asseritur,
1620 2317 1718 2388 qui
1758 2331 1861 2373 nec
1896 2316 2083 2388 justus

506 2413 740 2481 intelligi
789 2418 990 2480 potest.

574 2502 732 2558 LVII.
768 2502 907 2556 Tum
946 2500 1175 2556 Simon:
1212 2499 1523 2556 Tantumne
1556 2516 1731 2565 erras.
1772 2501 1973 2571 Petre,
2017 2512 2079 2560 ut

502 2599 743 2661 nescias,
785 2598 913 2667 quia
963 2595 1163 2649 animai
1192 2600 1397 2648 nostra:
1427 2610 1455 2646 a
1498 2593 1643 2647 bono
1682 2592 1793 2648 Deo
1825 2604 1955 2649 sunt
1986 2595 2080 2651 illo

499 2694 743 2749 omnium
765 2689 1167 2761 praistantiore,
1191 2686 1286 2743 sed
1319 2687 1549 2755 captiva.-
1590 2686 1841 2741 deductae
1867 2697 1998 2742 sunt
2022 2688 2078 2743 in

499 2787 646 2840 hunc
678 2784 974 2839 mundum?
1002 2780 1064 2835 Et
1106 2779 1300 2835 Petrus
1332 2799 1344 2832 :
1382 2778 1526 2849 Ergo
1558 2794 1667 2833 non
1695 2787 1780 2833 est
1816 2779 2078 2836 omnibus

500 2879 833 2948 incognitus,
867 2877 1012 2930 sicut
1036 2873 1199 2943 paqu
1222 2878 1347 2925 ante
1375 2870 1631 2944 dicebas;
1656 2879 1711 2926 et
1736 2879 1919 2927 tamen
1941 2887 2079 2943 quo-

498 2970 663 3026 modo
693 2968 919 3022 indulsit
946 2968 1124 3020 bonus
1153 2963 1297 3018 Deus
1325 2961 1697 3031 captivitatem
1728 2962 1844 3017 fieri
1868 2963 2079 3017 anima-

500 3077 619 3115 rum
654 3074 900 3124 suarum,
933 3058 978 3114 si
1012 3066 1131 3112 erat
1158 3071 1323 3126 super
1353 3071 1545 3110 omnes
1576 3056 1851 3125 potentior
1866 3055 2077 3109 virtus?

497 3153 563 3207 Et
594 3152 815 3206 Simon:
843 3148 962 3219 Ipse
1003 3148 1153 3203 misit
1178 3155 1483 3202 creatorem
1527 3146 1696 3200 Deum
1717 3185 1733 3211 ,
1766 3154 1825 3201 ut
1865 3147 2075 3202 conde--

496 3253 580 3299 ret
622 3242 885 3297 mundum
906 3281 920 3303 ,
954 3240 1049 3295 sed
1077 3241 1186 3305 ille,
1221 3238 1425 3292 mundo
1447 3238 1691 3301 condito,
1719 3240 2075 3309 semetipsum

496 3334 872 3406 pronuntiavit
902 3332 1093 3387 Deum.
1140 3330 1204 3384 Et
1234 3329 1432 3385 Petrus
1467 3350 1478 3384 :
1517 3329 1659 3400 Ergo
1695 3346 1807 3385 non
1850 3332 2074 3402 ignora-

494 3437 585 3482 tur
613 3427 683 3481 ab
702 3440 769 3479 eo
797 3425 889 3494 qui
924 3423 1170 3479 condidit
1193 3423 1458 3476 mundum
1486 3462 1500 3486 ,
1543 3432 1601 3476 ut
1634 3421 1890 3492 superius
1919 3423 2076 3477 dixe-

491 3533 609 3583 ras,
640 3517 735 3571 sed
767 3531 943 3585 neque
988 3515 1185 3569 animae
1217 3514 1473 3583 ignorant
1504 3530 1627 3568 cum
1652 3558 1666 3580 ,
1703 3514 1971 3584 siquidem
2005 3514 2074 3568 ab

492 3613 612 3685 ipso
643 3611 891 3665 abducta:
922 3615 1071 3663 sunt.
1104 3606 1205 3662 Cui
1233 3606 1495 3674 ergojam
1529 3606 1633 3660 erit
1664 3606 2000 3675 incognitus,
2024 3606 2072 3661 si

491 3712 549 3759 et
578 3701 767 3757 mundi
792 3701 1021 3755 Creator
1050 3698 1200 3752 novit
1228 3713 1373 3761 eum,
1397 3704 1456 3751 ut
1481 3698 1550 3751 ab
1580 3697 1696 3766 ipso
1723 3697 1950 3759 missus,
1984 3712 2072 3752 se—

490 3794 731 3849 cundum
762 3808 826 3849 ea
855 3808 976 3863 qua:
1008 3801 1065 3845 tu
1095 3791 1256 3853 dicis,
1283 3802 1338 3845 et
1371 3804 1563 3843 omnes
1591 3788 1787 3843 animai
1805 3796 2067 3859 tanquam

489 3887 561 3943 ab
583 3887 702 3956 ipso
734 3885 840 3939 huc
872 3884 1139 3940 violenter
1158 3881 1489 3937 abstractae?
1514 3878 1655 3933 Tum
1672 3879 1880 3935 deinde
1911 3880 2066 3936 dicas

489 3980 675 4043 velim,
704 3979 796 4049 qui
830 3978 1082 4031 mittebat
1112 3975 1449 4029 conditorem
1476 3971 1690 4036 mundi,
1717 3987 1823 4026 non
1856 3972 2067 4028 sciebat

488 4086 612 4127 eum
638 4071 731 4141 qui
764 4069 1102 4131 mittebatur,
1136 4066 1295 4121 fidem
1326 4080 1435 4118 non
1481 4063 1864 4119 servaturum?
1891 4064 1938 4119 si
1968 4080 2066 4120 ne-

485 4162 698 4220 sciebat
728 4160 993 4232 przescius
1035 4174 1143 4213 non
1168 4166 1317 4223 erat,
1351 4157 1397 4211 si
1423 4171 1555 4210 vero
1584 4156 1823 4227 praesciit
1852 4164 1906 4211 et
1937 4171 2064 4225 pas-

486 4269 584 4309 sus
612 4259 717 4316 est,
752 4252 876 4305 facti
926 4250 1091 4319 hujus
1140 4250 1256 4320 ipse
1281 4264 1409 4304 reus
1444 4255 1549 4311 est,
1573 4248 1667 4318 qui
1709 4262 1819 4302 non
1851 4248 2059 4316 vetuit;

484 4345 632 4416 quod
683 4344 727 4399 si
789 4359 896 4397 non
933 4342 1145 4412 potuit,
1171 4342 1520 4411 omnipotens
1557 4355 1667 4394 non
1697 4348 1802 4395 est.
1830 4339 1889 4395 Si
1927 4355 2059 4397 vero

485 4437 642 4509 quasi
673 4438 877 4491 bonum
902 4436 952 4488 id
987 4436 1169 4490 sciens
1195 4450 1304 4488 non
1337 4433 1635 4503 prohibuit,
1670 4434 1948 4490 invenitur
1967 4433 2060 4491 ille

486 4547 612 4587 esse
643 4531 840 4584 melior
855 4529 946 4599 qui
973 4528 1324 4597 praesumpsit
1349 4528 1529 4582 facere
1559 4526 1639 4593 id,
1668 4526 1815 4598 quod
1850 4527 1942 4582 ille
1963 4528 2059 4598 qui

482 4623 735 4679 mittebat
768 4621 1041 4691 ignoravit
1073 4620 1300 4675 bonum.

554 4711 736 4769 LVIII.
770 4712 835 4766 Et
869 4711 1057 4767 Simon
1084 4730 1097 4764 :
1133 4707 1412 4775 volentes,
1438 4708 1651 4780 inquit,
1682 4709 1750 4763 ad
1780 4725 1840 4765 se
1868 4708 2058 4766 venire

479 4807 713 4877 suscipit
748 4814 802 4862 et
830 4804 965 4876 ipsis
988 4803 1279 4861 benelacit.
1302 4802 1371 4855 Et
1399 4802 1595 4858 Petrus
1625 4822 1638 4859 :
1674 4801 1783 4857 Nec
1824 4802 1932 4857 hoc
1964 4817 2063 4858 no-

476 4914 607 4955 vum
634 4906 739 4957 est.
763 4897 868 4951 hoc
896 4897 1042 4951 enim
1066 4895 1195 4950 facit
1221 4902 1276 4949 et
1306 4895 1396 4949 hic
1425 4910 1584 4964 quem
1615 4893 1806 4947 mundi
1831 4902 2050 4950 creato-

476 5007 591 5047 rem
620 4990 831 5045 fateris.
870 4988 933 5043 Et
961 4987 1151 5042 Simon
1185 5006 1197 5041 :
1226 4985 1331 5042 Sed
1369 4989 1545 5043 bonus
1583 4986 1727 5042 Deus
1758 4994 1970 5041 tantum
2000 4987 2049 5042 si

474 5090 807 5153 agnoscatur
838 5081 1069 5137 salutem
1098 5088 1321 5151 praestat
1338 5079 1473 5150 (77),
1499 5080 1690 5134 mundi
1708 5086 1889 5133 autem
1912 5094 2050 5134 con-

545 5222 588 5292 9?
631 5219 1171 5292 Antei—relinquere
1202 5220 1373 5292 potuit
1394 5234 1501 5274 non
1529 5220 1782 5291 leguntur
1804 5222 1857 5276 in
1885 5222 2006 5278 cod.
2039 5220 2186 5292 Lips.

471 5288 699 5360 Reliqua
729 5290 929 5345 desunt
958 5289 1012 5342 in
1044 5290 1168 5343 cod.
1200 5289 1350 5360 Lips.

1374 266 1431 321 S.
1466 266 1859 323 CLEMENTIS
1891 266 1911 321 l
1944 267 2112 325 ROB.

2150 269 2353 327 PONT.
2395 271 2623 328 OPFRA
2662 274 2889 330 DUBIA.
3570 286 3677 344 1216

2124 390 2176 447 Α
2202 385 2347 439 ditor
2371 386 2541 457 exigit
2581 388 2748 443 etiam
2778 389 2954 458 legem
2994 388 3221 461 impleri.
3248 390 3310 446 Et
3340 391 3510 451 Petrus
3534 416 3543 451 :
3570 398 3679 473 Ergo

2199 484 2254 531 et
2277 476 2558 534 adulteros
2604 486 2661 535 et
2711 480 3018 537 homicidas
3066 483 3257 547 salvat,
3306 483 3348 539 si
3393 494 3681 556 cognoverint

2199 585 2347 634 eum,
2380 571 2556 627 bonos
2585 586 2767 627 autem
2800 580 2855 628 et
2884 573 3101 630 sobrios
3134 575 3215 630 vel
3258 564 3614 643 misericordes.
3645 585 3680 639 si

2199 662 2408 715 nullum
2444 662 2512 718 de
2538 678 2605 718 eo
2629 664 2890 719 indicium
2910 666 3185 735 capientes
3212 666 3539 736 ignoraverint
3562 688 3676 738 eum.

2198 768 2307 806 non
2350 754 2543 809 salvat.
2593 755 2846 827 Magnum
2879 764 2933 812 et
2974 759 3175 812 bonum
3216 758 3476 827 praedicas,
3501 764 3575 831 qui
3602 782 3683 819 nou

2198 852 2306 898 tam
2338 846 2509 901 malos
2540 847 2734 909 salvet,
2780 864 2943 918 quam
2974 850 3069 919 qui
3107 849 3262 904 bonis
3306 851 3489 903 nullam
3520 857 3685 908 miseri-

2196 935 2441 989 cordiam
2481 946 2720 1007 praestet.
2771 939 2837 993 Et
2885 940 3075 995 Simon
3120 958 3133 994 :
3169 941 3381 1012 Magnus
3418 959 3529 999 sane
3570 947 3687 1003 labor

2194 1035 2281 1080 est
2309 1042 2608 1098 agnoscere
2647 1046 2770 1085 eum
2798 1030 3018 1087 homini
3054 1033 3110 1087 in
3143 1049 3303 1089 carne
3339 1037 3510 1104 posito.
3543 1038 3687 1093 Omni-

2195 1117 2299 1172 bus
2328 1120 2472 1174 enim
2500 1122 2741 1177 tenebris
2771 1124 2989 1188 telrius,
3023 1132 3077 1179 et
3113 1127 3256 1179 omni
3284 1126 3389 1179 luto
3416 1130 3599 1197 gravius
3626 1142 3689 1186 est

2194 1226 2397 1281 corpus
2443 1212 2568 1272 hoc.
2614 1229 2723 1284 quo
2769 1215 3149 1269 circumdatur
3179 1217 3367 1272 anima.
3413 1217 3469 1270 Et
3499 1218 3684 1278 Petrus:

2195 1302 2335 1375 Ergo
2360 1305 2539 1360 bonus
2572 1308 2675 1362 iste
2719 1306 2863 1363 Deus
2894 1324 3017 1379 quae
3058 1308 3293 1362 diliicilia
3329 1318 3475 1376 sunt,
3518 1315 3685 1380 quaerit.

2192 1396 2298 1462 Qui
2329 1405 2513 1452 autem
2545 1414 2673 1454 vere
2706 1398 2852 1455 Deus
2887 1407 2973 1457 est
2994 1441 3007 1464 ,
3041 1399 3287 1453 faciliora
3316 1402 3511 1470 expetit.
3535 1401 3685 1458 Dimit-

2191 1495 2270 1542 tat
2302 1490 2486 1560 itaque
2516 1506 2616 1547 nos
2646 1492 2805 1562 quasi
2835 1492 3013 1546 bonus
3037 1491 3182 1562 apud
3213 1490 3415 1545 Patrem
3438 1500 3483 1547 et
3510 1493 3687 1549 Creato-

2191 1595 2307 1635 rem
2336 1589 2612 1647 nostrum,
2641 1591 2696 1638 et
2722 1583 2942 1652 quando
2974 1582 3386 1638 discesserimus
3427 1599 3455 1638 e
3478 1600 3689 1654 corpore,

2190 1680 2243 1726 et
2272 1674 2407 1727 istas
2434 1688 2573 1744 quas
2611 1673 2751 1730 dicis
2774 1674 3034 1730 tenebras
3056 1674 3445 1745 reliquerimus,
3470 1684 3577 1731 tunc
3595 1695 3688 1734 eum

2191 1764 2408 1821 facilius
2433 1780 2822 1837 agnoscemus,
2851 1773 2907 1820 et
2938 1772 3070 1821 tunc
3105 1767 3277 1836 magis
3306 1764 3472 1820 anima
3486 1769 3686 1823 condito-

2189 1873 2301 1912 rem
2334 1874 2493 1913 suum
2526 1858 2937 1929 esseintelliget
2957 1857 3154 1922 Deum,
3187 1865 3240 1913 et
3259 1858 3392 1928 apud
3423 1858 3573 1929 ipsum
3597 1878 3690 1931 per-

2189 1950 2463 2015 manebit,
2496 1966 2597 2006 nec
2632 1953 2778 2005 ultra
2816 1950 3053 2006 diversis
3094 1951 3501 2021 cogitationibus
3538 1950 3690 2023 fatiga-

2188 2040 2354 2104 bitur,
2379 2056 2557 2111 neque
2586 2043 2728 2097 volet
2754 2043 2822 2097 ad
2852 2043 3015 2097 aliam
3032 2041 3327 2113 confugere
3342 2042 3689 2112 virtutemque

2188 2133 2323 2186 nulli
2353 2134 2571 2204 cognita
2602 2142 2687 2190 est
2713 2136 2820 2189 nisi
2855 2133 3068 2189 Simoni
3097 2134 3236 2200 soli;
3261 2150 3376 2203 quae
3406 2140 3549 2188 tantas
3570 2134 3689 2188 boni-

2186 2225 2317 2280 tatis
2346 2233 2452 2289 est,
2489 2234 2548 2279 ut
2578 2226 2685 2280 nisi
2716 2227 2841 2296 quis
2880 2227 3035 2296 prius
3062 2227 3266 2297 impius
3295 2227 3537 2281 exstiterit
3562 2227 3603 2280 in
3619 2244 3690 2298 pa-

2185 2323 2398 2371 rentem
2429 2332 2591 2371 suum
2614 2356 2630 2382 ,
2690 2318 2757 2371 ad
2784 2319 2957 2388 ipsam
2984 2318 3176 2373 venire
3205 2333 3312 2372 non
3338 2318 3513 2388 possit.
3536 2316 3687 2374 Nescio

2185 2406 2463 2477 quomodo
2488 2408 2604 2462 haec
2633 2409 2811 2466 virtus
2842 2410 2926 2464 vel
2968 2410 3116 2465 bona
3157 2408 3241 2464 vel
3264 2409 3406 2478 justa
3432 2409 3695 2479 appellanda

2184 2500 2280 2564 sit,
2314 2500 2405 2554 cui
2435 2500 2651 2571 placere
2683 2515 2791 2555 non
2822 2508 3007 2572 potest
3026 2540 3041 2567 ,
3073 2500 3186 2556 nisi
3215 2501 3338 2572 quis
3360 2500 3506 2570 impie
3531 2516 3579 2555 se
3599 2516 3690 2571 ges-

2184 2591 2317 2646 serit
2349 2591 2406 2645 in
2436 2607 2560 2647 eum
2582 2607 2613 2647 a
2641 2608 2752 2663 quo
2783 2592 2963 2650 factus
2992 2602 3097 2649 est.

2254 2682 2393 2741 LIX.
2420 2684 2486 2739 Et
2519 2686 2709 2741 Simon
2746 2707 2758 2742 :
2798 2686 2915 2741 Non
2944 2696 3027 2743 est
3061 2688 3323 2757 impium,
3348 2685 3567 2741 utilitatis
3594 2700 3692 2755 gra-

2183 2782 2257 2834 tia
2291 2790 2347 2836 et
2377 2779 2516 2836 lucri
2547 2779 2774 2849 majoris
2797 2780 3096 2851 confugere
3128 2780 3196 2835 ad
3219 2796 3340 2835 eum
3361 2819 3376 2844 ,
3403 2780 3483 2850 qui
3508 2779 3689 2849 opulen-

2182 2872 2343 2928 tioris
2363 2880 2448 2928 est
2472 2872 2679 2942 gloriae.
2705 2871 2769 2925 Et
2806 2870 3006 2927 Petrus
3038 2892 3049 2926 :
3096 2870 3181 2936 Si,
3211 2879 3271 2926 ut
3301 2880 3353 2925 tu
3384 2870 3456 2925 ais
3475 2910 3488 2932 ,
3517 2886 3603 2923 non
3626 2880 3690 2923 est

2184 2964 2410 3035 impium
2450 2963 2748 3034 confugere
2789 2965 2855 3018 ad
2897 2965 3177 3028 alienum,
3212 2964 3378 3018 multo
3405 2964 3552 3033 magis
3576 2962 3695 3032 pium

2102 3065 2145 3122 c
2177 3064 2259 3111 est
2281 3072 2600 3126 permanere
2629 3057 2771 3126 apud
2798 3056 3080 3127 preprium
3104 3063 3335 3126 patrem,
3365 3054 3554 3109 etiamsi
3588 3068 3690 3123 pau-

2178 3164 2274 3219 per
2305 3150 2395 3203 sit.
2421 3146 2528 3202 Aut
2559 3148 2604 3202 si
2628 3149 2672 3179 ⁶⁹
2704 3164 2813 3202 non
2846 3156 3007 3217 putas
3034 3162 3163 3202 esse
3190 3147 3428 3216 impium,
3463 3154 3513 3199 ut
3544 3146 3692 3197 relicto

2175 3249 2327 3311 patre
2350 3249 2539 3296 nostro
2560 3239 2945 3310 confugiamus
2975 3240 3043 3293 ad
3067 3239 3241 3293 alium
3273 3238 3421 3309 quasi
3447 3237 3688 3297 meliorem,

2177 3349 2352 3401 neque
2380 3332 2652 3402 indignari
2678 3332 2859 3387 credis
2892 3347 2991 3402 pro
3014 3331 3123 3386 hoc
3154 3339 3450 3387 creatorem
3474 3338 3697 3392 nostrum,

2174 3424 2346 3477 multo
2375 3424 2549 3494 magis
2600 3424 2780 3478 bonus
2835 3422 2978 3478 Deus
3017 3438 3132 3477 non
3166 3422 3547 3491 indignabitur,
3577 3418 3690 3489 quod

2150 3531 2295 3570 cum
2327 3531 2576 3571 essemus
2605 3517 2673 3570 ab
2701 3530 2767 3570 eo
2793 3514 2977 3577 alieni,
2999 3532 3113 3569 non
3139 3514 3477 3584 confugimus
3493 3513 3549 3566 ad
3570 3524 3687 3567 eum.

2172 3609 2267 3664 sed
2294 3608 2698 3679 permansimus
2722 3607 2867 3677 apud
2907 3607 3230 3662 Creatorem
3263 3615 3527 3669 nostrum;
3557 3609 3600 3657 et
3615 3618 3692 3671 pu-

2171 3709 2227 3756 to
2255 3701 2398 3771 quod
2426 3717 2493 3756 ex
2518 3701 2625 3755 hoc
2656 3700 2831 3772 magis
2860 3700 3206 3755 collaudabit
3231 3714 3331 3754 nos
3355 3738 3368 3760 ,
3411 3697 3524 3766 quia
3566 3694 3691 3747 ﬁdem

2171 3807 2460 3849 servamus
2484 3792 2731 3848 Creatori
2766 3799 2958 3847 nostro
2988 3792 3124 3853 Deo,
3153 3790 3499 3847 considerans
3520 3789 3623 3859 quia
3649 3786 3685 3839 si

2169 3886 2255 3939 sui
2298 3884 2471 3955 ipsius
2509 3883 2827 3949 fuissemus,
2860 3900 3147 3954 nunquam
3177 3884 3527 3952 relinquentes
3550 3880 3695 3949 ipsum

2169 3978 2359 4033 seduci
2400 3977 2675 4032 illecebris
2708 3977 3081 4047 potuissemus
3123 3976 3341 4030 alienis.
3373 3972 3495 4027 Nam
3519 3971 3560 4026 si
3590 3975 3687 4039 qus

2167 4070 2607 4139 opulentioribus
2625 4070 2840 4125 illectus
2872 4067 3387 4139 pollicitationibus,
3407 4066 3572 4121 relicto
3591 4078 3689 4133 pro-

2164 4162 2285 4230 prio
2316 4169 2544 4232 parente
2588 4160 2868 4232 confugiat
2896 4160 2963 4215 ad
2996 4160 3241 4214 alienum
3265 4199 3280 4223 ,
3309 4166 3478 4228 potest
3500 4154 3614 4217 ﬁeri,
3644 4162 3688 4204 ut

2171 4254 2370 4309 iterum
2398 4254 2592 4310 relicto
2614 4270 2680 4310 eo
2700 4296 2717 4323 ,
2752 4253 2821 4309 ad
2846 4252 3011 4307 alium
3046 4260 3239 4324 pergat
3263 4252 3353 4322 qui
3376 4248 3560 4319 majora
3585 4260 3687 4317 pro-

2164 4349 2397 4416 miserit,
2443 4363 2509 4404 eo
2563 4348 2737 4418 magis
2780 4346 2931 4418 quod
2966 4345 3146 4416 ipsius
3183 4344 3434 4414 proprius
3471 4354 3566 4393 non
3594 4344 3693 4390 erat

2164 4439 2330 4504 ﬁlius,
2362 4440 2561 4510 quippe
2603 4439 2697 4510 qui
2738 4440 2902 4494 etiam
2930 4453 3081 4503 eum,
3115 4436 3213 4507 qui
3256 4436 3306 4491 ei
3351 4442 3528 4489 natura
3567 4436 3687 4501 pater

2158 4540 2305 4594 erat,
2338 4533 2648 4602 relinquere
2700 4530 2897 4601 potuit.
2952 4528 3016 4582 Et
3083 4526 3277 4582 Simon
3312 4526 3419 4597 (78)
3453 4544 3464 4580 :
3493 4521 3612 4589 Quid
3649 4520 3689 4574 si

2160 4624 2230 4679 ab
2260 4623 2351 4677 illo
2380 4632 2509 4677 sunt
2533 4622 2761 4688 animae,
2794 4630 2849 4676 et
2873 4622 3133 4691 ignorant
3149 4633 3300 4683 eum,
3328 4623 3383 4673 et
3400 4615 3484 4672 ille
3501 4621 3573 4669 est
3588 4624 3685 4667 vere

2160 4726 2315 4788 pater
2348 4716 2631 4788 ipsarum?

2232 4808 2342 4863 LX.
2380 4807 2445 4862 Et
2483 4806 2679 4862 Petrus
2709 4825 2721 4861 :
2754 4804 2922 4868 Satis,
2960 4803 3177 4873 inquit,
3214 4798 3456 4857 ostendis
3483 4810 3591 4851 eum
3618 4793 3684 4845 in-

2160 4899 2422 4954 validum.
2453 4898 2589 4953 Nam
2624 4897 2670 4954 si
2702 4895 2978 4967 potentior
2998 4933 3013 4957 ,
3062 4901 3121 4947 ut
3166 4894 3286 4957 ais,
3330 4889 3563 4945 omnibus
3588 4891 3681 4943 est.

2160 5006 2440 5062 nunquam
2476 4988 2770 5061 potentiori
2818 4986 3108 5041 invalidior
3152 4984 3329 5054 spolia
3364 4982 3407 5015 "
3431 4975 3682 5035 detraxisse

2160 5083 2466 5139 credendus
2494 5092 2576 5138 est
2600 5082 2669 5148 7‘,
2706 5088 2800 5135 aut
2832 5080 2878 5134 si
2912 5078 3088 5149 potuit
3113 5077 3170 5131 vi
3202 5075 3273 5130 ab
3302 5090 3367 5129 eo
3396 5072 3584 5127 animas
3607 5067 3677 5120 de-

2268 5221 2465 5277 "Luc.
2502 5236 2579 5285 XI,
2603 5220 2694 5274 22.
2773 5220 2815 5250 ⁷³
2839 5217 3192 5271 Detraxisset.
3224 5215 3424 5269 Videris
3446 5209 3575 5272 mihi,
3591 5212 3674 5260 etc.

1767 5405 2136 5462 COTELERII
2174 5407 2406 5464 NOT/E.

540 5546 653 5617 (77)
684 5546 861 5601 Bonus
900 5544 1037 5600 Deus
1086 5554 1294 5617 mutum
1342 5544 1390 5597 si
1431 5553 1770 5617 agnoscatur,
1811 5543 2038 5617 salutem

467 5612 706 5741 prmstézé.
729 5617 929 5673 Eadem
950 5616 1110 5671 docet
1150 5614 1359 5679 Simon,
1393 5617 1535 5683 apud
1577 5612 1838 5669 Irenaeum
1868 5615 1962 5668 lib.
1998 5631 2037 5678 I,

468 5705 589 5741 cun.
698 5728 709 5739 .

444 5705 746 5819 “iisiis:
777 5757 958 5814 Simon
1015 5755 1247 5813 Additur
1278 5756 1328 5808 in
1359 5756 1545 5811 codice
1569 5755 1841 5812 Carmclit.
1877 5754 2038 5810 scho-

2143 5543 2273 5597 Iium
2303 5562 2314 5597 :
2341 5542 2562 5599 Creator
2585 5544 2770 5598 mundi
2790 5560 3013 5614 corpora
3029 5543 3290 5615 condidit,
3319 5544 3374 5615 in
3394 5541 3566 5615 quibus
3583 5534 3679 5615 ᾳξύ-

2142 5630 2257 5686 mrts
2291 5631 2409 5684 qua:
2441 5625 2565 5669 sunt
2601 5615 2697 5686 Dei
2732 5605 2913 5686 magni
2952 5616 3206 5686 violenter
3236 5605 3446 5666 inclusit
3474 5626 3492 5664 :
3519 5618 3561 5663 et
3582 5605 3677 5686 ideo

2142 5677 2335 5736 animi}:
2369 5701 2471 5738 non
2509 5686 2578 5737 ad
2613 5677 2876 5749 alienum,
2920 5684 3010 5741 sed
3058 5684 3125 5737 ad
3165 5695 3373 5752 patrem
3408 5677 3673 5737 sumisz

2147 5753 2415 5822 redierint,
2451 5755 2517 5809 ad
2551 5757 2709 5810 istum
2750 5755 2917 5811 redire
2949 5773 3049 5811 non
3078 5762 3325 5823 possunt.
