3806 6266
161 280 312 335 ηπ

1377 286 1924 346 RECOGNITIONUM
1960 291 2085 348 LIB.
2126 290 2187 346 11.

3202 293 3339 351 I378

164 394 368 447 ducere
401 391 461 446 in
506 392 660 450 hunc
709 398 967 452 mundum
1000 406 1209 453 creator
1238 397 1413 463 Deus,
1446 399 1713 469 quomodo
1738 405 1783 460 Α
1813 401 1940 452 mihi
1973 402 2223 465 videbar,
2262 409 2314 456 et
2341 402 2638 472 cogitabam
2667 401 2734 456 de
2774 416 2837 457 ea
2867 417 2986 471 quae
3028 405 3335 460 conveniret

159 498 257 537 eas
292 497 524 551 corpore
555 485 786 544 emissas
808 496 860 543 et
892 489 1215 558 captivitatis
1242 490 1469 543 vinculis
1508 490 1713 544 resolu-

161 580 269 634 tas,
295 572 477 627 bonus
506 574 654 631 Deus
683 579 890 632 vocabit
919 580 986 633 ad
1020 595 1250 648 pmnam,
1278 594 1395 648 qua:
1421 594 1515 648 per
1543 580 1711 648 ipsius

156 662 245 713 vel
276 660 552 716 desidiam
597 667 682 720 vel
728 667 1116 733 infirmitatem,
1171 669 1407 722 abstrahi
1450 668 1517 721 ad
1570 670 1711 723 hunc

157 750 343 805 locum
379 762 435 806 et
466 754 669 807 involvi
704 771 925 825 corpore
955 758 1109 825 quasi
1140 758 1376 811 tenebris
1402 758 1711 827 ignorantiae

157 844 505 907 potuerunt?
531 842 745 899 Videris
769 847 897 899 mihi
932 847 1177 915 ignorare
1209 847 1335 915 quid
1372 848 1441 901 sit
1463 847 1618 902 Pater
1658 859 1709 901 et

157 928 327 994 Deus,
360 948 554 986 verum
586 942 638 987 et
671 935 860 988 animae
890 937 1026 989 unde
1044 937 1149 989 sint
1170 937 1250 989 vel
1276 937 1487 1004 quando
1504 946 1556 991 et
1577 954 1710 1006 quo-

154 1020 324 1073 modo
370 1021 567 1087 factae,
605 1038 816 1091 possem
890 1024 1096 1087 dicere,
1125 1024 1217 1079 sed
1265 1026 1377 1079 haec
1422 1042 1566 1080 nunc
1613 1030 1707 1081 tibi

154 1111 377 1177 aperire
398 1110 487 1165 fas
505 1127 613 1165 non
636 1120 739 1176 est,
775 1113 828 1166 in
859 1121 1005 1165 tanto
1025 1128 1205 1168 errore
1233 1116 1407 1182 posito
1438 1116 1503 1169 de
1534 1117 1709 1171 scien-

152 1199 227 1250 tia
258 1199 383 1255 Dei.
415 1200 557 1253 Tum
593 1201 777 1255 Simon
798 1222 810 1256 :
835 1202 964 1267 Erit,
998 1204 1190 1272 inquit,
1225 1212 1439 1273 tempus
1464 1222 1569 1274 quo
1593 1221 1707 1274 pte-

153 1288 361 1343 nitebit
412 1300 501 1353 te,
538 1292 681 1359 quod
711 1292 975 1346 dicentem
1005 1308 1088 1347 me
1131 1294 1195 1347 de
1227 1295 1477 1348 ineffabili
1509 1298 1705 1351 virtute

153 1393 265 1430 non
296 1379 662 1435 intellexeris.
692 1380 755 1433 Et
778 1381 1002 1436 Petrus:
1031 1382 1103 1435 Da
1126 1398 1252 1453 ergo
1281 1385 1456 1450 nobis,
1488 1395 1542 1439 ut
1565 1402 1705 1456 saepe

148 1467 263 1535 jam
305 1467 449 1531 dixi,
504 1479 759 1539 tanquam
822 1486 993 1526 novus
1051 1472 1189 1527 Deus
1244 1482 1335 1525 aut
1364 1476 1455 1543 qui
1508 1477 1574 1529 ab
1615 1478 1705 1531 illo

152 1554 520 1612 descenderis
573 1575 791 1613 sensum
845 1561 1072 1629 aliquem
1129 1577 1361 1626 novum,
1411 1580 1503 1632 per
1546 1581 1702 1634 quem

150 1660 365 1698 novum
398 1663 565 1716 quem
596 1649 733 1701 dicis
763 1648 925 1702 Deum
957 1651 1222 1718 possimus
1262 1650 1581 1721 agnoscere;
1614 1657 1701 1710 isti

151 1735 301 1787 enim
345 1737 594 1805 quinque
647 1753 857 1802 sensus,
918 1754 1053 1807 quos
1098 1739 1251 1794 nobis
1297 1742 1443 1795 dedit
1490 1752 1701 1797 creator

150 1823 323 1891 Deus,
344 1825 600 1880 Creatori
632 1842 730 1881 suo
761 1828 915 1881 fidem
944 1838 1176 1892 servant,
1212 1846 1309 1883 nec
1331 1832 1492 1884 alium
1516 1850 1702 1901 quem-

149 1931 321 1983 quam
354 1932 482 1970 esse
515 1918 754 2009 sentiunt
803 1917 988 1981 Deum,
1024 1919 1123 1973 hoc
1175 1921 1252 1974 eis
1283 1921 1397 1989 ipsa
1450 1924 1531 1978 sui
1562 1939 1698 1992 prte-

150 2012 337 2058 stante
371 2013 596 2061 natura.

219 2115 370 2170 LXI.
426 2116 510 2170 Ad
561 2117 673 2171 bzec
721 2115 938 2171 Simon:
974 2117 1199 2181 Adhibe,
1234 2120 1425 2188 inquit,
1461 2122 1697 2176 animum

150 2206 217 2259 ad
254 2223 324 2261 ea
363 2223 490 2276 qua:
537 2207 780 2261 dicturus
810 2224 948 2279 sum,
984 2218 1035 2262 et
1074 2208 1234 2264 facito
1257 2226 1378 2264 eum
1417 2211 1698 2266 invisibili-

148 2295 252 2351 bus
288 2297 510 2350 semitis
554 2297 920 2359 incedentem,
951 2300 1226 2366 pervenire
1261 2299 1327 2353 ad
1359 2316 1420 2354 ea
1453 2317 1571 2369 qu:e
1603 2302 1696 2357 tibi

149 2385 633 2440 demonstravero.
676 2386 933 2439 Ausculta
964 2402 1088 2457 ergo
1126 2404 1267 2442 nunc
1301 2407 1313 2442 :
1357 2405 1699 2458 nunquamne

150 2474 204 2527 in
236 2476 585 2545 cogitatione
636 2478 843 2544 positus
872 2476 1158 2529 extendisti
1197 2486 1425 2531 mentem
1460 2487 1603 2532 tuam
1643 2481 1696 2533 in

150 2565 415 2634 regiones
444 2567 527 2619 vel
560 2566 765 2619 insulas
792 2582 949 2634 porro
974 2568 1198 2635 positas,
1218 2574 1270 2620 et
1293 2569 1363 2620 ita
1394 2569 1447 2621 in
1464 2572 1539 2623 eis
1564 2570 1697 2625 fixus

150 2657 345 2708 animo
380 2656 668 2719 mansisti,
704 2664 762 2707 ut
810 2670 875 2708 ne
920 2666 1206 2723 praesentes
1257 2656 1470 2724 quidem
1517 2659 1696 2712 videre

148 2751 242 2796 aut
279 2745 635 2811 temetipsum
669 2744 809 2799 scire
855 2745 944 2797 ubi
994 2744 1208 2798 sederes
1232 2783 1248 2806 ,
1294 2760 1401 2813 prae
1436 2746 1697 2800 suavitate

148 2848 348 2887 eorum
401 2817 524 2902 qua:
556 2834 888 2887 habebantur
920 2835 973 2886 in
1005 2834 1211 2899 oculis,
1246 2836 1469 2901 posses?
1504 2836 1565 2888 Et
1594 2834 1695 2889 Pe-

148 2934 267 2979 trus
303 2924 383 2977 ait
416 2943 428 2976 :
461 2922 653 2977 Verum
686 2930 787 2987 est,
822 2922 1001 2977 Simon
1023 2964 1037 2987 ,
1071 2924 1171 2977 hoc
1216 2924 1343 2976 mihi
1396 2926 1696 2992 frequenter

1811 487 1877 541 de
1899 488 2118 542 civitate
2141 505 2337 559 magna
2363 492 2607 559 cogitari,
2626 500 2836 558 portas,
2861 507 3067 553 muros,
3095 493 3332 560 lavacra,

1808 575 2011 643 plateas
2030 615 2045 639 ,
2078 578 2392 647 angiportus
2415 618 2430 641 .
2461 580 2575 633 fora
2606 589 2659 633 et
2688 581 2877 632 horum
2904 585 3290 650 consequentia
3315 624 3333 650 ,

1810 666 2103 719 secundum
2128 682 2191 721 ea
2222 668 2427 721 scilicet
2448 685 2567 737 qua:
2592 670 2643 721 in
2667 670 2785 723 aliis
2813 671 3036 724 urbibus
3058 672 3293 726 videram
3313 712 3329 735 ,

1807 760 1857 805 et
1890 754 1942 806 in
1990 763 2195 808 tantum
2236 758 2529 812 intentione
2573 760 2941 825 hujuscemodi
2985 761 3209 813 intuitUs
3241 762 3334 815 de-

1808 844 2059 905 lectabar,
2090 852 2147 897 ut
2175 862 2318 908 vere,
2354 848 2491 899 sicut
2511 848 2623 914 ipse
2650 848 2852 909 dixisti,
2888 864 2987 902 nec
3014 858 3332 917 praesentem

1807 943 1964 1003 atque
2008 944 2265 989 astantem
2314 937 2551 990 viderem
2575 977 2589 999 ,
2646 953 2745 990 nec
2778 939 2890 1005 ipse
2934 939 3024 990 ubi
3057 939 3332 1000 sederem,

1807 1038 2040 1077 nossem.
2076 1024 2140 1076 Et
2178 1024 2361 1077 Simon
2387 1044 2400 1078 :
2431 1025 2606 1085 Modo,
2643 1026 2834 1094 inquit,
2864 1035 3008 1079 recte
3036 1027 3189 1081 dicis.

1873 1112 2053 1167 LXIII.
2086 1113 2150 1165 Et
2179 1112 2367 1167 Petrus
2397 1132 2409 1166 :
2435 1113 2671 1182 Denique
2686 1130 2805 1167 cum
2825 1116 3023 1183 piscem
3041 1117 3330 1170 maximum

1804 1204 1892 1270 qui
1928 1203 2081 1255 hamo
2122 1203 2427 1267 inhaeserat,
2453 1214 2629 1256 mente
2659 1214 2954 1273 occupatus
2996 1206 3193 1259 habere
3228 1207 3332 1258 nti-

1804 1294 1947 1345 nime
1974 1293 2247 1353 sentirem,
2278 1302 2330 1346 et
2379 1294 2431 1347 id
2465 1294 2680 1361 quidem
2710 1311 2831 1348 eum
2868 1296 3011 1347 bami
3041 1296 3233 1349 lineam
3264 1296 3331 1349 de

1804 1384 2052 1436 manibus
2102 1384 2236 1436 meis
2270 1383 2531 1437 violenter
2579 1386 2859 1453 arriperet,
2896 1393 3197 1454 stupentem
3243 1401 3330 1439 me

1803 1472 1988 1527 videns
2017 1472 2181 1525 frater
2209 1488 2360 1525 meus
2386 1473 2625 1527 Andreas
2645 1475 2734 1541 qui
2768 1489 2973 1527 mecum
3002 1475 3242 1538 sedebat,
3265 1490 3329 1527 ac

1802 1576 1936 1629 pene
1963 1577 2234 1623 casurum,
2267 1564 2404 1615 latus
2441 1564 2646 1616 fodiens
2679 1565 2862 1616 cubito
2891 1566 3034 1617 velut
3066 1566 3331 1619 dormien-

1802 1658 1907 1702 tem
1932 1652 2125 1704 excitat
2153 1651 2338 1705 dicens
2360 1670 2370 1704 :
2395 1652 2506 1703 Non
2527 1653 2697 1715 vides,
2713 1652 2887 1715 Petre,
2903 1668 3061 1721 quam
3076 1669 3325 1722 magnum

1802 1739 1999 1807 piscem
2020 1740 2248 1807 ceperis?
2276 1743 2645 1808 nunquidnam
2679 1750 2855 1794 mente
2892 1742 3154 1804 excidisti,
3183 1742 3327 1810 quod

1800 1831 1877 1881 sic
1898 1830 2155 1883 attonitus
2183 1832 2400 1897 stupes?
2429 1831 2554 1898 quid
2589 1837 2671 1883 est
2697 1832 2837 1898 quod
2863 1832 3100 1898 pateris?
3125 1832 3211 1885 dic
3234 1832 3322 1884 mi-

1798 1915 1870 1968 hi.
1901 1916 1968 1969 At
1988 1932 2086 1986 ego
2116 1917 2423 1986 indignatus
2458 1920 2503 1971 ei
2539 1920 2838 1986 paululum,
2866 1921 3007 1987 quod
3030 1936 3114 1974 me
3144 1935 3173 1972 a
3206 1920 3328 1973 dul-

1797 2008 1983 2062 cedine
2010 2024 2194 2062 eorum
2237 2024 2355 2076 qua:
2388 2008 2633 2062 intuebar
2672 2009 3029 2070 abstraxerit,
3072 2008 3327 2077 respondi

1796 2097 1929 2149 nihil
1967 2112 2052 2151 me
2090 2098 2215 2149 ntali
2245 2098 2392 2165 pati,
2426 2098 2518 2149 sed
2551 2098 2730 2149 animo
2757 2098 3163 2151 desiderabilem
3190 2097 3326 2151 mihi

1798 2186 1992 2240 intueri
2038 2185 2355 2246 Jerusalem,
2385 2186 2648 2254 simulque
2674 2185 2990 2248 Ctesaream,
3024 2196 3077 2239 et
3105 2202 3329 2255 corpore

1796 2276 2006 2343 quidem
2048 2290 2167 2327 cum
2212 2276 2329 2342 ipso
2366 2290 2524 2342 esse,
2577 2283 2754 2329 mente
2796 2291 2922 2329 vero
2954 2278 3079 2329 illuc
3111 2277 3324 2345 penitus

1797 2363 2016 2417 auferri.
2049 2364 2113 2416 At
2143 2364 2229 2416 ille
2258 2365 2440 2416 nescio
2473 2364 2613 2415 unde
2644 2364 2958 2431 inspiratus,
2990 2364 3325 2420 reconditum

1795 2462 1848 2507 et
1879 2461 2139 2507 secretum
2171 2454 2409 2507 veritatis
2440 2454 2659 2521 protulit
2697 2455 2937 2507 verbum.

1862 2564 2038 2617 LXIV.
2080 2564 2291 2627 Desine,
2322 2565 2515 2633 inquit,
2538 2563 2721 2631 Petre;
2754 2566 2879 2633 quid
2906 2573 2987 2618 est
3005 2566 3144 2634 quod
3172 2567 3326 2635 agis?

1796 2655 1848 2707 hi
1880 2654 2021 2707 enim
2051 2654 2141 2722 qui
2184 2654 2422 2706 dremone
2468 2654 2727 2721 incipiunt
2768 2655 2957 2722 repleri
2993 2656 3075 2707 vel
3120 2657 3323 2709 moveri

1794 2754 1968 2799 mente
1991 2783 2004 2807 ,
2049 2743 2416 2811 hujuscemodi
2451 2742 2597 2795 initia
2626 2744 2842 2806 habent,
2893 2759 2986 2812 per
3012 2744 3324 2812 phantasias

1793 2837 1965 2907 primo
2005 2834 2067 2887 ad
2097 2833 2331 2901 jucunda
2363 2849 2584 2902 qumque
2628 2841 2681 2886 et
2727 2833 3057 2887 delectabilia
3088 2834 3321 2888 transfe-

1795 2933 2003 2989 runtur;
2036 2923 2226 2977 deinde
2253 2923 2315 2973 ad
2342 2938 2403 2975 ea
2433 2937 2550 2991 qua:
2571 2937 2677 2975 non
2706 2930 2851 2984 sunt,
2882 2923 3032 2976 vanis
3062 2931 3114 2976 et
3146 2923 3325 2976 inani-

148 3014 379 3067 accidit.
405 3012 465 3065 Et
498 3012 721 3067 Simon:
755 3012 829 3066 Ita
873 3020 927 3067 et
959 3029 1101 3067 nunc
1151 3029 1367 3069 sensum
1413 3025 1562 3068 tuum
1603 3009 1761 3070 ex-C
1796 3016 1894 3069 bus
1937 3014 2168 3067 motibus
2218 3013 2582 3067 effunduntur.
2635 3012 2746 3066 Hoc
2791 3021 2966 3067 autem
3018 3013 3209 3067 accidit
3254 3030 3320 3068 ex

150 3102 317 3157 tende
351 3102 409 3154 in
461 3103 676 3168 caelum,
723 3110 775 3157 et
813 3103 1001 3156 iterum
1049 3118 1209 3171 super
1239 3105 1464 3167 cmlum,
1493 3115 1545 3158 et
1574 3107 1696 3161 vide

147 3191 281 3260 quia
313 3192 484 3245 debet
528 3208 645 3246 esse
677 3193 870 3261 aliquis
900 3193 1049 3245 locus
1069 3193 1159 3261 qui
1189 3193 1257 3247 sit
1286 3195 1422 3246 ultra
1440 3195 1693 3249 mundum

148 3287 231 3339 vel
244 3288 411 3335 extra
429 3280 708 3344 mundum,
727 3280 781 3333 in
799 3297 904 3350 quo
916 3298 1088 3351 neque
1100 3284 1293 3337 etelum
1306 3286 1393 3349 sit,
1410 3302 1577 3354 neque
1590 3294 1724 3368 ια’-ο

147 3393 228 3442 ra,
247 3389 437 3444 neque
464 3372 648 3425 umbra
665 3371 848 3423 horum
867 3372 1025 3424 etiam
1062 3372 1133 3425 ibi
1162 3374 1407 3429 tenebras
1425 3383 1690 3444 Operetur,

147 3476 201 3521 et
221 3467 422 3521 obhoc
435 3477 558 3517 cum
579 3477 750 3529 neque
767 3476 989 3529 corpora
1018 3461 1195 3531 aliqua
1209 3464 1262 3515 in
1296 3479 1358 3517 eo
1377 3465 1503 3528 sint,
1523 3482 1694 3535 neque

148 3574 215 3611 ex
266 3553 601 3622 corporibus
657 3552 906 3613 tenebrae,
935 3554 1237 3606 necessario
1266 3554 1336 3607 sit
1383 3555 1557 3608 lumen
1593 3556 1695 3608 im-

148 3658 445 3708 mensum;
472 3649 526 3696 et
558 3641 736 3692 lumen
764 3641 1046 3694 considera
1076 3644 1379 3709 cujusmodi
1409 3662 1528 3699 esse
1563 3661 1692 3714 pos-

148 3738 242 3801 sit,
274 3734 373 3789 cui
410 3732 644 3786 tenebrae
674 3730 832 3784 nulla:
880 3730 1190 3785 succedunt.
1229 3732 1362 3785 Nam
1400 3735 1444 3789 si
1477 3735 1693 3788 univer-

148 3843 273 3881 sum
296 3826 451 3879 hunc
480 3819 738 3874 mundum
762 3820 890 3873 solis
914 3820 1074 3887 hujus
1100 3823 1265 3889 replet
1293 3823 1402 3886 lux,
1436 3831 1692 3891 quantum

144 3918 395 3972 azstimas
418 3924 542 3966 esse
572 3908 701 3961 illud
730 3907 1101 3977 incorporeum
1127 3910 1305 3963 lumen
1328 3920 1378 3964 et
1396 3912 1692 3966 infinitum?

145 4015 366 4061 tantum
418 4001 539 4057 sine
589 3998 770 4061 dubio,
812 4006 870 4051 ut
902 3998 1042 4052 istud
1072 3998 1204 4054 solis
1251 4000 1429 4055 lumen
1462 4002 1528 4056 ad
1558 4001 1691 4056 illud

144 4098 394 4153 tenebrze
418 4100 474 4147 et
502 4084 728 4144 non—qu
758 4104 877 4143 esse
908 4089 1171 4144 videatur.

218 4206 386 4263 LXII.
423 4204 550 4257 llazc
574 4214 695 4255 cum
713 4201 913 4255 diceret
924 4199 1130 4263 Simon,
1154 4201 1342 4257 Petrus
1372 4202 1685 4272 respondit:

1792 3106 2044 3173 languore
2073 3102 2305 3171 quodam
2341 3103 2554 3164 animae,
2587 3118 2691 3170 quo
2718 3117 2779 3155 ea
2807 3103 3019 3170 quidem
3048 3119 3165 3171 qme
3195 3112 3321 3157 sunt

1790 3211 1897 3249 non
1920 3194 2120 3257 vident,
2151 3193 2455 3247 desiderant
2484 3208 2604 3247 vero
2628 3193 2889 3247 adducere
2911 3193 2974 3245 ad
3000 3204 3319 3263 conspectus

1791 3300 1919 3338 suos
1948 3300 2008 3337 ea
2044 3298 2299 3351 quiernon
2329 3291 2473 3337 sunt.
2507 3282 2611 3336 Sed
2640 3291 2692 3336 et
2720 3283 2828 3335 illis
2858 3286 2927 3334 ita
2961 3284 3187 3345 accidit,
3224 3285 3319 3352 qui

1788 3373 2073 3442 phrenesin
2109 3373 2383 3442 patiuntur
2427 3379 2478 3424 et
2527 3371 2774 3424 videntur
2818 3372 2918 3424 sibi
2958 3373 3151 3423 multas
3182 3374 3317 3424 ima-

1788 3464 1937 3532 gines
1965 3462 2160 3522 videre,
2195 3477 2290 3529 pro
2315 3478 2378 3514 eo
2406 3461 2543 3528 quod
2572 3461 2841 3513 nimietate
2870 3460 3083 3527 frigoris
3114 3461 3193 3513 vel
3225 3476 3317 3515 ca-

1788 3552 1919 3605 loris
1949 3552 2125 3602 anima
2157 3552 2391 3618 ipsorum
2423 3550 2676 3602 convulsa
2715 3559 2767 3601 et
2804 3558 2977 3601 emota
3019 3550 3150 3604 locis
3176 3551 3312 3611 suis,

1786 3654 2019 3694 errorem
2050 3640 2249 3707 patitur
2276 3638 2557 3692 ministerii
2600 3638 2876 3691 naturalis.
2913 3636 3016 3691 Sed
3043 3646 3096 3691 et
3139 3639 3189 3691 hi
3220 3638 3313 3707 qui

1788 3728 2031 3781 laborant
2059 3728 2169 3790 siti,
2197 3742 2317 3781 cum
2345 3727 2397 3779 in
2430 3742 2669 3794 soporem
2699 3727 2938 3780 venerint
2962 3765 2978 3789 ,
3018 3726 3233 3780 flumina
3258 3735 3314 3782 et

1789 3816 1961 3869 fontes
2002 3816 2180 3870 videre
2221 3816 2321 3870 sibi
2354 3816 2601 3870 videntur
2630 3831 2692 3868 ac
2721 3817 2928 3881 bibere;
2990 3817 3089 3869 hoc
3134 3826 3311 3870 autem

1788 3908 2057 3976 patiuntur
2079 3907 2325 3960 ariditate
2355 3906 2685 3975 intemperati
2714 3906 2957 3973 corporis
2986 3904 3310 3958 laborantes.

1788 3996 2005 4064 Propter
2036 3995 2178 4064 quod
2223 4003 2425 4048 certum
2473 4003 2575 4058 est,
2621 3995 2735 4049 huic
2780 3995 2908 4049 vitio
2954 3997 3184 4065 quodam
3229 3997 3314 4051 vel

1786 4089 1975 4141 animae
2003 4087 2083 4139 vel
2114 4086 2353 4155 corporis
2384 4085 2515 4138 fieri.

1855 4196 2012 4250 LXV.
2052 4197 2287 4266 Denique
2316 4207 2371 4250 ut
2399 4199 2628 4267 accipias
2656 4199 2733 4253 rei
2757 4198 2911 4253 Iidem
2936 4198 3001 4254 de
3020 4197 3312 4253 Jerusalem

144 4301 223 4356 De
275 4309 515 4364 utroque
553 4306 682 4360 ergo
726 4293 986 4359 patienter
1030 4294 1271 4346 ausculta
1295 4332 1311 4356 ,
1344 4293 1395 4345 id
1422 4302 1503 4347 est
1541 4300 1595 4347 et
1622 4294 1688 4348 de
1716 4316 1761 4371 ι)
1787 4302 1945 4357 quam
1974 4302 2112 4355 saepe
2139 4288 2395 4352 videram,
2424 4288 2663 4341 dicebam
2701 4287 2852 4342 fratri
2882 4305 3021 4351 meo,
3048 4305 3167 4358 qua:
3196 4290 3311 4342 loca

139 4388 401 4458 exemplo
418 4381 741 4439 extendendi
771 4398 960 4436 sensus
980 4391 1033 4435 et
1061 4382 1126 4436 de
1147 4383 1502 4437 immensitate
1529 4384 1682 4438 luris.

143 4482 279 4535 Scio
310 4478 612 4544 meipsum,
646 4487 679 4525 o
709 4470 923 4534 Simon,
956 4472 1243 4541 aliquando
1277 4473 1329 4525 in
1360 4474 1685 4543 cogitatione

139 4552 388 4642 positum
429 4563 736 4619 extendisse
789 4577 1005 4616 sensum
1032 4576 1207 4615 meum
1234 4562 1289 4615 in
1321 4563 1597 4630 regiones,
1628 4571 1689 4616 ut

139 4662 250 4723 ais,
277 4667 335 4710 et
372 4654 584 4708 insulas
629 4651 811 4720 procul
854 4652 1057 4719 positas
1092 4689 1107 4713 ,
1140 4664 1337 4718 easque
1364 4658 1539 4705 mente
1580 4666 1686 4705 non

139 4753 332 4806 minus
360 4759 524 4815 quam
565 4742 735 4795 oculis
782 4741 1137 4809 perspexisse.
1169 4737 1303 4791 Cum
1333 4754 1506 4793 essem
1544 4741 1683 4808 apud

138 4842 534 4910 Capharnaum
580 4833 635 4885 in
680 4838 901 4897 captura
930 4830 1158 4898 piscium
1187 4828 1416 4895 positus,
1451 4836 1505 4882 et
1531 4831 1684 4885 sede-

137 4948 260 4986 rem
293 4940 461 4995 supra
507 4936 726 4981 saxum,
758 4920 969 4972 hamum
999 4927 1126 4973 seta:
1160 4916 1412 4971 innexum
1456 4926 1509 4971 et
1539 4919 1685 4972 deci.

137 5019 362 5091 piendis
395 5011 639 5084 piscibus
687 5014 923 5077 aptatum
978 5007 1181 5059 habens
1215 5003 1269 5091 in
1300 5020 1458 5057 manu
1481 5044 1495 5068 ,
1526 5007 1597 5058 ita
1626 5014 1683 5059 ut

138 5090 441 5166 luerentem
465 5102 515 5157 ei
539 5118 645 5156 non
672 5098 929 5151 senserim
960 5096 1183 5164 piscem,
1213 5090 1342 5144 dum
1374 5108 1526 5147 mens
1562 5110 1679 5147 mea

139 5218 241 5271 per
268 5194 680 5251 desiderabilem
707 5187 835 5241 mihi
885 5183 1176 5238 Jerusalem
1202 5181 1437 5234 distenta
1464 5198 1682 5249 percur-

136 5298 312 5349 reret,
339 5285 594 5351 adquam
638 5292 763 5332 sane
806 5277 1129 5328 oblationum
1178 5271 1352 5336 gratia
1392 5278 1445 5322 et
1481 5272 1680 5323 oratio-

138 5368 274 5435 litim
306 5376 534 5445 vigilans
564 5372 859 5437 frequenter
885 5362 1250 5417 ascenderam.
1268 5357 1467 5411 Verum
1496 5367 1549 5411 et
1572 5360 1680 5414 Cae-

140 5483 361 5524 saream
393 5467 530 5517 hanc
558 5459 737 5512 mirari
768 5457 832 5509 ab
854 5454 969 5506 aliis
998 5447 1224 5501 audiens
1244 5484 1260 5509 ,
1293 5456 1344 5501 el
1364 5447 1678 5506 deSidcrarc

138 5559 383 5615 solebam
414 5592 428 5614 ,
460 5559 511 5607 et
557 5565 668 5603 eam
705 5550 755 5601 in
783 5560 881 5615 qua
912 5538 1153 5598 nondum
1194 5535 1400 5591 fueram
1429 5576 1445 5601 ,
1488 5536 1675 5595 videre

1787 4393 1987 4447 quosve
2013 4386 2305 4432 conventus
2335 4377 2484 4433 visus
2507 4377 2635 4430 mihi
2661 4376 2878 4432 fuissem
2896 4380 3098 4453 videre.
3133 4380 3234 4432 Sed
3259 4390 3313 4433 et

1784 4469 1850 4523 de
1873 4468 2114 4522 Caesarea
2154 4482 2311 4536 quam
2341 4483 2610 4537 nunquam
2647 4468 2879 4522 videram
2904 4508 2920 4533 ,
2965 4468 3312 4525 nihilominus

1784 4558 2204 4622 contendebam,
2238 4555 2379 4625 quod
2407 4565 2547 4611 esset
2594 4557 2733 4617 talis,
2787 4557 2994 4623 qualem
3044 4567 3218 4611 mente
3261 4568 3313 4612 et

1783 4644 2100 4719 cogitatione
2128 4662 2495 4715 conceperam.
2525 4646 2659 4699 Cum
2689 4655 2864 4698 autem
2888 4645 3154 4699 venissem
3184 4647 3311 4714 huc,

1782 4739 1914 4794 nihil
1975 4738 2191 4791 omnino
2243 4736 2416 4789 simile
2467 4736 2759 4804 respiciens
2804 4749 2988 4787 eorum
3047 4750 3166 4802 qua:
3218 4752 3312 4805 per

1782 4827 2091 4897 pbantasias
2143 4823 2418 4888 videram,
2475 4821 2787 4893 reprehendi
2838 4821 3210 4890 memetipsum
3260 4834 3312 4879 et

1782 4916 1958 4969 notavi
1991 4915 2174 4976 valde,
2205 4914 2329 4982 quia
2357 4929 2421 4966 ex
2455 4913 2574 4967 aliis
2603 4927 2719 4981 qua:
2745 4910 3015 4970 videram,
3050 4919 3234 4977 portas
3262 4914 3311 4965 ei

1779 5015 1831 5058 et
1861 5020 2041 5058 muros
2071 5003 2308 5070 aliasque
2349 5003 2520 5067 (edes,
2567 5016 2750 5055 revera
2796 4999 3203 5053 similitudinem
3247 5017 3314 5054 ex

1779 5098 1899 5149 aliis
1943 5096 2159 5164 capiens
2207 5092 2476 5146 dederam.
2547 5090 2725 5157 Neque
2777 5089 2917 5141 enim
2973 5086 3096 5153 quis
3137 5097 3317 5155 potest

1778 5200 1970 5238 novum
2002 5182 2218 5250 aliquid,
2250 5190 2302 5234 et
2330 5182 2483 5248 cujus
2512 5180 2679 5232 forma
2706 5176 2849 5229 nulla
2881 5190 3119 5241 unquam
3146 5178 3318 5230 exsti-

1778 5276 1921 5335 terit,
1955 5274 2204 5340 cogitare.
2252 5267 2381 5320 Nam
2420 5277 2471 5320 et
2508 5268 2551 5321 si
2596 5266 2724 5317 velit
2754 5263 2945 5329 aliquis
2972 5270 3164 5313 tauros
3196 5277 3321 5314 cum

1777 5365 1955 5433 quinis
1978 5361 2240 5429 capitibus
2262 5375 2326 5411 ex
2355 5374 2451 5411 sua
2476 5355 2799 5424 cogitatione
2827 5351 3079 5414 formare,
3102 5366 3175 5401 ex
3204 5350 3329 5403 istis

1776 5469 1911 5522 quos
1941 5451 2069 5504 vidit
2095 5464 2213 5500 cum
2241 5447 2465 5516 singulis
2495 5442 2783 5512 capitibus,
2814 5440 2936 5493 illos
2961 5438 3149 5508 quinis
3173 5437 3330 5505 capi-

1777 5543 1920 5598 tibus
1950 5540 2116 5608 flngit.
2157 5537 2217 5590 Et
2249 5547 2304 5591 tu
2346 5550 2472 5606 ergo
2517 5550 2685 5593 nunc,
2720 5532 2763 5584 si
2812 5548 2934 5584 vene
2985 5525 3203 5594 aliquid
3239 5525 3337 5578 tibi
