3872 6358
486 260 632 316 I279

1343 258 1401 312 S.
1440 254 1831 313 CLEMENTIS
1868 254 1887 308 1
1925 252 2094 310 ROM.
2136 250 2340 311 PONT.
2378 249 2626 307 OPERA.
2665 250 2891 307 DUBIA.

3600 250 3719 306 I283

480 381 684 437 videris
711 386 806 435 tua
837 379 1163 451 cogitatione
1200 378 1510 449 perspicere
1534 416 1550 442 ,
1591 386 1646 431 et
1679 390 1847 445 supra
1879 374 2051 429 caelos
2082 377 2130 433 Α
2157 374 2249 440 qui
2289 371 2359 425 ab
2390 386 2456 425 eo
2504 369 2637 424 facti
2670 380 2824 433 sunt,
2879 368 3023 424 sicut
3069 375 3123 424 et
3169 368 3257 425 lex
3304 368 3471 434 dicit,
3502 383 3723 438 quorum

454 473 704 537 intueri,
737 489 845 527 non
877 473 1100 527 dubium
1131 470 1264 541 quin
1291 485 1359 525 ex
1386 469 1473 524 his
1500 484 1562 523 ea
1598 468 1913 522 consideres
1935 480 2056 534 qnze

481 569 537 624 in
568 567 733 623 terris
762 566 974 636 positus
1002 564 1174 618 vides.
1224 562 1333 615 Aut
1373 561 1418 615 si
1451 570 1610 632 putas
1640 558 1852 613 facilem
1887 558 2055 612 menti

479 670 588 717 tua
616 672 900 715 accessum
929 672 1052 711 esse
1092 670 1258 725 super
1304 655 1496 717 caelos,
1531 664 1583 707 et
1611 651 1963 705 considerare
2005 660 2056 704 te

477 772 640 829 posse
690 766 811 824 qua:
853 750 964 803 illic
1012 754 1161 811 sunt,
1214 754 1378 816 atque
1416 746 1695 799 immensae
1739 743 1883 797 illius
1914 741 2054 795 lucis

476 848 761 907 scientiam
800 856 995 911 capere
1021 881 1035 903 ,
1085 846 1216 910 puto
1245 838 1293 893 ei
1333 837 1427 907 qui
1464 837 1553 889 illa
1591 841 1769 905 potest
1804 848 2054 902 compre—

479 941 753 1001 hendere,
807 934 1022 988 facilius
1063 947 1185 986 esse
1234 938 1291 984 ut
1336 944 1557 984 sensum
1603 942 1763 982 suum
1796 926 1888 995 qui
1923 925 2052 979 illuc

473 1034 626 1090 novit
650 1026 963 1087 ascendere,
990 1025 1044 1079 in
1070 1023 1302 1091 alicujus
1326 1028 1573 1075 nostrum
1598 1020 1690 1089 qui
1719 1017 2049 1079 assistimus,

472 1143 571 1184 cor
590 1132 643 1180 et
660 1129 852 1195 pectus
875 1118 1086 1188 injiciat
1105 1124 1159 1170 et
1182 1115 1349 1176 dicat,
1372 1127 1511 1183 quas
1532 1112 1586 1164 in
1605 1126 1670 1166 eo
1692 1109 2052 1179 cogitationes

471 1227 644 1294 gerat.
680 1215 738 1272 Si
780 1228 910 1284 ergo
941 1218 1096 1282 potes
1126 1207 1361 1277 alicujus
1388 1212 1637 1260 nostrum
1664 1242 1680 1268 ,
1724 1202 1818 1272 qui
1868 1209 2050 1256 tamen

470 1330 580 1369 non
631 1313 702 1367 sit
744 1321 872 1378 erga
919 1304 1161 1358 favorem
1200 1307 1355 1354 tuum
1392 1304 1722 1366 occupatus,
1762 1295 2051 1350 enuntiare

470 1403 831 1475 cngitationes
862 1396 1065 1456 cordis,
1092 1393 1395 1463 poterimus
1417 1390 1516 1442 tibi
1547 1388 1782 1443 fortasse
1804 1386 2048 1451 credere,

468 1496 615 1569 quod
647 1502 700 1550 et
726 1508 789 1549 ea
822 1506 944 1562 qua:
977 1501 1143 1557 super
1170 1485 1340 1538 cmlos
1368 1488 1535 1545 sunt,
1574 1481 1717 1535 scire
1764 1479 2009 1550 potueris
2033 1518 2048 1544 ,

470 1591 597 1646 licet
627 1588 717 1641 illa
746 1584 918 1639 multo
949 1581 1058 1636 sint
1088 1578 1320 1633 celsiora

537 1677 721 1735 LXVI.
764 1675 843 1730 Ad
878 1675 993 1728 haec
1019 1671 1206 1726 Simon
1241 1689 1253 1723 :
1293 1667 1397 1734 Qui
1434 1682 1587 1731 vero,
1615 1664 1812 1737 inquit,
1846 1663 2047 1718 multas

468 1773 676 1829 ntenias
725 1767 977 1830 texuisti,
1024 1762 1150 1818 audi
1194 1763 1307 1832 jam
1358 1774 1523 1815 nunc.
1576 1758 1919 1829 Impossibile
1962 1762 2048 1810 est

467 1880 631 1919 omne
662 1860 808 1933 quod
839 1859 906 1914 ad
950 1856 1333 1927 cogitationem
1388 1850 1627 1905 hominis
1666 1852 1897 1912 venerit,
1936 1861 2048 1901 non

463 1957 629 2011 etiam
659 1970 717 2008 re
745 1953 861 2022 ipsa
886 1965 948 2003 ac
986 1947 1215 2002 veritate
1245 1942 1581 2007 subsistere;
1612 1957 1734 2011 qure
1769 1942 1912 1995 enim
1936 1953 2047 1992 non

466 2044 797 2106 subsistunt,
814 2056 913 2095 nec
936 2037 1170 2109 speciem
1204 2034 1426 2096 habent,
1453 2047 1577 2103 quae
1600 2039 1779 2085 autem
1807 2029 2043 2099 speciem

466 2150 577 2191 non
604 2133 828 2193 habent,
861 2144 963 2184 nec
988 2124 1305 2196 cogitationi
1358 2130 1590 2192 possunt
1630 2134 1941 2175 occurrere.
1980 2117 2046 2171 Et

462 2230 660 2285 Petrus
696 2245 709 2282 :
745 2224 801 2279 Si
850 2237 1031 2283 omne,
1087 2219 1297 2289 inquit,
1350 2217 1497 2288 quod
1545 2216 1613 2271 ad
1660 2213 2043 2285 cogitationem

464 2316 651 2371 venire
700 2318 900 2383 potest,
948 2309 1219 2373 subsistit,
1275 2307 1440 2360 istum
1486 2321 1648 2376 quem
1697 2304 1836 2359 dicis
1889 2310 2044 2357 extra

465 2407 729 2461 mundum
764 2419 885 2458 esse
916 2397 1302 2454 immensitatis
1337 2398 1540 2461 locum,
1578 2397 1625 2452 si
1658 2411 1782 2451 eum
1818 2395 1942 2465 quis
1987 2393 2043 2448 in

462 2498 631 2554 corde
663 2512 763 2552 suo
795 2495 975 2548 lumen
1007 2506 1128 2547 esse
1160 2491 1383 2561 cogitet,
1430 2489 1571 2545 alius
1601 2503 1731 2544 vero
1765 2488 2040 2552 tenebras,

462 2586 738 2660 quomodo
765 2584 967 2656 poterit
1000 2597 1143 2636 unus
1172 2588 1335 2650 atque
1370 2578 1512 2633 idem
1548 2579 1705 2634 locus
1738 2577 2043 2633 secundum

461 2696 581 2743 eos,
615 2676 709 2749 qui
743 2677 962 2731 diversa
994 2673 1061 2728 de
1107 2687 1173 2727 eo
1216 2672 1563 2742 cogitarunt,
1598 2677 1650 2725 et
1694 2670 1877 2723 lumen
1920 2684 2044 2724 esse

461 2781 517 2829 et
568 2769 838 2827 tenebrae?
893 2766 957 2821 Et
1008 2764 1197 2819 Simon
1245 2782 1259 2820 :
1309 2762 1511 2818 Omitte
1568 2777 1715 2816 nunc
1771 2761 1876 2815 ista
1922 2776 2044 2831 qua:

461 2878 565 2934 ego
596 2861 731 2927 dixi,
765 2867 824 2913 tu
863 2857 996 2929 quid
1025 2871 1148 2911 esse
1178 2860 1337 2924 putes
1367 2869 1533 2924 super
1562 2852 1734 2907 cmlos
1765 2851 1975 2906 dicito?

533 2947 744 3007 LXVII.
800 2948 868 3003 Et
913 2946 1110 3002 Petrus
1153 2964 1166 3000 :
1215 2944 1271 2999 Si
1321 2944 1388 3000 dc
1424 2959 1591 3009 vero,
1638 2941 1850 3014 inquit,
1894 2942 2043 2998 fonte

460 3040 685 3098 luminis
707 3036 985 3100 crederes,
1018 3050 1233 3104 possem
1266 3039 1323 3087 te
1369 3033 1586 3097 docere,
1620 3033 1751 3103 quid
1801 3040 1855 3087 et
1902 3048 2042 3102 quo-

461 3134 623 3189 modo
656 3138 800 3187 esset
850 3129 998 3201 quod
1033 3130 1358 3182 immensum
1406 3133 1511 3190 est,
1543 3132 1597 3193 et
1643 3141 1752 3180 non
1806 3126 2042 3197 phanta-

462 3227 601 3280 siam
660 3238 879 3288 vanatn,
931 3220 1027 3277 sed
1084 3226 1511 3288 couscquentcm
1562 3228 1612 3273 et
1669 3218 2039 3273 necessariam

461 3316 732 3373 rationem
767 3313 1050 3370 redderem
1082 3311 1350 3375 veritatis,
1384 3324 1484 3365 nec
1526 3309 1923 3366 assertionibus
1952 3326 2043 3366 so-

463 3408 738 3481 phisticis,
774 3406 869 3461 sed
902 3405 1036 3476 legis
1070 3410 1124 3459 et
1151 3412 1364 3457 naturae
1393 3402 1723 3457 testimoniis
1753 3408 1955 3468 uterer,
1981 3409 2041 3457 ut

462 3505 636 3558 scires
677 3500 803 3570 quia
846 3497 1232 3552 immensitatis
1280 3494 1439 3550 Iidem
1480 3495 1754 3565 praecipue
1799 3496 2041 3551 continet

463 3596 570 3651 lex.
610 3590 767 3660 Quod
799 3589 844 3645 si
894 3588 1279 3643 immensitatis
1322 3586 1463 3640 ratio
1509 3602 1617 3640 non
1668 3587 1796 3640 latet
1842 3587 2035 3657 legem.

462 3684 597 3740 nihil
629 3680 873 3753 profecto
904 3678 1049 3733 aliud
1088 3693 1206 3731 eam
1243 3678 1412 3733 latere
1444 3684 1646 3748 potest,
1689 3685 1744 3732 et
1779 3678 1899 3732 ideo
1937 3677 2032 3732 fal-

461 3790 583 3830 sum
619 3782 725 3836 est,
773 3772 921 3842 quod
970 3770 1174 3839 putasti
1208 3784 1330 3824 esse
1376 3770 1581 3839 aliquid
1631 3770 1777 3839 quod
1829 3770 2038 3840 ignoret

461 3868 567 3920 lex.
603 3863 771 3918 Multo
799 3870 980 3916 autem
1013 3862 1247 3929 amplius
1270 3860 1405 3914 nihil
1440 3861 1624 3915 latebit
1659 3878 1803 3922 cum,
1835 3863 1927 3932 qui
1960 3864 2037 3915 le-

460 3973 580 4029 gem
610 3956 782 4011 dedit.
816 3953 927 4009 Nec
960 3960 1140 4007 tamen
1174 3966 1398 4021 possum
1444 3952 1542 4005 tibi
1580 3952 1779 4022 aliquid
1826 3952 1894 4007 de
1934 3953 2035 4006 im-

460 4048 751 4102 mensitate
779 4054 833 4099 et
859 4045 944 4100 his
968 4059 1089 4113 quae
1112 4042 1231 4097 sine
1265 4042 1369 4097 fine
1400 4050 1527 4098 sunt
1551 4044 1719 4112 loqui,
1742 4044 1849 4097 nisi
1880 4044 2034 4113 prius

458 4140 525 4194 de
558 4139 667 4200 his,
693 4138 785 4207 qui
826 4143 976 4190 certo
1010 4138 1113 4189 line
1146 4135 1512 4189 terminantur
1551 4136 1727 4201 caelis,
1766 4135 2031 4189 rationem

459 4232 543 4285 vel
600 4230 873 4299 receperis
921 4236 1188 4291 nostram,
1236 4227 1322 4281 vel
1373 4228 1487 4297 ipse
1534 4228 1827 4296 protuleris
1862 4238 2028 4282 tuam.

460 4323 614 4389 Quod
646 4322 689 4377 si
709 4321 874 4376 dehis
897 4336 1017 4390 quae
1046 4321 1211 4375 certis
1235 4319 1434 4373 finibus
1458 4320 2034 4374 concludunturintel-

2160 476 2325 515 unum
2355 461 2557 515 ccelum
2584 462 2657 515 sit
2684 461 2961 531 superius,
2986 476 3094 532 quo
3122 461 3439 518 continetur
3465 462 3630 516 etiam
3656 461 3728 515 vi-

2156 553 2315 609 sibile
2341 552 2769 617 firmamentum,
2803 552 2935 607 illud
2964 568 3086 609 esse
3125 560 3449 624 perpetuum
3480 561 3537 607 et
3584 562 3728 606 3316f-

2156 657 2289 695 num
2323 656 2448 695 cum
2473 642 2555 696 bis
2585 643 2679 712 qui
2709 642 2956 696 habitant
2985 644 3095 709 ibi;
3125 644 3267 699 istud
3302 652 3490 697 autem
3528 642 3730 695 visibile

2155 733 2210 786 in
2231 734 2708 789 consummatione
2726 736 2910 791 saeculi
2931 734 3314 790 resolvendum
3333 751 3458 791 esse
3480 744 3537 789 et
3562 744 3733 788 trans.

2156 826 2255 889 ire,
2304 833 2365 880 ut
2410 825 2545 881 illud
2595 827 2794 881 cmlnm
2842 827 2987 897 quod
3029 834 3114 881 est
3143 827 3425 896 antiquius
3471 835 3526 880 et
3562 826 3733 879 excel-

2154 920 2270 973 sius
2302 926 2427 988 post
2467 919 2736 989 judicium
2778 921 2983 975 Sanctis
3029 926 3083 974 et
3127 919 3307 990 dignis
3344 927 3627 990 appareat.
3658 918 3732 971 Ad

2154 1012 2270 1065 haec
2303 1011 2491 1065 Simon
2536 1012 2863 1082 respondit:
2904 1011 3028 1067 Ilaec
3077 1012 3155 1066 ita
3185 1028 3328 1073 esse,
3370 1021 3431 1065 ut
3483 1018 3545 1063 tu
3580 1009 3730 1071 dicis,

2153 1104 2515 1159 credentibus
2567 1107 2784 1174 possint
2836 1104 3030 1169 videri,
3078 1105 3128 1160 ei
3175 1113 3356 1158 autem
3408 1104 3504 1173 qui
3548 1102 3731 1155 horum

2151 1203 2433 1267 exspectat
2464 1196 2726 1260 rationes,
2756 1196 3095 1266 impossibile
3122 1206 3208 1253 est
3238 1212 3305 1252 ex
3353 1196 3471 1267 lege
3508 1194 3735 1266 proferri

2150 1297 2207 1343 et
2235 1291 2507 1359 praecipue
2534 1288 2600 1344 de
2632 1289 3001 1343 immensitate
3030 1288 3192 1345 lucis.

2223 1379 2408 1435 LXIX.
2450 1380 2514 1434 Et
2544 1379 2743 1436 Petrus
2774 1399 2788 1434 :
2820 1378 2965 1445 Noli,
2995 1380 3196 1450 inquit,
3226 1390 3423 1450 putare
3460 1395 3569 1435 nos
3594 1382 3733 1452 quod

2152 1472 2268 1527 hmc
2303 1472 2407 1527 ﬁde
2441 1474 2556 1527 sola
2593 1471 2903 1541 recipienda
2932 1487 3055 1527 esse
3097 1473 3366 1535 dicamus,
3404 1473 3501 1528 sed
3549 1484 3605 1527 et
3649 1488 3734 1525 ra-

2152 1569 2299 1623 tione
2325 1568 2642 1623 asserenda.
2676 1565 2864 1636 Neque
2894 1567 3041 1621 enim
3072 1576 3250 1621 tutum
3292 1577 3379 1622 est
3415 1568 3581 1621 nudae
3622 1568 3732 1621 haec

2153 1660 2275 1715 fidei
2308 1661 2515 1730 absque
2549 1660 2766 1715 ratione
2799 1658 3163 1723 committere,
3195 1676 3319 1714 cum
3363 1662 3559 1729 utique
3597 1660 3733 1714 \‘eri-

2152 1760 2236 1806 tas
2262 1750 2475 1805 ratione
2501 1764 2612 1803 non
2651 1757 2858 1804 careat.
2892 1748 2959 1802 Et
2993 1749 3116 1803 ideo
3144 1750 3189 1779 ⁶¹²
3226 1749 3319 1819 qui
3355 1749 3473 1803 haec
3526 1748 3733 1804 ratione

2148 1843 2357 1897 munita
2393 1842 2720 1912 susceperit,
2752 1842 2981 1911 perdere
3054 1854 3120 1895 ea
3203 1858 3489 1913 nunquam
3536 1848 3731 1913 potest,

2148 1934 2242 2005 qui
2275 1951 2406 1990 vero
2431 1937 2639 2009 absque
2670 1939 3075 1995 assertionibus
3110 1954 3174 1994 ea
3202 1940 3439 2008 suscipit
3472 1940 3733 2009 simplicis

2148 2030 2421 2086 sermonis
2450 2043 2703 2096 assensu,
2728 2047 2906 2102 neque
2934 2047 3156 2087 servare
3177 2046 3239 2086 ea
3265 2038 3386 2085 llIlO
3410 2041 3621 2101 ροιεει,
3644 2048 3734 2087 ηρ-

2146 2139 2253 2193 que
2282 2126 2329 2180 si
2355 2140 2484 2180 vera
2517 2125 2627 2180 sint
2650 2132 2835 2181 certus
2862 2133 2966 2190 est,
2999 2126 3128 2195 quia
3155 2126 3247 2195 qui
3280 2124 3444 2179 facile
3469 2125 3733 2179 creditl‘a-

2147 2216 2253 2271 cile
2276 2226 2329 2271 et
2351 2215 2557 2271 recedit
2585 2234 2599 2271 :
2631 2217 2723 2287 qui
2755 2225 2937 2270 autem
2966 2217 3231 2271 rationem
3262 2217 3523 2287 quaesivit
3551 2233 3733 2272 eorum

2146 2323 2268 2378 qua:
2294 2306 2550 2372 credidit,
2584 2315 2639 2363 et
2668 2309 2901 2379 accepit,
2933 2310 3090 2379 quasi
3123 2310 3356 2365 vinculis
3402 2308 3730 2381 quibusdam

2146 2400 2376 2455 rationis
2420 2400 2590 2468 ipsius
2641 2399 2962 2470 colligatus,
3020 2416 3300 2471 nunquam
3358 2402 3430 2456 ab
3486 2401 3573 2456 bis
3615 2416 3765 2470 qua).

2145 2492 2399 2555 credidit,
2425 2492 2609 2548 divelli
2639 2501 2734 2546 aut
2768 2493 3009 2561 separari
3041 2502 3241 2564 potest.
3273 2494 3338 2548 Et
3373 2494 3500 2549 ide‘o
3530 2504 3728 2565 quanto

2146 2584 2270 2655 quis
2305 2585 2629 2654 propensior
2662 2584 2826 2638 fuerit
2857 2585 2912 2638 in
2955 2587 3257 2655 expetenda
3301 2587 3541 2652 ratione,
3584 2594 3730 2641 tanto

2145 2677 2250 2731 erit
2276 2678 2483 2731 firmior
2514 2678 2567 2730 in
2596 2678 2974 2732 conservanda
3010 2679 3135 2735 fide.

2217 2768 2379 2824 LXX.
2422 2769 2502 2823 Ad
2535 2769 2649 2823 h:ec
2680 2768 2866 2823 Simon
2894 2789 2906 2823 :
2935 2769 3186 2839 Magnum
3214 2778 3319 2833 est,
3353 2769 3557 2839 inquit,
3588 2769 3727 2839 quod

2144 2860 2485 2930 repromittis
2531 2868 2591 2913 ut
2640 2859 2922 2914 immensa:
2974 2858 3113 2913 locis
3160 2857 3445 2913 :eternitas
3504 2873 3571 2911 ex
3617 2858 3727 2927 lege

2144 2952 2321 3023 possit
2367 2951 2603 3007 ostendi.
2637 2949 2886 3021 Cumque
2934 2949 3131 3006 Petrus
3180 2950 3415 3005 dixisset
3449 2970 3464 3004 :
3498 2948 3727 3015 Quando

2067 3067 2109 3125 ρ
2144 3047 2415 3112 volueris,
2449 3045 2636 3099 Simon
2668 3046 2743 3099 ait
2776 3064 2788 3099 :
2823 3044 3089 3111 Quoniam
3124 3044 3255 3099 hora
3281 3044 3396 3114 jam
3425 3043 3601 3096 multa
3627 3050 3726 3109 est,

2146 3140 2390 3193 crastino
2414 3137 2613 3192 astanti
2643 3136 2775 3190 mihi
2801 3146 2857 3190 et
2884 3136 3161 3199 renitenti,
3187 3136 3235 3190 si
3269 3136 3511 3206 probare
3536 3141 3727 3205 potuc-

2144 3232 2221 3285 ris
2257 3230 2458 3284 factum
2491 3244 2613 3285 esse
2675 3228 2820 3282 hunc
2847 3227 3107 3282 mundum
3132 3236 3184 3281 et
3216 3228 3431 3283 animas
3476 3243 3601 3281 esse
3628 3229 3729 3279 im-

2144 3321 2426 3386 mortales,
2449 3320 2677 3376 habebis
2702 3337 2786 3375 me
2820 3319 3129 3389 adjutorem
3160 3318 3572 3387 praedicationis
3602 3324 3722 3372 tuae.

2144 3409 2209 3463 Et
2239 3427 2360 3465 cum
2392 3412 2506 3467 haec
2536 3412 2797 3477 dixisset,
2816 3426 3071 3484 egressus
3096 3420 3199 3474 est,
3217 3418 3407 3465 secuta
3434 3418 3617 3464 autem
3646 3419 3725 3464 est

2141 3519 2264 3557 eum
2301 3520 2369 3559 ex
2413 3505 2562 3559 omni
2613 3504 2813 3575 populo
2853 3504 2946 3574 qui
2996 3520 3118 3557 eum
3155 3504 3276 3573 ipso
3322 3510 3555 3558 venerat
3604 3516 3723 3573 pars

2140 3596 2327 3658 tertia,
2357 3591 2451 3663 qui
2483 3600 2640 3646 erant
2667 3593 2824 3663 quasi
2857 3593 3003 3646 mille
3031 3592 3166 3660 viri;
3201 3593 3386 3647 caeteri
3420 3609 3552 3646 vero
3576 3591 3722 3646 flexis

2139 3686 2371 3755 genibus
2404 3684 2754 3753 prostrabant
2786 3699 2843 3739 se
2873 3681 3055 3747 Petro,
3088 3698 3252 3750 super
3279 3698 3421 3753 quos
3454 3683 3546 3736 ille
3576 3684 3724 3736 invo-

2137 3786 2262 3830 cato
2296 3776 2387 3828 Dei
2423 3776 2667 3835 nomine,
2703 3775 2838 3829 alios
2881 3774 3148 3829 daemonia
3192 3774 3465 3829 habentes
3492 3777 3718 3837 curavit,

2137 3866 2274 3919 alios
2308 3866 2469 3919 etiam
2503 3864 2824 3933 languentes
2855 3863 3090 3926 sanavit,
3123 3872 3175 3917 et
3212 3863 3288 3915 ita
3328 3863 3603 3917 laetantem
3628 3880 3722 3934 pc-

2137 3959 2323 4027 pnlum
2354 3955 2582 4014 dimisit.
2613 3956 2879 4008 mandans
2909 3954 3009 4015 eis,
3048 3961 3105 4006 ut
3150 3954 3201 4006 in
3235 3955 3549 4008 crastinum
3583 3957 3719 4009 diem

2135 4049 2408 4104 maturius
2437 4048 2816 4103 convenirent.
2864 4044 3060 4100 PCII‘IIS
3111 4061 3234 4100 vero
3281 4061 3410 4099 CUIII
3455 4047 3719 4101 1⁵0085518-

2134 4152 2257 4197 sent
2290 4142 2482 4205 turbae,
2516 4142 2685 4195 sterni
2710 4139 2877 4209 jussit
2913 4138 3061 4192 humi
3100 4138 3201 4191 sub
3235 4154 3364 4192 aere
3413 4139 3540 4191 atrii
3578 4137 3724 4191 nudo

2137 4234 2229 4286 ubi
2273 4231 2445 4286 fuerat
2490 4232 2851 4300 disputatum,
2882 4234 2936 4282 et
2986 4229 3238 4283 recubuit
3278 4244 3387 4281 una
3440 4244 3573 4282 cum
3618 4229 3724 4281 illis

2139 4322 2428 4389 undecim,
2473 4338 2573 4393 ego
2610 4336 2737 4375 vero
2777 4337 2903 4375 cum
2955 4321 3077 4377 aliis
3125 4320 3486 4391 quibusdam,
3531 4323 3627 4390 qui
3672 4328 3725 4374 et

458 4416 625 4484 ligere
666 4428 774 4467 non
807 4419 981 4482 potes,
1017 4412 1188 4465 multo
1221 4413 1395 4482 magis
1425 4412 1492 4466 dc.
1532 4403 1617 4466 liis
1644 4428 1763 4482 qua:
1779 4413 1897 4467 sine
1927 4412 2031 4467 fine
2065 4411 2107 4465 D
2140 4417 2242 4486 ipsi
2274 4416 2429 4469 initia
2460 4414 2719 4470 audiendi
2765 4414 2916 4468 verbi
2950 4413 3041 4467 Dei
3091 4422 3421 4484 acceperant
3465 4420 3524 4466 et
3565 4420 3723 4467 erant

460 4513 612 4567 sunt,
645 4499 821 4574 neque
860 4504 1002 4559 scire
1031 4503 1237 4573 aliquid
1265 4504 1470 4574 poteris
1496 4519 1671 4573 neque
1697 4505 1928 4560 discere.

529 4595 852 4653 LXV'III.Ad
880 4598 990 4651 haec
1018 4596 1205 4650 Simon
1238 4616 1252 4651 ;
1284 4595 1497 4659 Melius,
1527 4597 1625 4660 ait,
1656 4598 1786 4651 mihi
1814 4598 2031 4653 videtur

460 4691 778 4761 simpliciter
812 4690 1054 4753 credere,
1084 4690 1210 4759 quia
1261 4687 1402 4744 Deus
1437 4697 1542 4752 est,
1584 4698 1638 4743 et
1679 4690 1804 4759 quia
1853 4691 2031 4745 solum

460 4783 605 4835 istud
637 4782 780 4852 quod
803 4783 1069 4844 videmus,
1102 4783 1173 4835 sit
1206 4783 1403 4836 cmlum
1434 4784 1488 4835 in
1520 4782 1774 4837 universo
1806 4784 2029 4839 mundo.

458 4866 523 4927 Et
544 4873 738 4929 Petrus
756 4894 768 4929 :
783 4873 899 4929 Non
917 4876 1011 4937 ita,
1028 4875 1227 4945 inquit,
1249 4873 1345 4929 sed
1361 4891 1526 4928 unum
1541 4875 1759 4943 quidem
1779 4875 2027 4930 confiteri

457 4967 711 5021 convenit
743 4966 908 5022 Deum
932 4967 1025 5037 qui
1054 4982 1179 5021 vere
1208 4974 1325 5032 est;
1358 4967 1526 5022 caelos
1559 4976 1743 5022 autem
1770 4984 1893 5023 esse
1916 4968 2029 5040 (79)

2137 4508 2469 4568 charissimi,
2502 4506 2827 4561 recumbens
2862 4505 3145 4560 sumebant
3165 4505 3376 4559 cibum.

2208 4599 2393 4654 LXXI.
2437 4598 2540 4653 Sed
2570 4598 2994 4669 benignissimus
3016 4596 3213 4652 Petrus
3240 4596 3635 4657 considerans,
3659 4610 3723 4650 ne

2137 4692 2277 4747 forte
2307 4692 2584 4747 tristitiam
2632 4691 2763 4744 mihi
2812 4689 3040 4744 inferret
3070 4690 3175 4743 ista
3219 4692 3619 4757 sequestratio,
3653 4688 3722 4740 ait

2136 4785 2203 4839 ad
2247 4800 2333 4839 me
2362 4805 2373 4839 :
2406 4783 2523 4837 Non
2568 4798 2667 4853 pro
2713 4781 2992 4852 superbia,
3022 4798 3057 4836 o
3087 4782 3363 4842 Clemens,
3403 4780 3720 4834 convivium

2135 4892 2243 4932 non
2276 4892 2376 4946 ago
2405 4891 2528 4929 cum
2561 4875 2648 4930 his
2686 4875 2779 4943 qui
2821 4873 3065 4928 nondum
3110 4871 3387 4942 purificati
3429 4879 3587 4934 sunt,
3631 4868 3720 4923 sed

2137 4984 2328 5025 vereor
2372 4984 2440 5023 ne
2486 4968 2626 5021 forte
2660 4967 2790 5020 mihi
2821 4964 3044 5037 quidem
3086 4979 3337 5028 noceam,
3365 4965 3509 5033 ipsis
3538 4973 3721 5017 autem

531 5193 577 5224 "
618 5189 684 5244 Et
721 5190 836 5244 ideo
863 5220 931 5229 ——
961 5187 1201 5257 separari
1242 5200 1412 5258 potest
1452 5190 1838 5245 desiderantur
1883 5190 1938 5244 in
1976 5197 2208 5260 utroque
2238 5191 2361 5248 cod.
2400 5190 2549 5262 Lips.

1764 5362 2131 5419 COTELERII
2170 5363 2400 5419 ΝΟΤᾸΞ.

529 5528 637 5593 (79)
680 5526 849 5584 Caelus
886 5538 1060 5584 autem
1094 5545 1225 5583 esse.
1268 5526 1342 5583 De
1388 5527 1528 5581 caelo
1568 5532 1621 5581 et
1658 5524 1813 5580 cmlis
1857 5526 2025 5579 multa

463 5601 638 5668 sancti
669 5597 877 5662 Patres,
903 5610 1065 5668 atque
1096 5599 1372 5652 contraria
1409 5618 1419 5651 :
1456 5596 1549 5651 sed
1579 5613 1664 5660 ea,
1688 5605 1746 5648 ut
1774 5605 1827 5649 et
1849 5596 2023 5668 majo-

461 5687 573 5727 l'Ctll
598 5665 1016 5741 Recognitiormin
1046 5678 1271 5739 partem,
1296 5668 1439 5738 quod
1465 5668 1529 5721 ad
1562 5668 1826 5721 humanas
1856 5665 2023 5720 disci-

2135 5528 2312 5601 plinas
2345 5528 2525 5596 potius
2564 5534 2835 5601 spectent,
2861 5543 3025 5599 quam
3056 5528 3124 5584 ad
3163 5525 3521 5601 theologiam,
3564 5523 3711 5580 notis

2133 5599 2463 5654 illustratum
2495 5614 2603 5652 non
2632 5598 2794 5654 imus.
