3806 6244
100 298 236 352 1281
1304 304 1657 361 RECOGNITI

1770 306 1850 361 ΠΜ
1884 308 2011 365 LIB.
2050 305 2133 362 111.
3154 311 3291 367 1282

99 409 237 464 nihil
267 410 513 479 prosim.
541 412 657 468 Hoc
685 416 825 470 enim
848 430 946 487 pro
964 424 1107 472 certo
1136 414 1276 471 scire
1298 425 1347 471 te
1373 418 1512 480 volo,
1536 419 1660 487 quia
1690 426 1736 481 Α
1765 428 1845 472 tra
1902 421 2229 475 voluntatem
2276 418 2395 488 ejus
2448 418 2651 473 habitat
2703 419 2757 473 in
2819 433 2884 475 eo
2933 418 3139 473 daemon
3159 458 3174 482 ,
3237 428 3291 472 et

96 501 284 555 omnis
315 503 419 571 qui
472 504 615 558 idola
654 506 819 559 coluit
846 508 1151 577 aliquando,
1183 517 1236 562 et
1273 524 1365 563 eos
1406 525 1541 578 quos
1574 526 1669 579 pa-
1766 510 1884 564 ideo
1908 511 1953 542 ⁷⁸
1990 511 2035 565 si
2089 526 2210 565 eum
2260 511 2380 579 quis
2420 510 2603 579 fugare
2642 511 2767 563 velit
2811 518 2862 564 et
2909 510 3171 580 expellere
3222 510 3290 561 ab

98 588 224 658 gani
257 593 978 659 nominantdcos,adoravit
999 599 1079 651 vel
1102 598 1166 651 de
1181 598 1466 652 immolatis
1483 615 1665 653 eorum
1764 614 1848 661 eo,
1879 615 1999 652 cum
2026 601 2095 654 sit
2130 601 2516 669 inseparabilis,
2562 607 2634 663 et,
2666 606 2723 652 ut
2775 599 2845 651 ita
2885 598 3082 661 dicam,
3114 598 3288 650 anima

98 679 452 748 degustavit,
506 684 700 759 spiritu
747 686 1019 740 immundo
1074 702 1177 741 non
1224 698 1398 753 caret;
1445 690 1666 742 conviva
1760 685 1870 753 jam
1909 687 2022 755 ejus
2050 686 2288 750 ell‘ectus,
2319 688 2583 741 videbitur
2630 688 2799 755 magis
2846 702 3037 740 necare
3072 701 3193 739 eum
3234 691 3289 737 et

98 768 246 821 enim
277 768 480 826 factus
509 780 594 826 est
623 772 943 837 daemonum,
971 783 1023 829 et
1063 777 1398 845 participium
1442 778 1668 847 sumpsit
1765 777 2037 829 homicidii
2084 779 2286 831 crimen
2334 778 2625 831 incurrere.
2672 776 2836 830 Nemo
2880 792 3007 844 ergo
3049 782 3285 828 vestrum

100 856 220 923 ejus
252 857 540 914 daemonis
583 860 739 928 cujus
767 861 821 914 in
853 870 1028 918 mente
1071 878 1165 917 sua
1207 864 1456 932 speciem,
1485 866 1567 918 vel
1601 866 1668 917 ti-
1766 866 2113 918 contristetur
2141 880 2170 917 a
2206 864 2451 918 convivio
2495 870 2681 916 nostro
2716 871 3012 931 separatus,
3051 869 3287 928 tempore

102 960 254 999 more
305 950 403 1001 vel
456 936 924 1005 amore‘formavit
953 953 1017 1006 ⁷⁸.
1064 952 1126 1005 Ει
1160 969 1253 1021 per
1283 954 1393 1008 haec
1438 956 1667 1008 mundus
1764 956 1904 1008 enim
1967 954 2146 1022 aliquo
2195 955 2479 1007 observare
2537 953 2693 1005 debet
2740 951 3107 1019 unusquisque
3159 964 3289 1003 sane

101 1049 211 1087 non
239 1044 337 1090 est
398 1051 428 1089 a
481 1040 672 1106 spiritu
717 1041 1009 1109 immundo,
1057 1049 1109 1095 et
1156 1042 1272 1094 ideo
1304 1042 1669 1111 purificatione
1765 1053 1966 1112 quanto
1994 1045 2105 1112 ipse
2141 1044 2388 1097 voluerit.
2424 1042 2595 1095 Parvo
2644 1040 2785 1095 enim
2825 1047 3058 1107 tempore
3101 1054 3288 1106 seque-

102 1121 320 1191 indiget
358 1126 643 1193 baptismi,
668 1136 728 1180 ut
748 1138 899 1183 exeat
923 1132 989 1184 ab
1010 1146 1074 1184 eo
1095 1130 1316 1199 spiritus
1340 1132 1664 1194 immundus,
1767 1140 1971 1186 stratur
1998 1134 2086 1201 qui
2118 1134 2223 1185 cito
2249 1132 2475 1185 voluerit
2502 1130 2779 1199 baptizari,
2804 1129 2971 1181 multo
3000 1136 3172 1181 autem
3196 1125 3285 1194 qui

103 1213 196 1281 qui
238 1214 553 1269 interiores
587 1218 776 1272 animae
814 1220 982 1288 ipsius
1026 1220 1218 1273 insedit
1266 1220 1484 1273 allectus
1508 1220 1572 1283 ⁷³,
1613 1228 1667 1273 et
1764 1222 1987 1277 tardius.
2020 1221 2396 1289 Unusquisque
2423 1236 2550 1288 ergo
2581 1222 2632 1273 in
2678 1234 2773 1273 sua
2817 1218 2976 1270 habet
3006 1225 3285 1285 potestate,

104 1299 250 1366 quod
282 1310 381 1354 est
414 1301 679 1367 deterius,
712 1321 808 1358 nec
831 1308 969 1374 quod
1001 1306 1324 1362 intrinsecus
1351 1308 1511 1361 lateat
1538 1307 1670 1361 indi-
1764 1314 1926 1367 breve
1986 1320 2077 1365 aut
2118 1312 2331 1381 longum
2387 1311 2709 1379 poenitentia:
2766 1323 2877 1361 suae
2924 1315 3134 1373 tempus
3173 1304 3285 1357 exi-

105 1399 286 1453 catur,
322 1392 413 1443 uti
438 1408 507 1446 ne
537 1395 839 1461 publicatus
869 1396 1097 1463 fugetur.
1764 1418 1909 1473 gere,
1938 1412 1990 1457 et
2016 1401 2132 1455 ideo
2157 1402 2209 1454 in
2240 1400 2388 1454 vobis
2417 1400 2744 1467 est,quando
2766 1399 2933 1452 velitis
2958 1397 3023 1448 ad
3046 1404 3287 1448 nostram

171 1477 401 1532 LXXII.
444 1481 643 1534 Amant
695 1484 837 1537 enim
877 1485 964 1539 isti
1017 1486 1237 1554 spiritus
1282 1488 1537 1541 immundi
1587 1488 1670 1541 in-
1766 1493 2052 1548 convenire
2085 1505 2344 1553 mensam,
2376 1497 2428 1543 et
2476 1505 2581 1542 non
2617 1491 2670 1541 in
2721 1488 2895 1550 nobis,
2927 1486 3122 1554 quibus
3168 1499 3289 1551 per-

106 1565 321 1620 bmrere
356 1571 686 1636 corporibus
714 1571 1005 1640 hominum,
1043 1584 1096 1627 ut
1122 1574 1355 1642 ipsorum
1377 1576 1669 1629 ministerio
1765 1581 1989 1634 missum
2042 1594 2147 1631 non
2196 1585 2279 1631 est
2332 1592 2542 1631 sumere
2588 1591 2707 1628 cum
2748 1576 2925 1641 aliquo
2954 1572 3153 1632 cibum,
3186 1568 3287 1621 nisi

106 1656 454 1722 cupiditates
476 1674 604 1713 suas
639 1661 905 1728 expleant,
928 1672 979 1715 et
1010 1662 1074 1715 ad
1104 1679 1165 1716 ea
1188 1680 1303 1733 quae
1335 1665 1433 1732 ipsi
1459 1664 1667 1717 deside-
1698 1734 1707 1735 ί
1768 1667 1928 1721 fuerit
1964 1668 2283 1735 baptizatus.
2320 1664 2426 1719 Vos
2460 1679 2585 1730 ergo
2633 1664 2801 1732 magis
2844 1677 2944 1716 nos
2994 1658 3288 1729 prohibetis

105 1751 229 1795 rant
264 1745 612 1801 inclinantes
656 1752 843 1803 animae
884 1759 1083 1814 motus,
1114 1753 1226 1807 suis
1259 1769 1351 1807 eos
1387 1768 1573 1822 parere
1604 1754 1667 1805 li-
1696 1734 1736 1788 Β
1763 1771 1793 1810 a
1818 1766 2000 1811 vestro
2035 1734 2307 1820 convivio,
2339 1756 2383 1808 si
2433 1754 2499 1807 ad
2547 1752 2929 1823 purifieandum
2979 1764 3156 1803 moras
3195 1747 3289 1799 ha-

104 1835 401 1891 bidinibus
432 1849 651 1907 cogant,
684 1848 742 1893 ut
767 1839 1061 1896 efﬁciantur
1089 1860 1153 1897 ex
1184 1845 1390 1915 integro
1413 1862 1539 1900 vasa
1565 1847 1668 1900 dte-
1764 1848 1933 1902 beatis
1967 1853 2018 1901 et
2045 1846 2249 1899 tardius
2279 1843 2638 1914 baptizemini.
2682 1841 2773 1895 His
2794 1841 2949 1893 dictis
2975 1854 3095 1893 cum
3127 1838 3276 1890 bene-

108 1938 365 1978 monum.
403 1925 485 1979 Ex
535 1928 731 1995 quibus
772 1945 913 1985 unus
960 1939 1042 1985 est
1085 1932 1269 1987 Simon
1300 1935 1406 1998 hic,
1438 1937 1529 2005 qui
1572 1937 1665 1990 tali
1763 1935 2006 1999 dixisset,
2042 1935 2219 1987 cibum
2251 1933 2498 2001 sumpsit.
2534 1932 2599 1985 Et
2627 1940 2748 2002 post
2787 1931 2898 1984 haec
2937 1943 3058 1981 eum
3091 1927 3290 1996 gratias

106 2011 356 2079 quodam
387 2013 580 2066 morbo
616 2015 1032 2083 comprehensus
1065 2032 1163 2072 nec
1205 2022 1384 2073 sanari
1422 2020 1533 2087 jam
1569 2036 1666 2089 po-
1763 2027 1962 2097 egisset
1994 2024 2120 2090 Deo,
2146 2024 2419 2093 ingressus
2467 2021 2691 2091 quievit,
2741 2020 2985 2074 similiter
3015 2025 3191 2069 autem
3236 2023 3290 2068 et

107 2107 233 2163 test.
265 2103 410 2173 quia
446 2103 722 2159 voluntate
747 2114 799 2159 et
835 2106 1108 2177 proposito
1129 2116 1367 2179 aegrotat.
1403 2108 1511 2163 Nec
1535 2124 1664 2163 con~
1764 2128 1863 2167 nos
1889 2126 2095 2175 omnes,
2119 2119 2235 2165 erat
2262 2112 2401 2163 enim
2420 2109 2530 2177 jam
2558 2123 2684 2161 nox.

173 2235 265 2314 τε]
300 2234 441 2314 _C_or.
475 2254 532 2300 x,
554 2237 646 2314 20.
721 2239 766 2314 ξι
789 2239 917 2305 Quae
939 2248 1231 2314 sequuntur
1258 2243 1516 2314 vocabula
1544 2258 1719 2314 usque
1740 2244 1987 2314 adfinem
2035 2244 2196 2314 hujus
2244 2258 2366 2313 cap.
2393 2241 2587 2296 desunt
2642 2240 2699 2294 in
2726 2236 2889 2294 codd.
2909 2238 3056 2310 Lips.
3088 2238 3283 2292 omnia.

109 2302 153 2331 "
190 2302 262 2356 Et
294 2306 694 2359 ideo—crimen
723 2302 980 2363 incurrere
1009 2302 1111 2364 non
1136 2310 1479 2364 inveniuntur
1506 2311 1559 2364 in
1589 2302 1742 2366 codd.
1771 2308 1919 2379 Lips.

2938 2467 3236 2486 ———

1227 2573 1575 2662 LIBER
1644 2572 2189 2660 TERTIUS.

124 2884 131 2889 '
183 2880 225 2932 1.
269 2877 489 2929 Interea
536 2874 725 2928 Petrus
758 2875 1011 2943 gallorum
1051 2875 1295 2945 cantibus
1339 2890 1565 2946 surgens
1609 2882 1661 2929 et
1686 2880 1728 2938 ο
1759 2880 2010 2941 rumpant
2037 2880 2089 2925 et
2118 2872 2335 2941 fatigent
2363 2874 2736 2942 praedicatores
2758 2873 2901 2926 verbi
2930 2872 3043 2927 Dei.
3067 2872 3288 2943 Propter

112 2969 359 3023 excitare
409 2982 510 3018 nos
542 2965 723 3017 volens
774 2964 973 3020 invenit
1017 2964 1316 3031 vigilantes,
1361 2963 1665 3031 vespertino

115 3059 295 3112 adhuc
324 3056 535 3110 lumine
564 3056 903 3123 perdurante,
933 3068 1158 3121 cumque
1185 3068 1248 3105 ex
1297 3068 1441 3107 more
1466 3054 1665 3105 saluta-

115 3150 285 3202 visset
312 3156 371 3200 et
409 3145 806 3199 resedissemus
834 3156 1039 3205 omnes,
1078 3144 1148 3195 ita
1175 3158 1398 3197 exorsus
1420 3150 1501 3197 est
1532 3162 1545 3195 :
1571 3141 1664 3194 Ni-

114 3238 189 3289 hil
233 3244 323 3291 est
363 3234 672 3296 diflieilius,
718 3232 910 3287 fratres
958 3235 1082 3294 mei,
1123 3248 1281 3302 quam
1332 3234 1395 3287 de
1442 3233 1664 3286 veritate

116 3326 257 3395 apud
292 3323 546 3394 permisti
578 3320 757 3390 populi
782 3319 1173 3374 multitudinem
1198 3322 1492 3390 disputare.
1513 3321 1663 3387 Quod

114 3416 261 3470 enim
301 3418 414 3476 est,
449 3410 700 3464 omnibus
747 3416 805 3460 ut
851 3416 936 3462 est
978 3408 1081 3462 dici
1126 3424 1233 3462 non
1278 3409 1421 3475 licet,
1452 3421 1666 3479 propter

114 3520 208 3559 eos
235 3503 333 3572 qui
366 3500 605 3568 maligne
649 3506 701 3552 et
735 3497 989 3552 insidiose
1031 3499 1281 3565 audiunt;
1318 3499 1499 3555 fallere
1539 3514 1665 3555 vero

118 3608 223 3646 non
238 3590 466 3660 expedit
489 3594 710 3656 propter
720 3600 812 3639 eos
826 3586 917 3654 qui
940 3586 1145 3640 sincere
1168 3586 1665 3654 audireidesiderant

115 3683 428 3735 veritatem.
460 3675 600 3741 Quid
662 3689 789 3744 ergo
832 3674 989 3727 faciet
1045 3675 1131 3727 cui
1196 3675 1259 3727 ad
1320 3674 1663 3729 indiscretum

117 3771 381 3840 populum
413 3780 593 3821 sermo
620 3771 737 3830 est;
767 3763 991 3817 occulte!
1039 3763 1178 3831 quod
1221 3778 1405 3816 verum
1452 3764 1565 3818 est?
1600 3764 1664 3817 Et

116 3855 397 3927 quomodo
426 3854 656 3907 instruet
674 3866 767 3906 eos
792 3851 881 3919 qui
906 3850 1049 3918 digni
1076 3853 1235 3903 sunt?
1262 3848 1364 3904 Sed
1396 3852 1439 3905 si
1464 3867 1662 3905 meram

116 3946 368 4015 proferat
409 3944 691 3997 veritatem
738 3940 823 3995 bis
850 3940 941 4008 qui
983 3940 1224 3993 salutem'
1253 3944 1507 4009 consequi
1556 3957 1662 3996 non

110 4034 463 4096 desiderant,
495 4030 571 4083 illi
598 4045 629 4083 a
657 4044 763 4099 quo
808 4030 1004 4083 missus
1033 4036 1118 4082 est
1164 4030 1410 4097 injuriam
1454 4030 1601 4094 facit,
1634 4046 1663 4084 a

116 4140 228 4193 quo
285 4132 342 4176 et
387 4120 699 4174 mandatum
755 4120 989 4187 accepit,
1044 4135 1111 4174 ne
1154 4121 1331 4173 mittat
1381 4121 1660 4175 verborum

1761 2961 1903 3031 quod
1928 2970 1980 3015 et
2004 2976 2100 3030 ego
2128 2964 2180 3015 in
2203 2961 2446 3031 plurimis
2467 2963 2687 3017 circuitu
2713 2963 2938 3031 quodam
2964 2964 3107 3016 verbi
3136 2974 3287 3018 utens

1760 3060 1965 3107 tentare
1994 3052 2224 3115 nitebar,
2256 3068 2319 3105 ne
2350 3052 2703 3121 principalem
2734 3052 2799 3104 de
2841 3067 3045 3105 summa
3089 3050 3289 3105 Divini-

1758 3149 1865 3195 tate
1900 3142 2302 3211 intelligentiam
2348 3142 2523 3194 minus
2572 3141 2747 3207 dignis
2786 3141 3004 3195 auribus
3050 3142 3289 3210 publica-

1758 3247 1895 3290 rem.
1928 3230 1990 3284 Et
2017 3240 2137 3301 post
2164 3233 2277 3285 haec
2308 3232 2567 3301 incipiens
2594 3231 2702 3301 (80)
2731 3232 2794 3284 de
2818 3231 2973 3285 Patre
3000 3238 3052 3285 et
3082 3230 3214 3284 Filio
3234 3240 3288 3285 et

1761 3320 1964 3391 Spiritu
1996 3329 2203 3385 sancto,
2224 3323 2454 3375 breviter
2475 3322 2629 3375 nobis
2656 3329 2707 3374 et
2734 3321 3005 3375 evidenter
3022 3322 3284 3389 exposuit,

1759 3417 1819 3464 ut
1856 3426 2041 3465 omnes
2081 3411 2358 3464 audientes
2403 3411 2719 3462 miraremur
2735 3410 2999 3477 quomodo
3021 3410 3283 3475 homines,

1759 3497 2010 3554 derelicta
2039 3500 2279 3562 veritate,
2299 3499 2542 3552 conversi
2562 3505 2685 3552 sunt
2714 3498 2776 3549 ad
2806 3498 3111 3551 vanitatem.

1828 3585 1891 3640 ll.
1934 3586 2078 3656 [llam
2111 3586 2265 3641 Petro
2309 3587 2516 3640 dicente
2543 3587 2585 3617 '”
2614 3586 2722 3655 (81)
2753 3584 2941 3654 Aquila
2983 3587 3094 3640 ait:
3123 3585 3286 3641 Recte

1758 3673 1961 3738 dixisti,
1992 3684 2271 3746 propterea
2318 3676 2471 3729 nobis
2519 3676 2684 3729 dicito
2724 3691 2841 3745 qua:
2871 3677 3112 3730 veritatis
3159 3684 3286 3730 sunt

1761 3767 1994 3836 propria.
2036 3766 2101 3818 Et
2148 3766 2383 3819 Petrus:
2422 3766 2492 3819 De
2536 3766 2730 3833 quibus
2758 3766 2921 3819 vultis
2964 3767 3285 3835 interrogate

1760 3873 1863 3911 me.
1893 3856 1957 3908 Et
1994 3857 2183 3925 Aquila
2218 3858 2327 3911 ait:
2362 3857 2432 3911 De
2462 3857 2723 3925 principio
2759 3866 2809 3911 et
2853 3858 3125 3926 principiis
3166 3873 3287 3911 ver-

1760 3945 1885 3999 bum
1928 3944 2166 4015 disputa,
2208 3953 2262 3999 et
2307 3946 2372 3999 de
2418 3959 2482 3999 eo
2528 3946 2665 4014 quod
2718 3947 3053 4014 reprelu-ndit
3102 3946 3284 3998 Simon

1761 4034 1915 4103 quasi
1945 4034 2319 4088 inconveniens
2340 4073 2354 4096 ,
2388 4033 2579 4086 Filium
2612 4034 2701 4089 Dei
2739 4034 2843 4087 dici
2878 4036 3148 4089 Christum
3171 4075 3184 4101 ,
3220 4050 3286 4088 ne

1765 4125 1957 4179 similia
2003 4124 2416 4194 plantationibus
2460 4132 2511 4178 et
2570 4126 2775 4178 eaateris
2822 4125 3125 4179 inanimatis
3175 4126 3283 4194 pati

114 4214 238 4283 ejus
268 4211 599 4280 margaritas
628 4218 749 4264 ante
778 4224 967 4277 porcos
1000 4217 1054 4264 et
1074 4225 1236 4293 canes
1261 4210 1325 4271 ⁷⁸,
1350 4210 1441 4278 qui
1478 4211 1663 4265 adver-
1691 4197 1735 4252 Ῑ)
1761 4213 2005 4267 videatur
2054 4211 2211 4267 Deus.
2250 4211 2440 4266 Petrus
2497 4220 2671 4266 autem
2724 4212 2905 4267 videns
2949 4228 3133 4268 omnes
3183 4214 3284 4267 hoc

116 4318 243 4357 sum
274 4316 371 4355 eas
400 4300 734 4370 argumentis
763 4313 825 4352 ac
844 4299 1262 4367 sophismatibus
1309 4300 1657 4365 reluctantes,

114 4394 272 4464 ipsas
300 4391 524 4461 quidem
553 4402 708 4441 emno
732 4387 1087 4458 intelligentiae
1109 4389 1339 4442 carnalis
1366 4388 1653 4455 involvant,

114 4482 414 4537 latratibus
459 4486 637 4531 autem
683 4478 795 4531 suis
839 4485 892 4531 et
945 4478 1379 4546 responsionibus
1426 4480 1657 4536 sordidis

1762 4303 1935 4372 ipsum
1967 4304 2203 4357 volentes
2230 4302 2436 4367 audire,
2472 4316 2680 4357 omnem
2724 4303 2980 4358 rationem
3024 4302 3093 4356 ita
3122 4318 3286 4372 expo-

1759 4392 1865 4446 suit
1890 4410 1903 4445 :

1829 4481 1913 4534 Ill.
1956 4480 2208 4549 Principii
2256 4494 2447 4532 nomen
2493 4478 2602 4547 (82)
2642 4479 2694 4532 in
2741 4480 2922 4532 multis
2959 4486 3009 4531 et
3058 4477 3284 4531 diversis

186 4594 237 4626 τ’
279 4590 474 4661 Matth.
517 4606 607 4649 vn,
644 4588 696 4641 6.
770 4588 813 4618 ⁷⁷
844 4586 947 4661 Ista
975 4602 1091 4661 quae.
1119 4598 1413 4661 sequuntur
1436 4607 1607 4661 usque
1632 4592 1696 4646 ad
1724 4593 1878 4647 finem
1908 4607 2022 4660 cap.
2052 4592 2138 4652 12,
2167 4606 2219 4643 in
2255 4590 2391 4661 eod.
2422 4605 2552 4644 mss.
2577 4591 2842 4661 plerisque
2864 4589 3048 4661 iisdem
3070 4590 3284 4661 optima:

114 4670 269 4716 notae
304 4660 523 4718 desunt,
572 4664 624 4710 et
668 4663 873 4727 tantum
920 4657 1118 4727 habent
1144 4658 1240 4727 _vel
1272 4657 1610 4717 obscuritatis
1640 4663 1720 4716 vel
1762 4657 1987 4715 erroris'
2014 4667 2073 4713 ut
2121 4660 2300 4727 spuria
2329 4673 2391 4712 ea
2419 4672 2539 4712 esse
2567 4657 2619 4712 et
2656 4659 2722 4711 ab
2753 4658 3000 4711 haeretica
3051 4658 3282 4725 quodam

110 4728 637 4786 recentiorismtatis
669 4726 873 4779 intrusa
897 4739 1001 4777 non
1031 4724 1352 4781 dubitemus.

1397 4837 1748 4893 COTELERII
1782 4835 2004 4892 ΝΟΤᾹΞ.

188 4950 306 5020 (80)
346 4948 411 5001 Et
455 4957 570 5015 post
613 4925 1058 5020 ζιως-ἱηρὶρἱῃξ...
1106 4946 1173 5020 qd
1210 4947 1502 5020 vanitgtem.
1546 4948 1668 5003 Haec

118 5013 388 5091 periodus
405 5013 592 5091 sistat
612 5016 663 5067 in
693 5013 1023 5091 libriseditis
1048 5025 1098 5067 et
1124 5014 1179 5065 in
1212 5013 1581 5091 ms._l_leg._;_.at
1610 5020 1662 5072 in

122 5081 291 5141 ὕοι-1).
320 5096 375 5141 et
404 5085 511 5139 Th.
538 5082 863 5138 transfertur
888 5081 954 5134 ad
982 5082 1134 5135 linem
1158 5095 1275 5149 cap.
1306 5083 1393 5145 11,
1418 5081 1509 5138 ubi
1538 5100 1655 5138 eam

120 5157 271 5211 vide.
582 5166 585 5167 '

199 5223 316 5291 (8i)
350 5220 481 5274 Ilwc
514 5218 667 5291 Petro
695 5217 907 5271 dicente.
932 5215 1104 5291 Codex
1127 5214 1664 5291 Candelerianus‘hoc

124 5283 377 5359 caput'ct
407 5287 685 5359 sequentia
718 5283 1187 5359 novem_conti_ne.t,
1211 5286 1655 5359 quemadmodum

126 5350 546 5411 So'rbonicuset
569 5354 819 5406 Thuanus
845 5368 855 5401 :
888 5350 1251 5403 Carmeliticus
1290 5361 1462 5405 autem
1493 5364 1545 5405 et
1574 5356 1660 5408 ille

128 5427 279 5481 Petri
314 5425 473 5477 Petiti
498 5420 659 5493 Regio
681 5422 878 5493 similes
899 5416 1326 5493 sunt,r.librisquc
1358 5421 1649 5493 impressis.

126 5495 242 5548 Nec
274 5493 521 5553 dubium,
558 5488 684 5556 quin
730 5489 794 5540 ad
828 5488 913 5538 illa
952 5488 1248 5556 pertineant
1279 5501 1397 5551 qua:
1430 5488 1654 5556 Rutinus

130 5562 385 5619 abstulit,
420 5559 492 5627 de
507 5552 744 5627 ingenito
760 5557 865 5608 Dee
893 5552 1169 5627 genimque
1192 5552 1457 5627 disserta,
1482 5556 1547 5609 de
1570 5555 1659 5609 Ei-

132 5631 208 5684 lio
228 5618 434 5693 creato,
463 5624 529 5679 de
556 5618 671 5679 aliis
710 5618 1002 5683 nonnullis,
1038 5618 1340 5684 periculosa
1364 5659 1378 5685 ,
1408 5623 1657 5689 obscura,

1771 4951 1975 5002 intrusa
2008 4988 2022 5011 ,
2068 4946 2431 5015 Eunomiana;
2479 4962 2701 5015 qumque
2736 4959 2943 5001 veteres
2985 4946 3280 5004 Ebionitica

1766 5024 2112 5086 censueru_nt,
2143 5014 2354 5077 Ariana,
2389 5025 2441 5068 et
2469 5014 2725 5086 addititia_.
2760 5015 2960 5086 Nescio
2974 5017 3099 5086 quis
3122 5018 3280 5086 igitur

1763 5084 1905 5153 quod
1938 5100 1966 5136 a
2011 5083 2200 5136 Rufino
2241 5086 2656 5153 praetermissum
2695 5084 2887 5153 fuerat,
2920 5084 3019 5137 sibi
3052 5083 3281 5153 sumpsit

1766 5150 1824 5223 ut
1856 5156 2310 5223 interpretaretur.
2353 5150 2483 5223 Vide
2505 5150 3008 5223 Clementinam‘om.
3046 5152 3131 5216 16,
3159 5150 3279 5223 cap.

1768 5222 1849 5275 16.
1882 5220 1983 5275 Ista
1996 5218 2127 5273 vero
2151 5234 2316 5285 usque
2345 5220 2408 5271 ad
2435 5234 2553 5287 cap.
2581 5219 2873 5288 ,l2kdesunt
2896 5218 3276 5288 inimpressis:

1760 5289 2033 5356 desumpta
2059 5295 2231 5340 autem
2255 5295 2375 5340 sunt
2401 5303 2464 5339 ex
2495 5285 2613 5339 cod.
2648 5285 2802 5340 Sorb.
2832 5297 2882 5340 et
2904 5286 3004 5338 Th.

1833 5353 2221 5425 (8Ξ)Ῥνίγετίρὶἰ
2250 5371 2449 5425 nomen,
2483 5364 2587 5407 etc.
2616 5357 2673 5425 In
2702 5370 2887 5425 marg._
2910 5369 3010 5407 ms.
3041 5353 3141 5408 Th.
3168 5355 3279 5409 htec

1761 5421 2046 5493 leguntur:
2075 5421 2240 5493 ΟιέιιιςεΔ
2264 5422 2357 5491 legi
2406 5432 2598 5493 oportet
2626 5422 2757 5474 hanc
2788 5421 3097 5493 scripturam
3115 5462 3130 5484 ,
3161 5428 3279 5493 quia

1756 5489 2089 5544 neScientibus
2118 5489 2267 5559 facile
2310 5489 2461 5542 error
2486 5491 2752 5559 subrepere
2787 5489 2973 5559 potest.
3020 5489 3281 5559 usquead

1761 5561 1929 5613 simile
1951 5560 2149 5625 signum
2186 5557 2345 5625 legere
2368 5559 2493 5613 noli.
2520 5557 2639 5613 Vid.
2670 5557 2806 5612 infra
2830 5566 3013 5613 notam
3042 5558 3283 5624 ejusdem

1764 5628 1880 5681 eod.
1910 5628 1973 5681 ad
2002 5640 2117 5681 ean.
2148 5625 2229 5677 12.

1764 5640 1880 5681 eoa.
1910 5640 1973 5681 aa
2002 5640 2117 5695 cap.
2148 5640 2229 5677 η.
