3806 6296
384 381 524 437 {9.85

383 497 726 561 nuncupatur
755 488 935 551 rebus,
961 477 1304 536 sensibilibus
1336 474 1541 527 scilicet
1567 476 1620 523 et
1662 467 1915 536 intelligt-
1944 466 1990 524 Α

384 555 605 637 bilibus.
641 578 742 632 Sed
773 591 839 630 ne
873 580 995 626 ante
1023 567 1444 637 experimentum
1477 558 1809 614 sensibilium
1852 555 1919 608 ad

389 668 742 739 intelligibilia
772 662 1040 718 declinare
1064 657 1361 714 videamur,
1389 650 1540 704 decet
1574 647 1743 717 primo
1783 659 1815 697 a
1836 643 1921 698 vi-

389 759 640 814 sibilibus
669 753 921 821 incipere,
954 755 1013 801 ut
1042 746 1107 800 de
1150 742 1395 813 proximo
1436 745 1706 794 sumentes
1744 748 1923 789 exem—

391 847 537 916 plum
567 845 757 896 iterum
804 837 868 890 ad
909 831 1315 901 intelligibilium
1360 827 1635 881 veniamus
1682 836 1925 891 compre-

393 934 725 989 hensionem.
755 928 873 992 Quo
900 924 1057 977 modo
1103 921 1184 975 sol
1214 918 1361 973 verbi
1404 916 1575 986 gratia
1620 915 1675 967 in
1719 912 1923 983 princi-

394 1026 538 1093 pium
581 1018 661 1074 vel
704 1015 1060 1085 principatum
1110 1009 1214 1063 diei
1260 1006 1585 1061 constitutus
1627 1009 1747 1065 est,
1797 1002 1925 1054 luna

395 1128 519 1167 vero
547 1127 577 1166 e
604 1107 874 1161 contrario
907 1102 1080 1157 noctis
1107 1101 1187 1165 ἠς
1216 1100 1328 1151 ιιωο
1370 1104 1548 1151 autem
1572 1104 1630 1149 ut
1658 1093 1928 1162 principa-

396 1212 506 1255 tum
548 1206 733 1269 gerant
762 1194 1052 1249 constituta
1082 1199 1226 1250 sunt,
1264 1204 1293 1242 a
1316 1202 1422 1256 quo
1465 1187 1623 1241 etiam
1661 1193 1718 1239 ut
1746 1190 1928 1238 essent

395 1291 450 1344 in
479 1286 742 1358 principio
763 1287 1101 1352 acceperunt.
1135 1278 1234 1343 Qui
1262 1285 1435 1330 autem
1464 1276 1577 1329 haec
1605 1272 1925 1342 composuit,

393 1378 589 1433 caelum
618 1382 670 1428 et
700 1381 896 1427 terram
925 1371 1074 1440 prius
1102 1367 1358 1431 condidit,
1388 1372 1576 1434 printer
1613 1365 1724 1416 haec
1750 1369 1928 1414 autem

396 1466 669 1521 terrestria
699 1472 750 1517 et
784 1463 1041 1529 iuaquosa
1075 1464 1127 1512 et
1156 1457 1391 1509 volatilia
1421 1453 1671 1508 animalia
1712 1464 1931 1520 compo-

396 1557 527 1619 suit,
555 1555 774 1607 arbores
800 1564 1013 1620 quoque
1052 1556 1104 1603 et
1134 1547 1326 1600 herbas
1365 1553 1417 1599 et
1459 1550 1578 1613 post
1618 1542 1730 1595 haec
1760 1539 1933 1592 homi-

398 1662 540 1710 nem,
560 1661 670 1699 non
692 1652 749 1697 ut
777 1652 958 1698 essent
979 1644 1090 1696 haec
1112 1648 1316 1692 tantum
1341 1634 1659 1706 principium
1690 1643 1929 1689 sumens,

400 1739 493 1792 sed
519 1738 680 1791 etiam
729 1744 787 1787 ut
833 1736 1071 1788 viverent
1122 1718 1413 1786 secundum
1459 1723 1767 1778 mandatum
1814 1718 1927 1774 Dei.

400 1823 475 1875 Ita
504 1838 631 1889 ergo
677 1822 840 1873 multa
886 1819 1099 1888 quidem
1143 1820 1369 1885 possunt
1405 1826 1525 1866 esse
1572 1806 1853 1879 principia,
1883 1804 1933 1859 ei

402 1923 579 1966 autem
610 1912 699 1979 qui
731 1919 832 1974 est,
864 1908 1127 1979 principia
1173 1921 1277 1958 non
1302 1910 1445 1956 sunt.
1478 1901 1654 1954 Unum
1686 1906 1767 1953 est
1797 1897 1938 1950 enim

401 2000 721 2070 principium
751 2007 803 2051 et
834 2010 996 2049 unum
1028 1995 1142 2049 sine
1166 1991 1423 2061 principio
1454 1988 1795 2058 principium,
1822 1997 1943 2051 quae

405 2099 583 2144 autem
611 2097 730 2158 post
760 2089 871 2141 haac
913 2092 1057 2149 sunt,
1089 2084 1307 2138 abusive
1349 2081 1599 2134 dicuntur
1628 2078 1696 2145 (si
1726 2074 1943 2145 quidem

405 2180 694 2250 dicuntur)
741 2176 1023 2247 principia.
1077 2173 1414 2227 Prmveniens
1469 2177 1643 2222 autem
1696 2163 1920 2233 exposui

407 2284 621 2325 causam
647 2266 805 2335 hujus
836 2263 1132 2332 exempli,a
1167 2260 1514 2315 sensibilibus
1548 2256 1752 2310 scilicet
1774 2254 1839 2306 ad
1864 2252 1948 2304 in—

407 2355 724 2425 telligibilia,
739 2361 797 2405 ut
812 2353 912 2405 hac
931 2352 1016 2404 via
1045 2351 1127 2403 usi
1152 2348 1354 2402 firmam
1377 2354 1430 2401 et
1450 2353 1648 2399 certam
1670 2343 1736 2397 de
1753 2341 1949 2396 intelli-

409 2446 649 2518 gibiliutn
662 2442 946 2497 traditione
957 2440 1325 2509 possideamus
1341 2437 1639 2490 tuitionem.
1658 2432 1783 2487 Sine
1796 2433 1948 2501 prin-

410 2536 550 2604 cipio
583 2551 708 2603 ergo
737 2534 964 2587 dicimus
992 2530 1157 2585 Deum
1192 2528 1445 2583 ineffabili
1487 2526 1819 2595 providentia
1855 2524 1950 2578 de-

412 2629 763 2684 monstrante,
789 2621 879 2688 qui
900 2634 1007 2671 non
1039 2632 1069 2669 a
1085 2632 1143 2671 se
1162 2617 1277 2686 ipso
1295 2614 1469 2669 factus
1484 2620 1565 2666 est
1586 2627 1685 2665 nec
1702 2625 1732 2662 a
1759 2625 1816 2663 se
1834 2609 1951 2678 ipso

411 2713 624 2784 genitus
639 2729 654 2778 ;
670 2720 752 2765 est
766 2711 908 2765 enim
926 2708 1041 2763 sine
1069 2706 1330 2776 principio
1347 2711 1400 2757 et
1419 2702 1707 2771 ingenitus.
1730 2697 1953 2767 lngeniti

413 2813 589 2858 autem
623 2800 905 2870 appellatio
932 2814 1038 2852 non
1077 2797 1204 2867 quid
1228 2797 1318 2859 sit,
1342 2794 1495 2847 nobis
1517 2790 1813 2857 intelligere
1839 2788 1950 2850 dat,

414 2892 510 2947 sed
531 2892 671 2960 quod
692 2906 795 2943 non
814 2897 898 2942 est
919 2888 1119 2951 factus;
1151 2884 1494 2953 αὑτοπάτορα
1508 2897 1634 2935 vero
1653 2891 1705 2935 et
1732 2879 1954 2945 αὐτογέ-

415 2998 591 3052 νητον,
612 2981 712 3033 hoc
738 2987 823 3032 est
844 2979 1015 3046 ipsum
1050 2975 1150 3030 sibi
1178 2974 1385 3027 Patrem
1418 2973 1700 3040 ipsumque
1736 2970 1839 3024 sibi
1867 2967 1957 3021 Fi-

2020 501 2152 602 illud
2178 543 2321 614 quod
2351 537 2671 594 ineﬂ‘ectum
2699 529 2829 585 est?
2857 518 3297 613 Putaverunt
3333 514 3562 614 autem
3593 501 3785 607 huius:

2020 593 2318 691 modi
2344 626 2643 695 disciplina
2669 634 2730 675 se
2770 618 2890 670 hoc
2915 612 3187 669 dicere,
3232 602 3423 658 sicut
3475 594 3663 695 ebrii,
3693 593 3785 695 qni

2022 725 2240 781 umbras
2286 734 2384 790 pro
2416 681 2597 770 foveis
2633 707 3020 765 existimant.
3065 695 3374 760 Propter
3436 681 3612 785 quod
3664 689 3788 790 ante

2022 815 2202 871 omnia
2238 769 2451 879 oportet
2494 818 2602 857 nos
2648 790 3110 853 immortalium
3178 775 3669 879 scrutationem
3712 769 3788 823 fa-

2024 861 2535 967 cientesiticiperea
2566 882 2897 944 Dominicis
2930 868 3472 931 traditionibus,
3503 861 3612 915 ubi
3644 874 3791 967 mor-

2025 945 2214 1046 talium
2243 945 2618 1042 conditionem
2651 976 2725 1030 ab
2757 962 3269 1041 inmortalibus
3324 966 3665 1025 separaris,
3696 945 3795 1001 do-

2026 1083 2248 1137 cuitnos
2269 1074 2512 1147 pericula
2535 1079 2593 1125 et
2616 1062 2993 1121 tentationes
3021 1066 3262 1122 usque
3294 1047 3383 1102 ad
3419 1049 3626 1115 ipsam
3648 1055 3797 1094 mor-

2027 1180 2131 1225 tem
2157 1133 2431 1222 sustinere
2456 1164 2688 1230 propter
2710 1165 2879 1222 spem
2916 1149 3272 1203 bonorum
3302 1134 3525 1207 regni,
3561 1133 3793 1189 dicens:

2030 1258 2208 1311 Nolite
2236 1257 2415 1308 timere
2445 1267 2534 1304 eos
2563 1246 2657 1317 qui
2682 1241 2960 1297 occidunt
2998 1248 3283 1303 corpus,
3334 1228 3589 1281 animas
3619 1231 3797 1278 autem

2028 1367 2129 1404 non
2150 1356 2367 1416 possunt
2408 1340 2671 1399 occidere,
2709 1337 2909 1388 timete
2936 1338 3165 1383 autem
3205 1339 3360 1377 eum
3397 1320 3509 1391 qui
3536 1325 3724 1388 potest
3750 1324 3796 1369 et

2029 1455 2214 1507 corpus
2234 1446 2282 1490 et
2300 1436 2535 1489 animant
2556 1427 2785 1499 perdere
2833 1425 2898 1476 in
2940 1420 3315 1491 gehennam
3354 1414 3441 1468 τ’.
3474 1410 3553 1462 Et
3580 1424 3720 1462 vere
3755 1407 3799 1460 si

2029 1544 2137 1584 non
2168 1524 2528 1583 eommoritur
2554 1498 2790 1587 corpori
2818 1514 3070 1575 anima,
3098 1523 3246 1563 non
3275 1505 3509 1574 utique
3526 1498 3801 1555 dividitur

2030 1634 2129 1673 nec
2170 1615 2317 1671 aliud
2340 1611 2546 1682 aliquid
2578 1608 2806 1679 patitur
2835 1605 2918 1659 de
2942 1603 3053 1657 his
3091 1613 3255 1669 qua:
3284 1596 3539 1666 patitur
3568 1605 3797 1658 corpus.

2032 1710 2179 1766 verbi
2209 1707 2376 1777 gratia
2394 1702 2770 1760 influxionem
2794 1697 2899 1752 vel
2925 1690 3430 1750 deﬂuxionem,
3461 1682 3799 1740 tenuitatem

2038 1809 2131 1857 aut
2154 1773 2605 1854 crassitudinem,
2623 1789 2957 1845 sanitatem
2983 1782 3095 1837 vel
3118 1778 3609 1836 inﬁrmitatem,
3628 1773 3801 1827 absci-

2039 1892 2243 1945 sionem
2276 1894 2369 1939 aut
2399 1880 2909 1949 coniunctionem.
2950 1872 3087 1927 Sed
3157 1878 3231 1925 et
3294 1869 3369 1921 in
3429 1867 3569 1936 ipsa
3620 1863 3796 1916 homi-

2040 1995 2168 2033 num
2202 1972 2590 2045 procreatione
2625 1967 2776 2022 nihil
2810 1962 3184 2019 committit
3221 1961 3449 2013 anima
3487 1957 3796 2012 secundum

2041 2061 2539 2128 deﬂuxionem,sed
2563 2060 2621 2114 in
2643 2057 2811 2113 omni
2833 2054 3113 2125 quidem
3147 2058 3347 2105 motu
3387 2055 3515 2102 stat
3548 2046 3799 2101 videlicet

2043 2154 2348 2213 substantia
2371 2149 2768 2211 immutabilis,
2787 2146 3056 2200 diverso
3094 2154 3333 2196 autem
3366 2150 3544 2194 motu
3566 2140 3636 2193 ad
3656 2137 3797 2191 aliud

2043 2256 2097 2304 et
2115 2245 2260 2301 aliud
2284 2258 2487 2312 corpus
2511 2240 2711 2294 incitat
2741 2238 2897 2308 pati.
2920 2234 3108 2289 Fluit
3136 2248 3309 2303 ergo
3332 2238 3401 2286 et
3429 2232 3659 2301 patitur
3673 2228 3798 2283 sub-

2046 2336 2369 2393 stantialiter
2398 2346 2629 2401 corpus,
2660 2329 2843 2384 sicuti
2880 2326 3367 2397 experimento
3400 2322 3790 2392 cognoscitur,

2047 2438 2168 2499 post
2191 2427 2337 2480 illam
2362 2429 2618 2476 natorum
2645 2418 3174 2489 coagulationem
3203 2414 3643 2476 exinanitione
3664 2411 3792 2466 uteri

2049 2518 2188 2571 facta
2216 2555 2230 2579 ,
2282 2520 2506 2584 propter
2546 2520 2925 2566 crementum
2996 2507 3296 2561 infantis
3351 2505 3711 2576 impellentis
3743 2513 3793 2557 et

2051 2604 2265 2674 impulsi
2293 2604 2442 2657 velut
2466 2601 2521 2655 in
2553 2599 2900 2661 luctamine,
2937 2599 3159 2652 verbo
3196 2597 3576 2651 Conditoris
3602 2614 3619 2649 :
3645 2592 3790 2659 Quod

2051 2695 2194 2750 enim
2229 2692 2580 2762 coagulatum
2601 2696 2693 2744 est
2754 2688 3023 2743 festinat
3083 2687 3323 2758 egredi
3356 2705 3374 2752 ;
3408 2686 3571 2756 quod
3618 2694 3792 2737 autem

2054 2782 2364 2853 roagulavit
2404 2780 2558 2847 cupit
2582 2794 2908 2847 exponere.
2937 2778 3176 2833 Causa
3198 2794 3363 2832 vero
3386 2778 3515 2830 haec
3539 2773 3795 2829 transfert

2055 2875 2202 2943 ipsas
2228 2869 2521 2941 passiones
2573 2869 2645 2922 ad
2673 2868 3171 2923 successionem
3200 2867 3495 2938 ejusdem
3525 2867 3635 2934 rei,
3660 2866 3793 2918 facta

2058 2971 2236 3016 autem
2268 2962 2529 3031 passione
2558 2973 2876 3013 commune
2929 2960 3326 3027 periculum
3381 2960 3604 3029 saapius
3638 2970 3795 3026 quam

419 3049 552 3125 lium
581 3070 672 3139 qui
700 3075 1025 3122 vocaverunt
1072 3065 1202 3117 illud
1243 3062 1384 3131 quod
1422 3062 1733 3129 ingenitum,
1763 3067 1955 3113 contu-
1979 3088 2028 3152 α
2059 3052 2293 3122 speciale
2315 3049 2612 3119 contingit.

420 3161 632 3216 meliam
674 3158 851 3211 facere
880 3156 1056 3210 conati
1098 3162 1224 3209 sunt
1264 3152 1441 3205 dubiis
1474 3150 1836 3204 deservientes
1864 3165 1955 3205 ra-

419 3250 679 3307 tionibus.
724 3246 964 3316 lndigere
999 3244 1142 3298 enim
1184 3241 1461 3296 nativitate
1506 3239 1634 3291 illud
1664 3238 1807 3306 quod
1847 3247 1963 3293 erat

422 3343 737 3414 priusquam
810 3340 1141 3399 nasceretur,
1184 3331 1525 3400 parvulorum
1574 3342 1723 3381 more
1767 3328 1964 3382 intelli-

422 3437 610 3501 gentes
638 3433 915 3498 putarunt,
947 3432 998 3477 et
1034 3423 1160 3476 illud
1191 3420 1335 3490 quod
1378 3419 1570 3481 fuerat,
1604 3432 1701 3485 pro
1728 3432 1792 3471 eo
1820 3418 1962 3485 quod

426 3521 588 3575 fuerit
616 3525 894 3590 ponentes,
922 3514 1076 3583 quasi
1120 3523 1212 3581 per
1238 3528 1296 3566 se
1335 3512 1507 3580 ipsum
1544 3508 1740 3561 factum
1785 3507 1966 3562 dicere

427 3611 634 3665 insania
684 3608 1041 3665 insanierunt,
1083 3610 1137 3656 et
1186 3600 1601 3671 plantationibus
1653 3611 1966 3666 comparare

429 3702 560 3754 illud
594 3699 737 3769 quod
774 3704 856 3752 est
895 3695 1207 3763 ingenitum,
1232 3702 1288 3743 ut
1326 3688 1634 3744 ὼεηιοηὶοεί
1658 3688 1772 3741 ausi
1818 3694 1964 3742 sunt.

430 3791 554 3845 Hinc
594 3800 769 3843 autem
817 3786 994 3840 omnia
1035 3785 1089 3837 in
1139 3782 1405 3851 impietate
1449 3779 1739 3833 constituta
1779 3792 1970 3831 conse-

432 3888 681 3950 quentem
710 3877 911 3930 habent
943 3872 1313 3942 ignorantiam.
1359 3868 1474 3922 Non
1502 3870 1646 3922 enim
1691 3867 1969 3921 intellexe-

433 3977 559 4024 runt
581 3968 683 4020 hoc
708 3967 881 4034 ipsum
905 3964 1142 4017 dicentes
1170 3968 1222 4015 et
1247 3960 1408 4013 fuisse
1424 3967 1476 4012 et
1491 3974 1597 4011 non
1616 3957 1805 4011 fuisse.
1825 3956 1969 4022 Qua-

434 4068 592 4116 tenus
626 4060 766 4112 enim
808 4056 1008 4125 genuit,
1042 4053 1162 4115 fuit,
1195 4060 1459 4122 quatenus
1486 4064 1613 4103 vero
1655 4057 1834 4102 natum
1864 4055 1968 4111 est,

438 4167 548 4206 non
579 4151 697 4203 fuit.
739 4149 854 4201 Non
901 4147 1065 4200 fuisse
1103 4158 1229 4213 ergo
1276 4159 1398 4197 eum
1444 4149 1654 4197 constat
1705 4148 1971 4209 quatenus

440 4249 626 4297 natum
657 4249 758 4301 est,
801 4238 966 4291 fuisse
987 4243 1163 4287 autem
1194 4250 1314 4288 eum
1344 4240 1557 4287 constat
1591 4241 1855 4301 quatenus
1881 4246 1974 4299 ge-

441 4331 581 4386 nuit.
624 4327 747 4381 Ilaec
790 4332 964 4379 autem
1015 4331 1238 4390 utraque
1289 4322 1466 4376 dicere
1513 4321 1670 4376 simul
1726 4320 1971 4375 eumdem

444 4417 787 4479 sustinuisse,
816 4429 919 4467 non
949 4413 1205 4481 permittit
1233 4412 1446 4480 pietatis
1471 4409 1752 4479 professio.

514 4504 602 4559 IV.
645 4501 844 4556 Deinde
867 4501 1027 4555 etiam
1048 4515 1357 4553 communes
1379 4500 1730 4568 cogitationes
1752 4497 1979 4553 sollicite

446 4610 478 4647 a
508 4610 567 4648 se
594 4593 856 4661 repellunt
888 4598 1090 4643 tantam
1121 4589 1532 4657 blasphemiam,
1563 4587 1780 4657 dignum
1813 4588 1980 4641 hono-

448 4699 562 4740 rem
588 4682 823 4751 ingenito
849 4679 1171 4733 deferentes.
1201 4676 1464 4742 Quidnam
1496 4677 1656 4745 igitur
1671 4676 1792 4745 quis
1815 4677 1981 4729 inter-

450 4777 669 4839 rogatus
693 4770 836 4822 dieat
856 4784 1041 4822 eorum
1072 4768 1162 4835 qui
1207 4768 1366 4835 impie
1406 4766 1837 4834 appellaverunt?
1878 4767 1981 4820 nisi

448 4861 575 4927 quia
605 4857 704 4911 fuit
734 4858 1039 4927 priusquam
1067 4864 1228 4922 esset,
1257 4854 1368 4925 ipse
1389 4856 1487 4908 sibi
1509 4853 1685 4916 Pater,
1712 4854 1803 4923 qui
1858 4869 1979 4909 esse

451 4947 638 5000 habuit
692 4954 977 5015 antequam
1012 4944 1114 4999 sibi
1159 4953 1215 4997 ut
1253 4951 1394 4999 esset
1434 4943 1785 5012 praestitisset.
1816 4944 1980 4995 Αὑτο-

454 5034 638 5104 πάτωρ
672 5042 725 5087 et
748 5034 1053 5104 αὐτογενής,
1080 5032 1183 5086 hoc
1210 5040 1293 5087 est
1324 5033 1438 5102 ipse
1467 5032 1571 5085 sibi
1595 5030 1751 5084 Pater
1789 5040 1841 5085 et
1870 5031 1984 5099 ipse

455 5123 558 5175 sibi
579 5122 765 5187 Filius,
786 5136 889 5190 qua
914 5122 1120 5175 ratione
1145 5120 1371 5184 dicatur,
1401 5124 1454 5173 et
1490 5132 1611 5171 cum
1639 5115 1852 5185 quidem
1879 5130 1987 5169 non

460 5210 650 5267 fuisset
691 5212 833 5282 quod
876 5221 1041 5278 esset,
1064 5217 1189 5266 ante
1236 5217 1453 5265 exstans
1509 5205 1870 5275 intelligentiae
1910 5205 1987 5258 si-

525 5362 572 5394 "
606 5364 736 5419 Gen.
766 5382 804 5429 ι,
838 5365 922 5422 16.

2131 3140 2198 3197 ν.
2233 3140 2339 3196 Sed
2368 3148 2424 3195 et
2448 3153 2617 3193 omne
2645 3138 2805 3208 quod
2840 3140 3053 3193 servit
3094 3141 3540 3196 muliebribus
3583 3141 3793 3195 deside-

2060 3233 2191 3299 riis,
2222 3237 2587 3302 promovetur
2630 3237 2688 3283 et
2736 3230 3252 3298 praemeditatur
3308 3235 3669 3291 naturaliter
3713 3251 3787 3290 se-

2061 3322 2301 3377 cundum
2346 3318 2813 3387 uniuscujusque
2860 3327 3143 3375 atatem
3164 3362 3185 3387 ,
3220 3326 3407 3378 verbi
3442 3338 3624 3379 causa
3652 3324 3795 3375 aliter

2061 3429 2220 3483 puer,
2246 3412 2404 3465 aliter
2427 3424 2562 3464 vero
2593 3409 2960 3466 adolescens
2980 3452 2997 3475 ,
3047 3414 3258 3469 aliter
3294 3421 3509 3470 autem
3542 3416 3649 3472 vir.
3671 3414 3792 3469 Nam

2064 3503 2245 3557 infans
2274 3501 2501 3571 quidem
2532 3499 2590 3553 in
2618 3500 2844 3554 virtute
2871 3501 3086 3558 habet
3114 3506 3365 3560 horum
3391 3507 3792 3577 operationem.

2063 3593 2308 3647 nondum
2344 3596 2533 3665 autem
2577 3588 2639 3642 in
2671 3589 2905 3644 virtute
2944 3591 3164 3648 habet
3202 3596 3409 3650 etiam
3456 3599 3663 3651 animae
3692 3612 3795 3649 mo.

2065 3692 2192 3748 tus;
2237 3681 2564 3735 adolescens
2609 3693 2751 3732 vero
2780 3690 3064 3749 paratus
3111 3686 3392 3755 quidem
3451 3688 3527 3741 ad
3566 3687 3793 3741 desum-

2065 3779 2216 3835 tum,
2266 3770 2518 3823 nondum
2564 3785 2703 3824 vero
2747 3768 3155 3839 digestionis
3220 3777 3423 3831 habet
3478 3793 3677 3844 usum;
3720 3777 3793 3829 vir

2067 3870 2250 3917 autem
2280 3860 2620 3930 conspirans
2644 3861 2920 3929 possidet
2955 3865 3406 3933 perfectionis
3432 3869 3790 3939 propositum.

2068 3951 2135 4005 Et
2166 3966 2276 4004 non
2318 3967 2385 4005 ex
2440 3952 2559 4006 illis
2612 3953 2756 4007 solis
2811 3953 3189 4014 dicendunl
3242 3972 3387 4025 est,
3423 3964 3675 4017 animam
3704 3962 3795 4014 im-

2070 4041 2356 4094 mortalem
2382 4080 2398 4104 ,
2432 4055 2647 4111 corpus
2690 4057 2838 4096 vero
2895 4044 3117 4103 ﬂuens
3153 4090 3174 4115 ,
3237 4055 3352 4107 sed
3392 4055 3576 4108 etiam
3598 4069 3665 4107 ex
3687 4053 3792 4109 his.

2072 4146 2192 4198 qua:
2216 4129 2283 4182 ad
2306 4144 2430 4184 eam
2452 4139 2723 4186 constant
2743 4133 2808 4187 in
2838 4149 3279 4197 communem
3312 4158 3635 4213 personam
3663 4156 3796 4196 man-

2073 4219 2239 4281 datis,
2272 4233 2398 4287 quaa
2430 4220 2511 4273 ait
2539 4219 2828 4276 Dominus
2858 4243 2875 4279 :
2912 4224 3189 4283 Dictum
3220 4243 3315 4285 est
3346 4236 3602 4304 antiquis
3635 4249 3653 4285 :
3687 4231 3793 4283 Non

2076 4306 2448 4371 ntwchaberis;
2477 4324 2577 4375 ego
2607 4320 2795 4363 autem
2818 4311 2958 4367 dico
2991 4331 3014 4368 :
3050 4316 3198 4374 Nec
3224 4323 3295 4376 in
3324 4334 3621 4391 aspectum
3664 4321 3789 4374 desi-

2004 4408 2047 4461 ι)
2075 4395 2221 4448 derio
2249 4398 2445 4451 servies
2472 4398 2546 4463 '°,
2580 4400 2757 4455 nimis
2789 4412 2980 4460 caute
3031 4407 3353 4479 loquens.
3408 4414 3474 4469 Si
3505 4416 3657 4470 enim
3684 4427 3793 4465 cor-

2075 4498 2179 4552 pus
2205 4486 2543 4540 naturaliter
2575 4489 2901 4560 obligatum
2950 4504 3055 4551 est
3102 4498 3422 4559 femineis
3464 4504 3792 4558 commistio-

2076 4574 2263 4637 nibus,
2297 4577 2483 4646 magis
2507 4588 2702 4634 autem
2737 4584 2972 4640 servire
2995 4601 3313 4648 coactum
3353 4595 3455 4649 his
3491 4612 3620 4666 qua:
3653 4609 3792 4648 acce-

2078 4668 2189 4769 pit,
2222 4675 2286 4769 ut
2317 4679 2473 4769 esset
2501 4680 2561 4726 et
2593 4674 2655 4728 in
2685 4677 3000 4735 schemate
3021 4682 3161 4754 (85)
3206 4686 3478 4743 haberet
3500 4729 3517 4751 ,
3564 4687 3707 4759 quod
3745 4692 3791 4739 el

2079 4761 2399 4857 principale
2438 4773 2534 4819 est
2584 4768 2843 4824 carnalis
2890 4779 3376 4841 procreationis
3407 4821 3425 4845 ,
3486 4797 3604 4852 quo
3648 4778 3789 4833 modo

2078 4854 2205 4950 quis
2237 4854 2581 4922 suspicetur
2605 4861 2846 4929 corpori
2873 4877 3011 4919 esse
3045 4865 3305 4924 dictum
3346 4891 3363 4926 :
3406 4872 3465 4925 Ν
3474 4890 3546 4925 on
3581 4870 3787 4924 mrbu-

2080 4939 2245 5039 berta,
2287 4959 2392 5039 ego
2444 4959 2637 5004 autem
2672 4952 2802 5009 dico
2834 4973 2931 5010 nec
2969 4955 3285 5017 desiderio
3321 4965 3569 5029 servies,
3602 4974 3655 5019 et
3698 4977 3789 5016 non

2082 5034 2276 5097 potius
2310 5034 2393 5098 ei,
2429 5053 2562 5107 qua:
2587 5043 2776 5099 libera
2807 5055 2897 5104 est
2922 5048 3307 5119 substantia,
3342 5056 3564 5109 talium
3597 5054 3788 5125 passio'

2086 5132 2222 5170 num
2256 5133 2619 5189 potestatem
2648 5136 2877 5194 habens
2902 5139 3101 5195 laxare
3138 5144 3247 5197 vel
3275 5143 3599 5201 refrenare
3619 5157 3791 5199 secun-

2089 5205 2224 5261 dum
2257 5222 2683 5283 operationem
2718 5244 2955 5301 corpus,
2981 5230 3082 5286 hic
3112 5234 3414 5289 melioris
3455 5236 3544 5291 rei
3576 5231 3781 5288 manda—

1028 5366 1075 5399 "
1113 5361 1300 5418 Matth.
1334 5376 1389 5422 χ,
1427 5357 1517 5413 28.
1592 5356 1637 5389 ⁸ο
1674 5354 1865 5408 Matth.
1896 5370 1950 5417 ν,
1978 5354 2069 5409 27.

1726 5506 2086 5563 COTELEBll
2118 5509 2382 5577 ΝοΤΑε,

540 5647 653 5720 (33)
687 5650 746 5703 In
775 5653 1040 5713 schema“,
1082 5659 1136 5714 1d
1172 5664 1255 5712 est
1311 5652 1366 5704 in
1401 5664 1548 5706 sexu.
1588 5645 1720 5701 Vide
1749 5645 1981 5700 Constit.
2013 5662 2089 5713 vr,
2115 5647 2208 5703 ll.
2235 5653 2411 5715 Infra
2441 5670 2663 5738 cap..8.
