3806 6304
150 318 287 379 1285

1308 318 1854 375 ΒΕΟῡῦΝιΤΙΟΝιξΜ
1893 316 2016 373 us.
2044 280 2143 373 ut:

3176 309 3310 364 1286

145 438 261 483 tum
290 428 645 484 insinuatur?
677 429 769 486 Sic
795 432 939 486 enim
980 441 1035 486 et
1074 430 1253 485 futura
1277 438 1557 500 sperantes
1583 444 1691 484 non
1717 434 1764 487 Α
1788 444 1847 484 se
1879 428 2123 483 dividens
2143 465 2157 490 ,
2189 441 2298 480 non
2325 424 2563 480 defluens
2581 461 2597 489 ,
2629 436 2738 477 non
2767 420 3062 476 extendens
3090 419 3311 488 aliquid.

146 521 465 583 irascimur,
489 528 544 574 et
572 519 809 576 furorem
838 522 1151 575 cohibemus
1168 528 1222 575 et
1242 520 1492 575 mulieres
1521 518 1694 587 despi-

142 608 325 663 cimus
359 624 458 677 spe
490 608 792 663 futurorum
819 625 1034 665 sensum
1063 610 1421 674 sublevantes,
1458 615 1517 661 ut
1555 607 1689 669 dixi,

143 711 251 749 non
292 712 465 752 omne
503 700 649 766 quod
693 715 879 755 sumus
920 701 1112 755 servile
1155 700 1411 754 habentes
1451 697 1693 752 femineis

142 787 595 854 operationibus,
637 789 731 843 sed
777 789 916 842 aliud
950 789 1163 857 quidem
1207 788 1444 843 serviens
1491 793 1694 840 natura;

141 874 287 941 quod
346 884 437 929 est
494 892 727 943 corpus,
778 877 917 931 sicut
956 877 1320 939 ostendimus,
1370 875 1511 928 aliud
1565 886 1693 927 vero

138 962 383 1015 liberum
402 1002 419 1027 ,
450 973 724 1027 mentem,
757 962 900 1033 quod
928 972 1010 1018 est
1039 971 1214 1019 motus
1258 964 1449 1016 animae
1476 965 1693 1015 immor-

140 1049 290 1102 talis.

206 1135 302 1189 Vl.
344 1135 449 1190 His
477 1136 643 1204 igitur
672 1137 743 1190 ita
775 1151 833 1191 se
854 1137 1195 1201 habentibus,
1218 1137 1505 1205 vestigium
1543 1136 1690 1205 opti-

142 1241 291 1279 mum
317 1226 391 1279 ad
418 1226 831 1294 intelligibilium
850 1226 1371 1293 comprehensionem
1394 1227 1692 1280 invenimus

139 1329 263 1377 cum
318 1313 438 1368 Deo
477 1314 712 1371 dicente.
755 1313 1067 1367 lncedamus
1098 1329 1224 1382 ergo
1272 1329 1367 1382 per
1416 1330 1539 1369 eum
1581 1316 1695 1367 siue

140 1404 432 1472 periculo,
484 1412 696 1458 utentes
742 1404 935 1457 animae
979 1403 1268 1455 immortali
1307 1404 1692 1473 gubernaculo.

142 1496 285 1547 ultra
319 1507 442 1545 non
473 1494 716 1546 sinentes
750 1492 957 1545 irruere
990 1492 1296 1561 passionem
1326 1493 1594 1546 carnalem
1620 1494 1694 1547 illi

146 1582 457 1635 immortali
482 1589 536 1636 et
565 1581 889 1649 intelligibili
918 1581 1261 1645 substantia,
1291 1582 1547 1636 honorem
1577 1590 1696 1636 tan-

138 1677 256 1721 tum
289 1669 597 1736 unicuique
634 1667 1047 1736 intelligihilium
1075 1676 1493 1737 sequestrantes,
1526 1686 1695 1739 quan-

1790 1319 1909 1366 tura
1953 1322 2007 1367 et
2052 1312 2281 1367 factura.

1790 1416 1981 1470 passus
2006 1370 2329 1455 divisionem
2342 1370 2749 1471 aliquamENon
2781 1399 2925 1452 enim
2950 1395 3319 1451 honorabilius

1789 1497 1871 1545 est
1892 1489 1998 1544 Deo
2018 1498 2071 1545 et
2101 1491 2201 1544 hoc
2228 1489 2466 1560 lngenito
2492 1490 2621 1543 illud
2650 1489 2793 1557 quod
2816 1496 2919 1551 est,
2953 1502 3017 1541 eo
3046 1486 3186 1555 quod
3212 1502 3318 1538 non

1789 1586 1872 1634 est
1898 1581 2044 1634 velut
2073 1567 2353 1655 genitumj
2365 1578 2564 1633 Voleus
2594 1580 2736 1633 enim
2767 1593 2871 1631 non
2898 1578 3107 1631 tardam
3134 1576 3323 1631 habuit

1790 1669 2045 1722 virtutem
2077 1669 2143 1722 ad
2167 1669 2310 1739 quOd
2329 1670 2521 1732 voluit,
2551 1684 2650 1722 nec
2678 1668 2908 1722 excessit
2933 1669 3105 1722 virtus
3134 1668 3323 1721 volun-

1788 519 2104 575 Mementote
2142 519 2284 574 enim
2319 520 2443 587 quia
2478 518 2592 570 haec
2633 529 2915 583 corporum
2957 519 3081 567 sunt
3109 511 3312 581 passio-

1789 624 1926 673 nes,
1969 624 2102 678 quas
2147 609 2305 662 etiam
2340 610 2530 661 anima:
2573 605 2806 658 tribuere
2852 600 3311 669 subterfugimus,

1787 696 1977 750 timore
2004 711 2072 750 ne
2111 696 2247 749 forte
2272 695 2644 747 immortalitas
2668 692 2718 746 ei
2755 692 2836 744 his
2865 689 3137 743 attributis
3167 686 3312 743 aufe-

1788 793 1960 838 ratur.
1993 783 2187 839 Genuit
2212 798 2341 850 ergo
2372 758 2718 860 Deus,@t_tod
2740 786 2793 832 et
2822 776 3083 830 facturam
3122 789 3316 828 vocare

1789 869 2076 925 didicimus
2117 871 2257 939 (84),
2290 871 2390 922 hoc
2435 869 2610 936 ipsum
2654 881 2782 935 ergo
2810 879 3001 918 vocare
3029 871 3082 917 et
3110 862 3315 929 genitu-

1788 972 1904 1009 ram
1939 963 1993 1011 et
2023 957 2281 1010 facturam
2330 964 2384 1010 et
2420 956 2628 1025 reliqua
2662 954 2851 1006 horum
2891 952 3313 1015 vocabulorum,

1790 1046 1921 1099 illud
1956 1047 2096 1114 quod
2142 1048 2257 1100 sine
2300 1046 2571 1100 schemate
2606 1050 2819 1098 constat
2848 1042 3108 1111 genitoris
3144 1041 3318 1110 speri-

1792 1151 1934 1198 men,
1969 1151 2166 1204 ponere
2197 1136 2476 1204 permittit.
2511 1133 2717 1198 Quibus
2747 1133 2888 1186 enim
2917 1140 2998 1186 est
3021 1130 3316 1185 differentia

1791 1226 2120 1279 schematum
2142 1264 2157 1288 ,
2191 1226 2243 1278 in
2276 1225 2407 1289 ipsis
2437 1239 2655 1277 necesse
2692 1230 2775 1277 est
2814 1221 3144 1276 observanda
3172 1221 3321 1289 geni-

2231 1241 2243 1277 t
2276 1241 2290 1277 ι
2333 1241 2407 1279 SIS
2437 1241 2655 1277 necessc
2692 1241 2775 1277 εει
2814 1241 3144 1276 ooservanoa
3172 1241 3318 1289 gent-

2231 1241 2758 1387 ajblanendo’ergo
2803 1310 2984 1379 genuit
3015 1308 3174 1374 Deus,
3211 1324 3318 1360 non

139 1764 255 1809 tum
287 1758 343 1809 ei
372 1758 422 1810 is
454 1770 616 1824 quem
647 1770 767 1810 esse
791 1756 874 1809 vel
907 1770 1134 1824 praeesse
1178 1765 1389 1811 constat
1428 1757 1535 1813 Deo
1575 1775 1697 1829 per-
1726 1751 1766 1807 Β
1794 1763 1993 1823 tatem;
2037 1757 2130 1811 sed
2179 1758 2499 1821 secundum,
2522 1772 2847 1819 mensuram,
2892 1758 3101 1825 qualem
3135 1755 3319 1818 voluit,

138 1846 332 1899 mittit.
372 1845 474 1900 Est
516 1847 658 1899 enim
700 1848 948 1913 primum,
979 1845 1118 1914 quod
1148 1856 1231 1900 est
1260 1847 1577 1916 ingenitum,
1606 1850 1693 1901 cui

139 1943 193 1988 et
252 1936 545 2004 propheta:
593 1934 958 1988 testimonium
1007 1936 1289 2003 perhibent
1329 1954 1343 1990 :
1390 1935 1500 2005 Ego
1556 1936 1694 1990 Deus

138 2025 379 2091 primus,
423 2036 475 2077 et
523 2041 614 2094 ego
659 2033 771 2092 post
812 2023 938 2081 hazc,
963 2032 1010 2075 et
1052 2031 1239 2091 prwter
1286 2039 1365 2077 me
1409 2023 1547 2077 Deus
1594 2041 1695 2078 non

139 2114 313 2179 est“;
351 2114 461 2166 hoc
509 2128 638 2166 vero
673 2113 993 2168 subauditur
1030 2129 1150 2168 esse
1194 2116 1313 2171 sine
1352 2116 1505 2170 initio
1530 2125 1585 2171 et
1607 2117 1693 2170 in-

139 2202 421 2269 genitum.

206 2290 330 2347 Vll.
361 2289 616 2343 Clemens
642 2304 767 2343 vero
790 2297 842 2343 et
863 2290 1039 2344 caeteri
1063 2292 1544 2361 interrogaverunt,
1567 2292 1694 2362 quid

139 2389 223 2437 est
275 2384 388 2437 hoc
438 2381 780 2451 Ingenitum,
837 2383 1026 2437 audire
1071 2384 1330 2440 volentes.
1386 2384 1451 2438 Et
1506 2385 1695 2440 Petrus

137 2473 592 2528 animadvertens
639 2472 714 2524 ait
746 2485 761 2522 :
793 2470 908 2524 Non
955 2471 1224 2526 modicum
1269 2474 1565 2542 periculum
1612 2481 1695 2528 est

137 2563 203 2616 de
224 2577 321 2625 eo,
356 2561 508 2630 quod
535 2561 651 2614 sine
681 2560 944 2628 principio
972 2568 1054 2614 est
1086 2560 1231 2629 loqui
1255 2563 1339 2616 vel
1372 2562 1575 2626 audire,
1599 2577 1695 2616 vos

136 2668 268 2707 vero
296 2666 405 2720 pro
436 2649 706 2705 desiderio
735 2664 921 2703 eorum
949 2664 1069 2718 qua:
1109 2650 1251 2705 dicta
1284 2660 1441 2718 sunt,
1470 2654 1695 2706 immen-

136 2744 366 2797 sitatem
419 2739 629 2813 irruere
678 2737 1083 2807 periclitamini;
1126 2747 1179 2793 et
1214 2755 1298 2794 me
1341 2742 1442 2795 hoc
1487 2743 1595 2810 pati
1636 2752 1695 2796 ut

136 2833 302 2885 video
332 2828 579 2898 captatis
598 2866 613 2891 ,
645 2829 736 2896 qui
761 2829 963 2897 putatis
993 2844 1152 2897 posse
1179 2830 1310 2882 mihi
1342 2829 1407 2884 de
1432 2831 1523 2883 illo
1550 2834 1692 2900 quod

136 2919 428 2975 ineffabile
453 2926 538 2972 est
568 2918 867 2986 subripere.
914 2918 1103 2973 Moneo
1142 2929 1318 2974 autem
1355 2935 1451 2975 vos
1498 2921 1692 2976 fratres

130 3018 189 3063 et
219 3008 523 3071 conservi,
555 3020 663 3061 non
711 3005 841 3073 quid
885 3006 955 3061 sit
989 3022 1260 3076 quaerere,
1295 3009 1389 3064 sed
1442 3011 1566 3078 quia
1607 3020 1691 3066 est

136 3096 538 3152 tantummodo
566 3095 754 3149 audire
782 3095 1111 3157 desiderare.
1138 3094 1203 3151 Et
1224 3097 1291 3153 de
1320 3099 1423 3154 hoc
1450 3076 1570 3169 plus
1597 3103 1693 3155 ali-
1715 3076 1761 3135 θ

136 3187 271 3254 quid
324 3186 515 3239 dicere
554 3198 663 3237 non
699 3190 929 3252 oportet.
961 3183 1058 3238 Est
1096 3184 1394 3253 lngenitum
1434 3205 1541 3249 non
1580 3192 1694 3245 sola

133 3273 519 3346 appellatione
556 3273 952 3334 honorandum,
982 3280 1066 3327 est
1092 3274 1235 3328 enim
1279 3282 1332 3329 et
1367 3276 1484 3332 sine
1511 3278 1691 3344 initio;

1795 1850 1953 1902 talem
1988 1857 2039 1901 et
2069 1851 2270 1918 genuit.
2319 1849 2376 1902 Si
2420 1850 2561 1903 enim
2591 1847 2853 1902 manendo
2873 1889 2887 1912 ,
2915 1862 3022 1900 non
3052 1848 3320 1915 patiendo,

1796 1936 2101 1991 necessitati
2125 1936 2506 1991 crassitudinis
2541 1950 2768 2004 corpora
2796 1935 3080 1990 scrvientia
3107 1935 3325 1989 umbras

1791 2035 2006 2081 exstare
2031 2026 2252 2089 faciunt,
2283 2034 2484 2095 quanto
2512 2028 2687 2095 magis
2710 2027 2957 2095 ingenita:
2978 2020 3168 2079 ’virtuti
3198 2025 3325 2079 sub—

1794 2126 2103 2189 sequentem
2131 2117 2318 2171 demus
2350 2116 2693 2191 Unigenitum
2731 2118 3004 2170 voluntate
3032 2115 3326 2184 proceden-

1796 2214 1924 2261 tem.
1957 2204 2126 2259 Sicuti
2160 2213 2337 2259 autem
2374 2221 2565 2260 rursus
2598 2208 3086 2275 praaintelliguntur
3121 2205 3328 2257 umbris

1793 2311 2038 2364 corpora,
2061 2296 2131 2348 ita
2159 2303 2212 2348 et
2245 2296 2367 2363 plus
2395 2296 2826 2365 prteintelligitur
2854 2303 2906 2346 et
2934 2295 3168 2364 ingenita
3197 2294 3326 2348 sub-

1794 2386 1988 2441 stantia
2020 2385 2209 2454 genita:
2228 2424 2243 2447 ,
2271 2387 2433 2439 etiam
2458 2385 2505 2440 si
2536 2401 2602 2439 ex
2642 2400 2707 2439 eo
2753 2386 2895 2453 quod
2921 2394 3063 2447 erat,
3097 2392 3155 2438 ut
3185 2395 3327 2439 esset

1793 2474 2016 2542 accepit.
2026 2460 2258 2562 [idcirco
2286 2474 2451 2542 igitur
2493 2488 2616 2527 vere
2660 2479 2713 2527 et
2758 2473 2999 2541 genitura
3027 2480 3081 2526 et
3121 2473 3324 2526 factura

1793 2569 1845 2615 et
1883 2561 2128 2615 creatura
2173 2568 2538 2629 competenter
2564 2561 2883 2628 appellatur,
2922 2562 3044 2628 quia
3072 2561 3325 2615 substan-

1792 2652 1865 2703 tia
1896 2665 2004 2703 non
2034 2660 2116 2705 est
2142 2634 2697 2729 lngenitumﬁMemor
2727 2665 2847 2702 sum
2880 2664 3007 2703 sane
3054 2649 3322 2701 Simonem

1793 2755 2079 2796 accusasse
2116 2755 2220 2794 nos
2258 2739 2625 2808 blasphemiae,
2650 2754 2715 2793 eo
2745 2739 2885 2807 quod
2913 2738 3212 2792 diceremus
3238 2736 3326 2790 Fi-

1792 2832 1923 2884 lium
1950 2830 2043 2885 Dei
2083 2829 2382 2893 Christum,
2408 2837 2667 2900 tanquam
2695 2829 3004 2882 hominibus
3033 2836 3086 2882 et
3118 2828 3326 2897 planta-

1794 2920 2028 2975 tionibus
2074 2919 2241 2974 Deum
2286 2928 2592 2988 aequantes;
2631 2933 2727 2973 vos
2769 2933 2899 2972 vero
2948 2933 3015 2972 ex
3060 2917 3327 2971 desiderio

1792 3011 1999 3065 discere
2020 3009 2288 3064 festinate.

1860 3096 1948 3153 IX.
1979 3095 2239 3151 Omnibus
2270 3104 2451 3150 autem
2478 3096 2706 3150 libenter
2735 3095 3096 3149 annuentibus
3127 3094 3203 3147 ait
3227 3094 3328 3148 Pe»

1793 3194 1908 3241 trus
1940 3205 1954 3240 :
1986 3185 2267 3240 Manifesta
2316 3196 2401 3241 est
2454 3187 2616 3255 hujus
2672 3184 3064 3239 incredulitatis
3116 3186 3242 3246 via,
3293 3198 3328 3235 ο

1792 3276 1985 3345 Aquila
2031 3284 2085 3330 et
2132 3277 2333 3331 caeteri.
2387 3274 2490 3339 Qui
2531 3275 2673 3329 enim
2721 3289 2819 3343 pro
2859 3282 3007 3327 certo
3049 3273 3325 3337 nescierit,

135 3366 244 3419 hoc
272 3372 471 3418 autem
502 3361 621 3416 sine
648 3363 807 3419 initio
838 3368 891 3417 et
917 3361 1214 3431 lngenitum
1243 3374 1325 3420 est
1358 3366 1521 3432 Deus,
1552 3369 1693 3437 quod
1791 3366 2099 3434 opinionem
2152 3372 2329 3418 autem
2382 3378 2553 3431 usque
2594 3363 2660 3415 ad
2709 3363 2951 3416 auditum
2996 3362 3326 3431 susceperit,

128 3470 165 3506 a
194 3453 321 3508 sola
350 3451 611 3520 opinione
635 3465 821 3504 eorum
849 3451 1136 3520 quaafacta
1172 3463 1298 3509 sunt
1322 3458 1692 3522 annuntiatur,

133 3557 164 3594 a
212 3558 278 3597 se
328 3542 454 3609 ipso
493 3546 675 3592 autem
720 3540 1202 3608 comprehenditur.
1236 3543 1353 3598 Non
1382 3547 1522 3600 enim
1548 3548 1696 3603 inve-

132 3632 252 3686 niet
302 3629 518 3699 aliquid
566 3629 651 3682 sui
697 3629 868 3698 primo
918 3629 1119 3696 fuisse,
1160 3639 1214 3686 et
1260 3616 1458 3703 aliquid
1511 3646 1695 3705 postea

128 3720 356 3774 factum
387 3718 707 3785 conspicere
736 3718 842 3779 sui,
875 3733 939 3773 eo
965 3720 1107 3787 quod
1134 3721 1252 3776 sine
1273 3725 1541 3794 principio
1573 3741 1697 3781 eum

128 3824 267 3863 esse
298 3812 557 3869 constet;
593 3804 707 3857 haec
735 3813 911 3858 autem
943 3822 1125 3860 eorum
1157 3823 1276 3877 quae
1304 3811 1444 3865 facta
1468 3821 1593 3867 sunt
1616 3816 1699 3869 vi-

134 3898 362 3959 sitatio,
397 3901 622 3963 propter
652 3894 794 3960 quod
832 3894 960 3946 illud
991 3896 1131 3964 quod
1181 3905 1265 3954 est
1311 3900 1601 3965 ineffabile,
1628 3904 1697 3958 ad

128 3983 563 4053 inquisitionem
587 3981 692 4043 sui,
720 3981 863 4049 quod
888 3980 1047 4035 fuerit
1074 3993 1196 4040 ante
1217 3988 1505 4054 praevidere
1534 4006 1696 4059 quam

126 4074 347 4133 fuerit.
390 4070 631 4138 spatium
665 4085 772 4123 non
817 4071 1004 4138 habet;
1041 4088 1147 4127 non
1189 4077 1332 4129 enim
1374 4081 1699 4137 secundatur

1793 3456 2011 3510 credere
2037 3457 2208 3517 timet,
2227 3468 2349 3507 cum
2369 3452 2527 3505 facile
2552 3453 2717 3519 possit
2737 3451 3138 3505 excusationem
3159 3452 3326 3521 ipsius

1794 3542 2186 3597 incredulitatis
2218 3556 2248 3593 a
2278 3556 2337 3595 se
2372 3541 2605 3607 abjicere
2643 3555 2753 3608 pra:
2783 3540 2979 3608 gaudio
3023 3540 3143 3607 ejus
3184 3541 3327 3611 Quod

1794 3634 2143 3703 promittitur,
2173 3637 2486 3699 assumptus
2520 3630 2797 3697 publicare
2838 3630 2981 3683 illam
3024 3646 3186 3699 quam
3227 3632 3327 3684 ha-

1793 3725 1908 3779 buit
1934 3724 2000 3778 de
2026 3738 2091 3778 eo
2109 3723 2253 3792 quod
2280 3722 2541 3791 quaeritur
2562 3719 3011 3784 incredulitatem,
3036 3721 3329 3791 cupiditate

1793 3812 2031 3868 discendi
2065 3827 2173 3866 non
2214 3808 2602 3875 dubitat.‘Sed
2646 3809 2703 3862 in
2751 3810 2988 3864 secundo
3015 3810 3081 3864 de
3126 3810 3226 3864 hac
3268 3826 3330 3866 re

1794 3916 1991 3966 sermo,
2019 3915 2085 3955 ne
2107 3900 2323 3969 quando
2351 3899 2671 3953 abstrahens
2700 3913 2797 3952 vos
2826 3898 3028 3951 incerta
3057 3898 3178 3953 fidei
3207 3915 3329 3969 spes

1792 3991 2092 4060 excipiatur
2120 4004 2218 4059 pro
2246 3988 2348 4043 fide
2377 3991 2433 4042 in
2464 3989 2888 4057 inquisitionem.
2921 3986 3129 4057 Ubique
3149 3998 3327 4060 autem

1795 4055 2307 4151 praeferatur'nobis
2344 4076 2486 4130 Deus
2516 4055 2662 4130 etde
2704 4076 2820 4143 ipso
2859 4055 3330 4155 cogitatus.[Ultro
3400 4090 3561 4155 gae,

126 4163 209 4215 ab
237 4176 310 4215 eo
337 4159 435 4228 qui
460 4166 544 4211 est
568 4158 740 4226 ipsius
765 4160 1009 4214 essentia:
1030 4165 1332 4220 curiositas.
1356 4166 1513 4223 Novit
1537 4170 1699 4240 igitur
1796 4168 2119 4224 inviolabilis
2156 4174 2374 4221 exstans
2416 4164 2560 4220 Deus
2602 4164 2905 4234 ingenitus,
2937 4165 3331 4233 operationem-

124 4268 195 4307 se
228 4252 456 4321 ipsum,
490 4250 584 4317 qui
613 4264 722 4302 non
757 4250 1050 4320 interrOgat
1096 4268 1154 4307 se
1189 4255 1255 4309 de
1301 4272 1358 4310 se
1408 4259 1543 4329 ipso.
1594 4261 1698 4318 Sed
1797 4276 1901 4331 que
1946 4260 2223 4313 voluntate
2266 4257 2601 4325 virginaliter
2627 4255 2934 4309 custodivit.
2969 4252 3122 4318 Quod
3150 4262 3328 4309 autem

127 4342 262 4396 haec
286 4339 518 4443 quidem
544 4339 704 4443 etiam
726 4338 846 4405 plus
871 4355 1030 4408 quam
1051 4350 1261 4409 oportet
1279 4345 1530 4415 diximus,
1558 4363 1700 4408 amat
1727 4387 1773 4443 Β
1798 4367 1907 4405 non
1955 4358 2038 4404 est
2084 4347 2403 4417 lngenitum,
2438 4347 2584 4401 ultro
2623 4347 2773 4414 virgo
2818 4359 2937 4399 esse
2980 4360 3087 4398 non
3130 4351 3324 4413 potest.

124 4432 295 4485 enim
346 4428 485 4482 illud
528 4427 675 4495 quod
717 4437 800 4482 est
844 4428 1142 4498 Ingenitum
1162 4471 1177 4497 ,
1205 4434 1418 4490 silentio
1450 4440 1699 4497 honorari
1727 4427 1771 4443 ν
1798 4440 2017 4493 Factum
2050 4444 2133 4491 est
2159 4438 2323 4500 enim,
2355 4444 2610 4504 tanquam
2640 4436 2739 4490 sub
2769 4442 2967 4487 tactum
2991 4435 3247 4502 genitoris
3275 4444 3330 4489 et

125 4517 557 4603 tantummodo.
610 4515 740 4569 Sine
783 4517 1050 4586 principio
1092 4534 1221 4588 ergo
1268 4523 1406 4579 hanc
1450 4530 1700 4586 substan-
1797 4528 2017 4584 factoris
2033 4511 2699 4603 adductum}lntelligatur
2718 4531 2892 4576 autem
2916 4522 3139 4589 qualiter
3162 4520 3329 4575 Deum

124 4609 303 4669 tiam,
335 4602 636 4659 secundum
668 4603 809 4672 quod
837 4604 1038 4658 sentire
1056 4606 1351 4672 potuimus,
1382 4611 1585 4682 absque
1607 4630 1702 4684 pe-
1796 4617 1977 4673 decuit
1994 4602 2339 4684 Unigenituro
2356 4627 2616 4682 generare
2637 4618 2689 4664 et
2713 4609 3124 4679 primogenitum
3152 4608 3331 4661 omnis

122 4698 329 4753 ι’ίοιιιο
361 4694 739 4762 suscepistis“
1797 4717 2073 4767 creaturae,
2092 4705 2184 4759 sed
2221 4718 2328 4757 non
2356 4703 2512 4771 quasi
2551 4717 2617 4755 ex
2648 4700 2858 4768 aliquo;
2896 4697 3008 4749 haec
3036 4696 3178 4750 enim
3212 4698 3335 4749 ani-

207 4785 362 4840 Vl"-
392 4784 499 4850 Ωιιὶ
521 4798 650 4852 εΐεο
671 4798 789 4839 esse
808 4799 914 4838 non
936 4784 1210 4839 inChoavit
1223 4790 1512 4855 praedictus
1535 4795 1693 4863 Deus,
1797 4795 2055 4849 mantium
2086 4801 2139 4847 et
2166 4790 2578 4845 inanimantium
2607 4793 2690 4841 est
2720 4784 2975 4840 servitus.
3010 4780 3113 4834 Sed
3144 4794 3247 4833 nec
3277 4781 3333 4833 in

119 4876 338 4948 genuit
368 4872 788 4943 primogenitum
816 4873 991 4926 omnis
1022 4880 1300 4939 creatum,
1339 4878 1693 4939 sicuti‘Deum

1796 4884 2166 4955 operationem
2194 4880 2415 4934 veniens
2457 4878 2575 4947 ipse
2605 4876 2688 4930 sui
2729 4869 2930 4942 aliquid
2973 4867 3184 4938 genuit;
3222 4881 3339 4920 non

121 4966 365 5030 decuit;
395 4979 507 5017 non
543 4978 604 5016 se
643 4963 950 5026 immutans,
981 4974 1091 5013 non
1121 4977 1180 5016 se
1207 4977 1557 5037 convertens,
1587 4991 1695 5029 non
1798 4975 1940 5029 enim
1973 4977 2211 5027 maneret
2238 4966 2566 5023 inviolabilis
2591 4973 2646 5020 et
2675 4958 3046 5033 impassibilis,
3076 4961 3346 5022 Operatus

198 5120 255 5151 ⁸³
299 5116 407 5171 Isa.
442 5130 585 5179 XLIV,
613 5112 662 5168 6.

1435 5261 1798 5321 COTELERII
1832 5266 2056 5324 ΝΟΤΑΞ.

200 5400 323 5470 (84)
358 5396 543 5451 Genuit
561 5394 854 5470 Erga‘Deus,
870 5386 1012 5470 quod
1031 5394 1082 5437 et
1098 5387 1377 5470 facturam
1407 5412 1594 5470 vocare
1610 5402 1693 5455 di-

111 5457 381 5538 dicimus,
405 5475 514 5538 etc.
558 5457 645 5514 Sic
676 5462 847 5516 Ariani
875 5457 1140 5538 γέγνηξιίιφ
1167 5460 1445 5538 ξεοίηεε-ᾳλ
1487 5469 1692 5538 κτίσμα

116 5521 557 5602 confundebant,
588 5542 745 5602 eaque
762 5521 1503 5602 nomin‘a‘trib‘ucbanétrino’
1526 5521 1692 5602 “mini

484 5538 557 5609 ut,
588 5542 746 5609 eaque
762 5527 1503 5609 nomina'tfiguebantfilio,
1526 5527 1692 5609 guém
1798 5527 2179 5603 locationibus,
2202 5546 2256 5609 et
2271 5527 2643 5609 consimilibus
2662 5539 2800 5593 aliis.
2830 5527 3247 5590 Desubstantia
3272 5544 3348 5593 se

111 5588 183 5663 ἔῖ
195 5588 582 5663 "substantiam
618 5588 831 5675 genitam
858 5588 1108 5650 solebant
1141 5596 1467 5663 appellare.
1488 5588 1694 5675 ’.καίύέ

1796 5610 1910 5664 uita
1928 5609 2161 5665 diximus
2190 5605 2257 5660 ad
2289 5607 2570 5679 lgnatium.

1797 5406 2135 5459 observatum
2166 5400 2267 5471 fuit
2292 5415 2320 5453 a
2350 5403 2484 5456 viris
2506 5401 2699 5471 doctis,
2722 5416 2828 5456 non
2858 5393 3195 5471 abstinuisse
3221 5401 3371 5471 ante

1795 5472 1982 5526 Arium
2011 5470 2273 5540 quosdam
2313 5472 2568 5540 antiquos
2603 5465 2793 5540 Patres
2830 5465 3019 5540 tribus
3057 5465 3373 5540 postremis
