3872 6376
568 326 708 381 1287

1456 330 1513 381 S.
1555 326 1949 381 CLEMENTIS
1987 328 2005 380 1
2041 326 2208 382 ROM.
2243 324 2447 381 PONT.
2489 322 2717 379 OPERA
2759 321 2985 377 DUBIA.

3614 329 3709 385 ηδε

566 439 623 495 ln
656 440 871 509 seipso;
904 439 1196 510 impietatis
1236 444 1417 492 autem
1463 438 1621 507 plena
1652 446 1782 491 sunt
1811 439 1927 493 hate
1955 437 2024 493 de
2055 440 2141 493 in-
2168 445 2214 502 Α
2239 437 2644 494 dissensionem
2683 432 2926 489 surrexit
2963 440 3017 486 et
3056 430 3161 485 hoc
3191 446 3405 488 numero
3429 432 3624 501 distans,
3646 458 3713 496 nec

569 533 752 602 genito
784 531 1084 600 suspicari,
1122 530 1507 599 periclitantur
1535 529 1680 583 enim
1712 529 1807 582 lilii
1843 530 2164 598 impiorum'

566 624 655 694 pie
688 638 747 677 se
777 630 1030 692 putantes
1080 619 1416 689 intelligere,
1447 634 1699 689 magnam
1745 618 2140 688 blasphemiam

564 713 813 785 :lngenito
864 711 1186 782 ingerendo,
1240 712 1746 766 masculofeminam
1798 725 1922 765 eum
1950 708 2141 764 existi-

564 813 801 859 mantes.
832 804 1035 857 Memor
1066 818 1187 857 sum
1220 817 1353 858 sane
1376 804 1497 873 ejus
1523 803 1615 873 qui
1646 801 1985 857 commonuit
2013 815 2137 868 nos,

566 898 787 951 fratres.

636 988 705 1043 Χ.
751 987 1018 1043 Manendo
1062 1003 1192 1057 ergo
1232 986 1418 1057 genuit
1448 985 1590 1040 Deus
1619 985 1900 1039 voluntate
1936 999 2140 1055 praece-

564 1082 728 1137 dente
755 1080 888 1149 (85),
932 1080 1074 1134 sicut
1122 1078 1438 1148 prmdictum
1474 1084 1579 1132 est.
1611 1077 1902 1146 Propterea
1934 1076 2138 1147 linige-

567 1173 716 1229 nitus
746 1188 871 1226 vere
904 1171 1239 1240 appellatur;
1273 1187 1339 1226 ex
1371 1170 1613 1240 ingenito
1633 1168 1778 1223 enim
1805 1168 1968 1222 habet
1993 1167 2138 1239 quod

560 1272 649 1319 est
672 1271 724 1318 et
755 1262 929 1317 Filius
962 1278 1087 1315 vere
1117 1263 1438 1331 appellatur,
1476 1261 1545 1314 ab
1583 1260 1770 1313 innato
1798 1260 1943 1314 enim
1978 1267 2139 1314 natus

565 1362 668 1409 est.
720 1354 826 1408 Sed
878 1362 1057 1407 tamen
1102 1352 1385 1406 voluntate
1435 1350 1871 1405 controversiam
1917 1354 2139 1404 noxiam

564 1452 851 1500 mansuete
880 1445 1139 1514 paulatim
1186 1444 1501 1498 relaxantes
1544 1457 1767 1505 eorum,
1800 1440 1893 1510 qui
1938 1441 2140 1495 audent

560 1537 748 1592 dicere
771 1538 1033 1592 infectum
1060 1551 1089 1590 a
1122 1536 1268 1591 facto
1300 1536 1661 1606 appellatione
1688 1536 1803 1591 sola
1829 1535 2053 1598 distare,
2085 1544 2139 1589 et

563 1630 695 1684 illud
728 1628 872 1700 quod
896 1630 1075 1700 genite
1105 1629 1428 1683 distinctum
1460 1636 1566 1691 est,
1594 1628 1859 1682 adversus
1887 1628 2137 1681 innatum

558 1738 687 1777 esse
719 1722 1082 1777 substantiam
1130 1722 1436 1791 ingenitum
1480 1720 1770 1775 affirmare.
1797 1719 1954 1785 Quod
1984 1720 2028 1775 si
2064 1721 2135 1774 ita

2241 531 2386 583 enim
2433 535 2519 584 est
2562 528 2888 597 Autopator,
2922 525 3027 579 hoc
3049 531 3136 580 est
3163 525 3261 579 sibi
3302 527 3398 595 ipsi
3423 537 3579 598 pater.
3616 550 3714 603 quo.

2242 623 2404 675 modo
2452 635 2562 674 non
2617 619 2792 689 magis
2831 616 3146 672 innascibili
3192 630 3442 673 consensu
3472 635 3717 688 permanere

2240 712 2529 782 diligeret,
2561 710 2708 779 quod
2752 708 3052 778 ingenitum
3080 707 3292 777 quidem
3327 718 3433 762 erat
3459 711 3715 779 substantia,

2241 806 2489 875 genitura
2516 818 2645 857 vero
2673 803 2727 856 in
2748 801 3063 856 dualitatem
3081 798 3427 852 dinumerata.
3445 798 3591 871 Hujus
3606 820 3719 861 nam.

2241 911 2348 967 que
2378 895 2831 951 inconvenientia:
2854 900 3026 946 mater
3045 891 3262 962 quidem
3291 899 3369 947 est
3397 892 3656 962 ignorantia
3674 898 3722 953 dc

2241 986 2383 1054 Deo,
2414 988 2761 1057 cooperatrix
2786 999 2916 1039 vero
2942 993 2997 1037 et
3029 997 3187 1038 soror
3214 982 3517 1053 negligentia
3543 986 3599 1041 de
3633 986 3725 1058 δρᾶ.

2242 1082 2351 1136 ritu
2381 1089 2594 1135 sancto.
2629 1079 2869 1149 Spiritus
2910 1084 3090 1132 autem
3121 1084 3339 1131 sanctus
3360 1078 3531 1147 pignus
3553 1082 3606 1135 ad
3627 1098 3725 1138 con-

2242 1173 2612 1229 servationem
2638 1185 2827 1225 eorum
2855 1185 2978 1239 qua
3014 1184 3044 1222 a
3072 1168 3301 1222 Domino
3326 1169 3441 1223 data
3471 1181 3580 1226 sunt
3605 1178 3724 1231 nobis

2241 1263 2426 1335 (quem
2455 1280 2565 1318 non
2595 1272 2719 1333 post
2746 1263 2949 1317 multos
2990 1262 3111 1316 dies
3153 1248 3517 1330 assumptionis
3540 1264 3636 1333 ejus
3658 1281 3726 1320 ac-

2241 1353 2530 1423 cepimus),
2562 1353 2725 1408 habet
2760 1353 2906 1423 quod
2931 1359 3017 1407 est
3046 1352 3116 1405 ab
3159 1350 3452 1421 Unigenito,
3478 1354 3725 1422 plenissima

2238 1443 2537 1498 declaratio
2565 1444 2783 1497 virtutis
2804 1444 2953 1513 ejus;
2986 1445 3130 1499 sicut
3152 1444 3447 1513 unigenitus
3472 1461 3517 1499 et
3538 1449 3725 1501 omnium

2242 1537 2639 1609 primogenitus
2664 1538 2845 1608 imago
2872 1548 2958 1593 est
2985 1516 3341 1593 immutabilis
3361 1539 3580 1609 ingenita:
3601 1542 3729 1595 virtu-

2238 1632 2343 1695 tis,
2377 1632 2555 1701 imago
2584 1631 2795 1685 scilicet
2828 1631 3019 1695 unica,
3055 1630 3400 1684 immaculata
3439 1647 3643 1696 manens,
3668 1636 3728 1687 vi—

2240 1722 2454 1777 sionem
2489 1722 2715 1791 ingeniti
2749 1738 2871 1776 cum
2905 1722 2977 1777 sit
3009 1721 3267 1785 visibilis,
3305 1731 3506 1792 praestat
3532 1724 3730 1795 intelligi-

564 1814 785 1876 dicitur,
806 1814 949 1883 quod
976 1813 1194 1884 quidem
1214 1813 1416 1867 dicitur
1436 1827 1543 1866 non
1563 1820 1667 1876 est,
1686 1813 1831 1883 quod
1848 1820 2026 1865 autem
2053 1819 2139 1867 est
2174 1812 2211 1834 "
2240 1813 2444 1868 bilibus
2474 1819 2528 1867 et
2558 1814 2950 1879 sensibilibus;
3005 1827 3118 1882 quo
3168 1812 3329 1866 modo
3374 1814 3417 1867 si
3462 1814 3569 1882 quis
3602 1816 3726 1869 solem

558 1921 671 1959 non
699 1904 918 1959 dicitur.
952 1906 1044 1961 Est
1064 1906 1208 1959 enim
1240 1905 1498 1961 infectum
1532 1904 1858 1967 substantia,
1883 1905 1927 1959 si
1955 1912 2135 1958 autem

560 1996 767 2051 dicitur
792 1997 1018 2060 factum,
1038 1996 1340 2051 detestatur
1360 1994 1504 2066 quod
1524 2010 1633 2049 non
1668 2003 1753 2050 est
1786 1995 2134 2064 appellatum,

561 2087 798 2141 maxime
849 2094 1029 2141 autem
1080 2086 1227 2139 ultro
1271 2085 1589 2139 rationabili
1639 2092 1892 2140 exstante
1936 2084 2049 2140 Deo
2082 2093 2137 2141 et

561 2176 709 2231 ultro
744 2176 864 2230 sine
900 2175 1203 2245 principio,
1234 2174 1383 2244 quod
1430 2175 1593 2229 modo
1640 2187 1751 2228 non
1780 2174 1852 2229 sit
1882 2174 2137 2244 impossi-

557 2268 697 2335 bile;
730 2269 904 2338 magis
933 2278 1112 2323 autem
1146 2268 1372 2336 impium
1398 2274 1503 2331 est,
1535 2273 1589 2322 et
1618 2265 1671 2320 id
1699 2265 1847 2335 quod
1872 2267 2019 2321 ultro
2050 2275 2135 2321 est

554 2362 882 2417 rationabile
931 2361 1186 2431 ultroque
1222 2359 1560 2430 ingenitum,
1590 2375 1704 2414 non
1742 2361 1848 2415 sibi
1878 2359 1983 2430 ipsi
2018 2373 2135 2412 ma-

557 2455 641 2525 gis
667 2454 832 2507 vellet
857 2469 979 2509 esse
1008 2454 1366 2521 coniunctum
1387 2492 1402 2519 ,
1437 2468 1603 2523 quam
1634 2452 1918 2509 dualitatis
1948 2452 2134 2508 snbire

553 2544 803 2599 ordinem
833 2585 849 2611 ,
898 2544 1364 2599 honorabiliorem
1418 2544 1743 2599 existimans
1793 2544 2132 2598 nativitatem

562 2636 768 2689 innata:
800 2634 1240 2704 perseverantia.
1274 2633 1455 2689 Unum
1486 2634 1631 2689 enim
1668 2649 1778 2689 non
1808 2641 1913 2701 est,
1955 2648 2133 2704 neque

556 2726 736 2796 ipsum
776 2726 881 2781 sibi
926 2726 1174 2796 praecipit
1209 2725 1402 2782 dicens
1432 2745 1447 2781 :
1475 2724 1608 2779 Sede
1654 2741 1686 2778 a
1723 2724 1924 2779 dextris
1971 2725 2128 2790 meis,

554 2818 717 2873 donec
745 2833 935 2887 ponam
984 2819 1225 2872 inimicos
1279 2828 1396 2872 tuos
1444 2816 1732 2872 scabellum
1778 2816 1968 2888 pedum
2016 2826 2133 2870 tuo-

557 2928 676 2965 rum
697 2912 763 2966 ⁸³.
798 2912 906 2966 Sed
935 2926 1114 2982 neque
1142 2910 1426 2967 contendit
1455 2913 1720 2965 adversus
1751 2926 1809 2965 se
1841 2911 2043 2981 ipsum,
2073 2917 2132 2963 ut

556 3004 759 3074 aliquid
792 3002 1043 3058 videlicet
1064 3004 1186 3073 ejus
1208 3010 1549 3074 permaneret
1578 3003 1899 3074 ingenitum,
1928 3000 2130 3073 aliquid

556 3111 688 3150 vero
731 3094 997 3149 nativitati
1048 3095 1416 3164 subjiceretur
1456 3113 1471 3149 :
1513 3095 1657 3150 scire
1706 3106 1925 3164 quoque
1967 3104 2130 3163 atque
2155 3122 2200 3183 ε

560 3187 817 3257 prrescire
848 3186 1091 3255 ingenite
1135 3185 1343 3255 aliquid
1382 3186 1470 3240 sui
1519 3186 1893 3250 nasciturum,
1923 3186 2125 3255 aliquid

555 3292 686 3332 vero
735 3260 1421 3375 generaturum;E)mnino
1456 3276 1710 3331 videlicet
1756 3276 2127 3331 honorabilio—

556 3384 673 3424 rem
702 3384 759 3423 se
788 3369 1114 3437 sibimetipsi
1150 3367 1257 3421 non
1287 3368 1548 3436 ignorans
1568 3383 1692 3423 esse
1723 3367 1993 3431 futurum,
2027 3367 2127 3422 ali-

554 3462 684 3532 quid
706 3462 927 3532 quidem
949 3461 1378 3530 praecipientem,
1408 3459 1613 3529 aliquid
1646 3475 1773 3514 vero
1798 3466 2124 3532 praeceptum

552 3554 915 3623 accipientem
937 3592 952 3617 ,
987 3551 1122 3606 illud
1153 3553 1308 3606 verbi
1349 3551 1530 3622 gratia
1560 3552 1706 3622 quod
1746 3552 1954 3606 dictum
1999 3558 2122 3607 est:

554 3647 689 3702 Sede
711 3663 741 3699 a
765 3644 965 3698 dextris
990 3644 1141 3707 meis,
1168 3644 1254 3698 vel
1285 3645 1449 3699 etiam
1483 3642 1617 3697 illud
1643 3643 1787 3712 quod
1816 3643 1883 3697 ad
1913 3642 2129 3698 missio-

553 3754 678 3794 nem
723 3736 957 3808 pertinet
989 3744 1080 3789 aut
1125 3735 1272 3805 quod
1305 3736 1420 3805 ipse
1448 3734 1799 3804 semetipsum
1830 3733 2125 3805 praeferens

552 3827 1161 3893 collatidaverigdicens
1181 3843 1194 3877 :
1213 3826 1279 3880 Et
1296 3826 1423 3881 vidit
1443 3826 1602 3890 Deus,
1615 3828 1740 3898 quia
1755 3826 1964 3889 bona“,
1984 3836 2126 3897 post-

551 3937 715 3993 quam
743 3921 812 3975 ab
836 3919 1125 3989 Unigenito
1154 3934 1245 3973 sex
1272 3918 1465 3972 diebus
1481 3917 1671 3972 elfecta
1692 3924 1817 3972 sunt
1834 3932 1955 3987 qua:
1980 3916 2125 3971 facta

549 4029 675 4069 esse
703 4019 941 4072 constat,
974 4008 1365 4064 immutabilem
1388 4009 1578 4063 videns
1600 4023 1756 4064 suam
1792 4008 2122 4061 voluntatem

549 4106 606 4160 in
639 4102 1209 4159 consunnnationibus
1238 4100 1515 4171 Unigeniti
1546 4100 1743 4156 divinae
1764 4101 2120 4171 operationis.

620 4194 712 4250 XI.
762 4194 821 4248 Si
855 4200 1038 4247 autem
1071 4192 1342 4261 ingenitus
1374 4207 1483 4246 non
1513 4200 1600 4247 est
1634 4192 1812 4247 factus
1842 4192 2003 4246 Pater
2027 4200 2122 4245 aut

549 4289 637 4344 sui
671 4288 846 4356 ipsius
886 4286 1080 4349 factor,
1120 4288 1262 4340 sicut
1289 4286 1666 4351 ostendimus;
1707 4286 1983 4355 quomodo
2013 4285 2120 4338 uti-

549 4397 657 4452 que
688 4380 897 4435 faceret
923 4387 1019 4433 aut
1052 4388 1338 4449 generaret
1370 4394 1433 4433 ex
1467 4394 1527 4434 se
1560 4379 1682 4449 ipso
1711 4378 1938 4447 aliquid.
1971 4379 2117 4448 quod

2238 1903 2389 1959 verbi
2414 1906 2585 1974 gratia
2619 1905 2914 1959 ostendere
2931 1904 3123 1959 volens
3152 1911 3249 1957 aut
3270 1902 3411 1959 aliud
3439 1904 3639 1975 aliquid,
3664 1908 3726 1961 bis

2237 1997 2331 2066 qui
2364 2012 2471 2051 non
2495 2004 2729 2065 possunt
2758 2011 2856 2066 per
2875 2012 2936 2051 se
2956 1997 3107 2066 ipsos
3135 2011 3263 2051 eum
3292 1996 3485 2062 viden,
3510 1998 3725 2054 sit'auteut

2239 2094 2349 2148 illis
2379 2095 2685 2148 necessitas
2713 2093 2899 2148 videre
2939 2093 3141 2156 solem,
3174 2092 3474 2163 temperans
3513 2082 3729 2150 obtutibus

2237 2186 2411 2256 ipsam
2445 2184 2835 2240 necessitatem
2858 2223 2873 2248 ,
2916 2199 3015 2254 per
3056 2184 3338 2253 speculum
3379 2186 3573 2254 quidem
3601 2186 3728 2240 solem

2235 2276 2525 2332 ostendere
2574 2276 2829 2339 festinat,
2875 2285 2929 2330 et
2978 2291 3088 2329 non
3136 2276 3307 2330 solem
3349 2275 3555 2332 alferens
3596 2277 3730 2346 injicit

2236 2369 2497 2438 speculo;
2527 2367 2605 2422 ita
2650 2375 2704 2423 et
2736 2367 3064 2439 Unigenitus
3114 2369 3235 2439 ipse
3277 2370 3481 2438 quidem
3517 2370 3729 2440 ingenitus

2235 2473 2343 2513 non
2367 2465 2475 2523 est,
2498 2456 2802 2528 ingenitum
2828 2473 2957 2513 vero
2980 2466 3153 2513 totam
3183 2459 3241 2512 in
3268 2474 3326 2513 se
3347 2459 3634 2514 demonstrat
3650 2462 3730 2514 vir-

2235 2554 2407 2603 tutem
2446 2564 2573 2603 cum
2607 2548 2682 2604 sit
2710 2545 2837 2603 talis
2882 2561 2949 2602 ac
2977 2555 3169 2603 tantus
3197 2548 3423 2615 deitatc;
3452 2550 3515 2604 ab
3543 2550 3611 2605 his
3632 2564 3727 2603 vero

2232 2640 2330 2711 qui
2364 2655 2475 2695 non
2517 2640 2806 2713 diligenter
2848 2640 3224 2710 inquisierunt
3257 2640 3513 2711 ingenitus
3538 2641 3723 2710 suspica-

2233 2732 2417 2797 batur,
2451 2733 2595 2803 apud
2626 2748 2765 2803 quos
2793 2747 2923 2788 vero
2952 2733 3218 2802 praecedit
3262 2733 3377 2803 ipsa
3418 2732 3656 2803 inquisitio
3677 2733 3730 2785 ti-

2233 2831 2443 2873 morem
2474 2817 2567 2874 Dei
2588 2819 2734 2891 (86),
2770 2835 2883 2876 non
2914 2821 3093 2875 solum
3132 2821 3321 2876 dicere
3350 2821 3533 2892 aliquid
3557 2822 3642 2876 tale
3663 2837 3730 2876 re-

2232 2918 2450 2974 cusant,
2487 2910 2585 2967 sed
2614 2910 2780 2966 etiam
2804 2912 3049 2983 cogitare
3070 2921 3293 2968 cavent.
3323 2913 3449 2968 Cum
3486 2930 3593 2984 ergo
3624 2929 3731 2968 unus

2233 2998 2306 3052 sit
2352 3000 2632 3072 ingenitus
2672 3009 2728 3057 et
2789 3019 2934 3058 unus
2986 3002 3248 3075 genitus,
3302 3003 3519 3074 Spiritus
3556 3010 3728 3058 sanctus

2232 3085 2405 3145 Filius
2455 3092 2565 3146 dici
2606 3108 2718 3146 non
2764 3102 2965 3164 potest,
2999 3111 3101 3150 nec
3141 3095 3552 3166 primogenitae;
3590 3093 3729 3148 factus

2230 3193 2316 3241 est
2347 3186 2491 3238 enim
2530 3200 2626 3254 per
2653 3185 2854 3239 factum
2878 3186 3016 3258 (87),
3045 3189 3565 3243 subconnumeratur
3587 3193 3727 3242 autem

2228 3274 2376 3331 Patri
2414 3283 2469 3331 et
2507 3277 2667 3341 Filio,
2700 3287 2962 3349 tanquam
3008 3279 3252 3349 primum
3303 3278 3515 3334 secundi
3555 3293 3633 3347 per
3664 3276 3728 3330 fa-

2228 3379 2377 3426 ctum
2411 3373 2637 3428 virtutis
2658 3373 3027 3439 signaculum.
3048 3372 3267 3429 Etenim
3292 3375 3404 3445 ipse
3424 3372 3579 3427 Patris
3593 3370 3729 3426 ferens

2226 3462 2614 3533 aequipondera
2651 3463 2957 3530 voluntate,
3016 3464 3225 3519 innata:
3275 3463 3649 3536 perseverantiae
3687 3462 3728 3515 in

2228 3554 2464 3625 imagine
2496 3555 2894 3626 operationem,
2919 3566 3048 3628 post
3069 3559 3372 3629 ingenitum
3401 3564 3729 3626 consequenter

2227 3645 2368 3702 bene
2415 3655 2848 3703 connumeratus
2887 3656 2991 3704 est.
3053 3649 3225 3705 Multa
3273 3657 3449 3703 autem
3499 3643 3729 3702 etaliade

2226 3738 2410 3804 Patre,
2446 3749 2503 3795 et
2551 3738 2710 3803 Filio,
2737 3747 2794 3794 et
2837 3739 3045 3810 Spiritu
3076 3749 3277 3795 sancto
3297 3739 3520 3795 breviter
3547 3735 3674 3792 nobis
3688 3742 3728 3787 et

2222 3827 2506 3883 evidenter
2550 3829 2827 3898 exposuit,
2873 3835 2935 3883 ut
2976 3842 3174 3883 omnes
3233 3828 3506 3882 audientes
3550 3824 3724 3878 mirare-

2226 3933 2371 3983 mur,
2403 3919 2680 3988 quomodo
2706 3918 2957 3974 homines
2987 3918 3257 3974 derelicta
3286 3918 3504 3974 veritate
3528 3910 3726 3971 conversi

2222 4017 2353 4064 sunt
2366 4010 2449 4064 ad
2478 4009 2817 4081 vanitatem]

2296 4098 2410 4156 ΧΠ.
2452 4098 2557 4154 Sed
2600 4115 2729 4155 cum
2782 4101 3059 4155 illuxisset
3088 4098 3212 4155 dies
3237 4098 3373 4171 (88),
3400 4098 3642 4165 ingressus
3664 4100 3727 4146 est

2220 4192 2446 4261 quidam
2494 4193 2730 4248 dicens:
2762 4192 3056 4247 Multitudo
3110 4194 3350 4262 plurima
3406 4194 3646 4250 exspectat
3684 4184 3725 4237 in

2220 4285 2384 4349 atrio,
2417 4285 2470 4338 in
2492 4300 2724 4355 quorum
2768 4286 2950 4339 medio
2974 4294 3081 4340 stat
3108 4285 3323 4347 Simon,
3350 4279 3725 4353 persuasionibus

2224 4376 2478 4445 pessimis
2526 4377 2827 4445 praevenire
2858 4392 3021 4431 aures
3067 4377 3260 4445 populi
3300 4374 3536 4443 cupiens.
3568 4368 3621 4423 Et
3646 4366 3721 4420 Pe-

550 4472 887 4528 nativitatem
943 4482 997 4526 et
1050 4471 1315 4525 facturam
1361 4487 1537 4540 usque
1587 4469 1655 4523 ad
1699 4470 2115 4540 appellationem
2151 4486 2194 4539 ι)
2221 4474 2343 4523 trus
2369 4470 2551 4523 statim
2575 4484 2834 4537 egressus
2850 4468 3000 4523 stetit
3032 4469 3087 4522 in
3118 4468 3242 4521 loco
3267 4482 3375 4536 quo
3398 4460 3554 4533 pridie
3578 4460 3725 4525 dispu-

546 4579 658 4618 non
700 4563 943 4632 recepit?
970 4562 1086 4618 Non
1123 4564 1271 4618 enim
1316 4563 1580 4633 quodest
1617 4577 1716 4631 per
1763 4562 1878 4615 lucc
1918 4544 2151 4654 habeﬂ

543 4656 651 4709 ista
681 4663 860 4707 autem
905 4654 973 4708 de
1012 4654 1123 4709 Deo
1171 4655 1355 4709 dicere
1403 4655 1627 4724 impium
1668 4662 1772 4710 est.
1819 4654 2110 4710 Manifesta

540 4745 688 4800 enim
717 4754 801 4801 est
826 4746 911 4801 his
934 4746 1027 4817 qui
1055 4748 1137 4801 vel
1169 4747 1441 4801 modicum
1472 4747 1752 4817 quidpiam
1785 4748 1971 4803 videre
2000 4764 2119 4817 pos-

542 4844 693 4902 sunt,
724 4838 813 4891 illa
854 4839 1101 4909 ingeniti,
1140 4838 1527 4908 impassibilis,
1560 4838 1744 4893 innata
1778 4840 2111 4895 substantia.

542 4926 604 4983 Si
632 4946 762 4986 vero
790 4939 843 4986 et
877 4940 1000 5001 post
1026 4931 1366 4987 nativitatem
1394 4932 1699 4987 substantia
1730 4947 2008 5001 nunquam
2044 4931 2112 4984 ad

612 5086 660 5117 ”
698 5084 844 5143 Psal.
875 5102 983 5150 cnx,
1015 5087 1065 5140 1.
1143 5086 1189 5117 ⁸³
1224 5085 1359 5140 Gen.
1393 5104 1429 5152 ι,
1466 5087 1556 5141 5|.

2217 4568 2450 4626 taverat,
2469 4561 2757 4631 omnisque
2787 4562 2854 4615 ad
2885 4560 3062 4630 ipsum
3094 4560 3330 4628 pepulus
3351 4562 3721 4610 conversuscum

2215 4651 2417 4723 gaudio
2446 4649 2764 4706 intendebat
2794 4651 2850 4703 in
2878 4666 3027 4705 eum.
3062 4648 3256 4702 Simon
3300 4661 3425 4700 vero
3468 4644 3546 4697 ubi
3591 4638 3721 4693 sensit

2215 4748 2463 4817 gavisum
2503 4762 2625 4802 esse
2658 4745 2915 4816 populum
2948 4744 3014 4800 de
3047 4751 3349 4814 conspectu
3385 4740 3536 4803 Petri,
3563 4745 3720 4801 eterga

2218 4839 2470 4893 affectum
2496 4840 2617 4908 ejus
2648 4839 2876 4902 moveri,
2904 4839 3321 4906 obstupefactus
3353 4836 3426 4889 ait
3451 4832 3626 4887 :Miror
3646 4827 3719 4879 ho-

2216 4932 2424 4985 minum
2456 4932 2768 4998 stultitiam,
2792 4932 2887 5003 qui
2909 4947 2996 4987 me
3024 4945 3244 5000 magum
3267 4930 3453 4984 dicunt
3473 4933 3519 4981 et
3550 4923 3719 4981 Petrutﬂ

1834 5222 2197 5279 COTELEBH
2233 5222 2463 5278 ΝΟΤᾸΞ.

608 5362 718 5431 (85)
752 5358 937 5414 Cenuit
966 5360 1098 5413 Deus
1127 5362 1390 5414 voluntate
1415 5361 1753 5429 prmredeute.
1788 5360 1978 5414 Dicere
2006 5362 2093 5415 dc-

543 5442 681 5495 Duu,
729 5434 1007 5485 voluntate
1053 5434 1379 5495 comitante,
1430 5441 1522 5485 aut
1564 5433 1987 5493 concomitantc,
2044 5440 2102 5484 ut

543 5502 837 5569 loijuuntur
880 5500 1133 5572 theologi.
1176 5500 1299 5555 Pari
1339 5502 1495 5554 modo
1546 5505 1705 5572 paulo
1756 5510 1913 5571 post,
1960 5511 2105 5556 recte

542 5572 853 5639 scripsisset
878 5587 889 5621 ε
939 5569 1082 5623 Unus
1104 5574 1239 5624 enim
1265 5590 1365 5625 non
1391 5582 1488 5634 est,
1516 5569 1675 5642 neque
1714 5569 1821 5641 ipse
1850 5573 1948 5625 sibi
1976 5586 2108 5639 pra:-

539 5643 687 5712 cipir,
716 5658 832 5710 pro,
862 5658 1023 5694 unum
1051 5643 1189 5695 enim
1210 5659 1313 5696 non
1334 5654 1432 5708 est,
1458 5658 1616 5712 neque
1645 5645 1814 5711 ipsum
1836 5642 1935 5695 sibi
1967 5657 2104 5710 prm-

533 5709 683 5777 cipit.

586 5782 698 5847 (86)
713 5780 838 5851 Ipsa
858 5782 1514 5852 inquisitio.Forte,ipsam
1528 5784 1921 5854 inquisitionem
1943 5785 2100 5838 timor

2210 5361 2325 5415 Dei.
2353 5359 2442 5413 Sic
2467 5375 2570 5413 ms.
2603 5358 2773 5413 Cant].

2281 5431 2389 5500 (87)
2427 5428 2623 5500 Factus
2646 5440 2721 5482 est
2744 5429 2880 5500 enim
2902 5428 3221 5500 perfectum.
3247 5425 3449 5500 Forsan
3469 5419 3717 5500 Gl’IEt‘BIItJ'

2208 5490 2437 5556 bebatur
2479 5499 2667 5580 γέγονε
2700 5498 2805 5582 ys?
2842 5490 3052 5581 6t."1.'.6'3
3088 5496 3348 5580 γεντλτοῦ,
3396 5492 3528 5564 quod
3552 5490 3714 5582 melius

2208 5572 2343 5625 verti
2389 5570 2693 5642 potuisset:
2745 5568 2971 5622 Exstitit
3022 5569 3155 5623 enim
3200 5582 3292 5635 per
3330 5581 3445 5620 eum
3483 5568 3560 5631 qui
3598 5568 3712 5613 artat

2205 5652 2301 5695 εει.

2280 5712 2391 5781 (88)
2437 5709 2538 5763 Sed
2575 5727 2708 5773 cum,
2758 5718 2865 5763 etc.
2918 5710 2977 5765 In
3020 5724 3186 5781 marg.
3231 5723 3335 5763 ms.
3370 5704 3511 5761 Tb.:
3551 5704 3614 5762 Ab
3641 5699 3717 5754 ista

2208 5781 2321 5835 loco
2353 5797 2531 5835 secure
2556 5780 2718 5850 legere
2744 5787 2907 5847 potes.
