3806 6318
171 374 280 426 1239

1314 357 1864 416 [{ECOGNlTlONUM
1902 361 2022 414 LIB.
2065 359 2148 414 lll.

3156 361 3292 413 1290

165 466 384 553 diligunt,
415 494 532 532 cum
581 479 761 547 utique
793 477 919 531 olim
964 476 1223 531 habentes
1252 478 1493 529 notitiam
1529 477 1654 537 mei,
1684 489 1730 534 Α
1760 474 1947 529 Petrus
1974 495 1984 528 :
2029 475 2193 527 Video
2218 483 2267 527 te
2297 473 2495 526 sentire
2515 471 2656 538 quod
2680 469 2982 539 arguendus
3009 468 3106 532 sis,
3135 478 3186 522 et
3208 473 3290 525 vis

165 591 235 629 me
269 573 428 640 magis
465 571 683 639 diligere
721 569 997 624 deberent.
1031 569 1096 622 Et
1143 568 1261 622 ideo
1291 585 1356 621 ex
1386 569 1485 622 hoc
1515 567 1655 620 indi-

162 664 251 720 cio.
305 661 388 728 qui
421 658 613 712 habent
649 674 864 712 sensum
911 666 1138 727 possunt
1186 659 1500 726 intelligere,
1532 657 1657 725 quia

163 751 308 820 magis
351 748 534 802 Petrus
590 764 776 816 magus
801 749 970 802 videri
1002 756 1195 816 potest.
1221 764 1343 801 cum
1383 748 1535 810 mihi,
1569 747 1654 800 cui

161 859 213 896 ex
247 841 622 894 consuetudine
649 842 862 894 debitus
893 843 1274 909 propemodum
1304 850 1406 903 est,
1433 856 1539 893 non
1564 842 1657 895 de-

163 930 306 984 fertur
334 931 569 994 ali'ectus,
618 931 694 982 illi
733 939 930 995 autem,
963 933 1049 985 cui
1080 932 1227 985 nullo
1268 949 1370 985 usu
1411 933 1654 997 debetur,

159 1019 464 1071 abundanter
487 1020 831 1086 expenditur.

213 1107 335 1159 Xlll.
372 1106 434 1157 Et
462 1120 584 1158 cum
617 1108 785 1159 multa
811 1107 1178 1174 hujuscemodi
1214 1105 1398 1160 Simon
1426 1107 1649 1168 diceret,

156 1193 318 1246 Petrus
347 1194 570 1245 salutato
598 1209 660 1246 ex
696 1210 842 1248 more
866 1198 1060 1264 populo
1089 1197 1160 1248 ita
1183 1195 1458 1262 respondit
1489 1213 1502 1247 :
1529 1193 1656 1246 Suf-

157 1283 244 1336 ﬁcit
287 1283 586 1351 unicuique,
641 1303 672 1336 o
724 1283 929 1347 Simon,
985 1286 1051 1338 ad
1105 1284 1487 1337 confutandum
1524 1299 1654 1336 conv

154 1372 350 1423 scientia
391 1388 518 1436 sua;
562 1373 705 1440 quod
747 1374 791 1426 si
827 1374 925 1425 hoc
956 1375 1190 1436 miraris,
1221 1374 1363 1443 quod
1400 1373 1511 1426 noti
1546 1388 1653 1425 non

155 1460 305 1510 solum
345 1467 394 1513 te
445 1475 549 1511 non
592 1460 819 1529 diligunt
850 1462 942 1514 sed
982 1469 1034 1514 et
1065 1462 1289 1516 oderunt
1309 1463 1406 1525 tui,
1434 1476 1651 1515 causam

153 1548 275 1601 disce
300 1565 328 1600 a
357 1565 458 1603 me.
492 1549 625 1602 Cum
658 1552 734 1603 sis
773 1551 1042 1613 seductor,
1076 1552 1350 1605 veritatem
1379 1558 1430 1605 te
1455 1552 1649 1620 praedi-

151 1653 254 1690 care
279 1639 559 1706 profiteris,
593 1640 662 1692 ob
704 1641 804 1692 hoc
847 1642 1024 1708 plures
1057 1642 1379 1695 desiderium
1407 1652 1651 1709 gerentes

150 1727 386 1779 discendae
406 1729 645 1781 veritatis
677 1729 880 1782 amicos
909 1729 1163 1782 habuisti.
1192 1729 1294 1782 Sed
1313 1731 1365 1781 hi
1390 1731 1479 1781 ubi
1515 1745 1647 1782 con-

1759 565 1963 617 urbane
1997 563 2368 632 subterfugere
2413 569 2725 625 certamen;
2771 575 2895 612 nam
2937 559 3068 627 quid
3107 560 3290 614 vidisti

1760 668 1842 706 me
1871 653 2061 705 iratum
2108 653 2294 706 fecisso
2325 653 2379 704 in
2410 658 2462 704 te
2493 651 2763 703 hominem
2799 655 3005 700 tantum
3035 648 3288 716 populum

1757 741 2001 809 decipere
2026 742 2350 809 cupientem,
2381 748 2434 793 et
2463 754 2585 791 cum
2623 738 2753 789 nihil
2799 737 2998 791 habeas
3034 736 3178 805 quod
3207 737 3290 790 di-

1757 843 1868 890 cas,
1903 828 2214 882 modestiam
2247 827 2628 882 simulantem?
2653 827 2743 894 qui
2773 835 2825 878 et
2855 826 3170 879 auctoritate
3197 835 3288 878 tua

1750 916 1928 983 jubes,
1963 925 2019 968 ut
2051 915 2321 984 quomodo
2356 917 2470 983 ipse
2503 917 2584 968 vis
2623 922 2674 968 et
2705 930 2813 966 non
2857 913 3125 982 quomodo
3154 915 3287 967 ordo

1756 1007 2007 1074 postulat,
2042 1005 2406 1060 controversia
2443 1013 2737 1058 moveatur.
2763 1003 2824 1056 Et
2862 1003 3046 1056 Simon
3073 1023 3085 1056 :
3116 1005 3290 1071 Impe-

1755 1096 1885 1148 rabo
1915 1096 2045 1148 mihi
2070 1097 2169 1164 ipsi
2194 1095 2451 1163 patientia
2487 1096 2560 1147 uti
2591 1095 2655 1146 ad
2683 1094 3002 1162 imperitiam
3035 1102 3203 1155 tuam,
3229 1101 3288 1146 ut

1754 1188 2032 1240 ostendam
2063 1198 2112 1241 te
2151 1190 2363 1258 quidem
2403 1189 2540 1243 velle
2582 1188 2836 1256 populum
2885 1187 3171 1249 seducere,
3203 1201 3290 1241 me

1753 1285 1929 1330 autem
1959 1278 2152 1331 docere
2178 1294 2296 1346 quae
2326 1293 2450 1331 vera
2495 1286 2642 1332 sunt.
2687 1275 2789 1332 Sed
2832 1291 2976 1330 nunc
2998 1277 3188 1330 omitto
3221 1277 3287 1330 de

1753 1367 2016 1423 immensa
2058 1371 2176 1422 luce
2207 1369 2510 1431 discutere,
2542 1368 2684 1437 quod
2731 1368 3000 1437 interrogo
3049 1376 3101 1421 te
3123 1405 3140 1431 ,
3185 1368 3286 1420 hoc

1753 1459 1880 1511 mihi
1910 1460 2171 1527 responde
2200 1477 2214 1512 :
2258 1459 2390 1513 Cum
2420 1458 2561 1512 Deus
2605 1459 2790 1512 fecerit
2821 1459 3068 1512 universa
3089 1498 3104 1521 ,
3138 1467 3196 1512 ut
3225 1468 3284 1513 tu

1752 1549 1910 1610 dicis,
1945 1548 2080 1601 unde
2109 1555 2193 1601 est
2221 1548 2463 1601 malum?
2503 1547 2566 1599 Et
2595 1547 2819 1601 Petrus:
2854 1548 2964 1601 Hoc
3007 1549 3165 1601 modo
3199 1550 3284 1602 in—

1752 1647 2023 1708 terrogare
2048 1655 2153 1692 non
2175 1646 2257 1693 est
2277 1638 2632 1700 adversantis,
2658 1638 2750 1692 sed
2776 1637 3052 1692 discentis.
3079 1637 3136 1691 Si
3156 1654 3287 1707 ergo

1755 1730 1837 1782 vis
1879 1729 2106 1790 discere,
2137 1728 2410 1790 conﬁtere,
2429 1736 2480 1780 et
2509 1728 2658 1795 prius
2685 1735 2736 1781 te
2775 1727 2996 1780 doceam
3018 1727 3286 1793 quomodo

151 1818 287 1869 traria
315 1819 366 1870 in
398 1826 446 1872 te
481 1835 642 1887 quam
674 1820 1011 1887 prolitebaris
1037 1821 1304 1884 viderunt,
1336 1823 1459 1889 quia
1500 1838 1650 1875 ama-
1680 1794 1719 1846 Β
1751 1817 1949 1872 debeas
1972 1816 2198 1880 discere,
2223 1826 2419 1869 etcum
2461 1817 2714 1870 didiceris
2747 1815 2961 1876 audire,
3005 1823 3134 1868 tunc
3171 1816 3285 1883 jam

150 1896 269 1959 tores
294 1915 460 1968 erant,
497 1914 552 1959 ut
580 1909 712 1970 dixi,
746 1909 1010 1971 veritatis,
1045 1925 1150 1962 non
1187 1912 1360 1964 solum
1396 1927 1501 1964 non
1524 1912 1646 1964 dili-

147 2011 249 2062 gere
275 2004 341 2061 te,
375 1999 465 2049 sed
494 2006 546 2051 et
580 1998 762 2053 odisse
783 2007 1080 2068 creperum.
1113 1998 1229 2052 Non
1259 2008 1438 2052 autem
1469 2002 1648 2054 statim

148 2085 204 2136 ab
228 2085 298 2138 eis
347 2086 590 2142 desertus
626 2105 706 2146 es.
741 2089 865 2158 quia
895 2090 975 2142 vel
1008 2089 1349 2158 pollicebaris
1387 2089 1560 2142 adhuc
1599 2099 1650 2143 te

145 2173 208 2226 eis
237 2175 505 2229 ostendere
543 2193 724 2245 posse,
759 2177 901 2246 quod
933 2193 1113 2230 verum
1165 2186 1266 2231 est.
1315 2177 1493 2232 Donec
1522 2196 1648 2248 ergo

145 2265 349 2316 nonduin
362 2266 538 2320 aderat
560 2268 648 2336 qui
669 2276 851 2336 posset
874 2269 1182 2332 ostendere,
1217 2270 1552 2338 patiebantur
1575 2279 1644 2334 te,

144 2353 216 2403 ubi
247 2369 361 2407 vero
394 2371 514 2423 spes
535 2357 614 2410 eis
639 2357 896 2410 docti-inte
919 2359 1155 2412 melioris
1189 2361 1393 2425 arrisit,
1417 2369 1469 2414 te
1514 2376 1647 2413 con-

143 2450 408 2498 temnentes
448 2448 591 2514 quod
638 2448 832 2502 melius
881 2448 1182 2517 intelligunt
1222 2465 1383 2502 nosse
1429 2449 1644 2504 deside-

143 2531 336 2585 iant.Et
366 2541 419 2586 tu
447 2537 662 2603 quidem
697 2536 917 2590 nefariis
947 2538 1152 2590 artibus
1183 2553 1364 2606 agens,
1397 2539 1465 2591 ab
1489 2553 1647 2592 exor-

139 2619 212 2672 dia
237 2621 391 2676 latere
423 2633 470 2678 te
509 2642 670 2694 posse
702 2626 1003 2688 credidisti,
1030 2627 1124 2679 sed
1154 2642 1258 2680 non
1293 2628 1458 2692 lates;
1491 2644 1646 2696 urge-

139 2717 198 2768 ris
224 2718 354 2770 enim
383 2729 434 2773 et
462 2731 650 2774 contra
680 2737 825 2789 spem
853 2721 1166 2790 publicaris,
1198 2723 1321 2790 quia
1341 2737 1447 2773 non
1473 2724 1644 2776 soium

141 2802 367 2870 ignorasti
403 2809 708 2870 veritatem,
747 2809 839 2863 sed
881 2824 977 2862 nec
1007 2809 1191 2862 audire
1222 2809 1435 2862 voluisti
1468 2809 1534 2861 ab
1564 2810 1646 2863 his

136 2894 209 2959 qui
250 2910 360 2947 eam
405 2898 670 2951 sciebant.
706 2896 759 2950 Si
793 2899 933 2951 enim
964 2899 1150 2952 audire
1179 2900 1460 2962 voluisses,
1494 2899 1646 2951 inno-

137 2983 302 3036 tuisset
331 2987 512 3054 utique
551 2989 643 3040 tibi
680 2988 768 3040 ille
799 3003 976 3042 sermo
1005 2987 1122 3056 ejus
1153 2989 1244 3056 qui
1278 2990 1373 3054 ait,
1405 2990 1534 3060 quia
1563 2990 1644 3040 ni-

1749 1917 1801 1962 te
1835 1909 2086 1976 incipiam
2125 1914 2516 1976 consequenter
2561 1907 2774 1962 docere.
2819 1905 2874 1961 Si
2903 1922 3030 1961 vero
3054 1921 3162 1960 non
3202 1906 3284 1960 vis

1752 1999 1959 2054 discere
1992 2007 2246 2068 tanquam
2291 1999 2472 2053 sciens
2510 2013 2711 2063 omnia,
2741 2013 2842 2068 ego
2885 1999 3036 2067 prius
3072 2012 3284 2066 expono

1750 2090 1904 2144 ﬁdem
1933 2105 2089 2160 quam
2121 2089 2373 2158 praidico,
2397 2103 2602 2156 expone
2630 2097 2683 2141 et
2710 2096 2767 2140 tu
2797 2088 2938 2156 quod
2971 2087 3070 2141 tibi
3099 2103 3282 2141 verum

1748 2181 1981 2244 videtur,
2010 2188 2063 2235 et
2090 2195 2212 2233 cum
2238 2178 2524 2232 manifesta
2571 2179 2732 2230 fuerit
2774 2178 3054 2245 utriusque
3078 2177 3286 2244 profes-

1749 2275 1850 2337 sio,
1888 2274 2157 2341 judicetur
2182 2273 2248 2325 ab
2275 2271 2614 2324 auditoribus
2636 2270 2794 2334 cujus
2841 2277 3083 2323 nostrum
3106 2284 3285 2323 sermo

1749 2365 1819 2418 sit
1848 2364 2071 2417 veritate
2100 2362 2383 2416 subnixus.
2415 2360 2479 2412 Et
2511 2359 2694 2413 Simon
2725 2358 2790 2410 ad
2821 2359 2934 2411 base
2966 2359 3279 2427 respondit:

1748 2452 1913 2508 Risus
1937 2453 2066 2506 mihi
2086 2463 2188 2515 est,
2220 2467 2346 2506 ecce
2377 2451 2467 2520 qui
2500 2450 2762 2520 promittit
2792 2449 2932 2518 quod
2957 2465 3041 2503 me
3071 2449 3280 2503 doceat.

1705 2597 1708 2599 .
1747 2542 2125 2596 Verumtamen
2174 2542 2345 2610 patiar
2391 2548 2442 2594 te
2482 2550 2535 2592 et
2575 2540 2892 2607 imperitiam
2936 2547 3079 2591 tuam
3124 2547 3285 2606 atque

1746 2632 2106 2699 arrogantiam
2139 2630 2325 2683 feram.
2357 2629 2649 2690 Conﬁteor,
2686 2628 2893 2681 discere
2922 2628 3064 2691 volo,
3099 2627 3282 2681 videa-

1746 2735 1866 2772 mus
1891 2721 2160 2787 quomodo
2189 2736 2273 2773 me.
2303 2719 2505 2786 poteris
2530 2720 2744 2773 docere.

1812 2829 1952 2885 XVI.
1979 2829 2042 2881 Et
2066 2829 2288 2883 Petrus:
2317 2827 2395 2892 Si,
2420 2829 2613 2896 inquit,
2638 2842 2763 2883 vere
2783 2826 2865 2880 vis
2886 2826 3112 2889 discere,
3133 2827 3282 2880 disce

1699 2922 1848 2990 2,-.hoc
1893 2921 2160 2990 primum,
2211 2934 2372 2988 quam
2419 2919 2668 2988 imperite
2717 2917 3164 2987 interrogaveris;
3197 2916 3281 2969 ais

1743 3011 1910 3081 enim,
1943 3026 2064 3064 cum
2097 3009 2237 3064 Deus
2270 3010 2520 3063 universa
2547 3011 2841 3070 creaverit,
2867 3007 3008 3060 unde
3043 3013 3126 3061 est
3165 3021 3281 3058 ma-

133 3069 192 3122 lu'l
216 3084 285 3124 est
313 3075 563 3126 occa/(ua
598 3077 736 3146 quod
758 3093 856 3128 non
881 3090 1203 3144 agnoscatur,
1232 3095 1389 3147 neque
1413 3089 1642 3146 opertum
1669 3106 1710 3158 ε
1744 3069 1907 3153 nimi».
1947 3100 2084 3152 Αηιθ
2129 3099 2271 3152 enim
2302 3114 2461 3167 quam
2503 3098 2604 3152 hoc
2650 3069 2891 3163 τορῶς,
2941 3104 3054 3150 "es
3108 3097 3278 3150 inter-

132 3163 246 3224 quod
269 3181 364 3216 non
394 3168 644 3217 reveletur
662 3166 728 3219 ⁸⁸.

187 3250 306 3306 XIV.
347 3253 470 3308 Baio
512 3264 565 3308 et
612 3256 700 3309 his
747 3256 945 3309 similia
983 3256 1191 3310 dicente
1237 3255 1417 3319 Petro,
1452 3259 1635 3310 Simon

132 3344 416 3410 respondit:
447 3344 581 3397 Nolo
613 3361 700 3398 me
737 3346 912 3398 verbis
957 3361 1210 3414 occupes,
1245 3345 1422 3410 Petre,
1457 3358 1638 3416 repeto

126 3431 204 3485 abs
235 3440 280 3486 te
308 3450 426 3504 qua:
453 3436 712 3489 hesterno
745 3435 1107 3504 promiseras;
1132 3435 1352 3503 dicebas
1381 3439 1522 3491 enim
1548 3453 1632 3491 os-

126 3523 318 3576 tendere
349 3531 400 3577 te
438 3541 624 3593 posse,
659 3525 784 3593 quia
835 3525 918 3578 lex
967 3526 1154 3579 doceat
1185 3526 1251 3580 de
1281 3528 1637 3581 immensitate

122 3608 238 3662 lucis
259 3620 492 3679 aeternae,
519 3622 573 3666 et
609 3613 754 3682 quod
780 3613 886 3666 duo
914 3622 1122 3667 tantum
1151 3615 1258 3668 sint
1290 3617 1409 3669 cmli
1448 3628 1498 3670 et
1537 3619 1637 3683 ipsi

119 3703 283 3764 creati,
310 3705 400 3757 sed
435 3707 692 3773 superius
721 3721 840 3759 esse
872 3707 1006 3758 lucis
1031 3705 1175 3759 illius
1212 3707 1413 3770 sedem,
1440 3708 1495 3759 in
1532 3726 1634 3776 qua

116 3793 245 3844 solus
265 3793 319 3845 in
349 3801 616 3846 aeternum
651 3795 849 3847 residet
879 3795 1159 3848 inell‘abilis
1188 3793 1375 3862 Pater;
1402 3797 1466 3848 ad
1494 3799 1635 3853 illius

112 3892 222 3931 vero
276 3884 397 3935 coeli
441 3883 853 3936 similitudinem
909 3882 1106 3934 factum
1145 3899 1264 3936 esse
1302 3885 1458 3936 etiam
1492 3887 1634 3939 istud

111 3967 300 4023 visibile
344 3973 568 4037 cmlum,
597 3972 739 4039 quod
772 3979 824 4023 et
863 3971 1210 4024 transiturum
1258 3973 1634 4030 'eonﬁrmabas.

109 4053 266 4112 Unum
297 4077 427 4130 ergo
457 4063 652 4115 dixisti
679 4077 798 4115 esse
842 4060 1052 4114 Patrem
1080 4064 1337 4126 omnium,
1369 4067 1492 4132 quia
1530 4083 1636 4122 non

106 4157 316 4212 possunt
344 4154 455 4204 duo
509 4150 930 4213 esseimmeusi,
980 4151 1179 4218 alioqui
1221 4162 1407 4206 neuter
1449 4170 1638 4208 eorum

103 4239 382 4295 immensus
411 4243 542 4304 erit,
570 4241 698 4310 quia
733 4241 787 4294 in
815 4257 879 4294 eo
899 4243 1159 4310 malter
1183 4245 1451 4309 subsistit,
1480 4248 1635 4301 alteri

103 4257 382 4295 lllllDenSUS
411 4257 542 4304 erit,
570 4257 698 4310 quia
733 4257 787 4294 in
815 4257 879 4294 eo
1026 4257 1159 4296 alter
1183 4257 1451 4309 SUDSlSlll,
1480 4257 1632 4301 alteri

101 4329 244 4382 tinem
273 4331 616 4386 subsistendi
665 4257 1077 4400 Γίιστιτὲἑιὲεο
1123 4333 1235 4387 ιιωο
1276 4351 1382 4388 non
1427 4346 1632 4390 tantum

98 4421 381 4487 polliceris,
426 4423 527 4477 sed
558 4431 615 4476 et
643 4422 926 4476 ostendere
948 4431 1098 4489 potes
1121 4439 1185 4477 ex
1218 4425 1349 4493 lege,
1381 4429 1633 4482 omittens
1665 4405 1707 4458 θ

94 4511 236 4576 plura
284 4515 437 4583 loqui
481 4515 616 4567 hinc
646 4515 840 4580 incipe.
869 4512 933 4564 Et
955 4513 1148 4568 Petrus
1179 4534 1191 4568 :
1229 4514 1285 4568 Si
1315 4527 1530 4585 propter
1562 4527 1632 4581 te,

92 4598 274 4668 inquit,
306 4605 404 4673 qui
435 4605 506 4658 ad
539 4603 1020 4656 contradicendum
1052 4608 1423 4660 tantummodo
1458 4609 1629 4670 venis,

89 4699 298 4757 rogarer
327 4694 396 4746 de
423 4695 511 4746 his
535 4693 740 4752 dicere,
772 4706 1044 4758 nunquam
1078 4708 1107 4743 a
1139 4708 1221 4745 me
1249 4710 1412 4744 unum
1443 4697 1630 4748 saltem

90 4793 264 4844 posses
297 4783 494 4836 audire
522 4796 850 4844 sermonem,
879 4782 971 4835 sed
1003 4784 1256 4850 quoniam
1283 4800 1505 4839 necesse
1550 4796 1632 4839 est

87 4869 388 4933 agricolam,
415 4871 514 4938 qui
548 4870 666 4922 vult
714 4869 906 4922 bonam
938 4878 1130 4923 terram
1161 4872 1444 4934 seminare,
1487 4891 1621 4926 non-

85 4955 216 5006 nulla
255 4958 473 5009 semina
519 4957 748 5024 perdere
777 4964 867 5008 aut
911 4959 966 5009 in
996 4958 1245 5025 petrosis,
1289 4970 1381 5012 aut
1427 4962 1478 5014 in
1542 4965 1622 5017 his

81 5057 188 5108 qua:
217 5050 286 5099 ab
316 5048 647 5101 hominibus
675 5048 1035 5100 coneulcanda
1068 5057 1208 5109 sunt,
1238 5049 1319 5100 vel
1358 5051 1410 5102 in
1436 5052 1626 5104 dumo-

81 5135 148 5190 sis
166 5152 228 5190 ac
253 5140 490 5208 repletis
516 5139 770 5192 sentibus
799 5137 948 5200 locis,
975 5138 1113 5191 sicut
1139 5143 1190 5189 et
1226 5137 1480 5208 Magister
1524 5159 1622 5196 no-

80 5235 179 5281 ster
207 5233 471 5299 exposuit
495 5230 864 5284 diversitatem
888 5228 1140 5297 propositi
1197 5227 1622 5302 uniuscujusque

81 5317 260 5371 animae
284 5336 385 5389 per
417 5321 539 5373 hinc
574 5319 821 5372 indicans
836 5319 900 5382 ⁸⁵,
933 5333 1034 5370 non
1068 5316 1337 5371 morabor.

140 5409 257 5467 XV.
297 5409 442 5465 Tum
471 5410 704 5464 Simon:
737 5409 942 5463 Videris
975 5409 1095 5462 milii
1118 5447 1132 5469 ,
1178 5408 1390 5476 inquit,
1423 5415 1581 5468 irasci
1609 5436 1622 5480 ;

85 5501 214 5566 quod
251 5502 298 5558 si
342 5510 454 5564 est,
503 5514 617 5552 non
654 5514 865 5552 necesse
902 5509 980 5552 est
1021 5497 1157 5549 inire
1191 5499 1525 5555 conﬂictum.
1559 5504 1627 5556 Et

177 5679 221 5710 "
249 5679 443 5733 Matth.
474 5695 532 5735 π,
554 5680 641 5733 26.
697 5679 739 5708 ⁸⁸
778 5676 900 5731 Luc.
935 5692 1035 5738 vni,

390 5772 662 5828 Ριτιιοι..
707 5769 814 5826 Gn.
857 5769 897 5827 Ι.

1740 3188 1959 3256 rogandi
2031 3186 2237 3255 species
2307 3186 2700 3255 praicedcbant.
2775 3184 2956 3239 Primo
2986 3225 3004 3251 ,
3080 3186 3126 3238 si
3196 3192 3282 3238 est

1739 3276 1979 3340 malum;
2031 3273 2299 3338 secundo,
2350 3274 2478 3342 quid
2526 3275 2595 3328 sit
2648 3274 2888 3337 malum;
2941 3273 3134 3335 tertio,
3191 3273 3280 3326 cui

1739 3366 1829 3427 sit,
1876 3374 1930 3418 et
1981 3365 2142 3418 unde.
2194 3365 2269 3416 Ad
2328 3363 2437 3415 hanc
2493 3363 2713 3417 Simon:
2765 3360 2808 3415 Ο
2842 3361 3275 3430 imperitissimo,

1740 3455 1951 3525 inquit,
2013 3461 2066 3508 et
2110 3453 2547 3515 ineruditissime,
2603 3459 2756 3506 estne
2806 3450 3083 3504 hominum
3131 3452 3281 3518 quis-

1737 3557 1893 3610 quam
1945 3540 2035 3608 qui
2083 3555 2187 3593 non
2224 3540 2572 3601 conﬁteatur,
2613 3538 2738 3606 quia
2803 3537 2874 3591 sit
2927 3538 2982 3590 in
3013 3538 3116 3591 hac
3172 3539 3281 3592 vita

1739 3630 1983 3683 malum?
2031 3627 2181 3682 Unde
2229 3637 2282 3682 et
2326 3643 2424 3696 ego
2467 3635 2662 3697 putans
2711 3636 2762 3681 te
2807 3628 2891 3682 vel
2937 3642 3278 3683 communem

1736 3720 1974 3771 omnium
2003 3717 2200 3770 habere
2229 3731 2448 3770 sensum
2469 3755 2484 3779 ,
2512 3716 2840 3782 interrogavi
2872 3716 3015 3770 unde
3051 3717 3120 3770 sit
3162 3732 3278 3769 ma-

1737 3809 1865 3868 lum,
1905 3822 2015 3860 non
2048 3813 2107 3858 ut
2133 3806 2344 3860 disCere
2363 3805 2567 3863 volens,
2603 3806 2694 3874 qui
2740 3805 2920 3858 omnia
2957 3806 3145 3865 sciam,
3179 3805 3276 3860 abs

1736 3903 1787 3948 te
1818 3895 2083 3962 praecipue
2111 3893 2199 3962 qui
2241 3893 2373 3946 nihil
2402 3893 2646 3955 noveris,
2676 3893 2766 3946 sed
2801 3900 2858 3944 ut
2901 3900 2951 3946 te
2997 3893 3277 3946 ostendam

1737 3984 1980 4052 ignarum
2007 3997 2124 4036 esse
2140 3983 2398 4036 omnium.
2423 3983 2486 4035 Et
2519 4000 2583 4035 ne
2614 3992 2766 4051 putes
2794 3984 2918 4053 quia
2952 3984 3120 4037 iratus
3151 3998 3275 4038 sum

1735 4073 1878 4142 quod
1915 4073 1988 4126 ita
2035 4084 2208 4127 tecum
2257 4077 2524 4127 austerius
2585 4076 2806 4142 loquor,
2862 4073 3136 4128 miseratio
3188 4089 3275 4126 me

1736 4162 1898 4215 habet
1919 4162 2109 4214 borum
2131 4163 2223 4230 qui
2259 4163 2476 4237 adsunt,
2503 4177 2638 4230 quos
2659 4170 2718 4216 tu
2761 4162 3007 4231 decipere
3036 4163 3269 4216 conaris.

1737 4250 1801 4302 Et
1828 4249 2021 4304 Petrus
2051 4252 2123 4303 ait
2151 4269 2164 4304 :
2201 4250 2422 4303 Multum
2449 4253 2621 4305 malus
2657 4267 2736 4313 es,
2770 4252 2816 4306 si
2841 4260 3020 4305 tantas
3044 4251 3273 4320 injurias

1735 4356 1842 4393 non
1908 4341 2076 4393 iratus
2131 4341 2310 4403 facis;
2361 4341 2453 4393 sed
2532 4341 2860 4408 impossibile
2927 4349 3010 4394 est
3063 4342 3268 4392 fumum

1737 4445 1844 4482 non
1871 4445 2216 4498 consurgere,
2251 4431 2338 4483 ubi
2368 4430 2508 4499 ignis
2531 4439 2632 4484 est.
2663 4429 3044 4483 Verumtamen
3071 4429 3267 4488 dicam,

1736 4536 1804 4572 ne
1833 4527 1884 4572 te
1911 4520 2092 4573 verbis
2120 4519 2302 4573 videar
2332 4519 2617 4588 occupare,
2647 4521 2934 4588 quominus
2965 4517 3032 4570 ad
3060 4530 3123 4568 ea
3152 4532 3270 4584 qua:

1735 4611 1830 4664 abs
1852 4618 1904 4663 te
1935 4611 2373 4664 inconvenienter
2405 4618 2532 4664 sunt
2573 4611 2736 4674 dicta,
2774 4607 3146 4677 respondeam.
3175 4608 3269 4662 Ais

1735 4712 1922 4754 omnes
1951 4701 2108 4754 fateri
2147 4702 2272 4769 quia
2302 4703 2372 4755 sit
2415 4703 2644 4762 malum,
2684 4700 2826 4768 quod
2858 4700 3039 4766 utique
3071 4697 3266 4750 falsum

1735 4799 1850 4856 est;
1891 4805 2017 4843 nam
2063 4791 2235 4858 primo
2281 4792 2520 4842 omnium
2569 4792 2694 4857 quia
2730 4790 2986 4842 subsistat
3025 4789 3262 4848 malum,

1731 4881 1980 4933 universa
2012 4879 2353 4932 Hebraeorum
2385 4887 2538 4946 negat
2564 4895 2713 4946 gens.

1802 4967 1959 5021 XVI].
1978 4967 2041 5018 Et
2065 4966 2272 5030 Simon,
2296 4968 2595 5033 interrupto
2624 4966 2741 5032 ejus
2766 4979 3012 5019 sermone
3036 4982 3049 5017 :
3077 4961 3262 5025 Recte,

1732 5060 1926 5126 inquit,
1963 5058 2164 5110 faciunt
2193 5059 2282 5125 qui
2315 5055 2498 5108 dicunt
2529 5072 2634 5107 non
2667 5071 2788 5108 esse
2826 5056 3048 5108 malum.
3079 5052 3144 5105 Et
3164 5053 3265 5105 Pe-

1730 5159 1845 5203 trus
1872 5166 1886 5202 :
1917 5147 2032 5202 Non
2062 5148 2127 5200 de
2171 5151 2270 5200 hoc
2322 5163 2463 5200 nunc
2511 5150 2888 5215 proposuimus
2919 5138 3098 5199 dicere
3119 5185 3133 5210 ,
3169 5146 3262 5197 sed
3337 5204 3343 5210 δ

1715 5242 1853 5307 quia
1886 5255 1991 5292 non
2035 5252 2222 5290 omnes
2252 5236 2440 5289 dicunt
2493 5252 2613 5290 esse
2673 5239 2891 5288 malum.
2953 5234 3262 5288 Secundqu

1729 5336 1907 5381 autem
1938 5335 2051 5380 erat
2097 5327 2426 5392 interrogare
2459 5333 2530 5386 te,
2584 5325 2712 5391 quid
2745 5333 2826 5378 est
2868 5324 3066 5378 malum
3087 5364 3102 5389 ,
3134 5323 3261 5377 sul-i—

1732 5420 1948 5478 stantia,
1979 5433 2045 5470 an
2078 5417 2361 5479 accidens,
2393 5430 2460 5465 an
2491 5416 2686 5466 actus?
2715 5415 2808 5468 sed
2854 5421 2907 5466 et
2947 5415 3051 5466 alia
3096 5411 3261 5464 multa

1735 5508 2058 5578 bujusmodi.
2092 5505 2154 5557 Et
2189 5513 2309 5573 post
2355 5505 2498 5568 lucc,
2541 5519 2666 5572 erga
2706 5505 2834 5572 quid
2863 5505 2941 5555 vel
2991 5500 3262 5570 quomodo

2911 5767 2946 5823 Ii.
