3806 6308
446 310 573 368 1291

1262 314 1317 367 S.
1359 310 1742 366 CLEMENTIS
1781 310 1796 362 Ι
1833 309 1991 362 “OM.
2033 309 2227 364 ΡΟΝΤ.
2269 309 2494 363 OPERA
2533 306 2771 362 DUBIA.

3627 290 3748 343 ἰξυῖ

445 427 537 488 sit,
572 435 666 480 aut
709 428 798 481 cui-
836 427 907 481 sit
941 426 1159 483 malum,
1189 433 1365 476 utrum
1396 422 1503 475 Deo
1534 438 1600 474 an
1635 422 1838 490 angelis
1861 459 1874 482 ,
1908 436 1976 472 an
2002 426 2045 478 ,Α
2076 421 2132 473 Si
2159 421 2374 490 quidem
2399 427 2459 473 ut
2487 419 2623 471 mihi
2647 415 2879 468 videtur
2911 411 3120 465 facere
3144 407 3278 468 vis,
3307 417 3428 474 ego
3455 400 3758 458 secundum.

444 516 782 580 hominibus,
818 517 921 586 piis
950 531 1018 568 an
1047 515 1255 583 impiis,
1286 513 1534 572 omnibus
1563 527 1628 564 an
1668 512 1935 580 aliquibus
1956 551 1972 574 ,

446 620 512 658 an
537 606 640 660 sibi
673 607 795 674 ipsi,
825 621 890 657 an
919 605 1068 656 nulli.
1091 603 1154 656 Et
1184 612 1311 655 tunc
1336 602 1693 668 interrogares
1725 601 1862 654 unde
1881 601 1970 667 sit,

447 703 752 746 utrumnam
784 708 813 744 a
847 691 972 755 Deo,
1012 705 1079 745 an
1122 707 1186 746 ex
1223 690 1425 754 nihilo,
1468 704 1749 757 semperne
1791 690 1972 755 fuerit,

442 793 513 832 an
545 796 610 834 ex
641 788 878 847 tempore
908 780 1126 847 creperit
1149 819 1162 843 ,
1195 779 1325 832 utile
1362 778 1432 832 sit
1461 794 1528 830 an
1554 778 1758 843 inutile,
1791 789 1842 832 et
1869 780 1974 832 alia

443 869 610 920 multa
635 882 752 935 qua:
786 866 1156 934 hujuscemodi
1189 866 1487 935 propositio
1527 865 1707 934 exigit.
1739 866 1820 918 Ad
1860 867 1974 920 haec

445 956 626 1019 Simon
675 955 988 1022 respondit:
1042 955 1261 1024 Ignosce
1312 955 1464 1020 mihi,
1491 955 1665 1009 erravi
1699 959 1764 1010 de
1802 957 1972 1024 prima

442 1045 873 1113 interrogatione,
908 1046 999 1099 sed
1025 1055 1150 1113 puta
1183 1060 1268 1098 me
1297 1059 1441 1098 nunc
1468 1044 1699 1114 primum
1738 1046 1972 1100 interro-

438 1147 584 1200 gare,
607 1140 692 1186 est
723 1134 919 1186 malum
949 1147 1018 1184 an
1051 1132 1201 1184 non?

507 1240 687 1295 XVIII.
729 1241 791 1294 Et
811 1241 1002 1296 Petrus
1029 1241 1102 1293 ait
1128 1259 1140 1294 :
1167 1239 1444 1304 Quomodo
1474 1242 1794 1311 interrogas,
1816 1242 1973 1310 quasi

437 1331 644 1387 discere
673 1334 858 1387 volens
887 1348 954 1386 au
997 1332 1207 1397 docere,
1247 1347 1313 1385 an
1343 1333 1655 1402 quaestionis
1698 1334 1974 1387 movenda:

437 1424 644 1490 gratia?
670 1423 727 1475 Si
758 1424 970 1492 quidem
996 1423 1146 1491 quasi
1174 1423 1381 1477 discere
1409 1425 1610 1489 volens,
1637 1423 1808 1478 habeo
1829 1425 1972 1492 quod

435 1521 486 1566 te
511 1514 661 1580 prius
689 1513 930 1576 doceam,
966 1521 1024 1566 ut
1051 1529 1146 1581 per
1173 1514 1608 1582 consequentiam
1641 1521 1693 1567 et
1726 1513 1971 1568 ordinem

429 1605 690 1658 doctrina:
740 1605 994 1666 veniens,
1035 1620 1099 1656 ex
1135 1612 1188 1657 te
1241 1604 1356 1670 ipso
1399 1605 1665 1673 intelligas
1720 1606 1851 1674 quid
1901 1606 1973 1660 sit

431 1695 652 1748 malum.
697 1692 752 1746 Si
788 1708 914 1747 vero
962 1703 1019 1748 ut
1059 1695 1257 1747 docens
1289 1694 1563 1762 proponis,
1611 1709 1716 1747 non
1757 1695 1969 1764 indigeo

431 1783 526 1836 abs
556 1791 607 1836 te
643 1783 848 1846 doceri,
882 1783 1053 1836 habeo
1081 1783 1222 1835 enim
1253 1783 1563 1849 magistrum
1592 1797 1622 1835 a
1651 1799 1758 1852 quo
1785 1787 1968 1839 omnia

339 1940 341 1942 η
431 1869 619 1923 didici.
667 1869 820 1934 Quod
851 1873 898 1923 si
939 1871 1250 1938 quazstionis
1281 1870 1555 1924 movenda:
1581 1877 1632 1924 et
1657 1871 1968 1940 disputandi

431 1957 621 2026 gratia,
660 1966 889 2026 uterque
935 1969 1178 2012 nostrum
1228 1959 1379 2027 prius
1425 1961 1564 2029 quod
1597 1961 1699 2016 sibi
1733 1962 1966 2031 videtur,

429 2059 662 2118 exponat
686 2058 740 2104 et
774 2051 846 2103 ita
877 2059 1152 2104 certamen
1182 2051 1463 2105 habeatur.
1490 2051 1673 2122 Neque
1700 2055 1844 2108 enim
1874 2072 1967 2110 ve-

429 2154 546 2192 rum
573 2147 656 2193 est
683 2138 796 2208 (89)
829 2148 888 2193 ut
917 2141 1213 2210 interroges
1241 2141 1394 2209 quasi
1423 2141 1631 2196 discere
1658 2143 1876 2210 volens,
1911 2151 1966 2199 et

426 2227 768 2282 eontradicas
794 2234 852 2280 ut
879 2229 1099 2294 docens,
1130 2239 1188 2282 ut
1215 2237 1335 2298 post
1353 2232 1759 2299 responsionem
1789 2249 1964 2288 meam

427 2319 483 2370 in
514 2325 605 2371 tuo
635 2318 844 2386 judicio
871 2320 942 2374 sit
971 2320 1174 2383 dicere,
1206 2321 1250 2374 si
1280 2321 1416 2375 bene
1437 2336 1504 2374 an
1539 2323 1678 2376 male
1706 2323 1960 2377 dixerim.

425 2409 651 2478 Propter
693 2411 838 2480 quod
899 2427 1008 2466 non
1061 2423 1212 2480 potos
1267 2413 1321 2466 in
1363 2413 1482 2466 loco
1545 2413 1964 2472 contradicentis

423 2501 758 2568 stansjudex
801 2517 920 2556 esse
949 2517 1135 2556 eorum
1159 2518 1278 2571 quae
1315 2503 1580 2569 dicimus;
1623 2512 1676 2557 et
1721 2504 1861 2568 ideo,
1906 2513 1964 2558 ut

423 2587 554 2652 dixi,
583 2590 630 2642 si
659 2595 930 2643 certamen
966 2589 1269 2644 habendum
1314 2601 1417 2657 est,
1456 2602 1679 2659 uterque
1717 2603 1962 2648 nostrum

418 2681 564 2748 quod
594 2681 756 2734 sentit
790 2689 1043 2750 exponat,
1093 2689 1146 2736 et
1180 2684 1338 2737 nobis
1370 2684 1422 2736 in
1466 2685 1719 2738 conllietu
1768 2686 1962 2754 positis

421 2770 662 2841 religiosi
689 2770 963 2825 auditores
1000 2771 1056 2824 hi
1079 2770 1213 2839 justi
1234 2771 1449 2839 judices
1475 2781 1655 2826 erunt.

491 2903 629 2958 XIX.
674 2894 736 2956 Et
769 2903 952 2958 Simon
1002 2925 1015 2959 :
1046 2903 1161 2958 Non
1192 2905 1286 2960 tibi
1325 2906 1533 2961 videtur
1566 2908 1860 2962 absurdum
1901 2917 1961 2963 ut

416 2995 704 3063 imperitus
749 2996 978 3063 populus
1025 2995 1093 3049 de
1128 2997 1326 3052 nostris
1359 2998 1519 3054 dictis
1571 2999 1763 3054 habeat
1812 3002 1959 3068 judi-

423 3085 613 3138 cium?
641 3084 702 3136 Et
728 3083 955 3138 Petrus:
992 3083 1107 3138 Non
1141 3087 1213 3138 ita
1246 3096 1348 3152 est,
1383 3088 1524 3156 quod
1556 3090 1698 3142 enim
1725 3092 1816 3143 uni
1853 3091 1961 3145 for-
1986 3080 2028 3135 C

417 3179 566 3227 tasse
599 3173 778 3227 minus
833 3174 1018 3242 liquet,
1056 3175 1366 3244 investigari
1402 3192 1432 3230 a
1465 3178 1712 3246 plurimis
1744 3183 1957 3249 poterit,

422 3279 543 3316 nam
577 3279 717 3332 saepe
773 3265 931 3318 etiam
983 3264 1123 3318 fama
1179 3266 1324 3334 vulgi
1374 3267 1668 3337 prophetia:
1724 3272 1959 3338 speciem

415 3359 584 3406 tenet.
617 3352 790 3419 Super
819 3353 932 3409 haec
965 3361 1142 3407 autem
1174 3356 1375 3420 omnia,
1404 3371 1637 3426 praesens
1665 3357 1752 3412 hic
1783 3360 1960 3415 omnis

422 3443 648 3511 populus
695 3458 876 3496 amore
919 3441 1010 3496 Dei
1047 3445 1374 3500 constrictus
1407 3447 1493 3500 hic
1527 3453 1706 3510 astat,
1741 3448 1960 3517 veriq-ue

415 3531 778 3600 cognoscendi
821 3533 1015 3602 gratia,
1045 3541 1096 3586 ct
1129 3533 1251 3587 ideo
1285 3550 1474 3589 omnes
1507 3535 1597 3589 isti
1629 3537 1783 3604 quasi
1814 3552 1958 3594 unus

421 3623 696 3676 habendus
727 3630 830 3686 est,
861 3637 959 3691 pro
991 3639 1097 3676 uno
1131 3623 1424 3693 eodemque
1448 3641 1574 3694 erga
1600 3641 1838 3681 amorem
1865 3645 1958 3683 ve-

421 3710 598 3764 ritatis
631 3711 857 3775 all'ectu,
917 3712 1055 3764 sicut
1093 3728 1122 3764 e
1171 3715 1445 3767 contrario
1475 3713 1582 3768 duo
1626 3715 1766 3769 inter
1797 3732 1856 3771 se
1910 3718 1956 3772 si

416 3797 776 3864 dissentiant,
824 3801 978 3852 multi
1011 3808 1136 3854 sunt
1167 3809 1220 3854 et
1261 3797 1481 3857 diversi.
1547 3803 1603 3858 Si
1653 3813 1830 3860 autem
1873 3809 1956 3862 vis

419 3885 672 3941 indicium
705 3903 929 3958 capere,
961 3893 1230 3960 quomodo
1262 3895 1437 3948 omnis
1472 3895 1562 3949 hic
1601 3898 1829 3966 pepulus
1861 3900 1954 3968 qui

416 3982 557 4029 astat
585 3979 740 4046 quasi
782 3995 922 4034 unus
951 3982 1022 4034 sit
1054 3983 1235 4049 homo,
1264 4001 1328 4038 ex
1362 3987 1577 4039 silentio
1606 3987 1725 4055 ejus
1758 3988 1876 4057 ipso
1901 3997 1954 4044 et

415 4063 596 4130 quiete
627 4067 932 4133 considera,
969 4074 1238 4139 quomodo
1270 4089 1392 4127 cum
1426 4075 1570 4128 omni
1606 4078 1860 4144 patientia
1896 4089 1954 4133 nt

416 4152 584 4216 vides,
612 4155 772 4208 etiam
806 4167 1090 4226 antequam
1124 4162 1354 4226 discant,
1389 4164 1601 4216 veritati
1647 4163 1740 4218 Dei
1783 4166 1953 4220 hono-

415 4256 528 4295 rem
579 4244 846 4300 deferunt.
902 4247 1147 4304 Nondum
1197 4253 1340 4306 enim
1398 4254 1655 4323 majorem
1704 4257 1948 4321 cultum,

413 4347 571 4400 quem
599 4336 645 4442 ei
688 4337 895 4392 deferre
920 4340 1167 4411 debeant,
1197 4346 1517 4400 didicerunt.
1548 4348 1772 4420 Propter
1803 4353 1947 4421 quod
1979 4389 2023 4442 ι)
2052 4367 2218 4420 minis
2247 4377 2526 4436 potestate
2563 4381 2670 4427 aut-

414 4438 572 4491 spero
613 4427 678 4480 de
723 4429 1002 4484 clementia
1035 4431 1146 4496 Dei,
1185 4437 1325 4503 quod
1370 4438 1676 4505 religiosum
1708 4445 1949 4511 proposi-

416 4524 526 4566 tum
560 4519 751 4572 mentis
777 4535 960 4573 eorum
984 4524 1326 4590 amplectetur
1345 4541 1468 4594 erga
1496 4543 1571 4591 se,
1594 4539 1644 4582 et
1673 4534 1948 4585 veritatem

413 4604 718 4669 praedicanti
757 4608 992 4662 victoriae
1035 4611 1262 4679 palmam
1297 4613 1473 4678 dabit,
1506 4625 1562 4669 ut
1601 4619 1945 4674 manifestum

408 4693 488 4744 cis
522 4691 679 4747 lacth
711 4698 945 4752 veritatis
975 4715 1292 4768 praeconem.

481 4791 593 4848 XX.
635 4793 770 4850 Tum
813 4797 1037 4854 Simon:
1074 4799 1148 4855 De
1197 4818 1341 4871 quo.
1371 4805 1579 4874 inquit,
1630 4809 1711 4863 vis
1761 4809 1944 4866 haberi

411 4888 716 4939 certamen?
743 4887 850 4952 dic,
881 4899 937 4943 ut
968 4900 1020 4945 et
1048 4908 1146 4961 ego
1177 4893 1424 4948 deliniant
1458 4899 1600 4965 quod
1638 4901 1766 4952 mihi
1798 4902 1944 4955 vide-

411 4978 521 5035 tur,
554 4982 607 5026 et
637 4975 710 5028 ita
759 4982 986 5047 quaestio
1034 4981 1277 5050 incipiat.
1311 4984 1375 5037 Et
1405 4985 1596 5042 Petrus
1630 4992 1938 5058 respondit:

518 5123 870 5212 i‘k‘Vpcabula
899 5131 1160 5212 δείδιθ’-τ
1180 5133 1607 5212 judicandisunt
1639 5147 1690 5191 et
1727 5155 1850 5212 qua:

412 5191 612 5246 desunt
640 5195 696 5246 in
726 5205 954 5266 utroque
983 5201 1104 5254 cod.
1137 5191 1283 5270 Lips,
1360 5205 1403 5237 ⁸⁷
1445 5204 1630 5260 Matth.
1664 5191 1858 5272 “:53.

2076 509 2317 578 magistri
2352 508 2456 562 mei
2491 514 2834 576 prmeeptum
2870 500 3004 554 fieri
3036 499 3224 561 volo,
3266 497 3378 564 qui
3415 493 3606 562 primo
3645 507 3751 545 ont-

2073 600 2223 652 nimn
2260 599 2499 652 Hebraea:
2539 597 2718 665 genti,
2773 608 2954 662 quam
2992 589 3248 644 sciebat
3302 584 3536 639 habere
3583 585 3754 652 cogni-

2075 684 2274 737 tionem
2312 683 2406 737 Dei
2436 693 2491 737 et
2519 685 2670 752 quod
2703 683 2829 752 ipse
2860 687 3030 734 esset
3057 678 3170 747 qui
3209 675 3438 729 Iecerit
3474 675 3754 734 mundum,

2074 776 2351 843 prmcepit,
2385 791 2492 828 non
2527 782 2589 827 ut
2621 789 2752 827 eum
2777 779 3084 842 quan-cret
3120 782 3323 837 quem
3378 765 3644 826 sciebat,
3677 764 3761 818 sul

2073 867 2404 918 voluntatem
2437 865 2558 932 ejus
2587 862 3008 932 juStitiamque
3054 856 3472 928 perquireret
3501 853 3761 916 sciens“,

2073 958 2197 1026 quia
2226 959 2281 1011 in
2312 959 2594 1012 hominum
2625 956 2871 1008 arbitrio
2898 952 3188 1022 positum
3221 955 3350 1016 est,
3388 956 3458 1001 ut
3494 947 3605 1002 hoc
3631 964 3766 1018 qua:-

2072 1058 2255 1104 rentes
2285 1050 2567 1102 inveniant
2616 1056 2672 1100 et
2716 1046 2942 1099 faciant
3002 1052 3206 1111 atque
3241 1041 3581 1094 observent
3620 1055 3681 1094 ea
3709 1042 3768 1094 de

2072 1139 2271 1208 quibus
2296 1138 2584 1207 judicandi
2619 1144 2777 1190 sunt.
2815 1134 2887 1187 Et
2918 1134 3065 1188 ideo
3098 1132 3309 1201 jussit
3359 1145 3476 1185 nos
3508 1147 3768 1200 quaerere,

2070 1245 2178 1283 non
2210 1229 2352 1283 unde
2381 1231 2454 1283 sit
2495 1229 2731 1289 malum,
2762 1234 2829 1279 ut
2862 1233 2932 1278 tu
2973 1225 3178 1292 paulo
3232 1230 3387 1276 ante
3429 1223 3769 1291 requirebas.

2069 1320 2164 1374 sed
2191 1303 2463 1387 justitiam
2508 1318 2639 1372 boni
2685 1317 2789 1370 Dei
2831 1331 3212 1384 regnumque
3247 1313 3421 1380 ejus,
3462 1323 3519 1365 et
3569 1314 3770 1376 omnia,

2071 1409 2273 1478 inquit,
2322 1408 2432 1461 [nec
2471 1407 2808 1474 adﬁcientur
2848 1404 3022 1458 vobis
3045 1403 3128 1456 ⁸⁷.
3198 1401 3280 1454 Ει
3333 1400 3593 1454 Simon:
3639 1403 3774 1467 Quo-

2070 1501 2237 1563 niam,
2271 1498 2469 1566 inquit,
2514 1495 2775 1550 l-lebrzeis
2814 1495 2938 1549 ista
2993 1492 3404 1545 mandantur
3455 1494 3613 1546 velut
3646 1505 3775 1546 recte

2071 1588 2372 1643 scientibus
2402 1586 2576 1640 Deum
2608 1593 2665 1639 et
2695 1584 3144 1654 opinantibus,
3180 1584 3360 1652 quod
3395 1585 3776 1656 unusquisque

2070 1677 2124 1730 in
2161 1693 2262 1732 suo
2310 1676 2542 1750 arbitrio
2576 1677 2787 1730 habeat
2842 1690 3038 1741 agere
3096 1690 3205 1737 ea,
3252 1675 3335 1727 de
3398 1675 3618 1744 quibus
3645 1676 3776 1744 judi-

1998 1751 2041 1805 Β
2069 1767 2272 1820 candus
2297 1775 2400 1830 est,
2441 1765 2580 1817 mihi
2609 1773 2809 1817 autem
2839 1763 2919 1816 ab
2949 1763 3086 1816 illis
3123 1763 3467 1834 discrepat
3497 1765 3775 1825 sententia,

2067 1856 2210 1910 unde
2238 1856 2321 1909 vis
2354 1863 2414 1908 ut
2437 1855 2709 1923 incipiam
2735 1854 2762 1907 ?

2134 1944 2272 2000 XXI.
2315 1944 2454 1998 Tum
2490 1943 2699 1999 Petrus
2729 1963 2743 1998 :
2785 1943 2918 2014 Ego
2941 1985 2960 2011 ,
3025 1945 3253 2016 inquit
3279 1987 3298 2009 ,
3358 1944 3589 2001 suadeo
3621 1945 3778 2014 primo

2063 2033 2417 2103 querendum
2451 2049 2614 2090 esse.
2646 2034 2699 2087 si
2755 2033 2818 2086 in
2885 2043 3226 2102 potestate
3269 2043 3494 2088 nostra
3540 2043 3627 2087 est
3656 2035 3779 2086 scire

2066 2123 2209 2177 unde
2234 2121 2525 2191 judicandi
2568 2121 2779 2176 simus.
2820 2121 2898 2174 Et
2939 2121 3183 2177 Simon
3221 2142 3239 2178 :
3279 2122 3424 2177 Non
3462 2124 3565 2185 ita,
3603 2125 3781 2194 inquit,

2064 2214 2156 2268 sed
2195 2213 2262 2267 de
2287 2213 2418 2276 Deo,
2449 2212 2600 2267 unde
2631 2221 2690 2266 et
2723 2229 2950 2267 omnes
2996 2215 3119 2283 qui
3162 2215 3409 2285 praesto
3443 2225 3584 2270 sunt
3613 2218 3783 2270 audire

2063 2304 2313 2372 cupiunt.
2347 2301 2414 2355 Et
2446 2301 2651 2357 Petrus
2679 2321 2694 2356 :
2730 2301 3009 2356 Constat
3049 2320 3217 2375 ergo
3255 2305 3427 2376 apud
3466 2314 3549 2372 te,
3574 2308 3696 2377 quia
3713 2314 3787 2360 est

2064 2392 2268 2463 aliquid
2306 2393 2360 2446 in
2400 2393 2620 2446 arbitrii
2657 2402 2973 2464 potestate
3006 2413 3027 2461 ;
3085 2396 3304 2452 fatere
3346 2399 3466 2452 hoc
3501 2407 3709 2452 tantum
3744 2399 3783 2451 si

2062 2492 2166 2549 est,
2191 2492 2244 2537 ct
2269 2485 2622 2552 requiramus
2653 2493 2714 2537 ut
2749 2484 2941 2545 dicis,
2986 2485 3076 2541 de
3137 2486 3306 2543 Deo.
3345 2487 3563 2545 Simon
3594 2490 3660 2545 ad
3689 2491 3785 2546 haec

2064 2575 2388 2643 respondit:
2425 2572 2830 2642 Nequaquam.
2879 2574 2962 2630 Et
3015 2576 3274 2635 Petrus
3311 2599 3327 2634 :
3377 2579 3443 2635 Si
3489 2597 3628 2651 ergo
3669 2581 3785 2634 nihil

2061 2663 2222 2716 estin
2246 2671 2438 2716 nostra
2465 2669 2779 2729 potestate,
2818 2666 3252 2734 superﬂuum
3283 2679 3387 2725 est
3416 2686 3529 2726 nos
3564 2687 3790 2743 quaerere

2063 2751 2270 2820 aliquid
2300 2751 2368 2805 de
2398 2751 2536 2816 Deo,
2569 2767 2704 2805 cum
2742 2754 2807 2807 in
2848 2764 3206 2824 potestate
3265 2778 3398 2816 non
3439 2764 3519 2818 sit
3559 2780 3789 2834 quaaren-

2063 2842 2209 2897 tibus
2238 2842 2506 2897 invenire.
2546 2841 2710 2897 Unde
2733 2845 2898 2900 bene
2937 2847 3260 2905 dixeram
3301 2854 3426 2909 hoc
3454 2855 3640 2926 primo
3662 2870 3794 2925 qute-

2062 2931 2292 2984 rendum
2321 2947 2468 2996 esse,
2523 2933 2570 2987 si
2623 2937 3015 3006 estaliquid
3063 2941 3136 2995 in
3199 2945 3457 3000 arbitrii
3513 2955 3789 3016 potestate.

2063 3018 2200 3072 Tum
2230 3018 2422 3074 Simon
2453 3041 2468 3077 :
2500 3021 2624 3076 Non
2652 3039 3042 3097 possumus,
3083 3033 3337 3104 inquit,
3381 3054 3460 3093 ne
3494 3040 3605 3093 hoc
3634 3024 3792 3109 ipsum

2063 3111 2281 3178 quidem
2316 3112 2630 3182 intelligere
2662 3115 2828 3184 quod
2868 3121 3082 3185 dicis,
3133 3126 3192 3179 si
3239 3137 3346 3183 est
3378 3132 3604 3200 aliquid
3643 3133 3695 3184 in
3721 3149 3794 3183 ar-

2062 3201 2211 3254 bitrii
2243 3209 2541 3270 potestate.
2579 3203 2652 3256 At
2689 3204 2926 3264 Petrus
2961 3214 3214 3272 videns
3268 3221 3444 3290 quod
3498 3221 3570 3278 ad
3604 3230 3792 3294 partem

2061 3307 2120 3346 se
2150 3295 2643 3351 contentiosiorem
2684 3298 3008 3370 declinat,
3062 3315 3382 3380 superari
3423 3328 3715 3376 metuens,
3748 3323 3794 3366 ut

2059 3382 2218 3475 quasi
2259 3384 2530 3438 incertum
2567 3387 2924 3445 confundat
2972 3402 3242 3468 omnia,
3283 3407 3642 3475 respondit:
3667 3405 3794 3472 Quo-

2060 3473 2222 3527 modo
2251 3489 2384 3542 ergo
2423 3476 2558 3538 scis,
2590 3478 2730 3545 quia
2783 3497 2922 3536 non
2962 3497 3075 3543 est.
3114 3492 3186 3545 in
3232 3473 3514 3554 hominis
3548 3507 3795 3571 potestate

2059 3563 2200 3616 scire
2234 3564 2463 3634 aliquid,
2499 3581 2630 3620 cum
2665 3568 2785 3624 hoc
2825 3573 3057 3642 ipsum
3107 3584 3294 3640 scias
3317 3587 3346 3639 ?

2128 3651 2296 3707 XXII.
2338 3653 2406 3745 Et
2461 3653 2709 3712 Simon:
2771 3660 3027 3722 Nescio
3057 3711 3074 3733 ,
3123 3673 3350 3745 inquit
3379 3721 3397 3744 ,
3466 3680 3521 3735 si
3579 3682 3660 3736 vel
3711 3683 3792 3734 hoc

2057 3742 2238 3813 ipsum
2269 3744 2484 3809 SCiam;
2524 3751 2961 3822 unusquisque
3002 3763 3196 3817 enim
3225 3742 3435 3822 tsieut
3475 3773 3533 3825 ei
3568 3771 3678 3826 fato
3717 3773 3793 3826 de-

2057 3831 2339 3932 :emitlﬂ'a
2373 3833 2458 3887 "el
2493 3835 2890 3932 agitaliquid
2932 3850 3043 3902 vel
3088 3853 3412 3928 intelligit
3465 3863 3555 3916 vel
3591 3862 3789 3932 patitur.

2057 3919 2196 4020 Tun.)
2224 3920 2425 4020 Petrus
2452 3923 2756 4020 :.Vi‘dete,
2802 3931 3035 4003 inquit
3065 3982 3085 4006 ,
3135 3919 3388 4002 fratre-5
3416 3991 3432 4014 ,
3475 3951 3533 4003 in
3561 3919 3682 4020 qua:
3715 3951 3785 4003 ab-

2055 4005 2222 4058 surda
2255 4006 2527 4062 deciderit
2573 4009 2810 4081 Simon,
2868 4025 2988 4089 qui
3039 4005 3208 4086 {mle
3273 4005 3486 4092 meu'm
3521 4005 3795 4094 adventum

2053 4095 2321 4162 docebat,
2353 4099 2502 4166 quod
2560 4101 2848 4162 homines
2917 4113 2988 4166 in
3040 4130 3391 4186 potestate
3457 4130 3722 4184 haberent
3754 4139 3796 4183 et

2053 4199 2248 4292 539°")
2293 4196 2348 4241 θῑ
2387 4188 2573 4245 facere
2623 4209 2761 4262 (ιυω
2809 4202 3070 4261 vellent
3097 4253 3116 4276 ,
3157 4229 3343 4272 nunc
3403 4220 3466 4274 in
3523 4233 3794 4292 angustum

2052 4277 2312 4333 redactus
2369 4283 2720 4340 necessitate
2756 4294 3170 4369 verborum,
3211 4319 3409 4379 negat
3448 4329 3582 4368 esse
3599 4277 3670 4367 in
3714 4315 3794 4366 ho-

2699 4382 3041 4443 sentiendi
3085 4395 3353 4468 aliquid
3390 4413 3497 4460 aut
3525 4407 3733 4477 agendi,
3755 4418 3798 4461 ct

2052 4463 2232 4567 tamen
2264 4459 2431 4567 audet
2464 4476 2524 4514 se
2560 4463 2881 4567 doctorem
2928 4459 3283 4544 profiteri.
3332 4492 3458 4548 Sed
3513 4459 3797 4567 diue:

2049 4549 2213 4599 modo
2235 4564 2367 4617 ergo
2389 4549 2538 4605 Deus
2559 4553 2795 4621 judicat

2269 4939 2564 5028 ἐυεὶειῖιὶιιιι
2604 4939 2841 4981 truStra
2875 4939 3156 5006 legibus
3187 4964 3492 5019 prasunt
3511 4966 3571 5013 et
3593 4959 3796 5028 puniunt

2050 5014 2146 5052 eos
2190 5008 2284 5070 qui
2341 5008 2492 5061 male
2527 5025 2751 5082 agunt;
2809 5035 2947 5078 non
3004 5008 3212 5090 enin;
3246 5041 3318 5096 in
3349 5008 3796 5117 Isiiavpot—estate

1906 5146 2070 5212 paulo
2103 5160 2226 5220 post
2282 5169 2606 5226 sequuntur
2653 5177 2706 5219 et
2751 5173 3183 5242 opinantibus
3209 5223 3303 5232 ——
3325 5197 3681 5265 judicandi"
3722 5212 3794 5254 εει

1673 5356 2038 5420 COTELERII
2087 5370 2321 5430 ΝΟΤᾹΞ.

485 5475 794 5562 (ἱξ9λΝειμιε
831 5482 963 5562 enim
990 5499 1282 5562 verunt_est.
1337 5489 1552 5560 Ἀληθές
1592 5493 1703 5562 ἐστι
1738 5511 1836 5562 pro
1863 5498 1945 5550 δί-

595 5547 727 5631 ὲστιτ
747 5555 1133 5631 oratio_.-\ttiea.
1171 5558 1354 5631 Verum
1384 5547 1458 5611 est
1489 5547 1580 5625 pro
1606 5547 1938 5631 justzlmveat,

423 5626 617 5677 a'quum
655 5625 758 5680 est,
798 5625 965 5678 oratio
1012 5625 1269 5682 Romana.
1305 5627 1497 5681 Doccnt
1527 5671 1538 5691 ,
1583 5625 1942 5700 adductisque
