3806 6242
208 326 364 384 {9.93
683 343 690 350 '
1451 339 1700 395 RECOG‘.‘

1802 339 1995 399 ῘΟΝΠΜ
2038 345 2159 401 LIB.
2203 347 2286 402 Ill.
3266 361 3388 414 129.!

205 441 570 508 habuerunt.
605 453 667 500 ιιι
701 463 804 501 non
841 460 1140 517 peccarent.
1179 451 1325 504 Vana
1363 463 1521 505 erunt
1553 460 1608 505 et
1645 453 1764 519 jura
1795 457 1838 510 Α
1865 457 1987 510 cmli
2035 467 2089 513 et
2138 461 2434 514 ministeria
2470 462 2790 516 necessariis
2843 464 3077 518 motibus
3123 476 3386 534 constant.

203 533 554 599 pepulerunt
577 574 592 598 ,
623 552 743 604 qua:
791 539 945 594 malis
990 540 1196 595 actibus
1245 555 1431 609 pinnas
1486 549 1763 605 statuunt;
1864 543 2032 601 "orno
2055 565 2178 604 vero
2204 558 2416 604 actuum
2447 568 2662 606 suorum
2687 563 2860 607 motus
2886 556 3213 609 voluntarios
3232 560 3386 625 gerit.

200 621 410 674 miseri
447 633 611 676 erunt
665 634 718 678 et
749 627 801 680 hi
839 630 928 690 qui
964 639 1180 682 servant
1210 646 1330 684 cum
1381 631 1560 685 labore
1605 632 1764 697 justi-
1862 633 1925 685 Et
1973 635 2089 689 ideo
2135 639 2240 692 alia
2287 648 2435 704 sunt,
2459 656 2578 709 qua:
2623 642 2692 694 ob
2722 643 2820 694 hoc
2849 652 3028 696 creata
3066 653 3210 708 sunt,
3247 647 3385 699 utin

196 709 369 771 tiam,
431 711 579 778 beati
624 713 750 768 vero
795 717 867 769 illi
911 719 1000 785 qui
1047 719 1098 771 in
1148 719 1354 773 deliciis
1391 721 1584 789 positi,
1639 737 1760 773 cum
1859 725 2171 781 ministeriis
2216 730 2330 783 suis
2380 729 2699 784 necessitate
2723 733 3044 798 deserviant,
3083 750 3182 789 nec
3215 735 3386 792 facere

194 798 435 852 luxuria
469 813 524 855 et
559 806 763 859 scelere
789 808 1026 862 viventes
1057 809 1390 878 tyrannidem
1419 818 1623 864 tenent.
1664 808 1759 861 Se-
1856 813 2001 866 aliud
2033 817 2302 884 quidpiam
2353 820 2562 887 possint
2590 821 2692 874 nisi
2723 822 2862 889 quod
2889 823 2966 877 eis
2995 807 3250 877 statutum
3278 834 3380 889 est,

189 891 456 944 cundum
486 892 599 945 haec
622 909 752 962 ergo
781 911 879 948 nec
902 896 1254 963 justitia‘erit,
1278 912 1374 950 nec
1403 897 1631 961 bonitas,
1659 913 1756 951 nec
1855 915 1974 953 cum
2031 914 2204 958 autem
2239 907 2283 938 ⁸⁸
2324 909 2651 976 expleverint
2707 911 3063 966 ministerium
3093 953 3107 977 ,
3160 914 3381 968 Creator

188 974 313 1027 ulla
347 977 556 1043 virtus,
579 989 654 1046 et,
687 990 744 1034 ut
778 983 883 1044 vis,
905 999 1003 1036 nec
1033 982 1189 1037 Deus.
1207 983 1309 1037 Sed
1336 983 1467 1048 haec,
1489 999 1522 1036 ο
1549 983 1752 1050 Simon,
1851 990 2086 1043 omnium
2111 995 2203 1061 qui
2228 997 2298 1047 ita
2321 999 2603 1051 constituit
2623 1015 2684 1052 ea
2715 1010 2870 1069 prout
2891 1003 3134 1066 voluerit,
3162 1018 3382 1056 conser-

183 1082 303 1120 cur
342 1069 564 1124 dixeris
617 1073 760 1137 scio;
814 1073 996 1128 volens
1053 1075 1289 1142 profecto
1336 1075 1566 1143 eﬂ'ugere
1609 1092 1752 1144 qme-
1851 1088 1938 1131 vat
1971 1094 2051 1132 ea.
2083 1083 2198 1135 Alia
2233 1100 2356 1138 vero
2385 1095 2530 1150 sunt,
2565 1089 2653 1142 ubi
2687 1099 2926 1158 potestas
2953 1100 3035 1145 est
3063 1094 3376 1154 voluntatis,

181 1156 454 1221 stiones,
504 1175 573 1212 ne
615 1161 788 1227 possis
841 1161 1177 1216 manifestius
1212 1163 1499 1227 confutari,
1540 1175 1592 1217 et
1631 1165 1750 1217 ideo
1848 1176 1899 1222 et
1953 1172 2006 1225 in
2049 1173 2244 1240 quibus
2297 1177 2486 1245 agendi
2541 1188 2658 1246 qna:
2688 1156 2859 1234 velint
2898 1182 3123 1236 liberum
3152 1183 3378 1236 habetur

179 1242 274 1293 ais
312 1259 431 1297 non
476 1261 603 1298 esse
650 1247 702 1299 in
731 1257 994 1316 potestate
1040 1250 1268 1304 hominis
1314 1251 1510 1304 sentire
1550 1253 1748 1320 aiiquid
1847 1258 2144 1314 arbitrium.
2186 1242 2417 1324 Il:ec,vut
2463 1242 2593 1329 dixi,
2628 1283 2734 1319 non
2779 1283 2987 1337 semper
3015 1270 3067 1321 in
3096 1283 3160 1323 eo
3188 1271 3376 1324 ordine

175 1340 286 1382 aut
316 1332 597 1388 invenire.
632 1334 686 1387 Si
718 1339 857 1389 enim
885 1354 1006 1392 vere
1035 1340 1135 1392 hoc
1177 1341 1250 1392 ita
1295 1339 1596 1402 sensisses,
1639 1359 1746 1395 non
1843 1361 1950 1413 quo
2007 1359 2188 1404 creata
2233 1362 2358 1406 sunt
2406 1365 2734 1422 permanent,
2783 1360 2875 1412 sed
2925 1368 3081 1427 prout
3126 1362 3374 1416 voiuntas

177 1419 395 1488 utique
427 1422 593 1474 etiam
624 1432 748 1478 ante
788 1425 1071 1481 adventum
1103 1443 1276 1480 meum
1325 1430 1463 1497 apud
1495 1431 1742 1498 populum
1842 1438 2056 1491 duxerit
2097 1447 2149 1493 et
2191 1444 2352 1496 animi
2387 1419 2648 1512 judicium
2684 1419 3050 1514 declinaverit,
3081 1452 3192 1505 sive
3219 1453 3371 1505 bonis

174 1515 233 1560 te
291 1508 646 1574 profiterer-is
690 1514 982 1568 doctorem.
1017 1515 1124 1584 Ego
1154 1517 1314 1585 igitur
1342 1518 1481 1573 dico.
1503 1519 1585 1572 sui
1625 1535 1743 1572 esse
1841 1530 1953 1583 sive
1989 1530 2142 1585 malis
2170 1508 2492 1600 ειυάεδιίηις
2531 1543 2586 1590 ει
2624 1537 2743 1592 ideo
2773 1539 2906 1593 bene
2935 1542 3214 1608 agentibus
3249 1558 3367 1594 mu.

169 1595 410 1648 arbitrii
441 1598 736 1654 hominem.
765 1601 826 1652 Et
858 1601 1040 1656 Simon
1066 1623 1077 1656 :
1109 1604 1244 1668 Quid
1268 1614 1350 1659 est
1379 1607 1459 1660 sui
1493 1608 1742 1660 arbitrii?
1841 1635 1968 1673 nera
1995 1622 2193 1688 posuit,
2227 1623 2364 1676 male
2403 1595 2681 1692 agentibus
2709 1642 2914 1695 pinnas,

165 1683 269 1736 dic
303 1686 500 1740 nobis.
528 1686 718 1740 Petrus
751 1690 814 1740 ad
845 1691 954 1744 hnc
981 1712 993 1745 :
1024 1691 1078 1744 Si
1109 1695 1239 1746 nihil
1266 1704 1435 1763 potest
1456 1696 1614 1758 disci,
1641 1713 1738 1748 cur
1766 1773 1805 1788 _
1906 1683 2068 1764 xx‘v,
2091 1683 2186 1764 Ais?
2207 1727 2334 1782 ergo
2356 1683 2504 1778 unus;
2531 1714 2670 1770 Deus
2691 1683 2803 1770 ,λιιι
2821 1719 3022 1788 aliquid
3046 1735 3164 1774 esse
3185 1732 3238 1774 ει
3260 1730 3362 1780 ρει.

162 1778 225 1823 et
262 1773 476 1828 audire
506 1775 711 1830 vis?Et
741 1778 924 1833 Simon
956 1799 971 1835 :
1001 1781 1144 1835 Nihil
1171 1782 1338 1839 habes
1367 1784 1433 1837 ad
1461 1785 1563 1838 hoc
1591 1801 1698 1854 quo

1802 1782 1806 1819 ί
1835 1807 1887 1851 et
1923 1802 1968 1852 si
2003 1816 2109 1854 non
2145 1803 2256 1856 vult
2315 1819 2422 1857 non
2450 1814 2560 1871 est;
2597 1807 2800 1861 scilicet
2831 1820 2888 1862 ut
2912 1809 2957 1862 si
2986 1810 3362 1877 responderem

169 1863 533 1929 respondeas
557 1866 580 1917 ?

235 1967 449 2024 XXIII.
483 1969 621 2024 Tum
669 1972 863 2029 Petrus
899 1993 913 2030 :
964 1976 1166 2041 Dicam,
1205 1996 1311 2034 non
1347 1997 1376 2034 a
1413 1991 1462 2037 te
1491 1987 1730 2053 compul-

159 2075 290 2122 sus,
353 2061 457 2115 sed
491 2063 561 2116 ab
591 2065 924 2120 auditoribus
968 2075 1202 2137 rogatus.
1233 2071 1455 2124 Arbitrii
1493 2083 1728 2142 potestas

154 2159 248 2205 est
304 2169 516 2207 sensus
556 2156 765 2217 animae,
793 2156 993 2212 habens
1038 2159 1307 2223 virtutem,
1330 2177 1433 2230 qua
1462 2165 1628 2231 possit
1653 2167 1720 2218 ad

151 2256 308 2308 quos
342 2243 481 2294 velit
517 2251 670 2296 actus
693 2245 937 2298 inclinari
969 2247 1099 2317 (90).
1131 2247 1263 2301 Tum
1314 2249 1496 2304 Simon
1525 2255 1726 2308 collau-

153 2332 306 2385 dans
333 2329 566 2384 Petrum
608 2347 770 2402 super
806 2335 889 2387 his
914 2351 1032 2404 qua:
1059 2337 1264 2391 dixerat
1295 2356 1308 2394 :
1342 2338 1493 2403 Vere,
1529 2342 1720 2411 inquit,

152 2417 471 2486 magniﬁce
493 2427 547 2472 et
569 2420 1064 2490 incomparabiliter
1083 2427 1398 2494 exposuisti,
1419 2430 1551 2485 bene
1579 2436 1720 2486 enim

147 2503 380 2558 dicenti
432 2506 531 2558 tibi
580 2506 746 2560 debeo
797 2511 1160 2565 testimonium
1196 2515 1321 2569 dare
1355 2535 1366 2568 :
1397 2519 1497 2571 hoc
1543 2527 1719 2576 tamen

148 2593 310 2658 quod
350 2603 404 2646 te
443 2595 714 2664 interrogo
747 2612 888 2650 nunc
916 2599 961 2652 si
990 2605 1302 2670 exposueris
1334 2608 1483 2670 mihi,
1515 2609 1566 2662 in
1616 2627 1719 2664 ca:-

147 2685 292 2736 tcris
354 2684 616 2738 omnibus
672 2687 1050 2756 obtemperabo
1095 2693 1225 2758 tibi;
1253 2697 1393 2762 quod
1441 2713 1568 2767 ergo
1599 2703 1717 2754 volo

146 2770 385 2824 discere
415 2771 520 2824 hoc
549 2780 631 2825 est
659 2792 674 2826 :
708 2773 764 2826 Si
795 2778 934 2844 quod
969 2777 1108 2832 Deus
1138 2782 1249 2833 vult
1275 2798 1412 2850 esse,
1443 2796 1554 2852 est;
1586 2795 1639 2842 et
1668 2791 1715 2844 si

141 2858 301 2924 quod
343 2873 461 2912 non
492 2861 601 2912 vult
629 2875 767 2923 esse,
791 2879 896 2916 non
919 2866 1033 2918 est?
1058 2867 1122 2920 de
1151 2868 1250 2922 hoc
1280 2874 1541 2940 responde
1562 2877 1713 2931 mihi.

146 2946 214 2999 Et
269 2947 484 3002 Petrus
516 2967 531 3003 τ
568 2949 621 3002 Si
675 2953 888 3020 ignoras
917 2955 1058 3023 quod
1109 2958 1339 3014 absurde
1364 2968 1416 3014 et
1445 2964 1714 3034 incompe-

1833 1885 1956 1952 quia
1986 1887 2126 1954 quod
2153 1889 2261 1940 vult
2281 1897 2334 1942 cl
2363 1897 2464 1953 est,
2494 1893 2635 1960 quod
2659 1905 2833 1948 autem
2859 1910 2966 1948 non
2995 1899 3107 1950 vult
3129 1914 3233 1950 non
3258 1907 3360 1959 est,

1828 1977 2034 2032 diceres
2065 1997 2078 2032 :
2103 1978 2240 2049 Ergo
2258 1980 2370 2048 ipse
2389 1982 2501 2034 vult
2515 1997 2635 2038 esse
2663 1985 2798 2036 mala
2818 2001 2935 2053 qua:
2964 1987 3016 2038 in
3039 1987 3139 2040 hoc
3163 1989 3361 2040 mundo

1828 2076 2106 2134 geruntur,
2137 2073 2262 2138 quia
2319 2087 2478 2126 omne
2518 2074 2659 2141 quod
2708 2077 2820 2128 vult
2849 2077 2950 2129 hoc
2997 2087 3048 2130 et
3076 2087 3176 2141 est,
3218 2080 3356 2147 quod

1826 2165 2003 2210 autem
2033 2174 2136 2212 non
2168 2161 2280 2212 vult
2303 2176 2410 2214 non
2445 2169 2547 2216 est.
2585 2161 2641 2216 Si
2670 2179 2796 2217 vero
2821 2168 3218 2234 respondissem
3253 2183 3357 2221 non

1823 2262 1944 2302 esse
1974 2247 2094 2311 hoc,
2136 2258 2191 2302 ut
2232 2250 2374 2317 quod
2419 2251 2532 2303 vult
2567 2250 2707 2306 Deus
2742 2255 2829 2317 sit,
2862 2265 2914 2306 et
2947 2255 3088 2320 quod
3112 2270 3217 2308 non
3245 2257 3357 2308 vult

1823 2352 1929 2390 non
1958 2341 2048 2402 sit,
2076 2347 2187 2391 tum
2225 2348 2426 2392 retorto
2457 2356 2703 2394 sermone
2733 2341 2970 2397 diceres:
2991 2342 3128 2412 Ergo
3155 2345 3355 2413 impos-

1821 2427 1990 2480 sibilis
2013 2435 2094 2481 est
2124 2426 2284 2490 Deus,
2305 2430 2351 2482 si
2375 2429 2516 2498 quod
2545 2431 2655 2481 vult
2678 2445 2783 2482 non
2813 2438 3005 2498 potest,
3024 2439 3075 2485 et
3097 2433 3352 2487 existeres

1822 2517 2166 2584 petulantior,
2201 2524 2259 2569 ut
2301 2519 2390 2587 qui
2423 2518 2556 2571 nihil
2588 2528 2790 2573 rectum
2828 2520 3049 2583 dixeris,
3071 2523 3265 2575 vicisse
3301 2531 3351 2574 te

1817 2605 2083 2659 crederes.
2110 2605 2173 2658 Et
2198 2606 2316 2659 ideo
2335 2608 2570 2675 ignoras,
2594 2623 2626 2660 o
2649 2607 2855 2672 Simon,
2876 2616 2929 2662 et
2945 2609 3095 2662 valde
3111 2611 3345 2677 ignoras,

1814 2693 2078 2762 quomodo
2126 2695 2178 2747 in
2225 2694 2447 2764 singulis
2495 2697 2794 2766 quibusque
2839 2699 3086 2752 voluntas
3128 2700 3198 2753 sit
3230 2698 3342 2753 Dei.

1813 2783 2116 2847 Quaedam“
2137 2784 2279 2838 enim
2309 2785 2492 2850 voluit,
2515 2794 2573 2839 ut
2591 2779 2842 2850 diximus,
2859 2787 2930 2840 ita
2959 2803 3098 2852 esse,
3121 2798 3177 2841 ut
3201 2790 3342 2841 aliud

1810 2887 1932 2926 esse
1963 2890 2069 2926 non
2117 2881 2336 2942 possent
2370 2889 2527 2942 quam
2550 2875 2620 2928 'id
2643 2877 2785 2944 quod
2827 2876 2894 2929 ab
2953 2876 3068 2944 ipso
3099 2877 3342 2930 instituta

1810 2970 1957 3025 sunt,
1985 2970 2038 3015 et
2066 2963 2150 3016 his
2183 2977 2351 3031 neque
2383 2966 2596 3033 praemia
2625 2980 2796 3034 neque
2827 2967 3086 3034 supplicia
3117 2967 3338 3032 statuit;

142 3039 344 3085 ίοηῑοτ
375 3033 700 3104 interroges
744 3039 1022 3106 ignoscetis
1053 3043 1148 3095 tibi
1177 3044 1291 3114 ipse
1335 3033 1636 3118 exponam;
1664 3055 1706 3107 si
1733 3083 1782 3148 ο
1810 3067 1873 3105 ea
1921 3068 2046 3107 vero
2093 3069 2209 3122 qua:
2252 3055 2325 3107 ita
2367 3069 2488 3109 esse
2542 3055 2728 3118 voluit,
2759 3065 2816 3108 ut
2856 3056 2910 3108 in
2952 3071 3047 3110 sua
3078 3064 3340 3125 potestate

142 3128 342 3148 “non...
407 3124 519 3148 ρης..
574 3127 709 3148 .-..Α.Ι
757 3128 967 3148 :_,.-s-s_
1001 3147 1008 3148 κ
1061 3146 1068 3148 ξ
1121 3139 1133 3148 .
1239 3135 1249 3146 ι
1297 3143 1307 3148 -
1814 3143 1824 3148 -
1882 3143 1894 3148 -
2415 3143 2428 3148 -
2526 3145 2556 3148 _-
2677 3145 2724 3148 _-
3003 3145 3034 3148 -_

140 3128 343 3174 autem
406 3124 520 3178 scis
570 3127 709 3193 quod
756 3128 1200 3198 inconsequenter
1237 3135 1566 3208 interrogas,
1601 3159 1706 3198 non

140 3219 302 3264 recte
330 3211 500 3266 facis.
543 3212 678 3267 Tum
709 3216 890 3270 Simon
925 3239 936 3272 :
965 3219 1114 3284 Juro,
1146 3224 1340 3293 inquit,
1371 3229 1540 3297 ipsam
1563 3248 1707 3302 (litae-

137 3314 381 3369 cunque
412 3302 506 3354 illa
529 3311 612 3355 cst
640 3320 899 3360 summam
929 3308 1285 3379 Divinitatem,
1303 3332 1420 3384 quae
1448 3319 1603 3376 habet
1626 3327 1708 3393 ju-

135 3387 362 3441 dicium
397 3397 454 3442 et
481 3390 772 3445 vindictam
792 3395 843 3448 in
866 3411 957 3451 eos
979 3398 1068 3466 qui
1101 3415 1340 3468 peccant,
1372 3408 1493 3475 quia
1521 3387 1706 3480 ignoro

131 3479 274 3545 quid
310 3480 749 3548 incompetenter
777 3484 1001 3538 dixerim
1029 3497 1081 3541 et
1109 3492 1235 3558 quid
1266 3494 1318 3546 in
1357 3497 1532 3553 verbis
1553 3479 1703 3556 meis

132 3565 434 3621 habeatur
488 3569 803 3636 absurdum,
857 3574 910 3627 iu
950 3575 1034 3631 his
1075 3579 1332 3636 duntaxat
1361 3600 1478 3653 qua:
1508 3603 1703 3659 propo-

130 3670 248 3709 SUI.

205 3742 421 3800 XXIV.
447 3745 528 3798 Ad
557 3746 668 3802 haec
691 3747 880 3805 Petrus
910 3751 1223 3822 :Quoniam,
1253 3760 1444 3830 inquit,
1472 3773 1520 3820 te
1549 3769 1698 3836 igno-

126 3848 260 3887 rare
324 3833 624 3890 confessus
671 3853 750 3901 es,
782 3839 946 3894 disce.
980 3841 1330 3916 Interrogatio
1357 3859 1447 3904 tua
1490 3833 1698 3913 duobus

124 3923 236 3974 sibi
271 3922 524 3975 invicem
553 3926 836 3979 contrariis
863 3943 1022 3981 unam
1047 3937 1360 3990 sententiam
1387 3945 1693 4008 postulavit.

121 4009 363 4065 Etenim
414 4013 594 4066 omnis
643 4023 820 4069 motus
868 4017 920 4070 in
952 4019 1086 4074 duas
1128 4032 1306 4091 partes
1335 4027 1608 4095 dividitur,
1638 4043 1696 4088 ut

119 4101 398 4168 quaedam
462 4102 806 4166 necessitate,
845 4109 1085 4175 quaedam
1136 4114 1405 4171 voluntate
1446 4136 1696 4177 movean-

118 4200 236 4254 tur,
276 4199 342 4246 et
376 4207 442 4245 ea
469 4192 685 4260 quidem
715 4211 831 4263 qua:
858 4203 1153 4256 necessitas
1181 4216 1354 4261 movet
1383 4224 1594 4281 semper
1640 4216 1692 4269 in

114 4293 282 4337 motu
345 4294 496 4347 sunt,
551 4301 670 4353 qua:
725 4303 850 4342 vero
901 4292 1143 4348 voluntas
1189 4312 1295 4351 non
1364 4316 1590 4373 semper.
1626 4307 1692 4362 Ut

1811 3143 2041 3197 habeant
2090 3159 2246 3212 agere
2290 3143 2431 3212 quod
2464 3145 2645 3207 velint,
2677 3145 2759 3200 bis
2782 3160 2880 3215 pro
2910 3145 3123 3200 actibus
3153 3161 3216 3198 ac
3245 3162 3339 3198 vo-

1807 3233 2099 3286 luntatibus
2132 3232 2245 3286 suis
2277 3234 2486 3292 statuit,
2517 3243 2575 3286 ut
2607 3242 2698 3286 aut
2727 3233 3191 3288 remunerationes
3219 3248 3336 3286 rne-

1805 3329 2023 3374 reantur
2063 3329 2156 3375 aut
2210 3337 2413 3389 ptenas.
2463 3321 2597 3376 Cum
2638 3338 2765 3392 ergo
2795 3324 2850 3375 in
2896 3323 3030 3375 duas
3061 3331 3117 3374 ut
3143 3321 3332 3375 edocui

1804 3421 1983 3481 partes
2009 3412 2318 3466 dividantur
2342 3422 2535 3466 cuncta
2559 3429 2677 3480 quae
2709 3420 3005 3473 moventur.
3039 3411 3329 3466 secundum

1801 3519 1916 3556 eam
1940 3517 2098 3571 quam
2130 3517 2292 3571 supra
2315 3502 2545 3556 diximus
2567 3501 2985 3564 distinctionem,
3009 3515 3166 3554 omne
3188 3500 3331 3569 quod

1803 3596 1912 3647 vult
1943 3593 2082 3647 Deus
2115 3601 2217 3654 est,
2241 3595 2384 3662 quod
2413 3600 2589 3646 autem
2622 3607 2728 3644 non
2762 3591 2874 3642 vult
2896 3604 3002 3643 non
3034 3597 3135 3644 est.

1868 3681 2055 3735 XXVI.
2087 3681 2151 3734 Et
2207 3681 2389 3736 Simon
2440 3681 2506 3733 ad
2557 3681 2668 3732 haec
2698 3697 2712 3732 :
2747 3678 2934 3733 Nonne
2975 3689 3184 3748 poterat
3229 3694 3329 3732 nos

1797 3786 1980 3824 oumes
2021 3751 2193 3823 facere
2222 3771 2356 3823 tales
2389 3776 2447 3822 ut
2479 3783 2720 3822 essemus
2745 3769 2890 3828 boni,
2935 3778 2987 3822 et
3015 3768 3161 3820 aliud
3207 3783 3328 3821 esse

1796 3876 1900 3913 non
1931 3859 2248 3928 possemus?
2275 3858 2465 3912 Petrus
2491 3858 2780 3926 respondet
2816 3877 2828 3911 :
2863 3857 2926 3909 Et
2961 3858 3062 3910 hoc
3095 3856 3327 3910 absurde

1795 3949 2114 4016 interrogas.
2149 3947 2203 4000 Si
2235 3947 2375 4000 enim
2407 3961 2505 4001 nos
2538 3947 2957 4000 inconvertibilis
3002 3953 3207 3998 natura:
3243 3945 3325 3998 fe¢

1793 4041 1957 4095 cisset
1993 4046 2046 4093 et
2072 4037 2368 4092 immobiles
2397 4052 2426 4090 a
2456 4036 2741 4098 bono,non
2767 4051 3007 4090 essemus
3032 4050 3152 4088 vere
3174 4035 3320 4097 boni,

1791 4131 1916 4199 quia
1962 4129 2106 4183 aliud
2152 4143 2269 4183 esse
2299 4143 2408 4181 non
2444 4141 2757 4196 possemus;
2788 4132 2841 4178 et
2877 4140 2983 4179 non
3009 4134 3123 4178 erat
3151 4125 3321 4177 nostri

1790 4220 2048 4290 propositi
2093 4217 2234 4286 quod
2295 4231 2509 4269 eramus
2573 4215 2716 4275 boni,
2749 4228 2850 4267 nec
2910 4221 3154 4267 nostrum
3205 4223 3320 4265 erat

1790 4310 1932 4380 quod
1975 4310 2263 4378 agebamus
2295 4307 2387 4360 sed
2416 4306 2755 4360 necessitatis
2787 4312 3010 4357 naturae.
3041 4303 3320 4366 Quomodo

115 4374 279 4426 verbi
309 4373 495 4441 gratia
526 4373 720 4440 dicam,
748 4379 877 4431 solis
905 4389 1079 4433 motus
1117 4388 1435 4445 necessitate
1468 4393 1682 4451 ducitur
1723 4386 1765 4439 Π
1792 4373 1920 4468 ergo
1973 4373 2073 4452 hoc
2121 4401 2318 4451 bonum
2367 4397 2596 4457 dicetur,
2632 4396 2772 4463 quod
2814 4389 2878 4448 c'x
2915 4394 3185 4462 proposito
3211 4407 3314 4444 non

113 4467 176 4513 ut
238 4469 529 4517 statutum
583 4468 845 4534 compleat
910 4484 1150 4536 cursum,
1184 4478 1465 4547 omnisque
1510 4493 1679 4543 status

1783 4491 1997 4559 agitur?
2027 4487 2106 4542 Ob
2139 4488 2239 4540 hoc
2262 4493 2437 4538 autem
2461 4485 2572 4555 (91)
2601 4490 2652 4536 et
2680 4481 3060 4552 prolixioribus
3089 4477 3316 4545 indiguit

189 4665 240 4696 ⁸⁸
289 4661 578 4714 Vocabula
610 4662 736 4748 (Ialm
766 4673 1266 4748 autent—conservat
1286 4691 1347 4727 ea
1370 4684 1422 4730 et
1463 4679 1570 4734 [uec
1609 4693 1664 4736 ιιι
1694 4706 1700 4734 ι

1802 4685 2146 4738 ῗ--διαάεὺωιι
2200 4697 2305 4735 non
2335 4680 2584 4748 leguntur
2615 4679 2670 4730 in
2701 4677 2853 4732 codd.
2871 4676 3013 4746 Lips.
3080 4676 3123 4706 ”
3163 4673 3317 4738 Qua!-

106 4734 434 4786 dam—aut
459 4747 632 4799 pwnas
665 4732 856 4786 desunt
885 4735 935 4785 in
967 4733 1084 4788 cod.
1121 4736 1261 4806 Lips.

1406 4892 1762 4950 COTELERII
1797 4897 2019 4952 NOTIE.

181 5084 311 5156 (90)
339 5086 376 5134 Α
387 5081 559 5156 τρίτη-ξί
568 5088 792 5156 potestas
803 5085 895 5156 est.
906 5114 923 5156 τ
932 5119 941 5129 .
959 5079 1217 5156 instigari.
1233 5080 1519 5156 Gregorius
1535 5087 1670 5155 Nys-

103 5145 331 5211 seiius':
370 5145 1140 5222 Λὺτεξσυρςὸτῃς,ὲστὶ,ψυχῇς
1179 5145 1394 5222 λογικῆς
1438 5145 1669 5222 θέληᾶις,

103 5224 364 5286 ἑτοίμως
395 5211 680 5286 κινοιξμένῆ
700 5211 776 5286 εἷς
793 5213 887 5286 om
895 5229 925 5280 ρ
949 5211 1012 5286 av
1032 5211 1186 5286 eam
1208 5211 1462 5286 atqué'ex
1487 5211 1672 5277 Graeco

103 5239 222 5278 ετοι
335 5239 364 5280 ς
395 5239 680 5284 κινουμενη
700 5239 775 5274 εις
793 5239 925 5280 way
949 5239 1012 5264 υιν
1032 5239 1152 5284 υΞΛῃ
1174 5239 1186 5277 ;

102 5239 472 5362 DiaimhAus,
513 5285 584 5336 De
602 5282 906 5362 perfectione
927 5282 1208 5362 spiritu‘ali.

182 5358 310 5426 (91)
354 5353 432 5426 _0b
450 5353 544 5405 hoc
574 5347 1259 5426 autem”ethfJollectanea
1294 5370 1446 5426 sacra
1479 5354 1534 5409 S.
1573 5355 1675 5410 Da-

102 5415 401 5482 ma‘scéni,
436 5437 556 5487 qua:
589 5421 641 5472 in
676 5416 858 5487 multis
885 5415 1092 5487 diversa
1119 5419 1185 5487 ab
1218 5424 1454 5486 excusis,
1485 5433 1538 5476 et
1578 5440 1674 5478 au-

100 5497 294 5548 ctiora
337 5481 626 5558 servantur
652 5484 790 5558 apud
814 5481 996 5558 Patres
1019 5482 1304 5558 societatis
1327 5481 1472 5551 Jcsu,
1498 5494 1674 5558 capite

103 5564 248 5628 Περὶ
273 5557 521 5628 ἀμοιϐῆς
532 5555 628 5628 grai
641 5549 1030 5628 ἀῦταπῼδόσεαξς
1048 5553 1290 5628 ἐνήξίέρᾳ
1312 5549 1699 5628 κρίσὲωςᾴξιιτά

100 5617 216 5683 Τοῦ
265 5617 432 5694 africa
476 5617 788 5691 ’Κλήμεντος
819 5617 1103 5669 ἐπισκόπου
1133 5617 1370 5696 "raging
1407 5629 1468 5678 ὲκ
1501 5617 1591 5678 ξοδ
1629 5636 1674 5678 α,

1773 5091 1926 5157 λόγου
1965 5091 2072 5145 τῶν
2116 5089 2490 5159 Περιόδωνηηη
2543 5086 2638 5159 dli
2665 5089 3090 5159 γτοῦγτοΑμᾳκροῦ
3133 5089 3314 5159 ἐδέησε

1775 5154 1960 5239 χρόνᾳυ
2005 5154 2302 5239 satam:
2346 5154 2678 5239 uexatg‘é‘tvo
2710 5158 2786 5239 τῷ
2810 5154 2950 5239 ’Θὲῴ
2973 5154 3312 5239 ,ἠρρερισρξὶς

1774 5222 1879 5296 ἔζων
1904 5227 2115 5296 ἀγαθῷν
2156 5222 2593 5296 ψυχιῖζνᾲριθμὸς
2622 5222 3175 5296 ᾁνατέλήρῳὰιν-λὰϐῂ.
3208 5227 3308 5296 Καὶ

1771 5295 1889 5346 τότε
1924 5291 1978 5348 ai
2006 5294 2112 5347 τῶν
2142 5291 2679 5362 ἁγάῦὦνμψυχίαὶηῲς
2705 5291 2913 5362 (piae-cdt
2953 5291 3173 5362 σώμανέὰ,
3203 5295 3309 5362 ἁμ-

1737 5348 2059 5432 ’φιέσρνταν
2114 5365 2167 5415 αἱ
2317 5348 2428 5432 cibit
2460 5348 2820 5432 '3t356tiiv,'6tclt
2851 5361 2956 5432 τῶν
2993 5348 3308 5432 ἀίεαθάρτῲν

1775 5425 2018 5500 ἀεράξεων
2061 5431 2265 5512 πυρξνῷ
2301 5425 2564 5512 πνεύμλατξ
2609 5427 3084 5512 ἀνιᾳδεεεκραμτένικι.ζ
3112 5425 3190 5491 sic}
3217 5429 3307 5512 Ξὺν

1777 5494 1932 5582 ρύθὺν
1955 5499 2044 5551 τοῦ
2068 5494 2323 5582 duo“???
2349 5494 2521 5562 πυρὸς
2543 5494 2857 5582 ἐνεχθεῖσαι
2887 5494 2966 5558 et;
2995 5499 3161 5582 ξξῶνα
3185 5498 3308 5550 κλυ-

1774 5563 2194 5637 δωνισθήσοντςι.
2216 5565 2347 5619 Vide
2377 5563 2626 5629 superius
2655 5563 2747 5617 lib.
2783 5579 2821 5629 ι,
2851 5580 2969 5636 cap.
2993 5566 3080 5620 ‘24.
