3872 6350
447 333 586 387 ηθδ

447 629 786 700 impleretur,
813 637 865 680 et
916 634 1047 677 tunc
1100 621 1245 675 istud
1304 619 1523 688 quidem
1557 615 1770 670 visibile
1820 613 2018 665 cmlum

447 722 820 776 revolveretur
849 726 907 770 ut
940 716 1098 778 liber,
1133 711 1265 765 illud
1301 726 1431 764 vero
1463 708 1606 780 quod
1648 713 1732 761 est
1767 705 2022 774 superius

447 820 756 883 appareret,
774 817 827 864 et
855 808 1049 860 animae
1078 805 1362 859 beatorum
1395 800 1720 869 corporibus
1754 799 1870 853 suis
1900 797 2024 850 red-

448 905 576 959 dita:
605 903 996 957 inducerentur
1030 897 1087 951 in
1119 897 1314 957 lucem,
1353 894 1644 964 impiorum
1678 907 1806 946 vero
1831 891 2025 943 anima:

450 1011 551 1066 pro
591 991 886 1048 imnnmdis
913 991 1126 1045 actibus
1159 988 1276 1042 suis
1298 985 1490 1055 spiritu
1515 985 1762 1037 ﬂammeo
1793 982 2028 1035 cireum-

450 1089 610 1150 datze,
661 1086 716 1139 in
758 1083 1085 1155 profundum
1123 1080 1264 1150 ignis
1308 1075 1766 1147 inexstinguibilis
1818 1089 2028 1140 merge-

454 1187 666 1240 rentur,
727 1193 822 1246 per
876 1175 1133 1229 smculum
1190 1184 1510 1240 expensurze
1555 1166 1843 1236 supplicia.
1903 1164 2029 1218 lla-c

452 1275 634 1322 autem
694 1267 766 1321 ita
812 1282 932 1322 esse
986 1280 1146 1318 verus
1178 1262 1336 1316 nobis
1366 1260 1628 1332 prOpheta
1659 1267 1891 1314 testatus
1923 1265 2028 1320 est,

452 1358 646 1428 dequo
666 1358 710 1413 si
739 1358 820 1411 vis
847 1370 1142 1426 agnoscere
1168 1354 1295 1422 quia
1322 1352 1586 1422 propheta
1616 1351 1707 1412 sit,
1729 1348 2031 1403 innumeris

454 1450 852 1506 assertionibus
907 1447 1166 1504 edocebo.
1219 1445 1298 1498 Ex
1355 1445 1440 1499 his
1495 1444 1638 1499 enim
1692 1458 1815 1512 qua:
1851 1442 1920 1495 ab
1969 1457 2034 1495 eo

455 1543 601 1596 dicta
649 1550 799 1607 sunt,
828 1553 882 1597 et
931 1557 1079 1594 nunc
1115 1539 1328 1609 singula
1359 1553 1479 1608 qua:
1510 1537 1648 1591 dixit
1705 1535 2033 1605 implentur;

457 1635 618 1688 etiam
671 1650 735 1690 ea
784 1647 904 1704 quae
952 1633 1135 1686 futura
1188 1632 1345 1697 dixit,
1381 1629 1682 1684 creduntur
1739 1625 2034 1696 implenda,

461 1727 596 1782 fides
620 1728 764 1782 enim
791 1725 993 1780 futuris
1014 1741 1081 1779 ex
1112 1724 1198 1779 his
1231 1741 1350 1794 quae
1373 1724 1487 1793 jam
1519 1731 1669 1792 gesta
1694 1727 1821 1776 sunt
1852 1719 2033 1772 datur.

533 1815 748 1871 XXVII.
769 1815 836 1870 At
857 1814 1046 1872 Simon
1075 1815 1162 1868 cui
1193 1823 1532 1884 compertum
1554 1822 1692 1873 erat,
1726 1810 1946 1864 Petrum
1968 1809 2036 1864 de

463 1908 760 1978 prophetia:
817 1907 977 1962 titulo
1033 1906 1272 1962 dilucide
1327 1906 1608 1974 assignare
1660 1905 2036 1963 rationem,ex

463 2014 574 2068 quo
631 2000 861 2066 quaestio
904 1998 1085 2051 omnis
1142 1997 1464 2054 absolvitur.
1492 2010 1800 2050 sermonem
1840 1995 1906 2048 de
1936 1995 2040 2048 hoc

466 2089 583 2144 fieri
616 2087 933 2152 declinavit,
959 2095 1014 2142 et
1041 2087 1381 2156 respondens
1419 2087 1494 2139 ait
1520 2105 1534 2140 :
1563 2084 1644 2138 Ad
1673 2101 1734 2140 ea
1769 2100 1889 2155 quae
1917 2085 2041 2138 volo

424 2238 437 2262 λ
467 2179 738 2249 responde
760 2180 891 2234 mihi
920 2179 1148 2246 etdic,si
1171 2179 1387 2233 visibile
1419 2179 1587 2244 istud,
1617 2188 1676 2235 ut
1705 2181 1808 2245 ais,
1841 2179 2039 2232 cmlum

469 2269 795 2330 resolvetur,
833 2285 932 2323 cur
990 2285 1057 2323 ex
1110 2269 1266 2322 initio
1318 2268 1522 2322 factum
1583 2269 1705 2322 est?
1741 2267 2044 2337 Respondit

469 2359 668 2416 Petrus
704 2381 717 2416 :
750 2359 979 2430 I‘mpter
1002 2361 1284 2414 hominum
1321 2367 1644 2430 prtesentem
1678 2360 1818 2413 hanc
1840 2360 2044 2413 factum

469 2463 555 2510 est
599 2457 785 2517 vitam,
831 2461 891 2508 ut
935 2463 1082 2509 esset
1127 2453 1431 2522 interiectio
1462 2452 1711 2524 quaedam
1740 2460 1794 2508 et
1819 2452 2041 2514 divisio,

471 2549 699 2615 nequis
738 2545 874 2599 forte
926 2545 1184 2616 indignus
1216 2545 1607 2601 habitationem
1639 2544 1943 2600 cmlestium
1992 2551 2046 2597 et

472 2637 566 2692 Dei
592 2638 765 2706 ipsius
795 2637 982 2692 sedem
1016 2637 1244 2700 videret,
1287 2653 1408 2708 qua:
1440 2637 1525 2692 his
1554 2639 1687 2692 solis
1711 2638 1803 2707 qui
1842 2635 2048 2690 mundo

473 2729 641 2784 corde
668 2739 792 2784 sunt
812 2729 858 2760 ⁹⁰
885 2728 1114 2786 videnda
1136 2736 1534 2800 praeparantur.
1564 2726 1722 2783 Nunc
1751 2735 1954 2792 autem,
1992 2726 2046 2780 id

479 2828 565 2877 est
617 2821 808 2891 agonis
861 2830 1139 2890 tempore,
1196 2820 1489 2876 invisibilia
1540 2834 1663 2893 esse
1707 2819 1914 2890 placuit
1962 2833 2046 2882 ea,

474 2928 597 2982 qua:
645 2912 995 2967 vincentibus
1030 2913 1096 2967 ad
1149 2912 1433 2982 prter-nium
1494 2911 1765 2966 destinata
1815 2918 1963 2965 sunt.
1987 2909 2051 2963 Et

479 3005 669 3059 Simon
694 3005 804 3058 ait:
831 3002 889 3057 Si
920 3003 1173 3058 conditor
1201 3006 1377 3059 bonus
1399 3011 1481 3058 est
1503 3011 1557 3058 et
1583 3003 1820 3058 mundus
1850 3003 2048 3070 bonus,

1290 323 1347 376 S.
1388 315 1780 378 CLEMENTIS
1818 314 1835 366 I
1877 309 2043 364 B011.
2085 305 2288 362 PONT.
2327 303 2554 360 OPERA
2595 301 2822 356 DUBIA.

445 445 683 503 mundus
727 445 831 500 iste
887 440 1250 512 temporibus,
1312 435 1487 488 donec
1537 434 1846 487 animarum
1897 426 2092 498 quaéA
2126 439 2221 491 per
2291 416 2766 487 incorruptibilia,

363 539 366 541 “
445 538 842 608 praedestinata:
884 543 1035 594 sunt,
1067 531 1132 584 ad
1182 527 1542 598 expletioncm
1590 526 1709 592 ejus
1760 535 2020 576 numerus

3562 285 3707 342 1296

2825 412 2918 467 sed
2973 416 3135 480 prout
3194 403 3429 461 voluerit
3483 408 3711 454 creator

2124 512 2294 575 Deus,
2324 512 2396 564 ita
2427 517 2480 563 et
2509 517 2667 563 erunt
2696 506 2788 560 illa
2828 519 2948 573 qure
2995 508 3164 555 creat.
3197 497 3388 565 Neque
3421 492 3575 548 enim
3607 491 3714 544 sub

2124 606 2242 673 lege
2273 609 2357 656 est
2391 603 2568 655 virtus
2608 597 2727 662 Dei,
2755 595 2850 652 sed
2873 597 2958 648 lex
2999 591 3266 646 creaturis
3298 589 3421 644 suis
3449 584 3716 638 voluntas

2124 697 2246 764 ejus
2283 702 2388 748 est.
2434 690 2735 761 Respondit
2767 695 2820 743 et
2863 686 3090 740 Simon:
3125 682 3340 736 Revoco
3389 688 3469 743 te,
3504 675 3715 744 inquit,

2127 787 2194 841 ad
2216 787 2446 855 primam
2476 781 2858 852 quaestionem,
2891 776 3079 832 dixisti
3103 774 3271 828 Deum
3303 786 3455 826 nunc
3484 768 3718 838 quidem

2127 879 2262 933 nulli
2295 891 2418 932 esse
2441 875 2735 936 visibilem,
2757 885 2882 925 cum
2904 883 3036 924 vero
3064 866 3368 921 resolutum
3397 860 3572 915 fuerit
3602 872 3722 911 ca:-

2131 975 2242 1026 lllttl
2295 969 2442 1025 istud
2495 977 2550 1022 et
2591 980 2864 1036 supernus
2910 962 3000 1016 ille
3034 968 3211 1013 status
3261 954 3417 1025 regni
3465 949 3722 1005 caelestis

2131 1060 2443 1120 obfulserit,
2476 1065 2608 1110 tunc
2637 1071 2733 1111 eos
2763 1054 2856 1124 qui
2886 1050 3075 1105 mundi
3096 1058 3224 1104 sunt
3255 1046 3424 1100 corde
3449 1043 3522 1104 “,
3544 1041 3721 1095 etiam

2133 1149 2300 1203 Deum
2337 1147 2590 1210 visuros;
2638 1160 2759 1214 qua:
2813 1141 3084 1197 sententia
3132 1136 3408 1191 contraria
3455 1140 3544 1188 est
3589 1130 3720 1200 legi,

2135 1242 2207 1295 ibi
2251 1241 2396 1295 enim
2428 1240 2694 1307 scriptum
2717 1245 2801 1290 est
2832 1233 3000 1288 Deum
3030 1230 3238 1286 dixisse
3279 1249 3291 1282 :
3321 1226 3498 1281 Nemo
3520 1224 3721 1279 videbit

2133 1332 2324 1401 facient
2352 1346 2519 1384 meam
2545 1337 2593 1381 et
2622 1328 2754 1380 vivet
2775 1327 2841 1379 θ’.

2210 1421 2374 1474 XXX.
2420 1420 2486 1473 Et
2532 1417 2728 1471 Petrus
2779 1410 3220 1484 responditzilis
3247 1409 3340 1480 qui
3375 1409 3558 1476 legem
3609 1419 3725 1458 non

2137 1532 2200 1571 ex
2235 1513 2530 1567 traditione
2561 1509 2730 1580 Moysi
2763 1509 2972 1578 legunt,
3007 1503 3316 1558 contrarius
3347 1499 3572 1554 videtur
3607 1513 3726 1551 ser—

2139 1625 2228 1663 mo
2259 1623 2434 1665 meus.
2469 1604 2566 1660 sed
2610 1603 2739 1657 audi
2774 1599 3049 1670 quomodo
3087 1612 3200 1652 non
3255 1596 3328 1650 sit
3376 1589 3720 1647 contrarius.

2142 1698 2283 1752 Deus
2309 1696 2522 1750 videtur
2557 1703 2738 1748 mente
2764 1706 2870 1746 non
2903 1703 3156 1758 corpore,
3175 1686 3376 1756 spiritu
3398 1699 3514 1737 non
3529 1695 3722 1736 carne.

2069 1759 2110 1816 Β
2143 1787 2297 1842 Unde
2330 1796 2385 1841 et
2419 1786 2597 1856 angeli
2628 1783 2721 1854 qui
2753 1792 2882 1838 sunt
2931 1780 3180 1850 spiritus,
3212 1777 3402 1830 vident
3435 1773 3638 1834 Deum,
3671 1779 3724 1825 et

2141 1880 2392 1933 homines
2442 1892 2572 1948 ergo
2622 1877 2797 1929 donec
2846 1873 3096 1926 homines
3129 1879 3279 1932 sunt,
3327 1867 3506 1922 Deum
3535 1865 3727 1919 videre

2141 1988 2252 2026 non
2294 1977 2544 2042 possunt.
2579 1968 2656 2021 Ex
2695 1967 3094 2022 resurrectione
3138 1970 3316 2016 autem
3350 1969 3724 2018 mortuorum,

2143 2082 2267 2120 cum
2324 2063 2452 2116 facti
2505 2061 2707 2116 fuerint
2771 2059 2915 2112 sicut
2974 2057 3170 2126 angeli,
3207 2054 3394 2109 videre
3462 2060 3727 2123 poterunt

2144 2157 2313 2212 Deum
2339 2155 2404 2210 9".
2439 2155 2502 2207 Et
2549 2153 2652 2207 hoc
2704 2151 2865 2204 modo
2907 2165 3016 2202 non
3059 2156 3144 2203 est
3182 2162 3367 2202 sermo
3407 2129 3597 2200 meus.
3626 2143 3728 2213 legi

2145 2250 2478 2311 contrarius,
2511 2262 2688 2317 neque
2731 2245 2867 2300 illud
2902 2243 3048 2314 quod
3075 2242 3333 2312 magister
3358 2255 3521 2294 meus
3544 2239 3682 2294 dixit
3709 2257 3724 2292 :

2147 2343 2300 2398 Beati
2331 2340 2524 2395 mundo
2568 2337 2741 2400 corde,
2769 2338 3018 2406 quoniam
3055 2335 3154 2403 ipsi
3179 2332 3346 2386 Deum
3378 2330 3630 2384 ridebunt
3655 2329 3721 2385 “.

2145 2432 2411 2487 Futurum
2453 2431 2598 2484 enim
2635 2437 2851 2498 tempus
2892 2426 3148 2488 ostendit,
3173 2424 3228 2478 in
3253 2439 3365 2493 quo
3391 2438 3460 2476 ex
3488 2422 3728 2475 homini-

2147 2523 2252 2578 bus
2309 2521 2486 2593 angeli
2537 2521 2688 2580 tient,
2745 2518 2840 2588 qui
2864 2517 2911 2548 ⁸⁵
2945 2517 2998 2569 in
3057 2515 3252 2584 spiritu
3318 2513 3525 2567 mentis
3560 2510 3728 2564 Deum

2149 2616 2430 2672 videbunt.
2452 2612 2583 2667 Post
2609 2612 2723 2664 hac
2750 2618 2928 2663 autem
2961 2607 3122 2661 verba
3154 2606 3437 2674 multaque
3502 2603 3611 2656 alia
3644 2602 3728 2655 his

2152 2707 2373 2769 similia,
2401 2721 2525 2759 cum
2551 2701 2882 2773 juramentis
2916 2697 3169 2768 pluribus
3213 2685 3491 2748 affirmare
3539 2692 3728 2745 Simon

2152 2801 2318 2870 cmpit
2346 2797 2535 2852 dicens
2569 2813 2580 2846 :
2609 2794 2682 2848 De
2714 2793 2818 2846 hoc
2871 2791 3003 2844 mihi
3060 2790 3178 2845 solo
3231 2787 3502 2842 rationem
3537 2784 3728 2848 redde,

2153 2881 2198 2950 si
2229 2889 2555 2946 immortalis
2585 2895 2671 2942 est
2699 2885 2902 2948 anima,
2948 2889 3002 2938 et
3045 2882 3324 2952 obsequar
3366 2881 3419 2933 in
3473 2877 3732 2932 omnibus

2155 2982 2419 3040 voluntati
2450 2988 2574 3045 tum,
2609 2979 2702 3034 sed
2736 2977 3001 3037 crastino,
3027 2974 3226 3044 inquit,
3262 2988 3388 3027 nam
3424 2971 3591 3025 hodie
3619 2970 3731 3038 jam

477 3093 752 3165 quomodo
781 3093 957 3146 bonus
981 3093 1121 3146 bona
1149 3093 1410 3148 dissolvet
1436 3093 1768 3162 aliquando?
1794 3091 1850 3145 Si
1870 3059 2050 3147 autem

2157 3078 2370 3134 tardum
2403 3083 2506 3130 est.
2552 3073 2651 3128 Ubi
2693 3086 2822 3140 ergo
2854 3068 3021 3138 coepit
3060 3067 3244 3121 dicere
3284 3062 3508 3124 Petrus,
3540 3059 3733 3113 Simon

479 3185 742 3240 dissolvet
786 3184 932 3253 quod
971 3185 1174 3238 bonum
1233 3193 1340 3249 est,
1396 3185 1669 3255 qumnodo
1717 3187 1832 3255 ipse
1875 3184 2054 3240 bonus

478 3273 784 3329 videbitur?
832 3269 888 3327 Si
939 3283 1120 3328 autem
1170 3275 1327 3343 quasi
1383 3274 1586 3328 malum
1613 3273 1848 3329 resolvet
1873 3284 1926 3328 et
1961 3274 2056 3328 de-

483 3370 677 3428 struet,
709 3362 980 3433 quomodo
1029 3379 1137 3419 non
1182 3364 1454 3419 videbitur
1509 3363 1687 3418 malus
1725 3362 1818 3434 qui
1850 3363 2054 3416 malum

484 3457 616 3511 fecit
635 3457 658 3511 ?

554 3550 790 3608 XXVIII.
807 3552 1002 3608 Petrus
1019 3549 1081 3604 ad
1107 3549 1219 3605 haec
1245 3568 1259 3604 :
1285 3547 1576 3614 Quoniam,
1593 3548 1791 3618 inquit,
1816 3563 2060 3620 spopon-

485 3639 668 3696 dimus
699 3643 818 3705 tibi,
862 3658 930 3696 ne
978 3640 1444 3712 blasphemantem
1493 3646 1547 3692 te
1595 3638 1898 3709 fugiamus,
1945 3640 2062 3709 ipse

485 3733 632 3788 enim
682 3734 876 3788 reddes
922 3749 1022 3803 pro
1071 3733 1157 3787 his
1196 3746 1314 3801 quae
1353 3731 1592 3800 loqueris
1634 3715 1923 3798 rationem,
1964 3748 2062 3803 pa-

487 3826 687 3880 tienter
745 3826 991 3881 ferimus.
1050 3824 1190 3878 Audi
1254 3837 1382 3892 ergo
1434 3838 1581 3876 nunc
1615 3842 1628 3876 :
1663 3821 1874 3876 Caelum
1913 3823 2060 3885 istud

488 3917 637 3987 quod
674 3917 886 3971 visibile
917 3924 1000 3972 est
1031 3924 1084 3970 et
1128 3915 1449 3985 pertransit,
1489 3914 1534 3968 si
1573 3915 1794 3983 quidem
1843 3922 2064 3986 propter

491 4009 842 4079 semetipsum
902 4007 1104 4062 factum
1150 4015 1318 4070 esset,
1350 4007 1575 4060 haberet
1633 4005 1868 4062 fortasse
1918 4008 2064 4077 quod

492 4101 632 4156 dicis
663 4101 868 4171 aliquid
903 4101 1153 4163 rationis,
1178 4100 1304 4170 quia
1336 4100 1532 4154 resolvi
1570 4099 1793 4155 minime
1823 4101 2061 4155 deberet.

495 4191 557 4246 Si
583 4208 710 4247 vero
728 4201 949 4262 propter
977 4192 1125 4246 aliud
1145 4193 1273 4261 quid
1307 4191 1506 4246 factum
1533 4201 1614 4246 est
1632 4201 1686 4246 et
1710 4208 1816 4247 non
1846 4202 2068 4262 preptcr

495 4299 574 4348 se,
607 4286 921 4339 necessario
974 4285 1236 4348 solvetur,
1285 4293 1343 4337 ut
1385 4283 1519 4337 illud
1567 4301 1664 4354 pro
1701 4299 1810 4354 quo
1862 4284 2064 4338 factum

493 4376 712 4430 videtur
739 4384 1018 4446 appareat.
1051 4375 1205 4429 Sicut
1236 4377 1383 4432 verbi
1417 4377 1592 4446 gratia
1639 4376 1892 4437 dixerim,
1925 4383 2064 4430 testa

2158 3183 2416 3242 egressus
2464 3174 2547 3220 est
2597 3171 2652 3219 et
2705 3178 2829 3216 cum
2873 3162 2992 3230 ipso
3034 3155 3295 3227 perpauci
3343 3171 3410 3208 ex
3449 3152 3733 3207 sodalibus

2159 3264 2299 3332 ejus,
2353 3267 2408 3314 et
2447 3258 2550 3310 hoc
2594 3268 2704 3326 prae
2753 3248 3099 3307 verecundia.
3135 3245 3329 3300 Catteri
3360 3259 3494 3298 vero
3544 3256 3733 3295 omnes

2159 3355 2226 3409 ad
2248 3354 2468 3407 Petrum
2488 3347 2760 3408 conversi,
2795 3344 3023 3415 genibus
3056 3340 3274 3411 positis,
3311 3334 3732 3407 prasternebant

2162 3464 2221 3504 se
2249 3457 2374 3500 ante
2404 3459 2551 3504 eum,
2583 3458 2648 3496 ex
2678 3439 2882 3510 quibus
2926 3433 3190 3504 aliquanti
3228 3430 3470 3485 diversis
3523 3429 3734 3496 languo-

2161 3542 2316 3596 ribus
2365 3536 2576 3592 astricti
2607 3542 2702 3588 aut
2749 3529 3089 3586 daemonibus
3143 3522 3434 3584 ineursati,
3491 3519 3734 3573 oratione

2162 3632 2310 3689 Petri
2360 3629 2699 3684 sanabantur
2739 3632 2794 3677 et
2825 3617 3177 3675 discedebant
3209 3614 3541 3684 gaudentes,
3579 3610 3732 3680 quasi

2163 3726 2278 3780 veri
2308 3722 2400 3777 Dei
2434 3719 2764 3779 doctrinam,
2796 3714 2960 3770 simul
2987 3721 3042 3766 et
3069 3707 3515 3763 misericordiam
3546 3720 3730 3757 conse-

2163 3818 2296 3872 cuti.
2330 3814 2466 3870 Cum
2497 3825 2629 3882 ergo
2660 3805 3059 3862 abscessissent
3099 3801 3292 3866 turbat,
3324 3805 3380 3852 et
3430 3799 3538 3851 soli
3584 3794 3733 3848 fami-

2164 3913 2328 3965 liares
2357 3906 2477 3976 ejus
2511 3901 2968 3958 remansissemus
3025 3910 3148 3949 cum
3200 3907 3287 3954 eo.
3343 3891 3538 3945 stratis
3588 3886 3732 3940 humi

2165 4003 2394 4061 redditis
2424 3996 2783 4051 accubuimus
2808 3991 3028 4046 solitum
3062 3983 3448 4053 unusquisque
3474 3993 3735 4049 recogno-

2167 4111 2327 4153 scens
2376 4094 2580 4152 locum,
2613 4092 2941 4154 sumptoque
2988 4079 3113 4132 cibo
3141 4091 3266 4131 cum
3300 4072 3512 4144 gratias
3538 4069 3738 4141 egisse-

2166 4207 2288 4246 mus
2312 4188 2442 4252 Deo,
2478 4181 2805 4254 quievimus.

2244 4281 2438 4338 XXXI.
2483 4274 2744 4349 Sequenti
2796 4285 2926 4326 vero
2958 4268 3046 4322 die
3077 4265 3271 4320 Petrus
3323 4277 3390 4315 ex
3426 4275 3583 4314 more
3618 4268 3737 4312 ante

2168 4379 2342 4430 lucem
2383 4366 2768 4440 surgens,jam
2796 4376 2898 4416 nos
2932 4356 3136 4412 invenit
3167 4353 3458 4422 vigilantes
3487 4360 3543 4404 et
3588 4363 3737 4418 para-

497 4483 724 4522 ovorum
742 4467 990 4537 quamvis
1012 4467 1239 4537 pulchre
1269 4442 1491 4522 facta‘et
1520 4467 1809 4537 diligenter
1833 4466 2063 4521 formata
2096 4452 2138 4506 ι)
2167 4479 2254 4525 tos
2284 4467 2350 4521 ad
2381 4459 2733 4520 audiendum,
2766 4464 2928 4525 atque
2956 4453 3030 4506 ita
3062 4462 3292 4504 exorsus
3317 4452 3403 4499 est
3429 4463 3442 4498 :
3474 4442 3738 4512 Deprecor

497 4559 768 4622 videatur,
793 4575 1017 4615 necesse
1044 4571 1127 4615 est
1157 4567 1339 4614 tamen
1371 4575 1492 4614 eam
1523 4559 1702 4630 frangi
1741 4567 1795 4614 et
1845 4561 2068 4623 resolvi,

503 4661 561 4704 ut
587 4651 713 4706 inde
739 4651 920 4720 pullus
948 4651 1207 4720 procedat
1237 4662 1291 4706 et
1331 4652 1486 4715 illud,
1522 4667 1622 4722 pro
1646 4668 1754 4722 quo
1779 4653 1947 4706 totius
1983 4652 2072 4706 ovi

504 4741 678 4796 forma
709 4757 969 4812 expressa
996 4742 1230 4806 videtur,
1265 4751 1541 4812 appareat.
1566 4741 1645 4796 Ita
1668 4759 1798 4813 ergo
1827 4751 1881 4797 et
1907 4744 2073 4812 hujus

503 4835 692 4889 mundi
722 4850 947 4891 necesse
985 4845 1070 4890 est
1114 4834 1355 4890 transire
1401 4844 1626 4901 statum,
1663 4844 1721 4890 ut
1763 4845 1942 4892 status
1981 4838 2072 4891 ille

505 4927 789 4982 sublimior
817 4927 966 4998 regni
1000 4929 1242 4982 cmlestis
1271 4927 1546 4998 eifulgeat.

575 5018 768 5075 XXIX.
815 5018 880 5073 Et
910 5019 1098 5074 Simon
1125 5036 1136 5070 :
1167 5018 1283 5074 Non
1308 5020 1441 5073 mihi
1469 5020 1684 5075 videtur
1706 5020 1836 5089 quia
1867 5022 2072 5076 resolvi

505 5113 681 5183 possit
718 5112 941 5175 calum,
970 5112 1114 5180 quod
1165 5126 1195 5164 a
1247 5111 1355 5166 Deo
1391 5110 1592 5165 factum
1624 5122 1725 5166 est.
1757 5112 1838 5165 Ab
1867 5121 2076 5169 aeterno

504 5204 652 5260 enim
680 5212 883 5259 atterna
913 5203 1070 5265 fiunt,
1103 5218 1134 5256 a
1164 5203 1510 5272 corruptibili
1532 5205 1853 5272 temporalia
1889 5213 1946 5259 et
1980 5221 2076 5260 ca-

507 5295 666 5352 duca.
702 5295 765 5350 Et
794 5295 987 5351 Petrus
1013 5313 1024 5349 :
1049 5293 1166 5348 Non
1192 5296 1267 5349 ita
1303 5303 1408 5358 est,
1439 5295 1532 5350 sed
1555 5309 1586 5348 a
1610 5297 1931 5352 mortalibus
1953 5300 2072 5368 qui-

509 5389 630 5444 dem
657 5389 987 5444 omnimodis
1015 5388 1391 5459 corruptibilia
1430 5388 1564 5441 fiunt
1614 5397 1667 5442 et
1719 5391 2076 5459 temporalia;

512 5480 582 5533 ab
605 5488 806 5535 aeterno
822 5495 953 5536 vero
969 5497 1080 5536 non
1101 5496 1317 5550 semper
1341 5481 1714 5550 corruptibilia
1736 5497 1913 5553 neque
1935 5498 2078 5539 sem-

525 5656 528 5660 ’
622 5684 668 5715 ιο
707 5682 893 5738 Matth.
925 5700 980 5748 ν,
1011 5684 1064 5738 8,
1142 5684 1184 5716 οι
1226 5681 1360 5736 Ibid.
1435 5681 1481 5712 ’²
1524 5681 2035 5751 Exod._xxxnt,20.

2197 5681 2388 5737 Matth.
2425 5693 2559 5744 χχιι,
2586 5675 2673 5730 50.

529 5753 667 5808 hom.
694 5753 864 5826 angeli
888 5755 1011 5823 ﬁent
1046 5756 1134 5824 qui
1165 5753 1360 5809 desunt
1386 5753 1438 5806 in
1464 5750 1621 5806 codd.
1659 5749 1808 5818 Lips.

2177 4578 2291 4626 vos,
2348 4558 2546 4613 fratres
2577 4561 2628 4609 et
2671 4547 2924 4606 censervi
2969 4544 3099 4607 mei,
3137 4549 3196 4595 ut
3233 4541 3276 4595 si
3310 4539 3437 4609 quis
3484 4536 3625 4590 forte
3654 4549 3738 4587 νεα

2173 4665 2350 4710 strum
2383 4666 2492 4704 non
2517 4653 2697 4718 potest
2727 4641 2973 4710 vigilare,
2996 4652 3102 4691 non
3137 4633 3241 4695 sibi
3267 4635 3594 4698 extorqueat
3621 4641 3739 4680 eru-

2173 4749 2405 4802 bescens
2430 4717 2772 4811 praesentiam
2801 4746 2999 4796 meam,
3025 4729 3153 4800 quia
3183 4723 3420 4778 diilicilis
3449 4730 3540 4773 est
3571 4717 3738 4773 subita

2176 4834 2524 4910 permutatio,
2581 4831 2740 4899 longo
2786 4836 2966 4879 autem
3000 4830 3245 4889 tempore
3277 4813 3325 4869 si
3368 4810 3636 4882 paulatim
3661 4824 3738 4861 as-

2179 4902 2391 4985 sueﬁat.
2426 4925 2578 4979 labor
2600 4937 2710 4976 non
2736 4920 2840 4973 erit
2862 4915 3008 4986 quod
3036 4929 3100 4967 ex
3125 4926 3228 4965 usu
3251 4907 3422 4962 venit.
3463 4903 3587 4957 Non
3607 4902 3738 4956 enim

2179 5033 2370 5073 omnes
2399 5015 2647 5085 ejusdem
2679 5004 3044 5065 institutionis
3068 5001 3296 5060 fuimus,
3332 4996 3467 5049 licet
3491 5008 3739 5064 processu

2143 5109 2146 5112 ”
2180 5109 2444 5180 temporis
2470 5107 2525 5160 in
2558 5119 2720 5158 unam
2743 5096 3031 5170 temperari
3056 5089 3523 5148 consuetudinem
3559 5085 3742 5156 poteri-

2183 5219 2334 5267 mus;
2366 5199 2520 5252 aiunt
2563 5195 2730 5256 enim,
2765 5191 2913 5262 quod
2952 5182 3255 5245 secundum
3299 5188 3519 5233 natura:
3579 5177 3740 5229 locum

2183 5295 2427 5350 obtineat
2461 5286 2822 5345 consuetudo.
2855 5281 3072 5338 Testem
3107 5284 3288 5342 autem
3320 5271 3496 5325 Deum
3540 5269 3739 5328 invoco,

2185 5387 2328 5457 quod
2370 5400 2478 5438 non
2529 5381 2802 5451 indignor,
2847 5377 2892 5432 si
2923 5373 3048 5445 quis
3093 5371 3232 5425 forte
3259 5381 3366 5420 non
3402 5368 3588 5432 potest
3619 5359 3743 5427 vigi-

2184 5484 2316 5545 lare,
2344 5476 2564 5564 sedohoc
2593 5474 2784 5544 magis,
2818 5470 2866 5526 si
2887 5483 3013 5523 cum
3037 5471 3208 5520 totam
3236 5457 3362 5529 quis
3384 5464 3608 5508 noctem
3631 5450 3741 5503 dor-

2787 5672 2832 5703 ³⁸
2873 5665 3061 5723 Matth.
3092 5681 3144 5730 v,
3180 5660 3214 5712 8
3334 5661 3356 5688 ⁹
3422 5649 3740 5709 Voeabb.”
