3872 6348
156 370 301 426 12⁸97

1428 371 1992 429 RECOGNI'I‘IONUM
2031 373 2160 431 LIB.
2204 375 2291 431 III.

3293 388 3430 445 1998

154 491 318 553 miat,
343 505 440 559 per
474 489 616 543 diem
642 505 750 543 non
774 490 944 562 replet
977 488 1031 545 id
1076 488 1222 561 quod
1252 489 1441 544 omisit
1465 490 1518 542 in
1553 498 1734 543 nocte.
1769 497 1811 551 Α
1844 487 2053 542 siderat
2084 490 2274 543 urbem
2308 491 2590 560 perveniat
2620 493 2889 551 veritatis.
2948 495 3054 562 Qui
3098 514 3229 555 vero
3262 502 3431 573 impe-

156 581 550 637 Necessarium
587 597 823 652 namque
872 591 956 639 est
1000 584 1265 639 doctrina:
1304 582 1503 638 studiis
1538 583 1742 639 intente

154 682 212 731 et
247 675 621 730 indesinenter
648 688 869 745 operam
902 676 1054 740 dare,
1122 685 1183 730 ut
1223 693 1377 731 mens
1410 683 1599 730 nostra
1641 676 1733 729 Dei

157 767 340 823 solius
385 767 646 821 memoria
682 768 977 836 repleatur,
1012 769 1142 837 quia
1189 774 1427 823 mentem
1460 784 1623 837 quam
1656 783 1740 821 re-

156 858 393 929 pleverit
424 860 684 913 memoria
716 858 832 924 Dei,
870 861 1109 930 maligno
1154 860 1211 913 in
1259 876 1323 915 ea
1367 875 1474 913 non
1520 860 1741 915 dabitur

158 949 340 1002 locus.

232 1035 451 1092 XXXII.
494 1036 631 1092 Cum
678 1038 789 1091 haic
821 1039 1027 1093 diceret
1078 1040 1143 1093 ad
1183 1056 1285 1095 nos
1320 1039 1533 1103 Petrus,
1568 1057 1738 1095 unus-

155 1129 395 1197 quisque
426 1140 673 1181 nostrum
691 1130 923 1183 sollicite
945 1129 1317 1185 satisfaciebat
1338 1132 1408 1195 ei,
1433 1133 1576 1200 quod
1607 1132 1735 1184 olim

155 1220 311 1274 brevi
361 1234 555 1271 somno
608 1220 791 1273 satiati
842 1220 1215 1289 vigilaremus,
1275 1222 1369 1275 sed
1427 1236 1738 1275 vereremur

154 1312 403 1366 excitare
435 1326 581 1375 cum,
613 1311 740 1380 quia
771 1328 870 1365 nec
905 1312 1120 1365 deceret
1148 1312 1448 1381 discipulos
1473 1314 1737 1383 magistro

155 1403 459 1471 imperare;
488 1403 631 1471 quod
656 1410 833 1457 tmnen
862 1419 1022 1472 pene,
1050 1419 1081 1456 o
1103 1402 1280 1468 Petre,
1309 1404 1426 1459 ausi
1460 1404 1737 1457 fueramus

156 1488 516 1565 praesumere,
541 1495 667 1548 dum
695 1509 792 1547 cor
821 1502 1071 1548 nostrum
1096 1494 1265 1547 nimio
1298 1495 1585 1549 verborum
1612 1501 1737 1547 tuo-

154 1601 279 1638 rum
312 1584 586 1639 desiderio
620 1584 949 1655 tripudians,
976 1601 1228 1638 somnum
1274 1587 1490 1654 penitus
1526 1586 1737 1655 fugaret

152 1681 222 1733 ab
256 1682 455 1737 oculis.
486 1680 593 1735 Sed
626 1682 821 1735 iterum
855 1680 1081 1735 affectus
1108 1697 1235 1751 erga
1266 1690 1318 1735 te
1350 1691 1536 1735 uoster
1562 1680 1735 1733 obsti-

152 1774 243 1835 tit,
278 1782 334 1827 et
366 1775 633 1829 violenter
666 1784 717 1829 te
743 1792 771 1827 a
806 1776 966 1830 nobis
1012 1791 1118 1828 non
1154 1776 1278 1827 tulit
1307 1775 1559 1827 excitari.
1594 1774 1731 1826 Tum

1846 576 1985 630 ritus
2019 583 2103 630 est
2131 585 2180 631 et
2212 579 2493 647 quaerendi
2529 581 2672 634 viam
2701 584 2897 643 nescit,
2931 585 3074 639 sicut
3104 590 3430 659 peregrinus

1847 668 2042 730 viator,
2072 671 2333 739 ignorans
2367 680 2420 726 et
2442 688 2659 737 errans,
2694 674 2739 729 si
2777 675 2898 728 cive
2920 682 2973 729 et
3007 676 3260 747 indigena
3292 680 3429 735 nolit

1845 761 1922 813 uti
1948 762 2107 824 duce,
2143 764 2262 817 sine
2310 763 2478 817 dubio
2517 778 2645 818 cum
2682 767 3019 821 aberraverit
3053 784 3081 820 a
3119 769 3201 822 via
3226 772 3429 825 verita-

1844 849 1937 909 tis,
1957 858 2110 903 extra
2143 851 2267 905 vitae
2289 851 2492 920 januas
2530 856 2858 919 remanebit,
2892 863 2946 910 et
2974 858 3050 911 ita
3081 860 3264 914 noctis
3288 868 3423 915 atrae

1845 940 2086 995 tenebris
2122 940 2409 1005 involutus
2436 960 2535 1013 per
2563 946 2785 1000 semitas
2835 948 3157 1015 perditionis
3189 950 3422 1008 incedet.

1844 1030 1983 1095 Quia
2019 1046 2149 1099 ergo
2198 1034 2244 1085 si
2279 1049 2375 1102 per
2425 1035 2671 1091 ordinem
2704 1053 2825 1107 qua:
2856 1040 3146 1109 quazrenda
3182 1050 3313 1095 sunt
3339 1044 3425 1098 in-

1842 1123 2156 1191 quirantur,
2180 1125 2415 1179 inveniri
2445 1126 2701 1181 facillime
2735 1140 2984 1198 possunt,
3020 1133 3265 1187 ordinem
3298 1149 3429 1189 vero

1844 1214 2154 1282 requirendi
2193 1218 2481 1286 imperitus
2513 1219 2748 1288 ignorat,
2777 1231 2989 1275 rectum
3020 1231 3104 1277 est
3140 1232 3197 1276 ut
3228 1226 3426 1280 scienti

1842 1306 2003 1359 cedat
2039 1307 2265 1375 ignarus
2316 1315 2369 1362 et
2428 1310 2608 1378 primo
2638 1314 2913 1381 quaerendi
2940 1315 3190 1370 ordinem
3222 1318 3426 1383 discat,

1844 1402 1903 1446 ut
1940 1394 2013 1447 ita
2046 1394 2268 1449 demum
2295 1396 2666 1469 interrogandi
2702 1408 2756 1455 et
2783 1402 3147 1472 respondendi
3179 1406 3426 1462 inveniat

1839 1487 2210 1555 disciplinam.

1913 1579 2128 1636 XXXV.
2173 1582 2239 1636 Et
2286 1583 2475 1639 Simon
2523 1587 2590 1640 ad
2637 1588 2751 1642 haec
2790 1608 2801 1642 :
2844 1590 2962 1644 Non
3013 1606 3147 1661 ergo
3175 1595 3420 1647 omnium

1837 1678 1921 1724 est
1952 1673 2174 1733 veritas,
2208 1675 2299 1729 sed
2347 1691 2537 1730 eorum
2573 1682 2954 1734 tantummodo
2980 1684 3072 1752 qui
3108 1690 3281 1739 artem
3318 1701 3421 1739 no-

1839 1764 2016 1816 verint
2044 1764 2383 1834 disputandi,
2419 1768 2564 1837 quod
2591 1771 2781 1839 utique
2824 1774 3121 1827 absurdum
3155 1784 3260 1841 est,
3292 1791 3418 1831 cum

150 1865 355 1921 Petrus
385 1886 397 1921 :
432 1865 703 1932 Quoniam
735 1866 901 1937 igitur
923 1866 1200 1928 audiendi,
1235 1865 1432 1935 inquit,
1461 1864 1735 1919 desiderio
1770 1868 1807 1921 Il
1838 1858 2121 1925 παιιειιὶῐθΐ
2169 1861 2239 1913 δίε
2292 1860 2436 1917 Deus
2465 1864 2734 1925 omnium.
2768 1880 2876 1920 non
2906 1882 3099 1922 omnes
3136 1872 3420 1939 aequaliter

150 1958 390 2013 libenter
415 1974 511 2013 vos
547 1960 790 2013 asseritis
818 1959 1062 2028 vigilare,
1091 1958 1211 2011 volo
1241 1958 1396 2011 vobis
1422 1972 1483 2011 ea
1520 1965 1730 2010 tantum

149 2072 275 2125 quae
308 2056 565 2111 hesterno
599 2057 833 2124 sparsim
866 2056 1011 2110 dicta
1040 2067 1189 2117 sunt,
1224 2062 1471 2125 repetere
1499 2055 1730 2125 diligen-

147 2149 261 2201 tius
286 2156 342 2202 et
371 2162 493 2201 cum
527 2164 628 2202 suo
654 2147 845 2200 ordine
875 2148 1170 2216 explicare.
1203 2147 1359 2212 Quod
1396 2155 1449 2201 et
1486 2162 1582 2218 per
1614 2146 1727 2199 sin-

147 2244 311 2311 gulas
340 2256 590 2311 quasque
621 2240 1021 2309 disputationes
1058 2241 1286 2294 diurnas
1318 2239 1499 2294 facere
1543 2240 1731 2309 dispo-

149 2346 242 2392 uo,
282 2338 341 2382 ut
384 2345 480 2398 per
525 2336 740 2382 noctem
785 2329 873 2383 ubi
924 2337 1197 2383 secretum
1244 2331 1348 2384 loci
1386 2338 1438 2384 et
1464 2331 1728 2399 temporis

147 2421 337 2482 datur,
396 2422 442 2475 si
493 2420 623 2490 quid
679 2418 818 2475 forte
857 2428 1043 2490 utpote
1098 2422 1150 2474 in
1196 2422 1496 2475 certamine
1546 2421 1727 2475 minus

147 2513 309 2581 plene
339 2513 547 2567 dictum
582 2520 685 2576 est,
730 2514 781 2566 id
814 2513 1024 2583 integro
1046 2513 1237 2568 ordine
1266 2522 1319 2569 et
1348 2514 1493 2567 linea
1516 2514 1726 2568 directa

145 2604 555 2672 explanationis
606 2603 871 2673 aperiam.
928 2603 991 2656 Et
1037 2614 1158 2673 post
1204 2605 1320 2658 haec
1352 2606 1515 2674 cmpit
1568 2605 1726 2661 nobis

145 2695 440 2752 ostendere
498 2696 774 2764 quomodo
825 2696 1079 2750 hesterno
1120 2697 1302 2751 haberi
1333 2698 1580 2752 debuerit
1608 2697 1724 2753 dis-

145 2790 388 2858 putatio,
451 2794 504 2841 et
539 2793 758 2856 propter
801 2788 1207 2840 contentionem
1258 2788 1341 2841 vel
1394 2789 1721 2857 imperitiam

144 2880 578 2933 contradicentis
608 2879 794 2933 haberi
830 2894 937 2933 non
956 2878 1214 2946 potuerit,
1230 2880 1422 2934 etideo
1454 2881 1571 2934 sola
1604 2894 1725 2950 pro-

146 2972 391 3026 fessione
422 2986 556 3025 usus
589 2970 681 3033 sit,
717 2979 882 3040 atque
912 2985 977 3024 ea
1008 2986 1128 3040 qua:
1146 2970 1214 3024 ab
1233 2970 1546 3026 adversario
1574 2971 1723 3026 dice-

142 3063 368 3125 bantur,
404 3071 614 3115 tantum
662 3061 1020 3125 destruxerit,
1056 3078 1152 3116 sua
1180 3078 1308 3117 vero
1332 3080 1506 3133 neque
1536 3065 1720 3118 omnia

142 3171 322 3224 neque
355 3156 643 3208 manifeste
671 3155 1015 3223 exposuerit;
1045 3162 1098 3208 et
1132 3154 1344 3225 singula
1377 3155 1535 3210 nobis
1566 3172 1721 3226 repe-

140 3254 262 3301 tens
292 3246 507 3316 integro
534 3244 724 3299 ordine
756 3253 809 3298 et
840 3247 999 3315 plena
1032 3246 1243 3299 ratione
1273 3247 1554 3301 disseruit.

213 3336 456 3392 XXXIII.
496 3336 630 3392 Cum
667 3353 796 3392 vero
824 3339 934 3406 jam
964 3337 1266 3391 albesceret
1290 3337 1428 3402 dies,
1461 3355 1719 3411 egressus

138 3429 205 3483 ad
238 3430 432 3484 turbas
480 3438 603 3499 post
652 3430 954 3483 orationem
1008 3431 1171 3485 solito
1217 3431 1284 3484 ad
1326 3431 1717 3501 disputandum

138 3522 391 3575 constitit
420 3523 560 3585 loco,
585 3530 637 3575 et
669 3521 863 3576 videns
896 3520 1174 3575 Simonem
1205 3522 1261 3581 in
1304 3523 1502 3578 mediis
1541 3525 1716 3579 turbis

139 3622 379 3667 stantem
409 3629 475 3667 ex
510 3629 659 3667 more
688 3615 839 3682 prius
877 3614 1114 3668 salutato
1142 3616 1344 3684 populo
1376 3616 1451 3668 ait
1484 3636 1495 3669 :
1532 3616 1714 3670 Dolori

139 3705 270 3758 mihi
301 3719 426 3758 esse
459 3704 632 3758 fateor
660 3705 727 3759 de
757 3706 1037 3760 nonnullis
1094 3704 1428 3766 hominibus,
1458 3707 1549 3775 qui
1589 3723 1712 3761 cum

138 3798 212 3851 ita
248 3797 316 3850 ad
349 3814 449 3851 nos
479 3798 699 3852 veniant
728 3806 785 3851 ut
808 3799 1023 3852 discant
1055 3797 1283 3868 aliquid,
1315 3799 1402 3853 ubi
1426 3815 1520 3854 eos
1549 3800 1712 3855 doce-

140 3906 196 3942 re
228 3890 584 3957 ceperimus,
618 3889 717 3959 ipsi
748 3904 941 3943 rursus
983 3889 1276 3958 magistros
1305 3904 1363 3942 se
1392 3904 1514 3944 esse
1546 3890 1709 3958 profi-

136 3988 343 4043 tentur,
367 3987 421 4033 et
450 3982 785 4051 interrogant
809 3981 1024 4049 quidem
1046 3990 1103 4032 ut
1134 3980 1465 4048 ignorantes,
1489 3966 1715 4034 contra:

138 4073 327 4126 dicunt
368 4082 548 4125 autem
586 4088 645 4125 ut
691 4074 949 4127 scientes.
986 4069 1091 4125 Sed
1149 4071 1381 4125 fortasse
1429 4070 1576 4124 dicat
1606 4074 1708 4125 ali-

136 4166 281 4234 quis,
312 4166 441 4235 quia
486 4164 579 4235 qui
612 4165 934 4233 interrogat,
960 4164 1029 4217 ob
1067 4164 1166 4217 hoc
1197 4163 1414 4233 quidem
1450 4171 1507 4217 ut
1534 4165 1709 4219 discat

138 4260 457 4329 interrogat,
502 4258 593 4311 ubi
624 4273 753 4312 vero
802 4256 854 4310 id
893 4256 1036 4325 quod
1070 4254 1303 4308 audierit
1333 4270 1440 4308 non
1482 4255 1531 4310 ei
1562 4264 1708 4310 recte

135 4349 341 4404 dictum
376 4349 610 4412 videtur,
648 4364 873 4403 necesse
906 4356 988 4402 est
1024 4356 1080 4400 ut
1132 4346 1478 4417 respondeat,
1509 4354 1563 4399 et
1593 4346 1708 4402 hate

134 4444 351 4495 videtur
380 4458 501 4495 esse
533 4440 914 4507 contradictio,
937 4457 1058 4510 qua:
1081 4456 1190 4493 non
1216 4447 1299 4495 est
1321 4439 1701 4504 contradictio,

134 4533 226 4589 sed
257 4533 697 4602 reinterrogatio.

203 4622 443 4677 XXXIV.
487 4625 683 4677 Audiat
715 4638 845 4693 ergo
885 4623 998 4677 lucc
1035 4644 1045 4676 :
1079 4623 1273 4678 Totius
1323 4623 1588 4678 doctrina:
1630 4623 1707 4677 di-

131 4717 363 4786 sciplina
415 4728 622 4771 certum
686 4716 846 4769 habet
898 4715 1247 4775 ordinem.et
1282 4725 1410 4770 sunt
1456 4716 1701 4786 quazdam

132 4825 250 4878 qua)
298 4808 472 4878 prima
523 4807 786 4862 tradenda
821 4815 967 4869 sunt,
1001 4808 1104 4859 alia
1151 4822 1280 4861 vero
1311 4822 1431 4876 qua:
1461 4807 1702 4861 secundo

130 4898 182 4951 in
229 4900 370 4962 loco,
402 4906 454 4953 et
485 4900 589 4951 alia
620 4898 806 4961 tertio,
834 4908 886 4954 et
926 4898 1006 4953 sic
1058 4898 1273 4968 singula
1320 4914 1550 4968 qumque
1605 4915 1699 4969 per
1740 4914 1745 4919 ’

128 4992 397 5052 ordinem,
433 5006 552 5059 quae
583 4991 770 5060 utique
801 4991 846 5043 si
876 5006 972 5060 per
1001 4991 1448 5059 consequentiam
1479 4991 1700 5045 tradan-

128 5080 535 5144 tur,tnanifesta
559 5081 719 5149 fiunt;
741 5090 896 5135 extra
922 5082 1171 5135 ordinem
1196 5097 1321 5135 vero
1343 5082 1387 5135 si
1409 5082 1697 5150 proferan-

128 5184 237 5239 tur,
261 5174 427 5228 etiam
476 5181 669 5227 contra
723 5174 988 5227 rationem
1043 5173 1188 5225 dicta
1236 5174 1586 5231 videbuntur.
1632 5174 1697 5227 Et

126 5267 246 5321 ideo
263 5267 316 5319 in
340 5267 534 5336 primis
556 5266 691 5320 ordo
711 5265 1011 5321 servandus
1033 5272 1136 5328 est,
1164 5264 1209 5319 si
1237 5273 1418 5319 tamen
1443 5266 1545 5320 hoc
1568 5281 1696 5336 pro-

126 5360 303 5429 posito
331 5373 660 5427 quaaramus,
683 5367 741 5412 ut
770 5358 1046 5428 possimus
1088 5357 1233 5427 quod
1262 5358 1559 5427 qumrimus
1611 5360 1695 5412 in-

126 5451 329 5504 venire.
364 5449 574 5503 Etenim
619 5451 711 5520 qui
768 5457 973 5504 rectum
1008 5449 1223 5502 initium
1262 5449 1362 5503 via:
1394 5450 1689 5519 acceperit,

124 5544 283 5595 etiam
335 5542 636 5597 secundum
683 5543 861 5597 locum
900 5549 1301 5611 consequenter
1328 5542 1597 5606 advertet,
1638 5551 1691 5597 et

123 5648 183 5684 ex
231 5635 472 5686 secundo
525 5633 742 5687 tertium
798 5633 1013 5687 facilius
1068 5633 1335 5698 inveniet;
1385 5641 1437 5687 et
1483 5643 1690 5703 quanto

125 5724 263 5776 citra
330 5726 681 5793 processerit,
728 5733 880 5779 tanto
930 5725 1102 5795 magis
1156 5726 1201 5779 ei
1251 5728 1336 5778 via
1394 5728 1687 5795 agnitionis

122 5814 361 5882 apertior
400 5816 507 5878 fiet,
546 5833 829 5887 usquequo
862 5819 925 5871 ad
968 5819 1137 5889 ipsam
1175 5835 1282 5887 quo
1310 5819 1484 5875 tendit
1510 5827 1561 5873 ct
1592 5820 1685 5875 dc-

1838 1964 1999 2017 posse
2029 1950 2363 2006 voluntatem
2382 1954 2503 2023 ejus
2531 1970 2849 2025 agnoscere.
2877 1958 2942 2011 Et
2960 1958 3151 2015 Petrus
3176 1981 3188 2014 :
3210 1961 3419 2032 Ᾱέειυειρ

1834 2040 1935 2102 les,
1972 2041 2169 2111 inquit,
2204 2058 2396 2099 omnes
2430 2045 2501 2100 ab
2542 2062 2609 2101 eo
2669 2047 2795 2102 facti
2842 2062 2991 2112 sunt,
3028 2060 3082 2105 et
3128 2056 3417 2123 azqualiter

1833 2131 2048 2185 cunctis
2076 2131 2226 2185 dedit
2283 2148 2515 2203 capaces
2538 2152 2662 2191 esse
2710 2139 2975 2194 veritatis.
3013 2139 3213 2195 Verum
3267 2145 3414 2212 quod

1834 2223 2017 2277 nullus
2040 2239 2227 2276 eorum
2258 2226 2348 2293 qui
2382 2228 2494 2279 nati
2523 2236 2672 2287 sunt,
2710 2229 2961 2286 eruditus
2991 2241 3154 2288 natus
3184 2234 3277 2301 sit,
3316 2237 3413 2291 sed

1836 2314 2111 2381 posterior
2147 2313 2219 2367 sit
2253 2316 2536 2370 nativitate
2563 2317 2822 2381 eruditio,
2868 2320 3002 2372 nulli
3036 2321 3261 2375 dubium
3306 2336 3410 2379 est.

1831 2402 1967 2455 Cum
2005 2404 2170 2473 igitur
2200 2406 2459 2458 nativitas
2493 2406 2774 2460 hominum
2828 2408 2883 2461 in
2935 2424 3002 2463 eo
3032 2418 3213 2465 teneat
3243 2416 3413 2482 (cqui-

1831 2501 2022 2557 tatem,
2061 2503 2120 2549 ut
2150 2510 2340 2550 omnes
2385 2498 2646 2552 similiter
2696 2500 3059 2569 percipienda:
3106 2503 3411 2574 disciplinae

1830 2601 2061 2656 capaces
2097 2588 2226 2651 sint,
2260 2604 2366 2643 non
2410 2598 2493 2644 est
2549 2591 2603 2643 in
2632 2599 2853 2657 natura,
2878 2592 2973 2647 sed
3011 2594 3065 2646 in
3093 2596 3409 2653 eruditione

1828 2679 2139 2735 diversitas.
2200 2681 2307 2735 Aut
2361 2681 2486 2749 quis
2530 2683 2729 2743 nescit,
2778 2682 2926 2750 quod
2978 2698 3044 2737 ea
3082 2700 3205 2752 qua:
3236 2701 3407 2740 unus-

1826 2769 2062 2838 quisque
2092 2770 2306 2833 didicit,
2341 2772 2661 2840 priusquam
2694 2771 2952 2833 disceret,
2991 2773 3314 2842 ignorabat?
3343 2776 3409 2829 Et

1827 2854 2016 2912 Simon
2054 2878 2067 2912 :
2096 2858 2252 2923 Vere,
2285 2859 2482 2928 inquit,
2514 2860 2678 2914 dicis.
2717 2859 2855 2914 Tum
2904 2860 3139 2917 Petrus:
3174 2862 3232 2917 Si
3278 2881 3410 2935 ergo

1826 2950 1880 3003 in
1914 2951 1999 3004 his
2030 2952 2243 3007 artibus
2298 2968 2435 3021 quas
2477 2968 2612 3006 usus
2660 2954 2969 3008 communis
3017 2955 3201 3019 habet,
3232 2958 3409 3026 primo

1824 3040 2076 3104 discitur,
2101 3044 2295 3098 deinde
2326 3044 2583 3106 docetur,
2609 3055 2816 3113 quanto
2864 3047 3036 3116 magis
3073 3058 3285 3116 oportet
3313 3064 3409 3105 eos

1823 3133 1918 3203 qni
1948 3134 2260 3189 crnditores
2287 3150 2347 3189 se
2390 3135 2717 3204 profitentur
2759 3135 3087 3200 animarum,
3121 3138 3298 3207 primo
3324 3138 3408 3193 di-

1747 3200 1789 3258 c
1821 3241 2000 3287 scere,
2029 3232 2083 3280 et
2113 3226 2186 3279 ita
2223 3226 2443 3287 docere,
2477 3243 2571 3290 ne,
2605 3244 2729 3281 eum
2766 3229 2873 3283 sint
2902 3228 3004 3297 ipsi
3038 3228 3299 3299 imperiti,
3330 3232 3407 3284 ri-

1821 3315 2064 3368 dieulum
2096 3314 2365 3379 videatur,
2400 3317 2445 3370 si
2472 3317 2598 3371 aliis
2625 3332 2684 3371 se
2727 3318 3066 3385 prmstituros
3116 3320 3401 3373 scientiam

1820 3409 2223 3478 repromittant.
2260 3406 2397 3462 Tum
2438 3408 2625 3463 Simon
2664 3408 2759 3462 ειη
2810 3411 3046 3473 artibus,
3075 3411 3273 3481 inquit,
3310 3413 3396 3467 his

1818 3516 1939 3569 quae
1962 3516 2094 3555 usus
2124 3500 2437 3554 communis
2466 3500 2652 3561 habet,
2686 3516 2874 3554 verum
2905 3508 3010 3565 est,
3042 3502 3185 3570 quod
3222 3520 3397 3558 unus-

1817 3592 2052 3660 quisque
2106 3591 2210 3644 nisi
2270 3588 2547 3653 didicerit,
2604 3590 2853 3654 neseiat,
2908 3591 2963 3644 in
3027 3592 3191 3648 verbo
3268 3611 3399 3649 vero

1817 3683 2056 3737 scientia:
2084 3681 2267 3738 statim
2295 3689 2356 3735 ut
2384 3681 2618 3736 audierit
2648 3682 2793 3752 quis,
2827 3682 3039 3738 didicit.

1890 3790 2129 3846 XXXVI.
2163 3790 2229 3843 Et
2267 3790 2507 3846 Petrus:
2545 3790 2600 3846 Si
2652 3792 2872 3861 quidem
2922 3809 3018 3862 per
3049 3794 3300 3851 ordinem
3343 3808 3398 3853 et

1814 3891 2215 3952 consequenter
2244 3882 2453 3947 audiat,
2491 3893 2670 3953 potest
2699 3885 2843 3940 scire
2886 3885 3031 3954 quod
3058 3902 3248 3941 verum
3287 3901 3393 3951 est,

1812 3976 1908 4030 sed
1942 3976 2035 4045 qui
2070 3975 2459 4029 emendatioris
2488 3977 2612 4030 vita:
2644 3977 2885 4046 regulam
2932 3979 3393 4035 conversationis—

1812 4086 1917 4138 que
1958 4068 2214 4124 castioris
2245 4068 2526 4138 suscipere
2546 4077 2783 4131 recusat,
2809 4084 2929 4137 qua;
2956 4071 3143 4139 utique
3170 4074 3388 4141 sequela

1811 4169 1891 4216 est
1923 4161 2165 4215 scientiae
2190 4160 2459 4225 veritatis,
2502 4162 2644 4215 scire
2680 4176 2739 4215 se
2781 4162 2926 4230 quod
2972 4166 3095 4225 scit,
3126 4179 3233 4219 non
3272 4168 3391 4221 vult

1811 4253 1985 4307 fateri.
2022 4252 2177 4307 Sicut
2206 4252 2370 4307 etiam
2407 4253 2699 4307 nonnullos
2741 4254 3011 4317 videmus,
3052 4258 3143 4326 qui
3177 4259 3387 4313 artibus

1806 4361 1944 4415 quas
1970 4361 1996 4398 a
2022 4359 2192 4415 puero
2219 4344 2521 4399 didicerant
2551 4345 2848 4409 derelictis,
2875 4347 2940 4400 ad
2969 4348 3106 4404 alios
3136 4366 3195 4405 se
3227 4360 3386 4407 actus

1808 4438 2115 4499 conferunt,
2146 4444 2201 4492 et
2228 4446 2287 4491 ut
2313 4439 2601 4492 excusatio
2631 4438 2703 4493 sit
2734 4439 2813 4495 eis
2844 4440 3069 4495 desidiae
3099 4458 3232 4506 suae,
3266 4445 3383 4497 eul-

1739 4551 1782 4605 ι)
1808 4546 1938 4598 pare
1966 4530 2233 4599 incipiunt
2254 4538 2423 4605 artem
2449 4532 2596 4586 velut
2620 4531 3037 4589 infructuosam.
3065 4534 3128 4587 Et
3152 4534 3337 4588 Simon
3366 4553 3380 4590 :

1812 4622 2081 4677 Deberem
2125 4638 2317 4678 omnes
2367 4622 2652 4679 audientes
2701 4625 2924 4679 credere
2972 4641 3156 4679 verum
3212 4642 3372 4689 esse,

1806 4716 1955 4785 quod
1986 4715 2253 4769 audiunt?
2277 4716 2413 4769 Tum
2447 4714 2642 4771 Petrus
2679 4735 2691 4769 :
2726 4715 2827 4781 Qui
2859 4716 3130 4770 audierint
3168 4732 3263 4785 per
3289 4735 3379 4772 orr

1804 4809 1983 4863 dinem
2038 4822 2345 4863 sermonem
2399 4809 2685 4871 veritatis,
2735 4808 3110 4863 contradicere
3157 4811 3381 4866 cumino

1803 4916 1910 4954 non
1946 4908 2198 4971 possunt,
2251 4900 2345 4955 sed
2380 4901 2567 4955 sciunt
2593 4915 2780 4953 verum
2816 4916 2938 4955 esse
2974 4902 3119 4968 quod
3149 4902 3374 4966 dicitur,

1804 4993 1848 5046 si
1881 4999 2061 5047 tamen
2093 4992 2325 5046 libenter
2362 4994 2526 5045 etiam
2571 4992 2695 5045 vita:
2749 4992 2995 5045 instituta
3047 4994 3371 5062 suscipiant.

1804 5082 1912 5138 Hos
1948 5100 2076 5137 vero
2126 5099 2263 5153 quos
2310 5082 2595 5136 audientes
2624 5083 2688 5135 ad
2744 5083 2885 5136 bona
2920 5098 3085 5151 opera
3120 5084 3375 5139 conferre

1801 5192 1858 5229 sc
1890 5177 2053 5244 piget,
2095 5176 2236 5230 male
2276 5175 2467 5245 agendi
2514 5174 2682 5227 libido
2736 5176 3089 5244 acquiescere
3129 5175 3214 5230 his
3254 5193 3374 5244 qua:

1800 5268 2232 5335 rectajudicant,
2264 5282 2371 5321 non
2406 5268 2557 5320 sinit.
2608 5264 2763 5321 Unde
2794 5265 3100 5320 ostenditur
3133 5268 3369 5335 positum

1798 5376 1919 5414 esse
1951 5362 2002 5413 in
2036 5361 2345 5414 auditorum
2379 5367 2667 5428 potestate,
2717 5360 2915 5429 eligere
2942 5366 3122 5413 utrum
3155 5359 3366 5415 malint.

1796 5452 1949 5517 Quod
2002 5453 2044 5505 si
2099 5467 2290 5507 omnes
2339 5453 2431 5518 qui
2482 5451 2732 5511 audiunt,
2786 5450 3105 5514 obedirent,
3158 5458 3370 5507 natura:

1795 5545 1967 5613 magis
1996 5551 2141 5599 esset
2172 5544 2497 5608 necessitas,
2528 5558 2649 5613 qua:
2678 5558 2783 5595 una
2818 5557 3010 5596 omnes
3046 5550 3230 5611 ageret
3257 5543 3363 5597 via.

1796 5634 1947 5689 Sicut
1976 5637 2117 5689 enim
2150 5636 2366 5691 suaderi
2402 5636 2527 5705 quis
2560 5650 2667 5689 non
2696 5642 2895 5704 potest,
2936 5642 2994 5687 ut
3024 5634 3117 5687 fiat
3148 5634 3367 5689 brevior

1793 5737 1883 5779 aut
1911 5729 2140 5797 longior,
2172 5728 2297 5797 quia
2347 5744 2455 5781 non
2492 5727 2622 5783 sinit
2672 5728 2752 5781 vis
2787 5733 3029 5792 naturae;
3084 5725 3157 5779 ita
3200 5736 3253 5778 ct
3297 5726 3361 5777 ad

1793 5820 2095 5881 veritatem,
2132 5823 2173 5875 si
2206 5836 2394 5877 omnes
2428 5821 2595 5876 verbo
2626 5826 3078 5875 converterentur
3120 5830 3209 5874 aut
3247 5833 3359 5872 om-
