3872 6350
570 338 708 396 ιεειθ

1418 338 1475 394 S.
1515 337 1909 395 CLEMENTIS
1947 340 1965 394 l
2003 338 2167 395 ROM.
2208 334 2412 397 PONT.
2445 343 2670 399 OPEM
2712 342 2940 399 DUBM.

3642 356 3749 415 1300

563 470 662 510 nos
715 471 824 510 non
883 461 1353 517 converterentur,
1403 465 1611 512 natura:
1661 465 1806 511 esset
1865 458 1978 521 vis,
2036 474 2155 525 quae
2183 462 2223 516 Α
2256 473 2423 524 quum
2467 460 2767 523 videretur,
2803 469 2857 513 ut
2883 460 3017 530 justi
3049 469 3102 514 et
3134 459 3315 528 injusti
3362 478 3465 519 uno
3507 476 3627 537 apud
3653 494 3746 531 Cum

559 549 794 619 cogebat
827 550 991 605 verbo
1021 563 1212 603 omnes
1257 550 1506 602 converti
1564 558 1656 603 aut
1684 551 1894 604 nullum
1924 553 2151 605 omnino

561 642 830 696 converti.

634 731 899 788 XXXVI}.
933 732 997 785 Et
1030 732 1218 787 Simon
1255 752 1268 788 :
1306 733 1448 788 Doce
1476 748 1606 804 ergo
1641 748 1765 798 nos,
1797 731 1928 803 quid
1973 734 2149 802 primo

559 833 777 895 oportet
804 826 1015 880 discere
1054 841 1178 879 eum
1214 826 1306 895 qui
1348 828 1629 881 veritatem
1661 826 1804 880 scire
1843 824 2149 879 desiderat?

558 919 625 971 Et
672 919 863 973 Petrus
910 934 923 969 :
965 918 1107 972 Ante
1153 918 1372 982 omnia,
1424 919 1629 987 inquit,
1683 917 1851 987 quaeri
1907 926 2144 988 Oportet,

558 1009 689 1079 quid
720 1010 791 1065 sit
817 1008 1022 1063 homini
1047 1012 1311 1079 quaerenti
1342 1010 1585 1064 invenire
1607 1010 1887 1080 possibile.
1915 1009 2147 1065 Necesse

553 1110 641 1156 est
668 1102 813 1155 enim
838 1100 1107 1170 judicium
1142 1102 1234 1157 Dei
1266 1103 1320 1155 in
1368 1103 1471 1156 hoc
1502 1110 1670 1166 stare,
1702 1104 1749 1158 si
1778 1102 1955 1171 potuit
1982 1102 2146 1157 homo

555 1192 757 1246 bonum
792 1192 993 1256 facere,
1020 1204 1078 1247 et
1110 1210 1218 1249 non
1253 1193 1413 1259 fecit;
1441 1201 1497 1246 ιιι
1529 1193 1651 1249 ideo
1678 1194 2031 1263 quaerendum
2062 1204 2145 1248 est

554 1284 893 1350 hominibus,
928 1288 972 1342 si
1008 1288 1244 1341 habeant
1289 1288 1341 1340 in
1385 1295 1655 1357 potestate
1707 1304 1804 1341 sua
1836 1294 2143 1356 quaerentes

550 1376 801 1433 invenire
830 1380 963 1449 quid
991 1390 1077 1434 est
1100 1381 1325 1445 bonum,
1357 1390 1409 1433 et
1440 1396 1567 1435 cum
1602 1381 1909 1434 invenerint
1931 1380 2138 1444 facere;

554 1467 659 1522 hoc
714 1471 858 1523 enim
905 1479 989 1525 est
1036 1487 1135 1540 pro
1186 1486 1296 1541 quo
1339 1470 1625 1540 judicandi
1677 1478 1827 1526 sunt.
1890 1472 2140 1541 Amplius

552 1571 734 1614 autem
770 1561 855 1616 his
895 1563 1071 1618 solum
1110 1562 1255 1617 scire
1304 1562 1386 1617 fas
1415 1571 1500 1618 est
1552 1564 1906 1633 prophetam,
1937 1570 1991 1616 et
2022 1578 2138 1617 me-

554 1652 694 1716 rito;
719 1654 847 1722 quid
877 1654 1022 1708 enim
1046 1671 1185 1723 opus
1213 1663 1297 1709 est
1324 1655 1643 1709 hominibus
1674 1656 1838 1717 scire,
1863 1653 2139 1725 quomodo

550 1745 732 1801 factus
762 1750 835 1802 sit
868 1747 1140 1803 mundus?
1180 1747 1301 1802 Ihec
1330 1750 1474 1803 enim
1520 1747 1780 1801 discenda
1824 1746 2137 1801 necessario

2252 547 2584 603 haberentur
2613 552 2805 605 ordine
2838 552 3178 605 meritorum.

2321 640 2563 697 XXXIX.
2595 642 2660 696 Et
2688 641 2876 696 Simon
2905 659 2917 693 :
2952 642 3127 696 linum
3154 651 3238 698 est
3265 644 3329 699 de
3356 662 3458 716 quo
3484 651 3598 704 mihi
3622 655 3747 712 velim

2250 732 2530 798 satislieri,
2560 735 2605 789 si
2641 735 2967 790 immortalis
2998 744 3081 790 est
3109 737 3323 804 anima;
3358 755 3459 794 non
3497 743 3621 797 enim
3650 764 3747 817 pes-

2251 840 2373 879 sum
2408 842 2550 881 onus
2599 828 2787 883 subire
2822 828 3075 899 justitia},
3110 830 3212 883 nisi
3246 831 3393 900 prius
3422 832 3483 887 de
3521 834 3746 892 immorta-

2249 918 2401 974 litate
2448 920 2643 973 animae
2674 921 2869 984 sciam,
2903 937 3024 991 qum
3056 922 3244 991 utique
3277 922 3321 976 si
3355 922 3641 983 immortalis
3664 949 3745 986 non

2247 1016 2360 1071 est,
2394 1026 2495 1065 nec
2525 1010 2931 1079 praedicationis
2966 1021 3069 1066 tua:
3106 1014 3304 1082 poterit
3347 1021 3482 1070 stare
3508 1019 3743 1087 professio.

2248 1099 2385 1155 Tum
2416 1100 2612 1157 Petrus
2640 1122 2653 1157 :
2679 1102 3021 1168 Quaeramus,
3069 1105 3267 1174 inquit,
3312 1107 3476 1175 prius,
3521 1110 3560 1164 si
3602 1111 3744 1180 justus

2244 1200 2329 1247 est
2360 1192 2537 1263 Deus;
2568 1194 2714 1265 quod
2755 1194 2801 1249 si
2835 1196 3120 1257 claruerit,
3166 1197 3373 1266 integer
3404 1203 3619 1268 prolecto
3644 1208 3742 1259 reli-

2244 1287 2425 1357 gionis
2461 1288 2598 1343 ordo
2634 1290 2931 1345 constabit.
2977 1288 3042 1342 Et
3079 1289 3267 1343 Simon
3296 1306 3309 1340 :
3336 1290 3532 1348 Videris
3565 1298 3670 1350 mihi
3701 1312 3740 1352 ιιι

2242 1376 2335 1446 qui
2382 1386 2435 1432 te
2479 1378 2656 1445 jactas
2703 1378 3020 1448 disputandi
3089 1381 3340 1434 ordinem
3406 1399 3577 1449 nosse,
3629 1404 3739 1443 nunc

2242 1474 2433 1519 contra
2475 1468 2724 1521 ordinem
2773 1471 3157 1539 respondisse;
3214 1487 3298 1525 me
3326 1474 3461 1525 enim
3490 1489 3674 1545 rogante
3699 1490 3739 1534 ut

2240 1558 2538 1621 ostendas,
2574 1558 2620 1611 si
2674 1558 2999 1615 immortalis
3028 1570 3110 1616 est
3150 1564 3356 1627 anima,
3394 1574 3447 1620 tu
3486 1569 3573 1629 ais.
3605 1575 3739 1639 primo

2240 1661 2341 1701 nos
2379 1664 2622 1717 quaerere
2652 1661 2867 1720 oportet
2907 1654 2952 1706 si
2990 1655 3169 1723 justus
3213 1666 3295 1709 est
3325 1658 3473 1713 Deus.
3516 1661 3736 1722 EtPetnis

2239 1740 2315 1792 ait
2342 1760 2355 1794 ;
2387 1739 2557 1795 Valde
2588 1755 2988 1813 consequenter
3014 1756 3068 1800 et
3093 1756 3242 1801 recte
3282 1764 3340 1803 se
3364 1751 3530 1807 habet.
3561 1754 3731 1813 Simon:

548 1842 885 1904 viderentur,
918 1843 961 1896 si
994 1843 1172 1896 simile
1215 1840 1513 1895 ineundum
1552 1839 1715 1894 nobis
1767 1846 1912 1892 esset
1963 1837 2135 1890 artili-
2167 1812 2209 1866 Β
2241 1832 2414 1887 Velim
2447 1836 2681 1891 discere.

550 1934 718 1988 cium.
752 1934 905 1987 Nunc
953 1941 1133 1987 autem
1170 1932 1368 1986 sulllcit
1398 1933 1559 1987 nobis
1600 1933 1667 1986 ad
1718 1932 1924 1986 cultum
1950 1930 2045 1985 Dei
2076 1940 2135 1985 ut

550 2026 812 2087 sciamus,
840 2027 964 2094 quia
998 2026 1114 2095 ipse
1156 2024 1285 2078 fecit
1316 2024 1615 2089 mundum;
1649 2024 1925 2092 quomodo
1952 2030 2132 2077 autem

551 2117 742 2172 fecerit
767 2118 1119 2189 quaerendum
1152 2133 1259 2171 non
1287 2125 1393 2179 est,
1419 2117 1569 2185 quia,
1602 2124 1662 2168 ut
1682 2117 1816 2179 dixi,
1841 2132 1950 2169 non
1974 2116 2133 2171 nobis

550 2209 822 2274 imminet,
899 2221 1159 2281 tanquam
1212 2209 1390 2264 simile
1442 2208 1647 2278 aliquid
1699 2208 1948 2274 facturis,
1998 2210 2131 2264 artis

549 2301 723 2369 ipsius
758 2302 1044 2355 scientiam
1080 2300 1314 2355 discere.
1376 2300 1483 2354 Sed
1515 2317 1693 2370 neque
1724 2317 1820 2370 pro
1850 2302 1952 2355 hoc
1984 2302 2131 2371 judi-

546 2394 708 2447 candi
743 2409 956 2458 sumus,
990 2409 1090 2447 cur
1121 2410 1229 2447 non
1269 2394 1630 2449 didicerimus
1653 2395 1925 2463 quomodo
1955 2394 2130 2451 factus

547 2485 621 2537 sit
647 2485 902 2542 mundus.
930 2486 1023 2539 sed
1059 2501 1157 2555 pro
1184 2500 1251 2539 eo
1277 2493 1508 2549 tantum,
1542 2486 1585 2540 si
1641 2486 1955 2555 ignoremus
1984 2487 2131 2541 Con-

544 2577 778 2631 ditorem
828 2579 968 2645 ejus.
1018 2577 1269 2633 Si-icmus
1318 2587 1502 2632 autem
1550 2578 1890 2633 conditorem
1941 2580 2129 2634 mundi

538 2668 753 2738 justum
785 2678 839 2723 et
884 2673 1083 2726 bonum
1133 2670 1326 2734 Deum,
1379 2672 1423 2725 si
1473 2684 1597 2725 eum
1649 2671 1860 2725 semitis
1902 2671 2130 2739 justitia:

546 2765 921 2833 requiramus.
984 2761 1118 2816 Nam
1173 2764 1220 2817 si
1270 2762 1374 2816 hoc
1419 2771 1629 2816 tantum
1668 2763 1909 2817 sciamus
1950 2763 2018 2817 de
2062 2779 2129 2817 eo

542 2856 691 2923 quod
743 2856 917 2908 bonus
969 2860 1086 2918 est,
1125 2854 1438 2923 hujusmodi
1490 2855 1721 2909 scicntia
1765 2870 1873 2909 non
1932 2854 2128 2909 suﬁicit

545 2947 612 2999 ad
654 2949 904 3001 salutem.
957 2946 1013 3000 lu
1066 2947 1321 3017 prtesenti
1367 2947 1510 3000 enim
1559 2954 1824 3015 tempore,
1884 2946 2128 3001 bonitate

540 3044 665 3107 ejus
690 3050 740 3093 et
771 3040 1049 3095 benelieiis
1079 3039 1438 3108 perfruuntur
1468 3054 1577 3090 non
1620 3038 1795 3092 solum
1819 3037 1991 3107 digni,
2032 3039 2125 3093 sed

2311 1923 2419 1978 XL.
2462 1924 2657 1981 Petrus
2704 1943 2716 1978 :
2755 1927 2920 1992 Audi,
2976 1920 3177 2000 inquit,
3230 1936 3465 1988 nonnulli
3509 1937 3729 1995 hominum

2237 2017 2680 2087 blasphemantes
2703 2018 2871 2073 Deum
2897 2030 2949 2075 et
2976 2038 3196 2077 onmem
3228 2026 3387 2079 vitam
3428 2043 3562 2081 suam
3597 2033 3639 2084 in
3668 2034 3729 2086 in-

2230 2109 2447 2178 justitia
2486 2118 2538 2164 et
2568 2111 2845 2180 voluptate
2886 2113 3172 2179 ducentes,
3210 2116 3263 2168 in
3305 2116 3501 2173 lectulis
3544 2122 3635 2175 suis
3655 2122 3726 2176 de.

2237 2200 2407 2253 functi
2457 2212 2620 2266 sunt,
2675 2206 2957 2257 consecuti
3012 2208 3176 2259 tinem
3230 2206 3351 2260 vita:
3393 2208 3518 2263 inter
3552 2226 3655 2265 suos
3686 2220 3727 2267 et

2235 2292 2611 2348 honorabilem
2654 2296 2989 2363 sepulturam
3020 2313 3035 2363 ;
3076 2295 3169 2348 alii
3207 2313 3332 2351 vero
3358 2296 3507 2351 Deum
3543 2301 3723 2355 colentes

2233 2393 2286 2437 et
2315 2401 2439 2438 cum
2478 2387 2628 2440 omni
2666 2387 2882 2457 justitia
2926 2396 2980 2442 et
3022 2388 3319 2445 sobrietate
3347 2390 3496 2444 vitam
3530 2408 3651 2447 suam
3682 2396 3720 2449 in

2232 2477 2571 2545 parcimonia
2619 2489 3043 2543 conservantes,
3077 2497 3181 2550 pro
3208 2482 3425 2552 justitim
3452 2485 3718 2540 observantia

2232 2572 2286 2625 in
2320 2572 2555 2627 desertis
2601 2573 2880 2635 interiere,
2931 2576 3001 2627 ita
3049 2583 3110 2627 ut
3158 2591 3227 2630 ne
3270 2577 3521 2646 sepultura
3555 2579 3717 2648 quidem

2233 2663 2566 2718 haberentur
2632 2665 2803 2735 digni.
2861 2664 2962 2719 Ubi
3014 2676 3100 2721 est
3162 2683 3290 2739 ergo
3331 2669 3520 2738 justitia
3568 2670 3653 2729 Dei,
3683 2674 3715 2723 si

2230 2756 2413 2809 anima
2462 2757 2791 2812 immortalis
2820 2775 2927 2811 non
2955 2768 3059 2823 est,
3093 2776 3217 2828 qua:
3258 2761 3335 2814 vel
3365 2760 3405 2814 si
3436 2762 3571 2830 impie
3593 2765 3716 2831 egerit

2230 2865 2421 2919 pmnas
2453 2850 2507 2903 in
2538 2851 2743 2917 futuro,
2776 2853 2859 2903 vel
2893 2852 2937 2906 si
2974 2853 3057 2920 pie
3088 2860 3144 2905 et
3169 2852 3314 2921 juste
3343 2855 3533 2921 prmmia
3572 2870 3715 2907 conse-

2229 2942 2472 3011 quatur?
2513 2941 2577 2994 Et
2613 2941 2803 2996 Simon
2845 2944 2919 2995 ait
2963 2962 2975 2996 :
3017 2942 3132 2997 lloc
3181 2945 3363 3013 utique
3404 2944 3612 3013 estquod
3642 2962 3713 2997 nos

2229 3038 2546 3094 incredulos
2606 3038 2774 3103 facit,
2821 3042 2948 3111 quia
2994 3043 3154 3095 multi
3204 3044 3335 3096 bene
3390 3052 3575 3112 agentes
3613 3045 3713 3095 male

541 3132 707 3185 etiam
762 3132 989 3201 indigni.
1044 3130 1102 3184 Si
1150 3145 1280 3184 vero
1326 3146 1435 3184 non
1488 3138 1697 3183 tantum
1752 3131 1976 3195 bonum,
2028 3131 2123 3185 sed
2153 3155 2195 3212 ς
2230 3139 2487 3198 pereunt,
2538 3139 2592 3184 et
2639 3148 2856 3185 rursum
2935 3133 3091 3185 multi
3157 3134 3318 3203 impie
3376 3144 3565 3203 agentes
3608 3135 3711 3202 iungi

539 3225 709 3275 etiam
737 3222 945 3292 justum
974 3239 1100 3278 eum
1128 3223 1438 3284 credamus,
1460 3230 1514 3276 et
1536 3223 1834 3276 secundum
1860 3224 1962 3276 hoc
1984 3223 2127 3291 quod

540 3314 611 3369 de
642 3314 753 3369 Deo
789 3314 1103 3378 credimus,
1152 3316 1209 3368 in
1254 3314 1404 3368 omni
1454 3314 1564 3367 vita
1633 3327 1817 3369 nostra
1861 3315 2128 3384 justitiam

540 3414 848 3470 teneamus,
885 3408 1047 3461 etiam
1071 3407 1316 3462 bonitate
1339 3407 1459 3476 ejus
1486 3407 1539 3459 in
1572 3414 1835 3460 aeternum
1861 3407 2126 3463 fruemur.

543 3496 786 3566 Denique
847 3497 1090 3553 Hebraeis
1146 3501 1237 3569 qui
1304 3500 1371 3554 de
1418 3500 1527 3554 Deo
1598 3502 1674 3553 ita
1725 3499 2125 3569 opinabantur,

536 3590 686 3657 quod
721 3591 897 3644 solum
932 3592 1107 3645 bonus
1153 3600 1331 3653 esset,
1366 3592 1580 3646 dicebat
1612 3591 1867 3661 Magister
1919 3599 2126 3659 noster,

542 3690 677 3734 utet
721 3682 991 3751 justitiam
1024 3684 1145 3751 ejus
1190 3693 1496 3753 qumrerent
1539 3686 1605 3746 “,
1658 3685 1761 3739 hoc
1786 3692 1892 3749 est,
1926 3694 1985 3737 ut
2019 3684 2129 3737 sci-

542 3780 665 3828 rent
705 3788 829 3828 eum
867 3777 1125 3843 pmscnti
1171 3776 1388 3845 quidem
1430 3785 1672 3846 tempore
1724 3777 1927 3830 bonum
1976 3791 2121 3838 esse,

541 3875 604 3917 ut
630 3880 821 3921 omnes
850 3866 905 3919 in
934 3867 1180 3921 bonitate
1216 3868 1335 3936 ejus
1363 3867 1569 3931 vivant,
1596 3868 1810 3937 justum
1838 3883 1968 3922 vero
1999 3882 2123 3921 eum

546 3961 790 4011 tuturum
836 3958 890 4011 in
925 3959 1014 4013 die
1055 3959 1275 4028 judicii,
1321 3968 1381 4013 ut
1424 3958 1605 4029 dignis
1653 3960 1875 4030 praemia
1921 3966 2122 4013 a'terna

542 4053 819 4115 restituat,
854 4067 884 4105 a
911 4052 1112 4123 quibus
1141 4053 1393 4109 excludet
1434 4055 1709 4125 indignos.

616 4142 903 4199 XXXVIII.
946 4144 1011 4197 Et
1043 4143 1231 4199 Simon
1258 4162 1269 4195 :
1302 4145 1589 4211 Quomodo
1622 4155 1798 4216 potest
1839 4162 2007 4201 unum
2040 4154 2122 4200 at—

538 4252 650 4304 que
697 4235 865 4300 idem,
898 4245 953 4290 et
985 4237 1185 4290 bonum
1233 4253 1356 4293 esse
1403 4246 1457 4292 et
1495 4238 1743 4307 justum?
1770 4239 1966 4295 Petrus
2006 4240 2115 4293 ait:

502 4329 682 4395 'Quia
728 4329 849 4383 sine
888 4329 1128 4397 justitia,
1162 4330 1367 4385 bonum
1414 4331 1682 4400 injustum
1721 4332 2119 4402 quodammodo

541 4420 854 4478 videbitur;
890 4419 1021 4473 boni
1053 4428 1138 4475 est
1174 4421 1342 4484 enim,
1381 4423 1552 4476 solem
1597 4434 1759 4475 suum
1800 4430 1853 4476 et
1882 4423 2115 4491 pluviam

2235 3222 2497 3288 temporis
2526 3222 2691 3274 vitam
2732 3238 2856 3275 cum
2887 3224 3229 3279 beatitudine
3263 3226 3461 3284 liniunt.

2310 3314 2443 3369 XLI.
2485 3315 2550 3368 Et
2593 3314 2785 3369 Petrus
2821 3338 2832 3371 :
2881 3315 2994 3372 lloc
3046 3318 3262 3387 ipsum,
3303 3320 3492 3390 inquit,
3529 3320 3640 3390 quod
3675 3330 3712 3372 te

2231 3404 2299 3456 ad
2332 3404 2768 3459 incredulitatem
2810 3407 2997 3469 trahit,
3029 3409 3190 3463 nobis
3222 3419 3413 3465 certam
3444 3411 3572 3464 fidem
3601 3409 3708 3473 favit,

2230 3496 2357 3564 quia
2395 3495 2663 3563 judicium
2698 3496 2821 3548 erit.
2869 3495 3083 3551 Etenim
3137 3516 3259 3554 cum
3295 3510 3482 3554 certum
3509 3502 3566 3554 sit
3588 3500 3706 3551 llenm

2225 3590 2435 3657 justum
2468 3604 2609 3649 esse,
2646 3590 3017 3642 necessarium
3056 3600 3112 3645 et
3143 3607 3465 3662 consequens
3510 3601 3578 3645 est
3602 3592 3704 3642 aliud

2228 3698 2351 3737 esse
2379 3682 2661 3741 saeculum,
2695 3682 2747 3733 in
2777 3696 2883 3749 quo
2920 3684 3298 3753 unusquisque
3328 3702 3416 3753 pro
3452 3685 3620 3737 merdis
3646 3700 3702 3735 re-

2226 3775 2434 3844 cipiens
2473 3775 2744 3844 justitiam
2773 3774 2863 3829 Dei
2900 3778 3111 3845 probet.
3167 3777 3316 3843 Quod
3347 3778 3387 3830 si
3419 3792 3542 3829 nunc
3566 3790 3702 3828 omnes

2228 3866 2477 3921 homines
2509 3882 2609 3938 pro
2643 3868 2851 3921 meritis
2891 3868 3007 3921 suis
3038 3870 3357 3937 reciperent,
3382 3884 3490 3923 vere
3525 3883 3603 3921 nos
3626 3866 3699 3918 lai-

2225 3959 2338 4013 lere
2367 3959 2687 4013 videbamur
2729 3958 2977 4013 dicentes
3035 3958 3278 4013 futurum
3325 3976 3433 4015 esse
3478 3957 3696 4027 judicium,

2223 4060 2277 4105 et
2306 4051 2428 4106 ideo
2456 4050 2560 4105 hoc
2590 4051 2767 4119 ipsum
2808 4049 2951 4121 quod
2997 4050 3050 4102 in
3084 4050 3330 4119 praesenti
3370 4051 3463 4103 vita
3498 4064 3582 4102 non
3610 4047 3698 4099 red-

2222 4144 2370 4198 ditur
2400 4144 2701 4213 unieuique
2732 4158 2829 4212 pro
2860 4143 3073 4197 actibus
3106 4144 3243 4203 suis,
3275 4143 3415 4195 tidem
3444 4137 3697 4193 indubitabi-

2224 4237 2328 4291 lem
2373 4234 2502 4288 facit
2540 4235 2844 4289 scientibus
2876 4233 3044 4287 Deum
3074 4250 3199 4288 esse
3219 4236 3431 4303 justum,
3454 4232 3556 4301 quia
3587 4230 3695 4297 judi-

2222 4329 2365 4381 cium
2400 4326 2524 4380 erit.
2570 4324 2634 4378 Et
2668 4324 2854 4379 Simon
2887 4344 2900 4380 :
2938 4325 3051 4379 Cur
3080 4342 3209 4396 ergo
3252 4326 3372 4378 mihi
3402 4340 3492 4377 non
3525 4334 3693 4391 persua-

2220 4419 2419 4473 detur?
2445 4416 2643 4472 Petrus
2667 4437 2678 4471 :
2712 4416 2848 4483 Quia
2876 4432 3065 4470 verum
3101 4418 3402 4487 prophetam
3434 4431 3520 4467 non
3547 4409 3691 4464 audisti

534 4526 608 4563 ex
640 4525 796 4580 aequo
818 4510 986 4579 justis
1013 4519 1069 4566 et
1100 4511 1323 4581 injustis
1355 4514 1596 4582 pra'bere
1619 4513 1687 4575 ’⁷,
1714 4511 1808 4568 sed
1838 4513 1943 4566 hoc
1968 4515 2115 4567 vide-
2152 4497 2193 4551 ί)
2226 4512 2496 4564 dicentem
2532 4524 2546 4560 :
2598 4509 2831 4575 Quwrite
2884 4510 3055 4577 primo
3096 4509 3354 4577 justitiam
3404 4506 3517 4573 ejus,
3551 4510 3589 4554 et
3616 4500 3692 4550 lar:

542 4612 697 4657 retur
736 4602 1024 4671 injustum,
1058 4604 1104 4657 si
1131 4604 1306 4659 bonos
1354 4606 1637 4675 malosque
1677 4607 1872 4675 aequali
1904 4622 2117 4675 semper

540 4707 692 4749 sorte
732 4705 1001 4759 censeret,
1051 4705 1106 4749 et
1147 4698 1255 4751 nisi
1296 4696 1513 4766 frugum
1551 4712 1717 4749 causa
1750 4697 1853 4750 hoc
1890 4696 2114 4759 faceret,

534 4788 745 4857 quibus
775 4788 983 4859 perfrui
1013 4790 1295 4859 azqualiter
1325 4805 1517 4843 omnes
1560 4790 1653 4858 qui
1690 4791 1741 4842 in
1776 4790 1878 4843 hoc
1914 4790 2117 4844 mundo

542 4882 654 4934 uati
688 4889 843 4945 sunt,
877 4882 1214 4936 conveniret.
1270 4880 1378 4935 Sed
1409 4882 1549 4935 sicut
1581 4881 1706 4934 data
1742 4894 1770 4932 a
1800 4878 1909 4934 Deo
1936 4880 2116 4949 pluvia

534 4987 606 5026 ex
647 4987 803 5042 aequo
839 4982 894 5027 et
933 4972 1118 5042 fruges
1162 4972 1336 5026 nutrit
1366 4979 1420 5025 et
1450 4972 1661 5035 lolium,
1707 4972 1904 5027 messis
1934 4980 2115 5027 autem

537 5073 785 5134 tempore.
829 5064 1102 5119 frumenta
1151 5066 1369 5134 quidem
1429 5072 1833 5134 congregantur
1886 5064 1937 5117 in
1988 5065 2119 5118 bor-

540 5172 717 5221 reum,
750 5156 920 5226 palea:
948 5172 1078 5209 vero
1102 5158 1185 5210 vel
1230 5157 1415 5212 lolium
1465 5156 1576 5225 igni
1618 5163 2020 5210 consumuntur
2040 5156 2113 5209 ":

541 5252 616 5303 ita
658 5251 711 5303 in
747 5251 836 5305 die
872 5250 1069 5319 judicii
1124 5266 1247 5303 cum
1298 5250 1432 5318 justi
1476 5250 1897 5303 introducentur
1940 5250 1992 5302 in
2032 5264 2117 5302 re-

540 5361 705 5414 gnum
744 5344 860 5409 Dei,
916 5346 1102 5413 injusti
1150 5352 1331 5398 autem
1380 5343 1712 5413 abjicientur
1760 5344 1942 5405 foras,
1990 5351 2119 5395 tunc

534 5435 704 5486 etiam
731 5434 947 5501 justitia
974 5434 1066 5487 Dei
1099 5435 1441 5489 ostendetur.
1493 5432 1629 5486 Nam
1661 5435 1706 5488 si
1741 5435 1967 5503 aequalis
1996 5448 2120 5503 per-

538 5532 787 5577 maneret
827 5526 1091 5594 perpetuo
1120 5525 1277 5579 malis
1307 5534 1361 5578 et
1391 5522 1581 5582 bonis.
1609 5522 1722 5591 jam
1754 5523 1857 5577 hoc
1886 5539 1995 5576 non
2023 5538 2117 5577 so-

537 5612 652 5671 lum
686 5617 888 5671 bonum
922 5628 1032 5672 non
1072 5627 1245 5683 esset,
1275 5618 1372 5671 sed
1401 5626 1456 5672 et
1486 5617 1751 5686 injustum
1802 5624 1969 5685 atque
2009 5617 2115 5670 iui-

641 5800 691 5831 “
730 5802 921 5855 Matth.
956 5818 1027 5861 vt,
1055 5802 1145 5854 '53.
1224 5803 1265 5831 "7
1296 5798 1486 5853 Matth.
1519 5815 1571 5863 γ,
1609 5798 1694 5852 45.

1776 5798 1818 5825 9“
1848 5796 2036 5849 Matth.
2078 5811 2154 5861 ut,
2190 5794 2271 5847 1‘2.

2226 4604 2404 4656 omnia
2446 4612 2774 4672 opponentur
2816 4601 2958 4654 vobis
2981 4602 3045 4654 θ’.
3081 4600 3147 4653 Et
3179 4600 3388 4653 Simon:
3417 4595 3610 4663 lndulge,
3633 4592 3690 4642 in-

2221 4694 2359 4761 quit,
2404 4692 2535 4746 mihi
2576 4691 2777 4746 nolenti
2823 4692 3000 4761 primo
3036 4691 3299 4760 justitiam
3337 4688 3689 4759 qua:rere,anlc-

2220 4800 2383 4852 quam
2423 4784 2594 4839 sciam
2641 4785 2685 4839 si
2724 4785 3051 4837 immortalis
3096 4784 3165 4836 sit
3212 4783 3397 4835 anima.
3450 4777 3503 4830 Et
3524 4775 3683 4829 Petrus:

2222 4876 2287 4929 lit
2311 4886 2366 4930 tu
2398 4877 2531 4930 mihi
2565 4876 2667 4930 hoc
2698 4892 2863 4929 unum
2900 4876 3140 4945 indulge,
3169 4874 3287 4943 quia
3317 4888 3411 4925 non
3434 4880 3608 4939 possum
3634 4866 3685 4913 fa-

2220 4981 2346 5021 cere
2396 4968 2555 5020 aliter
2591 4982 2756 5035 quam
2807 4981 2891 5019 me
2943 4965 3204 5034 propheta
3257 4961 3471 5015 veritatis
3510 4951 3681 5007 edocuit.

2222 5058 2361 5113 Tum
2394 5058 2583 5113 Simon
2612 5075 2624 5109 :
2663 5058 2887 5113 Certum
2919 5065 3037 5120 est,
3060 5057 3251 5125 inquit,
3283 5068 3379 5106 non
3408 5062 3539 5120 posse
3560 5054 3599 5097 te
3620 5057 3682 5093 as-

2182 5142 2183 5145 “
2224 5167 2406 5206 serere
2435 5150 2578 5221 quod
2612 5150 2935 5203 immortalis
2971 5148 3039 5202 sit
3070 5149 3265 5207 anima,
3295 5151 3344 5197 et
3374 5143 3434 5195 ob
3462 5140 3543 5191 hoc
3566 5130 3682 5187 cavil-

2223 5245 2379 5308 laris,
2426 5245 2609 5299 sciens
2653 5242 2779 5312 quia
2812 5243 2856 5295 si
2892 5240 3140 5293 mortalis
3194 5238 3448 5307 probetur,
3484 5223 3679 5280 radici"!S

2220 5337 2561 5392 convellatur
2601 5335 2882 5405 religionis
2913 5333 3073 5387 istius
3100 5344 3257 5400 quam
3286 5322 3477 5381 conaris
3502 5320 3679 5371 asserere

2222 5438 2334 5483 ίοίίδ
2374 5427 2681 5498 Ρτοῖεεείος
2732 5435 2787 5480 ct
2835 5425 2957 5479 ideo
3006 5423 3162 5477 laudo
3192 5420 3390 5490 quidem
3419 5406 3674 5498 prudentiam

2222 5494 2393 5584 tuam,
2448 5532 2555 5572 non
2612 5526 2796 5570 tamen
2852 5516 3023 5586 probo
3083 5508 3491 5583 persuasionem;
3543 5494 3675 5594 multis

2221 5613 2367 5667 enim
2409 5609 2710 5683 persuades
2754 5608 3036 5678 suscipere
3083 5602 3380 5673 religionem
3420 5599 3467 5648 et
3498 5581 3672 5642 libidinis

2351 5792 2393 5821 "9
2420 5791 2611 5846 Matth.
2643 5807 2717 5849 vr,
2744 5789 2831 5843 33.
