3806 6304
134 330 257 387 I50!

131 532 322 601 quibus
363 533 570 590 evenit.
612 545 676 586 ut
715 550 889 604 neque
933 533 1283 603 prtesentibus
1332 530 1681 600 perfruantur

131 631 179 676 ct
207 622 556 689 decipiantur
592 622 816 680 fuinris.
859 623 1025 678 Simul
1065 627 1206 678 enim
1239 631 1295 678 ut
1323 625 1515 678 mortui
1563 623 1679 678 fuc-

131 712 258 771 rint,
294 711 458 762 etiam
495 711 682 764 anima
718 714 914 781 pariter
939 714 1330 782 cxstinguetnr.

192 799 349 853 XLII.
398 799 604 856 Petrus
649 818 780 857 vero
824 805 934 858 haec
976 803 1217 866 audiens,
1246 805 1496 858 dentibus
1535 803 1678 862 fren-

129 888 255 942 dens
279 887 633 956 frontemque
662 897 900 964 atterens
930 906 1110 954 manu,
1140 898 1192 944 ct
1215 892 1476 960 profundo
1497 893 1678 946 dolore

131 979 405 1046 suspirans
451 979 529 1029 ait
568 974 832 1046 :,Astutia
884 982 1142 1048 serpentis
1172 982 1374 1049 antiqui
1410 982 1475 1034 ad
1507 980 1679 1032 homi-

128 1083 249 1119 num
279 1067 640 1138 deeipieiidxis
685 1068 892 1121 animas
936 1077 1174 1121 armatus
1216 1070 1448 1131 assistis,
1477 1079 1530 1123 et
1559 1069 1678 1122 ideo

132 1165 182 1208 ut
227 1170 457 1223 serpens
522 1155 829 1222 sapientior
879 1157 1086 1208 ceteris
1141 1157 1347 1219 bestiis,
1403 1159 1468 1210 ab
1526 1158 1678 1210 initio

128 1246 397 1298 doctorem
437 1253 493 1298 te
526 1260 654 1299 esse
692 1246 969 1315 professus
997 1263 1077 1301 es.
1126 1246 1191 1299 Et
1229 1262 1440 1313 rursus,
1479 1256 1537 1299 ιιι
1563 1263 1677 1301 ser-

129 1351 254 1402 pens
295 1335 499 1388 multos
545 1334 896 1389 introducere
937 1335 1065 1388 deos
1102 1337 1340 1400 volebas,
1376 1352 1536 1406 super
1572 1352 1677 1405 quo

129 1425 436 1477 confutatus
463 1425 682 1482 nullum
714 1426 933 1479 omnino
958 1442 1095 1479 nunc
1122 1442 1241 1481 esse
1269 1430 1466 1481 asseris
1489 1427 1674 1481 Deum.

128 1510 253 1562 Nam
293 1527 390 1578 per
417 1513 772 1566 occasionem
803 1514 984 1566 nescio
1009 1513 1165 1580 cujus
1206 1513 1368 1582 ignoti
1400 1513 1512 1576 Dei,
1547 1527 1677 1566 con-

130 1597 350 1651 ditorem
393 1600 589 1652 mundi
625 1599 792 1652 Deum
827 1602 1046 1670 negasti.
1084 1602 1176 1655 sed
1211 1618 1330 1655 eum
1362 1603 1444 1655 vel
1479 1603 1673 1654 malum

131 1703 266 1748 esse,
297 1688 382 1740 vel
422 1689 631 1742 multos
664 1689 862 1743 habere
899 1690 1000 1744 sibi
1036 1691 1286 1758 aequales,
1314 1691 1396 1743 vel
1433 1692 1672 1754 omnino,

1310 326 1855 384 RECOGNITIONUM
1897 329 2022 385 LIB.
2062 329 2142 384 Ill.

133 441 308 496 subire
341 441 776 506 continentiam,
808 445 908 498 sub
934 459 1025 512 spe
1057 443 1356 496 futurorum
1397 442 1676 503 bonorum,
1708 460 1754 514 Α
1850 442 2030 496 XLIV.
2082 443 2146 495 Et
2191 442 2380 497 Petrus
2425 457 2438 493 :

3195 335 3327 389 1509

2488 441 2670 495 Dicam
2720 441 2792 494 ita
2853 448 2909 492 ut
2964 457 3075 510 prae
3119 449 3324 503 caeteris

1779 533 2028 587 omnibus
2055 532 2146 586 tibi
2179 532 2349 602 magis
2378 532 2652 600 probetur.
2688 529 2975 597 Responde
3010 549 3138 603 ergo
3166 536 3321 602 mihi,

1776 622 1902 690 quid
1941 628 2023 676 est
2061 621 2204 690 quod
2252 621 2587 674 incredulum
2631 619 2801 688 magis
2852 621 3078 676 suadere
3124 632 3317 691 potest,

1775 711 1922 764 visus
1969 725 2036 764 an
2076 711 2329 764 auditus?
2364 709 2430 762 Et
2457 708 2640 762 Simon
2667 727 2682 764 :
2713 708 2894 764 Visus.
2927 709 3060 764 Tum
3087 710 3278 766 Petrus
3299 750 3313 764 .

1775 798 2054 864 Quomodo
2089 814 2217 869 ergo
2263 814 2292 851 a
2336 813 2422 852 me
2461 799 2543 851 vis
2569 798 2779 852 discere
2820 799 3004 864 verbo,
3035 801 3178 870 quod
3220 803 3315 855 tibi

1774 904 1832 942 re
1858 890 1970 957 ipsa
1999 890 2254 956 probatur
2283 897 2335 942 et
2357 890 2513 942 visit?
2540 888 2602 940 Et
2631 888 2814 942 Simon
2839 907 2854 943 :
2879 889 3091 954 Nescio,
3121 891 3312 959 inquit,

1777 977 2047 1046 quomodo
2074 979 2244 1032 dicas.
2294 977 2357 1029 Et
2389 977 2578 1030 Petrus
2607 990 2622 1027 :
2653 975 2708 1029 Si
2739 978 2938 1039 nescis,
2970 993 3128 1046 perge
3170 996 3317 1032 nunc

1776 1065 1830 1117 in
1860 1066 2074 1120 domum
2123 1074 2298 1130 tuam,
2341 1076 2394 1121 et
2424 1069 2698 1137 ingressus
2739 1067 2963 1122 interius
3007 1069 3311 1123 cubiculum

1774 1157 1981 1211 videbis
2027 1157 2310 1226 imaginem
2344 1158 2594 1226 positam,
2628 1159 2988 1212 continentem
3019 1161 3172 1228 pueri
3199 1160 3314 1214 vioo

1774 1247 1945 1302 lenter
1984 1248 2158 1302 necati
2205 1247 2428 1317 effigiem
2473 1263 2708 1317 purpura
2759 1257 3085 1317 coopertam,
3137 1251 3312 1320 ipsum

1774 1333 2074 1406 interroga,
2119 1345 2172 1390 et
2211 1337 2423 1391 docebit
2465 1348 2516 1390 te
2550 1338 2632 1390 vel
2673 1339 3023 1406 responsione
3062 1341 3141 1393 vel
3171 1341 3308 1395 visu.

1773 1424 1910 1489 Quid
1947 1426 2088 1478 enim
2129 1440 2264 1494 Opus
2301 1433 2383 1481 est
2424 1426 2612 1480 audire
2645 1427 2713 1479 ab
2735 1441 2800 1480 eo
2827 1428 2873 1481 si
2902 1429 3216 1484 immortalis
3243 1429 3313 1484 sit

1773 1515 1966 1576 anima,
1993 1530 2112 1567 cum
2141 1524 2317 1569 astare
2345 1530 2461 1570 eam
2487 1515 2669 1568 videas
2694 1517 3046 1584 punientem?
3085 1516 3141 1570 Si
3168 1521 3309 1571 enim

1774 1617 1879 1655 non
1923 1610 2085 1665 esset,
2126 1618 2225 1657 nec
2259 1603 2428 1657 videri
2468 1606 2650 1671 utique
2680 1611 2907 1671 poterat.
2951 1603 3102 1668 Quod
3140 1607 3185 1658 si
3217 1621 3312 1658 ne-

1774 1693 1880 1744 scis
1907 1707 2063 1759 quam
2089 1693 2212 1745 dico
2240 1692 2545 1760 imaginem,
2580 1692 2703 1745 hinc
2736 1708 2766 1746 e
2793 1693 3018 1762 vestigio
3041 1708 3160 1747 cum
3189 1695 3310 1748 aliis

134 1787 185 1828 ιιι
207 1777 465 1838 diximus,
504 1793 617 1830 non
654 1794 775 1833 esse
806 1778 967 1831 Deum
995 1779 1372 1832 contirmabas.
1408 1777 1534 1832 Post
1563 1779 1672 1832 haec
1706 1793 1744 1844 Β
1771 1782 1952 1834 decem
1991 1781 2141 1842 viris,
2173 1795 2239 1834 ex
2280 1781 2364 1835 his
2393 1779 2484 1848 qui
2522 1790 2809 1849 praesentes
2847 1792 2992 1844 sunt,
3023 1797 3208 1837 eamus
3242 1784 3308 1837 ad

132 1881 244 1916 cum
270 1866 434 1919 etiam
468 1866 524 1919 in
558 1867 665 1919 hoc
703 1878 986 1935 superatus
1029 1867 1242 1929 fuisses,
1274 1869 1505 1919 animam
1533 1883 1674 1920 nunc

133 1971 406 2008 assem-ras
453 1971 580 2008 esse
628 1957 938 2020 mortalem,
984 1957 1059 2009 uti
1108 1971 1174 2009 ne
1222 1956 1524 2008 futurorum
1582 1971 1675 2024 spe

132 2053 268 2096 recte
298 2044 561 2112 justeque
595 2045 825 2097 vivatur.
858 2045 988 2097 Nam
1023 2047 1208 2114 utique
1246 2047 1290 2099 si
1323 2045 1675 2114 desperantur

136 2135 336 2197 futura,
365 2134 560 2201 quidni
591 2133 637 2186 si
671 2135 978 2187 abscidatur
1019 2134 1408 2194 misericordia,
1454 2136 1674 2189 luxuriae

134 2220 474 2289 indulgeatur
523 2229 578 2274 et
633 2222 1038 2290 voluptatibus,
1101 2237 1162 2275 ex
1219 2223 1412 2292 quibus
1464 2238 1672 2276 omnem

133 2325 453 2379 consurgere
496 2311 824 2377 injustitiam
850 2313 1100 2364 constat?
1121 2310 1185 2364 Et
1223 2325 1344 2364 cum
1377 2319 1537 2365 tantae
1575 2312 1674 2364 im-

136 2401 340 2466 pietatis
364 2401 676 2455 doctrinam
713 2402 920 2454 misera:
954 2402 1077 2455 huic
1125 2403 1432 2458 introducas
1473 2415 1673 2457 morta-

137 2489 256 2540 lium
292 2490 433 2551 vitze,
467 2499 520 2542 te
555 2491 734 2558 ipsum
763 2492 929 2558 pium,
954 2506 1038 2544 me
1067 2491 1287 2559 impium
1314 2508 1490 2553 vocas,
1518 2493 1671 2561 quasi

135 2579 220 2645 qui
248 2578 495 2631 homines
533 2594 642 2630 non
677 2578 848 2630 sinam
883 2577 1108 2645 sub-spe
1142 2577 1439 2630 futurorum
1503 2578 1672 2630 bono-

137 2684 247 2721 rum
277 2684 426 2720 arma
454 2669 734 2737 corripere
759 2675 812 2721 et
840 2671 1152 2736 impugnare
1175 2683 1233 2721 se
1262 2668 1510 2729 invicem,
1542 2668 1673 2720 diri-

137 2773 256 2825 pere
293 2773 356 2811 ac
389 2759 711 2811 subvertere
753 2757 998 2810 universa
1035 2764 1087 2810 et
1122 2758 1297 2811 moliri
1340 2759 1516 2809 omnia
1555 2773 1672 2826 qum

139 2847 296 2900 libido
323 2847 631 2900 dictaverit.
687 2844 751 2899 Et
773 2845 892 2913 quis
921 2846 1023 2899 erit
1055 2847 1170 2899 istae
1207 2846 1330 2897 vitae
1358 2853 1546 2907 status,
1577 2846 1671 2914 qui

137 2943 252 2990 ate
300 2937 692 3000 introducitur,
737 2942 795 2988 ut
839 2943 1072 3004 pugnent
1120 2935 1362 2988 homines
1401 2944 1451 2987 et
1501 2934 1670 3002 impu-

138 3034 379 3093 gnentnr,
405 3034 466 3078 ut
498 3028 804 3079 irascantur
827 3033 879 3078 et
903 3027 1274 3092 perturbentur
1301 3032 1352 3078 et
1381 3038 1590 3090 semper
1616 3023 1668 3075 in

1775 1870 1992 1922 domum
2027 1877 2194 1924 tuam.

1845 1958 1998 2014 XLV.
2040 1961 2106 2012 At
2135 1959 2317 2014 Simon
2347 1960 2459 2013 haec
2485 1960 2708 2015 audiens
2736 1969 2789 2014 et
2818 1963 3148 2016 conscientia
3180 1977 3305 2031 per-

1774 2065 1988 2111 cussus,
2031 2051 2211 2104 colore
2252 2058 2457 2103 mutato
2492 2052 2780 2118 exsanguis
2815 2051 3037 2106 effectus
3069 2058 3182 2117 est;
3215 2068 3308 2106 ex-

1773 2137 1951 2188 timuit
2010 2137 2152 2190 enim
2220 2151 2288 2189 ne
2336 2135 2473 2188 forte
2520 2137 2565 2189 si
2615 2144 2834 2205 negaret
2882 2147 3308 2206 perscrutaretur

1771 2228 1963 2279 domus
2007 2226 2145 2292 ejus,
2191 2235 2282 2279 aut
2320 2241 2386 2279 ne
2429 2226 2714 2296 indignans
2733 2226 2928 2282 Petrus
2967 2229 3307 2286 manifestius

1771 2331 1892 2369 eum
1923 2314 2198 2384 proderet,
2225 2323 2278 2368 et
2306 2315 2557 2371 omnibus
2584 2317 2708 2384 quis
2749 2327 2893 2371 esset
2921 2318 3301 2381 innotesceret,

1773 2407 1842 2458 ita
1875 2405 2148 2474 respondit
2179 2424 2194 2460 :
2225 2403 2460 2460 Obsecro
2492 2413 2570 2469 te,
2594 2405 2770 2472 Petre,
2803 2423 2898 2476 per
2923 2408 3072 2462 illum
3105 2409 3304 2462 bonum

1770 2490 1935 2545 Deum
1964 2492 2054 2560 qui
2084 2492 2137 2546 in
2164 2498 2217 2546 te
2245 2501 2349 2554 est,
2382 2500 2442 2546 ut
2473 2493 2663 2547 vincas
2701 2494 2954 2547 malitiam
2985 2509 3105 2563 quae
3137 2497 3193 2548 in
3221 2501 3308 2550 nt

1769 2587 1872 2641 est,
1905 2582 2122 2650 suscipe
2158 2595 2242 2634 me
2268 2582 2332 2635 ad
2365 2583 2734 2651 paenitentiam
2765 2591 2818 2637 et
2847 2583 3068 2638 habebis
3093 2599 3180 2638 me
3208 2585 3307 2638 ad-

1769 2667 2002 2735 iutorem
2029 2668 2428 2738 praedicationis
2467 2680 2589 2725 tuae.
2642 2669 2797 2725 Nunc
2822 2673 2965 2726 enim
2992 2687 3117 2727 vere
3143 2673 3305 2728 rebus

1771 2759 1904 2828 ipsis
1935 2759 2118 2824 didici,
2145 2761 2270 2829 quia
2303 2760 2396 2815 Dei
2430 2763 2541 2816 veri
2570 2763 2828 2831 pr0pbeta
2857 2778 2949 2827 es,
2978 2771 3032 2817 et
3071 2764 3192 2819 ideo
3219 2781 3306 2819 se-

1769 2853 1916 2900 creta
1958 2847 2232 2900 hominum
2267 2849 2415 2902 solus
2454 2855 2612 2918 atque
2655 2863 2850 2903 arcana
2888 2850 3192 2918 cognoscis.
3240 2850 3305 2904 Et

1768 2932 1959 2990 Petrus
1988 2936 2061 2989 ait
2099 2953 2110 2987 :
2148 2935 2610 3000 Videtis,fratres,
2641 2937 2910 2992 Simonem
2938 2940 3301 3007 pmnitentiam

1771 3032 2112 3091 quaerentem,
2146 3027 2308 3095 paulo
2336 3036 2456 3096 post
2482 3027 2731 3083 videbitis
2756 3042 2876 3081 eum
2902 3043 3092 3082 rursus
3119 3029 3185 3082 ad
3217 3030 3304 3082 inc

138 3090 273 3166 metu
302 3090 527 3167 vivant?
556 3114 786 3168 Necesse
821 3090 916 3167 est
941 3114 1080 3166 cnim
1113 3127 1206 3167 eos
1233 3113 1324 3181 qui
1371 3112 1492 3165 aliis
1534 3109 1668 3165 infe—
1695 3090 1736 3148 ο
1769 3111 2072 3168 fidelitatem
2110 3129 2260 3169 suam
2301 3120 2514 3171 reverti.
2546 3116 2750 3173 Putans
2783 3118 2926 3171 enim
2957 3133 3042 3172 me
3069 3119 3302 3188 prophe-

139 3212 257 3254 rnnt
294 3205 432 3257 mala
464 3204 630 3257 etiam
674 3204 819 3270 ipsos
849 3217 1063 3270 sperare
1095 3203 1310 3256 similia.
1354 3199 1587 3253 Videsne
1619 3209 1669 3254 te

138 3291 320 3345 ducem
369 3294 797 3362 perturbationis
841 3301 892 3346 et
934 3308 1039 3347 non
1079 3293 1247 3362 pacis,
1283 3292 1580 3360 iniquitatis
1617 3298 1668 3343 et

138 3399 238 3437 non
273 3387 548 3454 aequitatis
583 3383 853 3437 existere?
880 3382 1073 3436 Verum
1099 3399 1216 3452 ego,
1250 3397 1354 3436 non
1392 3383 1544 3450 quasi
1575 3382 1666 3451 qui

137 3478 416 3529 ostendere
463 3491 572 3529 non
618 3475 816 3542 possim
865 3474 1214 3527 immortalem
1253 3488 1372 3526 esse
1414 3474 1665 3534 animam,

139 3567 378 3618 simulavi
426 3565 787 3629 iracundiam,
834 3564 926 3617 sed
969 3565 1221 3617 misereor
1269 3565 1546 3618 animabus
1573 3564 1669 3614 lio-

138 3657 354 3712 minum.
387 3671 527 3723 quas
555 3662 614 3705 tu
644 3652 886 3720 decipere
915 3653 1148 3706 conaris.
1184 3651 1362 3704 Dicam
1399 3667 1545 3721 ergo,
1576 3652 1665 3705 sed

139 3761 236 3796 non
274 3749 428 3814 quasi
471 3751 524 3796 te
563 3749 815 3809 cogente;
851 3741 964 3794 scio
1003 3741 1142 3794 enim
1176 3741 1442 3808 quomodo
1467 3740 1665 3801 dicam,

135 3840 184 3882 cf.
210 3834 357 3886 solus
387 3833 499 3884 eris
528 3831 618 3896 qui
657 3829 722 3880 de
753 3829 851 3880 hoc
878 3842 983 3879 non
1019 3835 1124 3879 tam
1157 3829 1503 3897 persuasione
1531 3827 1668 3881 indi-

137 3937 277 3988 geas,
317 3936 481 3990 quam
545 3917 995 3981 commonitione;
1047 3932 1140 3970 eos
1186 3926 1358 3971 autem
1405 3917 1506 3970 hoc
1577 3919 1668 3986 qui

134 4025 252 4064 vere
281 4011 558 4081 ignorant,
589 4005 790 4058 dorebo
817 4015 872 4057 ut
893 4007 1156 4059 convenit.

197 4099 377 4153 XLIII.
421 4097 561 4151 Tum
596 4095 778 4171 Simon
805 4114 818 4147 :
845 4093 898 4147 Si
931 4095 1199 4157 irasceris,
1227 4095 1418 4164 inquit,
1446 4111 1550 4148 non
1582 4095 1668 4148 in-

135 4193 416 4260 terrogabo
445 4205 551 4244 nec
582 4187 765 4240 audire
791 4188 931 4240 volo.
963 4186 1026 4239 Et
1046 4185 1234 4241 Petrus
1258 4203 1272 4238 :
1297 4185 1374 4239 Tn
1409 4185 1666 4254 siquidem

135 4295 274 4334 nunc
317 4281 664 4336 occasionem
697 4279 890 4348 quzeris
916 4277 1374 4347 subterfugiendi;
1409 4279 1572 4332 babes
1605 4279 1668 4330 li-

135 4374 382 4435 centiam,
449 4381 504 4426 et
561 4371 678 4425 sine
722 4371 1004 4425 occasione
1065 4369 1399 4437 cujusquam.
1467 4367 1660 4422 Omnes
1693 4395 1734 4448 ο

133 4463 271 4516 enim
322 4463 616 4516 audierunt
662 4469 715 4515 te
760 4461 895 4513 nihil
937 4467 1080 4514 recte
1117 4459 1400 4519 dicentem,
1441 4473 1540 4512 nec
1569 4473 1663 4527 po-

134 4553 296 4607 tuisse
327 4553 532 4621 aliquid
565 4549 900 4615 confirmare,
931 4548 1115 4614 sedob
1144 4549 1241 4600 hoc
1263 4555 1466 4604 tantum
1501 4549 1661 4603 inter-

132 4657 349 4706 rogasse
375 4651 434 4695 ut
459 4641 875 4699 contradiceres,
902 4639 1041 4706 quod
1064 4637 1238 4705 quivis
1268 4638 1438 4690 facere
1470 4646 1660 4706 potest.

134 4731 267 4795 Quid
308 4732 453 4786 enim
519 4728 727 4783 difficile
762 4736 844 4781 est
887 4736 1005 4795 post
1037 4726 1305 4779 evidentes
1343 4727 1664 4781 assertiones

135 4821 480 4888 respondere,
517 4819 647 4870 nihil
674 4817 873 4869 dixisti.
907 4815 972 4868 Ut
1005 4823 1177 4866 autem
1212 4813 1352 4866 scias
1383 4815 1506 4881 quia
1542 4830 1664 4882 pos-

137 4923 250 4960 sum
280 4909 374 4962 tibi
406 4924 513 4963 uno
544 4919 789 4961 sermone
831 4905 1128 4963 ostendere,
1159 4902 1296 4969 quod
1347 4903 1663 4958 immortalis

130 5005 216 5050 est
244 4999 442 5058 anima,
474 4995 815 5064 interrogabo
847 5002 906 5047 te
927 4992 1139 5046 verbum
1172 4991 1308 5058 quod
1349 5006 1536 5044 omnes
1564 5007 1662 5044 no-

138 5095 283 5158 runt,
330 5085 601 5156 responde
628 5083 778 5141 mihi,
806 5089 858 5136 ct
889 5096 994 5134 uno
1023 5094 1263 5134 sermone
1308 5080 1659 5134 immortalem

1765 3212 1874 3258 tam
1907 3201 2048 3269 esse,
2075 3221 2174 3274 pro
2199 3222 2261 3261 eo
2293 3207 2433 3277 quod
2465 3208 2728 3277 publicavi
2758 3209 2898 3262 mala
2929 3208 3068 3276 ejus,
3103 3225 3221 3278 quite
3249 3211 3302 3262 in

1765 3294 1990 3349 secretis
2037 3295 2264 3350 habebat
2311 3308 2364 3352 et
2410 3298 2463 3350 in
2507 3297 2768 3360 occultis,
2827 3299 3196 3366 pmnitentiam
3245 3315 3304 3354 se

1767 3389 2010 3436 acturum
2056 3385 2336 3453 promisit;
2370 3399 2456 3439 me
2484 3393 2660 3440 autem
2708 3387 2922 3440 mentiri
2957 3387 3036 3442 fas
3063 3404 3167 3441 non
3197 3397 3298 3450 est,

1764 3487 1940 3540 neque
1981 3483 2040 3526 ut
2087 3473 2319 3527 infidelis
2359 3473 2447 3526 hic
2479 3474 2716 3527 salvetur
2757 3481 2850 3526 aut
2891 3490 2996 3528 non
3039 3478 3298 3540 salvetur,

1761 3573 1862 3628 ego
1905 3560 2088 3614 fallere
2132 3560 2320 3615 debeo.
2363 3560 2554 3614 Testor
2591 3562 2734 3616 enim
2773 3562 2968 3615 caelum
2995 3573 3047 3618 et
3075 3573 3298 3629 terram,

1765 3649 1889 3716 quia
1922 3664 2027 3703 non
2049 3649 2356 3718 prophetice
2382 3650 2522 3714 dixi,
2550 3666 2670 3719 quae
2699 3651 2807 3704 dixi
2841 3653 2925 3705 vel
2963 3669 3102 3721 quae,
3128 3656 3299 3723 quan-

1764 3745 1875 3791 tum
1903 3739 2155 3806 possibile
2186 3748 2320 3802 erat,
2350 3739 2524 3795 turbis
2553 3741 2892 3796 audientibus
2921 3743 3172 3807 iudicavi,
3203 3746 3296 3798 sed

1766 3843 1796 3880 a
1823 3829 2142 3897 quibusdam
2175 3831 2263 3899 qui
2304 3837 2433 3884 tunc
2461 3831 2507 3884 ei
2538 3831 2672 3886 socii
2711 3831 2923 3885 fuerant
2961 3835 3014 3886 in
3043 3837 3298 3902 operibus

1766 3919 1900 3983 suis,
1931 3929 2280 3976 nunc-autem
2317 3923 2563 3978 conversi
2593 3932 2719 3978 sunt
2747 3923 2812 3976 ad
2847 3923 3003 3977 fidem
3035 3933 3295 3989 nostram,

1764 4008 1888 4077 quid
1915 4009 1962 4063 ei
1991 4010 2045 4063 in
2073 4018 2277 4064 secreto
2315 4019 2518 4081 gestum
2549 4013 2638 4077 sit,
2667 4012 2861 4079 didici;
2908 4016 3121 4084 cognita
3166 4031 3296 4084 ergo

1765 4113 1873 4152 non
1903 4101 2225 4168 praecognita
2258 4100 2471 4156 locutus
2503 4117 2643 4156 sum.
3337 4093 3341 4096 ’

1834 4186 2015 4240 XLVI.
2059 4187 2243 4243 Simon
2273 4205 2398 4244 vero
2428 4199 2487 4244 ut
2515 4192 2625 4246 haec
2652 4192 2854 4246 audivit
2887 4194 3186 4248 maledictis
3211 4194 3298 4249 his

1764 4282 1818 4328 et
1859 4277 2120 4332 conviciis
2167 4278 2469 4346 aggreditur
2493 4279 2730 4345 Petrum,
2773 4262 2998 4335 dicens:
3037 4282 3082 4337 Ο
3111 4283 3297 4337 nefan-

1765 4364 1986 4419 dissime
2017 4366 2255 4419 omnium
2287 4373 2340 4420 et
2367 4367 2734 4433 dolosissime,
2760 4369 2846 4420 cui
2871 4369 3152 4422 victoriam
3188 4370 3298 4422 for-

1762 4460 1913 4517 tuna,
1941 4468 2049 4507 non
2076 4455 2274 4509 veritas
2302 4457 2469 4512 dedit.
2499 4456 2695 4512 Verum
2725 4471 2822 4525 ego
2860 4472 2967 4509 non
2998 4473 3096 4526 pro
3127 4473 3298 4526 penn-

1764 4545 1842 4597 ria
1879 4544 2116 4598 scientia:
2155 4547 2521 4613 paenitentiam
2561 4547 2716 4617 petii,
2762 4547 2852 4598 sed
2885 4553 2944 4597 ut
2988 4555 3076 4609 ιιι,
3108 4556 3302 4615 putans

1762 4645 1962 4699 meper
1999 4632 2364 4699 paenitentiam
2406 4635 2729 4704 discipulum
2769 4639 2920 4683 tuum
2959 4630 3096 4692 fore,
3125 4635 3300 4686 omnia

1762 4729 1966 4771 secreta
2008 4718 2362 4786 professionis
2405 4729 2510 4775 tuae
2545 4717 2900 4775 concrederes
2948 4719 3106 4775 mihi.
3136 4727 3197 4772 ut
3232 4721 3305 4772 ita

1762 4807 1970 4860 demum
2001 4815 2052 4861 te
2078 4809 2287 4863 cunctis
2317 4811 2513 4878 agnitis
2540 4808 2903 4864 eonfutarem.
2934 4803 3046 4859 Sed
3078 4818 3136 4860 nt
3163 4807 3312 4859 calli-

1762 4897 1862 4950 dus
1898 4897 2201 4952 intellexisti
2232 4914 2390 4968 quam
2425 4901 2495 4953 ob
2535 4911 2761 4953 causam
2803 4894 3203 4962 paenitudinem
3243 4895 3318 4947 si-

1763 4989 2138 5050 mniassem,et
2157 4989 2470 5056 acquievisti
2493 4997 2756 5057 tanquam
2781 4996 2962 5034 meum
2995 4997 3115 5033 non
3136 4982 3326 5034 intelli.

1761 5093 1892 5146 gens
1922 5076 2124 5140 dolum,
2158 5087 2213 5130 ut
2243 5078 2393 5146 prius
2417 5095 2501 5133 me
2529 5075 2675 5148 apud
2710 5071 2980 5141 populum
3007 5084 3332 5136 exponereS.

1763 5167 1914 5234 quasi
1955 5166 2277 5234 imperitum,
2310 5177 2420 5220 tum
2451 5165 2648 5221 deinde
2690 5157 3044 5230 Ρΐωνίἀειιεν
3073 5153 3221 5220 (ιιιοά
3249 5166 3347 5218 et!“

1763 5257 1836 5308 ita
1874 5256 2070 5324 populo
2114 5257 2392 5323 expositus
2435 5267 2669 5311 necesse
2729 5248 2911 5302 habeo
2959 5241 3258 5309 indignari
3305 5247 3358 5291 ct

1762 5345 2001 5399 confiteri
2028 5360 2113 5399 me
2151 5360 2258 5398 non
2285 5361 2409 5400 vere
2435 5338 2859 5416 pmnitudinem
2889 5343 3141 5401 gerere,
3171 5341 3366 5394 praeve-

1762 5434 1910 5495 nisti,
1963 5443 2018 5486 ut
2061 5433 2269 5486 diceres
2316 5447 2402 5486 me
2442 5433 2506 5485 ad
2556 5423 2969 5483 infidelitatem
3029 5426 3230 5465 meam
3261 5416 3379 5477 post

1761 5521 2124 5589 pmoiteutiam
2154 5533 2541 5589 regressurum,
2572 5522 2641 5566 nt
2671 5507 2839 5563 omni
2867 5519 2934 5557 ex
2967 5505 3167 5596 parte
3195 5507 3390 5547 vicisse

1763 5609 2042 5673 videreris,
2085 5619 2137 5664 et
2181 5609 2223 5663 si
2264 5617 2649 5680 permanerem
2712 5599 2779 5652 in
2835 5591 3206 5664 poenitentia
3236 5595 3398 5651 quam

135 5188 252 5237 esse
275 5176 654 5244 comprobabo.
680 5171 814 5225 Tum
841 5170 1042 5229 Simon,
1070 5168 1158 5235 qui
1183 5167 1290 5233 jam
1320 5171 1661 5223 occasionem

141 5264 238 5317 sibi
277 5266 432 5320 ‘visus
477 5265 649 5318 fuerat
708 5261 972 5315 invenisse
1023 5272 1084 5309 ex
1127 5255 1401 5308 iracundia
1434 5256 1575 5312 Petri
1608 5265 1664 5310 ut

139 5353 450 5417 discederet,
492 5354 687 5408 restitit
725 5367 820 5420 pro
862 5366 925 5404 eo
960 5344 1098 5416 quod
1139 5343 1328 5395 mirum
1367 5343 1416 5396 ci
1459 5347 1661 5414 aliquid

143 5443 560 5506 promittebatur,
590 5450 642 5496 et
672 5441 778 5493 ait:
809 5437 1070 5501 Interroga
1100 5445 1199 5489 me,
1231 5439 1285 5481 ut
1309 5430 1404 5481 tibi
1437 5448 1663 5502 I'CSpml-

145 5528 287 5582 dcam
311 5530 450 5598 quod
485 5544 668 5583 omnes
705 5532 913 5586 norunt,
943 5530 992 5575 et
1021 5517 1225 5570 audiam
1260 5532 1368 5570 uno
1409 5529 1465 5570 ut
1499 5523 1660 5587 polli-

145 5615 274 5667 citus
303 5634 359 5672 es
387 5633 645 5680 sermone,
685 5615 948 5686 quomodo.
975 5606 1148 5659 anima
1193 5606 1524 5662 immortalis
1554 5611 1659 5662 sit?
1703 5674 1718 5680 ι
