3872 6348
496 287 635 342 13θῦ

1386 285 1444 340 S.
1485 280 1878 339 CLEMENTIS
1920 280 1935 331 Ι
1978 277 2149 332 ROM.
2190 273 2393 329 POIxT.
2435 271 2665 329 OPERA
2705 272 2929 327 DUBIA.

3622 273 3744 329 1564

481 401 763 471 professus
815 404 1022 457 fueram
1046 441 1061 463 ,
1108 409 1161 455 et
1207 401 1250 455 si
1299 415 1409 453 non
1461 412 1858 469 permanerem,
1897 403 1958 449 ut
2000 402 2057 445 tu
2089 398 2134 452 Α
2164 390 2335 459 magis
2357 387 2637 443 deﬂendus
2659 395 2743 443 est
2776 386 2989 452 Simon,
3024 387 3171 458 quod
3193 403 3289 442 vas
3338 386 3638 442 electionis
3670 388 3744 440 fa-

480 495 703 563 sapicns
739 496 1075 556 credereris,
1104 493 1194 560 qui
1243 493 1345 545 ista
1381 491 1721 560 prmvideris,
1750 504 1851 558 ego
1878 497 2059 541 autem

478 588 741 657 deceptus
783 588 1017 645 viderer,
1065 586 1193 653 quia
1237 593 1390 637 tuum
1426 600 1535 637 non
1577 581 1801 652 pmvidi
1841 580 2058 644 dolum;

478 687 537 732 tu
570 695 701 733 vero
743 694 921 732 meum
957 678 1295 746 prinvidens,
1328 676 1630 729 calliditate
1660 690 1794 729 usus
1821 674 2060 727 circum—

477 772 746 839 scripsisti
777 786 882 822 me.
911 768 1042 834 Sed,
1076 777 1134 822 ut
1164 770 1299 830 dixi,
1333 769 1563 822 fortunae
1588 776 1692 830 est,
1728 783 1835 821 non
1861 766 2059 821 verita-

474 866 547 917 tis
582 865 685 917 ista
714 863 939 915 victoria
961 904 974 926 ,
1014 862 1131 915 scio
1167 871 1347 915 tamen
1386 876 1487 914 cur
1512 876 1613 930 ego
1649 860 1754 915 ista
1784 876 1891 913 non
1921 874 2059 929 pra:-

474 956 723 1019 viderim,
761 955 889 1024 quia
938 963 1126 1009 astans
1170 954 1385 1009 locutus
1420 969 1542 1006 sum
1589 954 1685 1007 tibi
1719 968 1813 1021 per
1844 952 2059 1007 bonita-

473 1056 580 1100 tem
611 1061 808 1107 meam,
833 1054 887 1100 et
911 1046 1181 1111 patienter
1211 1046 1293 1113 egi
1323 1055 1523 1098 tecum.
1555 1042 1711 1097 Nunc
1742 1053 1923 1097 autem
1959 1043 2056 1095 tibi

471 1136 760 1191 ostendam
808 1137 1113 1192 divinitatis
1165 1152 1298 1190 mea:
1349 1138 1682 1207 potentiam,
1736 1143 1795 1189 ut
1836 1144 2058 1204 repente

470 1227 731 1297 procidas
767 1235 821 1282 et
854 1227 1051 1281 adores
1082 1242 1187 1280 me.

541 1316 747 1371 XLVII.
781 1317 894 1387 Ego
923 1332 1043 1371 sum
1066 1318 1238 1384 prima
1275 1315 1473 1378 virtus,
1501 1316 1594 1382 qui
1622 1328 1839 1382 semper
1860 1319 1914 1367 et
1937 1311 2056 1366 sine

471 1409 628 1463 initio
671 1425 813 1465 sum.
852 1407 1139 1479 Ingressus
1170 1414 1349 1461 autem
1377 1419 1591 1461 uterum
1633 1406 1861 1463 Rachel,
1893 1414 2055 1458 natus

470 1515 595 1553 smn
631 1508 689 1553 ut
722 1499 882 1552 homo
911 1514 975 1552 ex
1005 1513 1089 1559 ea,
1126 1512 1235 1566 quo
1266 1498 1333 1549 ab
1359 1496 1677 1550 hominibus
1714 1495 1885 1549 videri
1926 1510 2055 1563 pos-

468 1606 623 1656 sem;
668 1606 769 1659 ego
801 1606 897 1659 per
923 1604 1103 1643 aerem
1150 1589 1346 1648 volavi.
1383 1588 1493 1658 igni
1526 1587 1848 1640 commistus
1881 1602 2051 1639 unum

468 1697 673 1751 corpus
715 1681 941 1736 effectus
977 1697 1128 1747 sum,
1165 1689 1381 1736 statuas
1414 1680 1620 1734 moveri
1664 1679 1791 1741 feci,
1816 1680 2053 1731 animavi

2164 488 2286 531 ctus
2316 488 2400 532 est
2457 479 2735 548 maligno;
2793 478 2937 546 quod
2998 480 3184 547 utique
3226 493 3336 531 non
3375 476 3606 540 fuisset,
3647 478 3749 533 nisi

2162 576 2487 637 potestatem
2522 570 2577 622 in
2608 584 2732 623 eum
2758 584 2858 638 pro
2891 569 3133 637 peccatis
3174 568 3462 638 prioribus
3506 569 3754 637 accepis-

2164 668 2266 714 set.
2301 658 2436 713 Nam
2470 660 2597 713 inde
2616 660 2746 729 quid
2771 660 2975 714 dicam.
2995 660 3137 729 quod
3176 668 3229 714 et
3247 659 3380 715 Jesu
3414 667 3615 714 nostro
3634 675 3753 715 cn:-

2161 750 2375 805 diderat
2404 756 2443 814 ¹,
2469 760 2524 805 et
2559 751 2706 820 quod
2734 752 3071 806 immortales
3099 768 3222 806 esse
3242 752 3460 805 animas
3493 750 3605 803 sibi
3640 752 3753 818 ipse

2161 843 2469 911 persuasit?
2498 843 2759 908 Quamvis
2800 843 2854 897 in
2908 858 2974 897 eo
3021 842 3239 896 ludatur
3284 858 3314 894 a
3363 842 3753 905 daemonibus,

2160 944 2343 988 tamen
2379 936 2655 1005 persuasit
2710 936 2839 998 sibi,
2898 936 3043 1005 quod
3076 936 3227 1004 pueri
3261 935 3542 989 violenter
3569 936 3754 987 necati

2162 1025 2359 1079 habeat
2403 1027 2642 1079 animam
2698 1027 3100 1081 ministrantem
3144 1026 3248 1080 sibi
3289 1026 3357 1079 ad
3402 1041 3755 1095 quacunque

2158 1118 2429 1183 voluerit;
2464 1118 2518 1171 in
2550 1133 2660 1188 quo
2692 1134 2836 1180 vere,
2869 1127 2928 1171 ut
2960 1119 3093 1176 dixi.
3124 1135 3154 1170 a
3179 1118 3531 1172 dazmonibus
3564 1117 3753 1171 illudi-

2158 1216 2267 1263 tur.
2314 1208 2379 1261 Et
2408 1209 2529 1264 ideo
2560 1226 2661 1279 ego
2694 1209 3001 1264 secundum
3036 1226 3097 1264 ea
3122 1225 3244 1278 qua:
3271 1211 3374 1279 ipsi
3418 1210 3756 1263 videbantur

2159 1298 2375 1354 locutus
2400 1316 2518 1355 sum
2550 1302 2615 1355 ad
2639 1318 2799 1368 eum;
2828 1318 2952 1355 nam
2984 1310 3038 1356 et
3070 1317 3098 1354 a
3120 1300 3323 1356 Juilzeis
3347 1302 3571 1364 didicit,
3622 1301 3751 1370 quia

2159 1392 2229 1446 sit
2254 1392 2523 1460 judicium
2549 1402 2603 1446 et
2634 1396 2770 1448 ultio
2801 1394 3127 1463 proferenda
3159 1396 3455 1449 adversum
3500 1410 3622 1453 eos.
3657 1395 3750 1463 qui

2157 1492 2352 1537 contra
2394 1501 2578 1538 veram
2623 1485 2781 1539 fidem
2818 1488 3045 1541 veniunt
3081 1504 3181 1541 nec
3217 1488 3629 1557 pmnitudinem
3659 1503 3753 1555 ge-

2158 1583 2314 1641 runt;
2363 1577 2458 1631 sed
2491 1577 2579 1631 isti
2613 1589 2741 1633 sunt
2770 1579 2971 1647 quibus
2995 1581 3269 1649 malignus
3298 1589 3564 1649 tanquam
3613 1595 3752 1648 per-

2156 1664 2313 1721 fectis
2366 1668 2417 1719 in
2449 1669 2748 1723 sceleribus
2793 1680 3041 1739 apparet,
3099 1680 3162 1723 ut
3209 1671 3455 1740 decipiat
3500 1685 3629 1735 eos,
3682 1686 3754 1725 ne

468 1776 744 1838 exanima,
776 1775 987 1845 lapides
1021 1790 1187 1843 panes
1220 1775 1343 1836 feci,
1382 1776 1451 1830 de
1482 1781 1668 1829 monte
1709 1775 1763 1827 in
1810 1760 2049 1826 montem
2085 1773 2126 1827 B
2156 1760 2450 1829 aliquando
2475 1761 2540 1813 δά
2561 1763 2939 1830 Ρωηίιαηίίῖιηι
2973 1770 3387 1815 convertamur-

469 1870 669 1929 volavi,
705 1868 1056 1929 transmcavi,
1083 1867 1334 1921 manibus
1369 1868 1684 1937 angelorum
1716 1872 2056 1920 sustentatus

469 1961 540 2014 ad
572 1971 748 2014 terras
775 1959 1050 2015 descendi.
1087 1959 1211 2014 llaec
1230 1974 1337 2013 non
1363 1961 1539 2011 solum
1562 1960 1685 2022 feci,
1709 1959 1803 2013 sed
1835 1967 1886 2011 et
1911 1971 2056 2009 nunc

471 2050 650 2103 facere
671 2063 914 2118 possum,
940 2058 997 2102 ut
1026 2050 1189 2105 rebus
1218 2050 1353 2119 ipsis
1384 2051 1604 2119 probem
1634 2050 1911 2111 omnibus,
1930 2049 2055 2117 quia

466 2155 573 2209 ego
610 2157 731 2195 sum
765 2138 932 2193 Filius
966 2139 1058 2193 Dei
1088 2148 1243 2195 stans
1272 2141 1326 2193 in
1357 2150 1646 2202 aeternum,
1691 2151 1745 2193 et
1768 2140 2057 2193 credentes

470 2230 608 2285 mibi
641 2231 892 2285 similiter
923 2240 1069 2285 stare
1099 2231 1154 2284 in
1185 2238 1510 2300 perpetuum
1540 2230 1736 2285 faciam
1772 2229 1906 2300 (92).
1941 2228 2055 2281 Tua

471 2332 655 2377 autem
677 2324 841 2377 verba
872 2338 1009 2376 vana
1042 2331 1171 2377 sunt
1189 2325 1395 2386 omnia,
1423 2339 1524 2378 nec
1555 2324 1722 2377 ullum
1744 2331 1895 2392 potes
1918 2338 2056 2391 opus

468 2416 761 2471 ostendere
802 2417 1070 2472 veritatis.
1104 2417 1247 2471 sicut
1274 2426 1326 2471 et
1348 2418 1437 2472 ille
1464 2420 1556 2487 qui
1584 2418 1733 2471 misit
1760 2426 1812 2470 to
1842 2432 2053 2486 magns.

467 2510 562 2579 qui
596 2524 695 2561 nec
720 2524 779 2561 se
811 2510 985 2576 ipsum
1020 2509 1195 2577 potuit
1228 2510 1460 2564 liberare
1488 2512 1555 2564 de
1585 2509 1768 2564 crucis
1805 2524 1985 2577 poena.

545 2599 775 2655 XLVIII.
813 2599 907 2654 llis
938 2600 1102 2655 dictis
1130 2616 1160 2653 a
1196 2599 1437 2665 Simone,
1475 2600 1672 2656 Petrus
1723 2601 2006 2671 respondit
2041 2620 2053 2655 ε

472 2690 553 2746 Ne
587 2708 725 2761 agas
756 2692 959 2755 aliena,
993 2699 1050 2745 tu
1085 2692 1233 2746 enim
1260 2693 1408 2762 quod
1449 2693 1526 2748 sis
1560 2709 1756 2763 magus
1806 2708 1869 2748 ex
1924 2692 2057 2761 ipsis

471 2800 596 2853 qua:
625 2784 870 2853 gessisti,
904 2782 1197 2838 confessus
1229 2799 1290 2838 es
1320 2792 1373 2839 et
1406 2784 1813 2850 manifestatus,
1870 2792 2059 2839 noster

470 2884 658 2929 autem
688 2876 950 2944 magister
981 2876 1075 2944 qui
1111 2884 1199 2930 est
1228 2874 1403 2931 Filius
1439 2875 1532 2930 Dei
1563 2883 1618 2930 et
1652 2875 1915 2938 hominis,
1941 2890 2052 2928 ma-

471 2965 673 3019 nifeste
705 2967 883 3021 bonus
912 2976 1027 3029 est;
1060 2967 1207 3035 quod
1240 2976 1422 3021 autem
1458 2982 1585 3021 vere
1609 2968 1681 3022 sit
1728 2965 1899 3021 Filius
1928 2965 2053 3028 Dei,

468 3056 674 3125 quibus
704 3059 967 3125 oportuit,
1002 3059 1210 3113 dictum
1238 3066 1323 3112 est
1353 3067 1406 3111 et
1432 3058 1665 3112 dicetur.
1695 3056 1774 3110 Tu
1799 3064 1978 3111 autem
2008 3056 2054 3111 si

2229 1851 2292 1907 L.
2325 1852 2437 1905 Vos
2483 1870 2613 1924 ergo
2646 1855 2739 1923 qui
2776 1855 2841 1907 ad
2879 1854 3166 1909 Dominum
3204 1854 3605 1910 convertimini
3652 1871 3749 1925 per

2160 1945 2559 2013 paruitentiam,
2586 1954 2812 2000 curvate
2842 1947 2888 2000 ei
2910 1963 3107 2017 genua.
3145 1946 3271 2000 Ilaec
3298 1962 3427 2000 cum
3472 1947 3731 2002 dixisset.

2159 2035 2336 2089 onmis
2375 2036 2669 2088 multitudo
2691 2052 2865 2104 genua
2899 2038 3047 2091 flexit
3078 2036 3208 2092 Deo.
3240 2036 3307 2092 Et
3338 2037 3541 2092 Petrus
3575 2039 3748 2107 respi-

2161 2127 2316 2181 ciens
2367 2127 2434 2179 ad
2480 2129 2703 2194 corium,
2738 2146 2863 2183 cum
2920 2131 3179 2199 lacrymis
3212 2131 3410 2185 orabat
3440 2147 3611 2199 super
3631 2146 3747 2193 eos.

2161 2225 2220 2270 ut
2254 2217 2395 2272 Deus
2427 2219 2525 2289 pro
2557 2237 2653 2275 sua
2688 2222 2933 2276 bonitate
2968 2222 3250 2292 sdscipere
3292 2238 3393 2277 eos
3424 2221 3747 2292 dignaretur

2159 2309 2539 2384 confugientes
2575 2312 2640 2365 ad
2666 2328 2745 2367 se.
2776 2312 2839 2364 Et
2873 2321 3163 2383 postquam
3195 2315 3376 2367 oravit
3402 2322 3461 2369 et
3487 2315 3747 2385 praecepit

2160 2410 2219 2454 ut
2256 2414 2473 2471 postera
2503 2403 2591 2457 die
2629 2406 2897 2459 maturius
2928 2406 3306 2469 convenirent,
3336 2406 3743 2460 multitudinem

2160 2495 2386 2548 missam
2420 2494 2549 2549 fecit
2581 2496 2718 2566 (95).
2752 2494 2887 2549 Tum
2922 2496 3145 2559 deinde.
3167 2496 3480 2551 secundum
3514 2512 3744 2552 consue-

2162 2585 2430 2648 tudinem,
2456 2585 2580 2639 cibo
2608 2594 2847 2655 sumpto,
2875 2587 3205 2656 quievimus.

2231 2677 2315 2731 LI.
2361 2677 2524 2747 Igitur
2551 2676 2748 2733 Petrus
2782 2680 2947 2733 solita
2988 2679 3171 2735 noctis
3201 2680 3336 2734 bora
3367 2697 3736 2752 consurgens,

2159 2774 2371 2828 invenit
2412 2790 2512 2827 nos
2563 2774 2876 2842 vigilantes,
2912 2782 3121 2829 etcum
3173 2791 3237 2830 ex
3290 2791 3449 2829 more.
3497 2779 3742 2832 salutans

2158 2866 2521 2929 consedisset,
2572 2868 2784 2934 primus
2840 2866 3030 2922 Niceta
3053 2868 3072 2896 ¹
3097 2868 3174 2921 ait
3202 2887 3214 2921 :
3244 2868 3301 2921 Si
3337 2871 3636 2938 permittis,
3669 2874 3739 2924 mi

2159 2959 2379 3013 domine
2410 2958 2587 3023 Petre,
2621 2959 2801 3012 habeo
2832 2960 2979 3027 quod
3016 2975 3223 3029 rogem.
3252 2960 3315 3013 Et
3340 2960 3540 3016 Petrus
3567 2982 3580 3016 :
3614 2962 3742 3017 Per-

2158 3052 2335 3112 mitto,
2354 3050 2557 3119 inquit,
2590 3065 2699 3103 non
2725 3050 2901 3105 solum
2924 3051 3019 3104 tibi
3048 3051 3143 3105 sed
3165 3058 3219 3105 et
3249 3052 3535 3115 omnibus,
3555 3062 3609 3107 et
3632 3070 3740 3107 non

469 3166 581 3203 non
595 3150 938 3204 viscouliteri
961 3149 1105 3220 quod
1125 3165 1318 3220 magus
1342 3165 1424 3212 es,
1449 3164 1573 3203 cum
1601 3151 1748 3206 omni
1772 3150 1873 3203 hac
1896 3151 2055 3204 turba
2083 3116 2125 3173 Ο
2163 3144 2340 3198 solum
2374 3142 2537 3196 modo
2565 3141 2660 3197 sed
2696 3149 2751 3197 et
2796 3158 3035 3211 semper,
3064 3151 3123 3195 ut
3165 3145 3551 3213 unusquisque
3598 3147 3741 3216 quod

468 3249 763 3317 pergamus
781 3242 848 3295 ad
873 3242 1095 3297 domum
1116 3250 1356 3305 tuam,et
1386 3250 1518 3295 tunc
1533 3241 1817 3311 apparebit
1844 3240 1969 3308 quis
1987 3240 2057 3294 sit

469 3353 685 3406 magus;
732 3332 859 3389 Περ
900 3342 1081 3390 autem
1112 3332 1274 3390 Petro
1306 3332 1543 3401 dicente,
1580 3331 1768 3388 Simon
1800 3331 2055 3402 blasphe-

470 3427 600 3480 miis
627 3434 684 3481 et
714 3426 1023 3480 maledictis
1070 3441 1230 3496 agere
1258 3427 1445 3495 cmpit,
1484 3433 1544 3480 ut
1592 3425 1859 3481 seditione
1890 3423 2053 3484 facta,

469 3518 811 3587 perturbatis
862 3517 1121 3573 omnibus
1162 3519 1317 3587 argui
1356 3533 1468 3571 non
1522 3524 1730 3586 posset,
1779 3524 1834 3570 et
1864 3512 2058 3570 Petrus

471 3610 631 3677 quasi
664 3609 1015 3678 blasphemia:
1047 3624 1213 3663 causa
1243 3609 1528 3669 secedens,
1554 3609 1729 3662 victus
1756 3607 2053 3661 videretur.

473 3703 586 3757 Sed
616 3703 859 3771 perstitit
890 3709 945 3756 et
978 3717 1206 3771 arguere
1237 3718 1361 3755 eum
1388 3702 1763 3755 vehementius
1784 3701 1970 3769 carpit.

544 3790 732 3846 XLIX.
764 3791 919 3845 Tunc
966 3793 1202 3861 papulus
1237 3791 1554 3860 indignatus
1584 3788 1863 3844 Simonem
1916 3790 2059 3842 atrio

416 3952 419 3955 Α
468 3882 710 3950 ejectum
748 3889 903 3937 extra
930 3882 1157 3951 januam
1194 3880 1393 3933 domus
1424 3876 1654 3948 pepulit,
1699 3892 1933 3946 eumque
1962 3877 2058 3931 de-

471 3973 695 4043 pulsum
727 3988 871 4027 unus
890 3981 1113 4026 secutus
1141 3978 1223 4025 est
1240 3968 1597 4025 solus.Facto
1626 3978 1808 4023 autem
1840 3969 2059 4023 silentio

469 4059 670 4117 Petrus
702 4063 907 4131 alloqui
950 4062 1209 4131 populum
1246 4061 1349 4114 hoc
1398 4060 1560 4114 modo
1592 4061 1758 4130 cmpit
1793 4080 1806 4114 :
1838 4059 2059 4113 Patien-

471 4162 577 4216 ter,
606 4155 827 4217 fratres,
864 4155 1041 4208 malos
1070 4154 1211 4207 ferre
1242 4152 1727 4215 debetis,scientes
1757 4152 1883 4221 quia
1914 4151 2057 4206 Deus

470 4262 600 4300 cum
656 4247 831 4315 possit
889 4262 984 4299 eos
1034 4244 1320 4310 excidere,
1372 4246 1578 4315 patitur
1629 4252 1810 4297 tamen
1859 4244 2059 4297 durare

474 4352 651 4406 usque
686 4337 751 4391 ad
787 4338 1146 4406 prte'stitutam
1178 4336 1343 4399 diem,
1374 4337 1429 4389 in
1463 4350 1569 4405 qua
1601 4335 1668 4387 de
1688 4333 1942 4388 omnibus
1966 4334 2057 4401 ju-

474 4429 678 4482 dicium
711 4428 831 4493 ﬁet;
872 4427 1147 4495 quomodo
1177 4442 1306 4496 ergo
1334 4442 1436 4481 nos
1459 4442 1567 4479 non
1600 4426 1890 4494 patiemur,
1918 4442 2057 4494 quos

475 4521 681 4585 patitur
717 4517 904 4573 Deus?
949 4520 1060 4575 Cur
1101 4525 1282 4571 autem
1331 4533 1439 4571 non
1474 4515 1601 4570 forti
1647 4519 1832 4570 animo
1878 4518 2058 4569 illatas

471 4612 546 4666 ab
566 4612 648 4665 eis
680 4610 978 4665 toleramus
1008 4609 1262 4678 injurias,
1297 4625 1420 4662 cum
1474 4626 1603 4663 suas
1634 4610 1725 4663 ille
1757 4614 1846 4679 qui
1880 4618 2059 4678 potest

474 4704 661 4757 omnia
696 4716 805 4755 non
836 4701 1159 4764 ulciscatur,
1193 4709 1249 4754 ut
1279 4710 1334 4755 et
1362 4701 1537 4769 ipsius
1578 4701 1827 4763 bonitas,
1862 4711 1911 4754 et
1947 4716 2048 4753 ma-

479 4794 661 4849 lorum
695 4802 959 4850 nascatur
991 4793 1273 4862 impietas?
1298 4789 1498 4846 Verum
1548 4791 1594 4844 si
1623 4807 1729 4844 non
1763 4792 2060 4846 invenisset

479 4883 758 4940 Simonen.
784 4886 1058 4954 malignus
1078 4884 1395 4938 ministrum
1415 4882 1861 4949 sibi,invenisset
1889 4884 2055 4936 alium

478 4978 601 5033 sine
631 4977 833 5042 dubio;
882 4992 1110 5032 necesse
1141 4984 1225 5030 est
1253 4975 1397 5029 enim
1434 4976 1635 5029 sarculo
1688 4975 1815 5028 huic
1870 4976 2056 5030 venire

477 5072 770 5139 scandala;
792 5087 866 5125 vce
888 5080 1059 5123 tamen
1084 5069 1161 5123 illi
1184 5084 1277 5137 per
1300 5086 1453 5139 quem
1482 5068 1693 5121 veniunt
1722 5069 1807 5122 ‘°°.
1837 5067 1901 5120 Et
1935 5068 2055 5122 ideo

556 5211 624 5241 W'
658 5208 849 5263 Matth.
882 5223 1036 5272 xviu,
1064 5206 1115 5260 7.
1196 5205 1348 5259 Ἀρι.
1384 5221 1507 5272 νιιι,
1537 5206 1624 5259 l3-

2160 3248 2283 3285 eum
2317 3239 2519 3295 movet,
2551 3238 2605 3286 ct
2645 3240 2851 3300 partem
2887 3246 3048 3300 quam
3075 3232 3223 3286 dolet
3260 3233 3315 3285 in
3348 3235 3541 3286 animo
3574 3234 3741 3287 fatea-

2160 3336 2283 3387 ur,
2323 3333 2382 3378 ut
2424 3325 2598 3393 possit
2628 3324 2888 3394 consequi
2944 3323 3292 3379 medicinam.
3321 3326 3457 3391 Qua:
3487 3328 3629 3380 enim
3668 3328 3740 3381 si-

2162 3417 2330 3471 lentio
2371 3424 2740 3485 conteguntur
2784 3430 2884 3469 nec
2943 3416 3297 3470 innotescunt
3360 3418 3560 3479 nobis.
3600 3419 3740 3471 velut

2162 3508 2317 3561 multi
2345 3508 2605 3576 temporis
2632 3506 2763 3559 vitia
2793 3504 3011 3560 difficile
3038 3514 3327 3571 curantur,
3367 3516 3415 3562 cl
3458 3509 3581 3562 ideo
3607 3527 3741 3578 quu-

2162 3604 2308 3653 niam
2345 3599 2657 3653 tacentibus
2690 3612 2798 3652 non
2841 3598 3001 3653 facile
3052 3608 3231 3668 potest
3282 3600 3497 3654 medela
3549 3617 3743 3671 oppor-

2161 3693 2279 3746 tuni
2310 3700 2364 3747 et
2393 3695 2691 3748 necessarii
2739 3695 3012 3749 sermonis
3061 3695 3331 3761 adhiberi,
3376 3698 3622 3767 proferre
3651 3698 3742 3752 de-

2162 3786 2255 3839 bet
2300 3788 2685 3856 unusquisque
2728 3788 2782 3841 in
2830 3803 2941 3857 quo
2970 3788 3187 3842 animus
3241 3804 3339 3859 per
3380 3791 3737 3859 ignorantiam

2164 3878 2415 3946 languet;
2464 3877 2669 3931 tacenti
2705 3892 2836 3931 vero
2876 3876 3006 3932 dare
3057 3880 3362 3934 remedium
3420 3883 3596 3936 solius
3660 3888 3742 3932 est

2163 3968 2290 4035 Dei;
2344 3984 2639 4040 possumus
2684 3977 2865 4023 autem
2898 3978 2952 4023 et
2982 3986 3104 4032 nos,
3136 3972 3231 4025 sed
3282 3973 3524 4027 circuitu
3588 3974 3737 4025 multi

2160 4062 2449 4130 temporis.
2482 4061 2717 4116 Necesse
2746 4070 2831 4117 est
2875 4064 3020 4117 enim
3054 4070 3112 4115 ut
3152 4080 3333 4117 sermo
3375 4065 3641 4118 doctrinm
3675 4066 3741 4116 ab

2161 4154 2321 4207 initio
2364 4170 2462 4223 per
2491 4156 2739 4209 ordinem
2782 4170 3035 4219 currens,
3072 4163 3127 4209 et
3155 4158 3387 4225 singulis
3433 4158 3741 4227 quibusque

2161 4247 2561 4316 quaestionibus
2623 4247 2857 4301 obvians
2900 4254 3097 4300 cuncta
3156 4250 3385 4317 aperiat,
3441 4258 3498 4304 et
3549 4263 3739 4305 cuncta

2161 4341 2423 4395 dissolvat
2452 4348 2506 4393 et
2539 4340 2819 4408 perveniat
2851 4340 3013 4394 etiam
3047 4341 3112 4395 ad
3146 4341 3246 4395 hoc
3265 4343 3412 4412 quod
3444 4347 3736 4414 unusquis-

2092 4452 2133 4505 ι)
2162 4448 2268 4501 quc
2305 4432 2360 4484 in
2416 4431 2602 4484 animo
2654 4446 2753 4485 suo
2796 4432 3055 4501 requirit;
3093 4433 3185 4487 sed
3226 4434 3353 4497 hoc,
3389 4444 3451 4487 ut
3481 4437 3618 4499 dixi,
3651 4452 3741 4505 per

2160 4523 2389 4576 multum
2431 4529 2650 4589 tempus
2687 4521 2799 4575 ﬁeri
2824 4529 3024 4591 potest.
3056 4522 3211 4575 Nunc
3253 4532 3441 4578 autem
3470 4526 3619 4595 quod
3648 4527 3739 4581 de-

2160 4615 2375 4670 sideras
2398 4630 2552 4683 roga.

2234 4705 2343 4759 LII.
2388 4704 2452 4756 Et
2496 4704 2682 4758 Niceta
2725 4692 2840 4757 ait’:
2876 4702 3083 4758 Uberes
3128 4704 3223 4759 tibi
3275 4705 3487 4776 gratias
3538 4720 3661 4776 ago,
3707 4723 3739 4761 ο

2160 4796 2593 4851 clementissime
2631 4794 2812 4857 Petre,
2859 4812 3048 4849 verum
3106 4797 3207 4851 hoc
3238 4806 3320 4851 est
3348 4799 3500 4867 quod
3533 4801 3738 4854 discere

2165 4887 2327 4956 cupio
2354 4906 2367 4939 :
2394 4886 2506 4939 Cur
2537 4887 2722 4940 Simon
2754 4887 2845 4955 qui
2867 4886 3188 4941 adversatur
3220 4888 3352 4950 Deo,
3389 4889 3575 4946 facere
3598 4900 3736 4944 tanta

2164 4980 2281 5032 bmc
2310 4987 2364 5033 et
2400 4979 2529 5032 talia
2562 4978 2778 5048 potuit?
2815 4976 2931 5032 Non
2962 4979 3106 5032 enim
3139 4980 3400 5033 mentitus
3422 4990 3511 5035 est
3543 4981 3735 5050 aliquid

2163 5085 2229 5123 ex
2256 5069 2362 5133 bis,
2402 5082 2523 5137 qua:
2558 5082 2616 5121 se
2663 5067 2859 5122 fecisse
2894 5066 3179 5136 professus
3210 5076 3315 5124 est.
3356 5069 3439 5122 Ad
3467 5075 3583 5126 [nec
3619 5074 3736 5127 ιιι-ει

1703 5205 1723 5235 ²
1761 5202 1975 5257 Primus
2010 5204 2198 5257 Niceta
2228 5213 2282 5259 et
2313 5220 2433 5274 qum
2466 5211 2775 5273 sequuntur
2801 5204 3063 5258 vocabula
3088 5219 3264 5275 usque
3293 5207 3362 5260 ad
3396 5200 3493 5260 illa
3522 5223 3642 5276 cap.
3672 5206 3737 5261 63

476 5292 697 5336 exortus
729 5289 810 5334 est
839 5288 911 5342 et,
958 5287 1066 5333 etc.
1095 5278 1147 5330 in
1178 5277 1302 5331 cod.
1332 5275 1481 5345 Lips.
1515 5277 1747 5340 desunt;
1783 5292 1879 5329 nec
1911 5278 2051 5329 male
2081 5278 2321 5344 quidem,
2353 5286 2411 5329 ut
2436 5276 2671 5330 videtur.

1760 5410 2129 5466 COTELERII
2170 5411 2404 5467 ΝΟΤᾹΞ.

551 5531 661 5601 (92)
698 5531 766 5584 Et
800 5530 1255 5601 credentesimihi,
1289 5530 1535 5583 similiter
1579 5539 1722 5583 stare
1767 5530 1820 5582 in
1869 5544 2051 5598 perpe-

480 5612 625 5654 tuum
646 5600 863 5669 faciam.
894 5602 1029 5653 Illuc
1050 5600 1594 5654 MenanderSimonis
1611 5601 1931 5668 discipulus,
1956 5616 2051 5651 eos

480 5690 572 5739 qui
606 5673 930 5742 baptismum
966 5688 1121 5725 suum
1158 5679 1503 5739 acceperant,
1529 5672 1739 5722 dicebat
1768 5674 2053 5724 immortu-

483 5744 561 5795 les
592 5757 1002 5815 permansuros.

2235 5530 2347 5599 (95)
2386 5528 2779 5582 Multitudinem
2804 5530 3017 5581 missam
3043 5528 3182 5596 fecit.
3208 5528 3400 5581 Risum
3426 5536 3612 5580 tenere
3634 5542 3733 5583 non

2163 5602 2334 5667 potui.
2363 5617 2483 5651 cum
2514 5616 2609 5669 pro
2642 5602 2744 5661 bis,
2772 5602 2823 5650 in
2863 5601 3156 5668 impostore
3179 5600 3591 5668 psendoAlnlia
3617 5600 3732 5666 legi,

2162 5672 2480 5735 sacri/irim»
2530 5672 2669 5731 (erit,
2724 5670 2879 5738 quasi
2933 5670 3202 5737 scriptum
3242 5679 3387 5723 esset
3434 5670 3731 5729 duntaxat,

2165 5743 2377 5792 missam
2410 5744 2551 5811 fecit.
