3872 6394
111 309 254 366 1305

1265 294 1835 357 RECOGNITIONUM
1869 294 1998 351 LIB.
2041 292 2108 348 111

3227 296 3366 353 I306

109 434 199 477 Ius
228 421 428 477 Petrus
473 423 547 477 ita
586 422 907 494 respondit:
937 419 1082 476 Deus
1131 418 1225 489 qui
1269 434 1413 473 unus
1440 425 1494 472 et
1522 430 1684 470 verus
1713 417 1762 474 Α
1789 423 1970 467 autem
2003 410 2151 467 Deus
2178 418 2441 473 mternus,
2473 426 2527 464 e.
2569 413 2980 469 muemutabilis
3016 430 3362 483 permanens.
3431 398 3438 408 Γ

106 524 214 577 est,
241 515 616 585 Primogenito
647 531 749 570 suo
779 515 986 569 amicos
1016 515 1188 568 bonos
1217 519 1273 566 et
1310 510 1494 565 fideles
1530 509 1686 563 iusti-

107 610 213 660 tuit
246 622 585 676 praeparare;
619 607 802 662 sciens
836 613 1018 660 autem
1052 606 1181 671 quia
1227 603 1358 658 boni
1402 618 1528 659 esse
1576 617 1688 656 non

106 706 364 768 possunt,
421 698 527 753 nisi
593 698 830 752 habeam
879 697 935 750 in
983 703 1252 766 potestate
1302 709 1525 749 sensum
1579 707 1690 762 quo

110 789 242 843 ﬁant
287 788 438 851 boni,
473 796 536 842 ut
577 804 643 843 ex
693 805 792 844 suo
835 789 1116 859 proposito
1161 787 1263 840 hoc
1292 784 1567 856 sintquod
1595 800 1684 837 vo-

104 885 250 944 lunt,
295 881 498 950 alioqui
546 896 656 934 non
708 889 942 950 possunt
986 895 1110 936 esse
1150 894 1275 933 vere
1317 878 1469 940 boni,
1499 877 1544 930 si
1579 891 1690 928 non

108 974 391 1044 proposito
439 973 534 1027 sed
585 973 914 1026 necessitate
945 979 1265 1025 tenerentur
1303 969 1358 1022 in
1405 969 1569 1030 bono,
1595 983 1692 1036 po-

109 1076 360 1121 testatem
411 1065 560 1119 dedit
604 1066 901 1134 unicuique
947 1063 1165 1123 arbitrii
1211 1061 1319 1125 sui,
1350 1067 1408 1114 ut
1441 1061 1544 1114 hoc
1570 1074 1694 1114 esse

107 1160 286 1230 possit
315 1157 460 1228 quod
482 1159 615 1212 vult.
646 1157 712 1209 Et
733 1173 952 1211 rursum
982 1155 1286 1225 praevidens
1307 1153 1435 1223 quia
1460 1153 1564 1206 ista
1596 1167 1693 1221 po-

108 1260 286 1306 testas
335 1250 576 1312 arbitrii,
606 1251 747 1305 alios
783 1249 1006 1320 quidem
1045 1247 1252 1302 faceret
1291 1248 1494 1316 eligere
1523 1245 1689 1306 bona,

109 1342 250 1396 alios
283 1357 412 1394 vero
444 1341 606 1403 mala,
638 1350 690 1393 et
719 1356 816 1409 per
861 1339 964 1392 hoc
995 1339 1050 1392 in
1089 1337 1228 1392 duos
1257 1338 1480 1390 ordines
1502 1351 1693 1390 neces-

110 1434 260 1488 sario
291 1432 708 1502 propagandum
750 1439 893 1485 esset
927 1431 1212 1484 hominum
1244 1446 1442 1499 genus,
1477 1427 1694 1480 unicui-

110 1543 214 1595 que
243 1525 425 1579 ordini
457 1525 732 1579 concessit
758 1533 812 1578 et
846 1525 1025 1577 locum
1055 1530 1113 1576 et
1165 1538 1367 1591 regem,
1399 1535 1559 1590 quem
1583 1519 1694 1572 vel-

108 1618 180 1672 Iet
205 1618 439 1688 eligere;
475 1618 655 1670 bonus
698 1617 848 1670 enim
881 1632 976 1670 rex
1009 1616 1170 1669 bonis
1196 1615 1419 1683 gaudet,
1450 1621 1504 1668 et
1534 1613 1694 1666 mali-

108 1725 251 1781 gnus
285 1710 464 1763 malis.
509 1708 576 1760 Et
606 1709 858 1777 quamvis
883 1708 998 1760 haec
1035 1706 1158 1768 tibi,
1183 1722 1216 1759 0
1242 1705 1514 1767 Clemens,
1548 1703 1601 1756 in
1629 1718 1694 1756 eo

109 1809 370 1865 tractatu,
407 1817 568 1871 quem
605 1801 672 1854 de
708 1799 1070 1870 prtelinitione
1085 1807 1139 1852 et
1165 1797 1268 1851 ﬁne
1299 1796 1692 1856 disserueram,

108 1895 330 1966 plenius
362 1891 734 1962 exposuerim,
763 1898 944 1944 tamen
987 1895 1042 1943 et
1074 1903 1220 1942 nunc
1260 1887 1563 1956 requirenti
1603 1885 1698 1938 Ni-
1742 1913 1750 1922 ο

107 1998 246 2041 ecta:
277 1984 636 2062 manifestare
665 1999 751 2037 me
776 1983 1033 2037 convenit
1091 1996 1212 2050 quae
1254 1981 1326 2034 sit
1357 1979 1517 2041 ratio,
1553 1977 1698 2050 quod

109 2080 302 2133 Simon
349 2078 444 2149 qui
476 2085 669 2131 contra
703 2074 872 2130 Deum
909 2075 1094 2139 sentit,
1129 2080 1280 2126 tanta
1325 2072 1503 2126 facere
1538 2070 1704 2124 mira-

110 2171 240 2224 bilia
273 2171 471 2241 potuit.

180 2259 319 2314 LIII.
366 2260 535 2332 Igitur
561 2259 739 2330 primo
767 2256 1036 2318 omnium,
1063 2255 1240 2309 malus
1267 2269 1392 2309 esse
1418 2252 1701 2322 iudicatur

110 2353 255 2422 apud
303 2352 476 2407 Deum
509 2351 576 2416 is,
605 2352 698 2421 qui
743 2350 1027 2418 requirere
1065 2363 1174 2401 non
1222 2347 1360 2409 vult,
1393 2346 1541 2416 quod
1591 2345 1697 2400 sibi

108 2445 354 2514 expedit.
377 2443 664 2510 Quomodo
695 2443 841 2504 enim
877 2440 1003 2493 talis
1037 2440 1138 2493 iste
1171 2438 1339 2492 alium
1368 2438 1576 2506 diliget,
1604 2436 1697 2505 qui

109 2536 476 2606 semetipsum
502 2551 610 2588 non
652 2533 864 2603 diligit?
887 2531 996 2584 Aut
1037 2531 1124 2584 cui
1159 2547 1267 2585 non
1303 2530 1406 2583 iste
1441 2528 1699 2581 inimicus

108 2628 237 2691 erit,
264 2627 358 2696 qui
391 2625 494 2680 sibi
525 2625 629 2695 ipsi
675 2625 886 2678 amicus
929 2638 1053 2677 esse
1086 2637 1194 2675 non
1228 2623 1400 2692 potuit
1422 2621 1444 2673 ?
1470 2619 1538 2674 Ut
1567 2634 1700 2688 ergo

110 2720 589 2788 distinguerentur
617 2717 710 2786 qui
742 2716 884 2769 bona
911 2722 965 2768 et
993 2714 1088 2783 qui
1120 2714 1332 2783 eligunt
1366 2712 1531 2772 mala,
1554 2710 1700 2765 Deus

109 2811 258 2882 quod
289 2811 424 2865 utile
451 2817 536 2864 est
558 2807 856 2863 occultavit
888 2807 1225 2869 hominibus,
1258 2805 1309 2859 id
1341 2812 1445 2865 est,
1478 2819 1701 2874 posses-

113 2907 331 2958 sionem
365 2901 519 2973 regni
566 2901 855 2963 caalorum,
887 2915 1119 2976 eamque
1170 2899 1316 2953 velut
1375 2898 1698 2950 thesaurum

112 3008 394 3051 secretum
428 2996 671 3064 reposuit
701 3003 752 3048 et
788 2992 1099 3054 abscondit,
1135 2998 1196 3044 ut
1227 2990 1292 3043 ad
1319 3005 1439 3044 eam
1475 3005 1584 3042 non
1617 2987 1700 3041 fa-

1790 500 1895 566 Qui
1929 517 2060 572 ergo
2103 516 2212 556 non
2256 502 2372 555 vult
2420 501 2701 572 inquirere
2752 503 2900 572 quod
2951 506 3054 559 sibi
3089 510 3221 563 utile
3260 517 3368 573 est.

1789 595 1968 648 malus
1998 602 2104 657 est,
2137 595 2193 648 in
2224 601 2435 648 tantum
2469 603 2528 648 ut
2564 596 2772 650 malitia
2821 613 2918 651 sua
2965 599 3142 667 ipsum
3178 602 3368 674 imple-

1792 687 1922 741 tatis
1954 687 2251 756 principem
2296 695 2538 756 superet.
2572 687 2664 743 llle
2692 689 2835 742 enim
2869 690 3112 748 bonitate
3139 694 3230 748 Dei
3269 699 3370 750 ab-

1793 779 1965 831 utitur
1996 778 2061 832 ad
2097 779 2438 848 propositum
2473 780 2696 834 malitia:
2733 797 2865 842 sua,
2911 793 2965 837 et
2995 785 3100 839 sibi
3153 787 3368 856 placet;

1793 867 1884 921 hic
1911 877 2093 922 autem
2126 870 2320 924 salutis
2371 886 2484 925 sua:
2516 872 2657 926 bona
2684 875 2932 944 negligit,
2965 885 3024 929 ut
3061 879 3370 946 perditione

1795 959 1879 1013 sui
1923 961 2065 1013 malo
2097 961 2328 1029 placeat.

1869 1049 1981 1106 LV.
2022 1051 2254 1122 PrOpter
2287 1054 2388 1110 hos
2409 1071 2560 1127 ergo,
2603 1059 2698 1128 qui
2731 1061 2924 1115 salutis
2968 1078 3081 1117 sua:
3122 1067 3370 1136 neglectu

1795 1141 2014 1212 placent
2047 1144 2213 1208 malo,
2239 1152 2293 1198 et
2322 1162 2416 1202 eos
2451 1149 2545 1217 qui
2595 1150 2776 1205 studio
2804 1152 3062 1210 utilitatis
3103 1173 3214 1212 suae
3258 1160 3375 1227 pla-

1797 1250 1922 1290 cere
1970 1236 2203 1306 cupiunt
2252 1239 2416 1302 bono,
2452 1243 2605 1310 paria
2647 1245 2893 1313 quaedam
2921 1248 2985 1301 ad
3016 1252 3372 1306 tentatiouem

1797 1329 2054 1396 praesenti
2086 1329 2212 1387 huic
2262 1333 2462 1385 saeculo
2511 1342 2714 1388 statuta
2746 1347 2874 1390 sunt
2917 1339 3129 1403 decem,
3169 1357 3372 1396 secun-

1798 1418 1928 1472 dum
1982 1436 2268 1475 numerum
2317 1423 2503 1477 decem
2556 1427 2838 1496 plagarum
2872 1447 2992 1500 qua:
3040 1433 3202 1487 illata:
3245 1443 3375 1489 sunt

1799 1509 2055 1582 Egypto.
2089 1513 2224 1568 Cum
2257 1516 2402 1568 enim
2457 1515 2671 1588 Moyses
2701 1522 3004 1576 secundum
3041 1537 3372 1595 praeceptum

1799 1601 1893 1658 Dei
1929 1613 2135 1672 peteret
2173 1621 2200 1658 a
2235 1605 2541 1670 Pharaone.
2577 1619 2637 1663 ut
2682 1613 2956 1668 emitteret
3005 1619 3287 1687 populum,
3320 1628 3376 1674 et

1803 1696 1869 1750 ad
1902 1698 2274 1752 testimonium
2311 1701 2557 1756 etelcstis
2597 1702 2809 1772 imperii
2846 1707 2999 1777 signa
3039 1710 3374 1778 ostenderet,

1803 1789 2044 1857 projecta
2074 1790 2127 1842 in
2159 1797 2361 1844 terram
2404 1792 2556 1862 virga
2597 1809 2860 1850 conversa
2916 1808 3001 1853 est
3046 1800 3102 1854 in
3155 1817 3379 1871 serpen-

1802 1885 1910 1933 tem
1939 1879 1980 1933 ³.
2011 1879 2258 1950 Cumque
2294 1881 2364 1935 ob
2400 1882 2514 1937 haec
2547 1882 2762 1938 Pharao
2809 1902 2917 1940 non
2960 1890 3119 1944 vellet
3158 1891 3381 1960 acquie-

1803 1983 1980 2030 scere,
2016 1978 2205 2039 utpote
2258 1971 2469 2028 habens
2515 1974 2731 2028 arbitrii
2784 1977 3111 2044 libertatem,
3156 1997 3377 2036 rursum

1804 2060 1948 2130 magi
1999 2062 2200 2116 similia
2238 2065 2395 2134 signa
2448 2065 2630 2122 facere
2682 2068 2785 2123 visi
2839 2079 2993 2137 sunt,
3033 2075 3380 2141 permittente

1803 2149 1934 2215 Deo,
1971 2161 2025 2206 ut
2080 2157 2421 2224 propositum
2466 2159 2612 2228 regis
2661 2161 2988 2229 probaretur
3039 2181 3107 2219 ex
3161 2167 3377 2221 arbitrii

1803 2243 2077 2310 libertate,
2107 2247 2153 2301 si
2197 2248 2368 2318 magis
2392 2250 2644 2306 crederet
2672 2254 2845 2324 signis
2865 2254 3036 2327 Moysi
3069 2259 3163 2328 qui
3199 2273 3229 2311 a
3268 2258 3378 2314 Deo

1801 2335 2007 2392 missus
2036 2347 2140 2401 est,
2181 2355 2344 2409 quam
2390 2342 2477 2397 his
2508 2359 2630 2412 qum
2662 2347 2804 2414 magi
2835 2347 3166 2404 videbantur
3193 2353 3380 2422 potius

1804 2426 2002 2489 facere,
2034 2444 2196 2498 quam
2246 2429 2554 2500 faciebant;
2588 2451 2726 2504 quos
2757 2438 2905 2506 ipsos
2940 2440 3128 2510 utique
3161 2445 3382 2499 nomine

1803 2518 2107 2589 intelligere
2164 2520 2428 2576 debuerat
2486 2541 2595 2579 non
2626 2543 2751 2582 esse
2794 2533 3078 2599 operarios
3108 2536 3378 2599 veritatis,

1801 2609 1949 2681 quod
2005 2627 2111 2665 non
2146 2627 2175 2664 a
2224 2613 2334 2669 Deo
2387 2616 2540 2671 missi
2589 2620 2684 2672 sed
2737 2622 2879 2690 magi
2941 2625 3377 2693 appellabantur,

1802 2704 1947 2756 sicut
1968 2714 2020 2757 et
2051 2705 2277 2760 traditio
2304 2708 2532 2763 indicat.
2558 2709 2804 2782 Denique
2834 2731 3010 2784 usque
3036 2717 3101 2770 ad
3143 2719 3379 2789 aliquem

1803 2793 1984 2847 Iouini
2008 2795 2108 2850 visi
2136 2806 2265 2851 sunt
2300 2797 2503 2854 habere
2536 2810 2835 2866 certamen,
2869 2814 2923 2859 et
2953 2815 3078 2877 post
3109 2808 3222 2864 haec
3249 2826 3386 2865 con-

1803 2887 1932 2943 fessi
1970 2889 2038 2943 de
2077 2905 2136 2945 se
2176 2906 2396 2948 cessere
2425 2896 2704 2953 meliori‘.
2752 2898 3041 2955 lnducitur
3067 2918 3196 2974 ergo
3223 2907 3379 2976 plaga

1800 2984 1992 3037 ultima
2015 2984 2058 3048 ⁵,
2085 2986 2342 3042 interitus
2390 2990 2812 3058 primitivorum,
2867 3001 2924 3048 et
2974 3001 3110 3049 tunc
3166 2997 3384 3069 Moyses

114 3089 216 3142 cile
252 3089 382 3158 quis
424 3087 596 3156 possit
632 3087 831 3140 virtute
879 3090 933 3138 et
978 3082 1208 3136 scicntia
1251 3083 1537 3151 pervenire
1569 3096 1698 3149 pro.
1727 3117 1772 3176 ο
1800 3074 2027 3142 jubetur
2080 3079 2341 3148 populum
2405 3083 2797 3150 conspersione
2839 3086 3126 3155 sanguinis
3187 3105 3382 3144 conse-

115 3179 258 3248 pria,
291 3179 493 3231 famam
519 3185 702 3258 tamep
730 3176 876 3244 ejus,
903 3174 1141 3228 diversis
1172 3172 1489 3226 nominibus
1505 3184 1554 3225 et
1580 3172 1694 3240 opi-

116 3271 376 3324 nionibus
400 3285 494 3340 per
509 3268 893 3340 generationes
922 3267 1171 3336 singulas
1204 3265 1270 3318 ad
1301 3265 1549 3318 omnium
1577 3277 1718 3334 per-'

116 3365 273 3418 duxit
307 3362 579 3426 auditum,
618 3369 677 3414 ut
717 3361 762 3414 si
795 3359 888 3429 qui
921 3357 1064 3412 forte
1091 3365 1277 3412 essent
1305 3367 1578 3412 amatores
1607 3357 1701 3411 bo-

118 3455 192 3517 ni,
227 3453 520 3506 audientes
563 3451 708 3521 quod
749 3451 854 3505 sibi
899 3456 1047 3504 esset
1100 3450 1232 3503 utile
1263 3455 1316 3503 et
1349 3449 1590 3504 salutare
1617 3464 1703 3503 re-

115 3545 409 3613 quirerent
449 3551 503 3597 et
554 3543 901 3607 invenirent;
935 3541 1281 3611 requirerent
1322 3548 1502 3596 autem
1538 3555 1644 3594 non
1673 3556 1702 3593 a

118 3637 457 3704 semetipsis,
489 3637 584 3690 sed
626 3637 694 3690 ab
742 3652 809 3691 eo
861 3635 954 3705 qui
983 3633 1302 3696 occultavit,
1335 3633 1564 3702 darique
1597 3631 1702 3686 sibi

119 3727 425 3785 accedendi
478 3728 684 3781 aditum
744 3737 797 3782 et
851 3728 992 3782 viam
1049 3728 1293 3781 scientia:
1325 3731 1700 3794 precarentur,

117 3832 239 3883 qua:
277 3814 394 3870 illis
413 3816 547 3869 solis
588 3816 850 3885 panditur
880 3816 970 3884 qui
995 3832 1115 3870 eam
1137 3830 1304 3883 super
1331 3814 1514 3867 omnia
1546 3829 1710 3866 mun-

115 3907 168 3960 di
201 3908 375 3976 hujus
415 3908 706 3979 diligerent
752 3911 917 3973 bona,
956 3925 1055 3964 nec
1104 3910 1212 3962 alio
1258 3908 1384 3977 quis
1430 3913 1591 3976 pacto
1620 3907 1704 3961 vel

117 4001 431 4071 intelligere
472 4017 591 4055 eam
622 4002 794 4070 possit
823 4002 1038 4056 etiamsi
1070 4001 1533 4071 prudentissimus
1561 3999 1704 4053 vide-

115 4100 305 4159 retur;
341 4092 397 4144 hi
437 4108 588 4154 vero,
625 4094 718 4162 qui
758 4095 1131 4164 neglexissent
1177 4092 1321 4162 quod
1354 4091 1461 4146 sibi
1492 4091 1625 4145 utile
1649 4099 1704 4145 et

110 4185 366 4237 salutare
394 4193 541 4239 esset
567 4185 864 4254 inquirere,
893 4195 1150 4256 tanquam
1181 4201 1239 4240 se
1273 4185 1421 4254 ipsos
1450 4184 1576 4238 odio
1607 4184 1705 4237 lia-

112 4276 318 4329 bentcs
351 4283 406 4328 et
447 4278 758 4346 semetipsis
786 4279 995 4332 inimici
1031 4279 1424 4332 lramlarentur
1445 4278 1565 4347 ejus
1598 4279 1701 4332 bo-

110 4368 229 4431 nis,
265 4367 417 4419 velut
450 4368 543 4436 qui
581 4368 868 4438 diligerent
899 4372 1062 4425 mala.

1804 3182 1983 3231 crare,
2013 3177 2176 3239 atque
2228 3171 2302 3224 ita
2351 3187 2546 3242 magna
2587 3188 2712 3226 cum
2765 3191 2925 3244 prece
2961 3179 3163 3234 oblatis
3211 3183 3381 3235 etiam

1804 3261 2147 3328 muneribus,
2181 3278 2305 3316 cum
2335 3265 2538 3334 popqu
2573 3277 2795 3335 rogatur
2825 3268 3150 3327 abscedere.

1876 3350 2009 3405 LVI.
2037 3352 2210 3407 Simili
2241 3369 2372 3424 ergo
2401 3355 2564 3410 modo
2603 3358 2764 3411 etiam
2797 3375 2942 3415 nunc
2984 3377 3082 3430 per
3110 3378 3199 3417 me
3226 3363 3385 3417 video

1805 3444 1941 3513 geri.
1977 3445 2130 3500 Sicut
2159 3447 2305 3500 enim
2364 3455 2493 3500 tunc
2552 3447 2738 3520 Moyse
2789 3451 3047 3506 hortante
3100 3469 3281 3525 regem
3323 3465 3375 3510 ut

1805 3535 2054 3591 crederet
2089 3536 2214 3602 Deo,
2242 3540 2588 3594 obsistebant
2631 3540 2773 3610 magi
2817 3544 2975 3611 quasi
3013 3547 3383 3603 ostentatione

1808 3627 2070 3680 similium
2097 3629 2402 3697 signorum,
2427 3639 2478 3683 et
2503 3645 2532 3684 a
2563 3631 2743 3686 salute
2774 3632 3087 3690 incredulos
3127 3637 3377 3706 prohibe-

1805 3720 1959 3779 bant,
1994 3718 2068 3771 ita
2102 3731 2158 3774 et
2211 3736 2358 3774 nunc
2387 3737 2512 3775 cum
2543 3737 2643 3790 ego
2680 3723 2903 3778 exierim
2959 3726 3156 3782 docere
3193 3733 3386 3785 ou'mes

1805 3821 1996 3881 gentes
2026 3819 2084 3865 ut
2113 3814 2337 3868 credant
2377 3831 2505 3870 vero
2539 3813 2668 3880 Deo,
2704 3814 2891 3870 Simon
2929 3816 3116 3890 Magus
3150 3824 3380 3884 resistit,

1807 3901 1994 3954 eadem
2025 3917 2193 3971 agens
2221 3903 2509 3958 adversum
2537 3919 2642 3968 me,
2669 3921 2790 3973 qua:
2818 3915 2872 3960 et
2895 3908 2968 3960 illi
2996 3917 3125 3962 tunc
3153 3923 3383 3980 egerunt

1809 3996 2097 4048 adversum
2125 3995 2372 4066 Moysen,
2402 4006 2459 4049 ut
2491 4003 2535 4051 si
2567 4000 2657 4065 qui
2692 4010 2823 4054 sunt
2852 4018 2916 4056 ex
2963 4007 3243 4072 gentibus,
3288 4009 3380 4074 qui

1809 4103 1914 4141 non
1949 4089 2338 4158 rectojudicio
2389 4099 2655 4157 utuntur,
2707 4106 3042 4164 appareant,
3101 4100 3386 4155 salvtntur

1809 4189 1991 4232 autem
2028 4181 2121 4249 qui
2152 4180 2431 4250 signorum
2465 4191 2674 4237 rectum
2723 4183 3020 4241 discrimen
3067 4189 3379 4248 habuerint.

1809 4270 1935 4326 llaec
1968 4273 2183 4329 dicente
2225 4272 2406 4336 Petro,
2440 4273 2626 4330 Niceta
2661 4279 2938 4347 respondit
2980 4299 2992 4333 :
3025 4280 3266 4337 Obsecro
3307 4293 3380 4347 te.

1808 4372 1868 4418 ut
1897 4365 1940 4418 si
1973 4365 2103 4434 quid
2134 4366 2200 4418 ad
2237 4366 2556 4420 memoriam
2587 4368 2754 4428 venit.
2781 4371 3066 4438 permittas
3103 4375 3231 4427 mihi
3258 4391 3386 4445 pro-

188 4454 335 4512 μιν,
376 4456 603 4527 oportet
633 4476 762 4530 ergo
790 4459 962 4516 ιωηοε
988 4462 1214 4532 diligere
1237 4478 1354 4517 eam
1385 4478 1550 4533 super
1577 4477 1697 4517 om-
1733 4460 1776 4515 Ι)
1808 4454 1972 4508 ferre.
2005 4453 2140 4507 Tum
2169 4453 2366 4511 Petrus
2396 4456 2698 4513 delectatus
2727 4476 2894 4530 super
2913 4464 3098 4517 studio
3139 4464 3384 4535 discipu-

112 4549 238 4610 nia,
287 4548 340 4601 id
395 4557 501 4614 est,
547 4567 714 4620 super
757 4552 1003 4617 divitias,
1031 4555 1285 4623 gloriam,
1324 4558 1589 4625 requiem,
1618 4571 1710 4625 pa-

113 4645 339 4699 rentes,
375 4640 739 4708 propinquos,
772 4643 981 4697 amicos
1020 4653 1074 4698 et
1128 4659 1290 4698 omne
1337 4645 1556 4714 quodin
1604 4647 1708 4699 hoc

111 4729 335 4782 mundo
369 4737 476 4783 est.
513 4730 616 4794 Qui
648 4747 779 4785 vero
809 4734 1056 4802 perfecte
1088 4734 1263 4806 diligit
1299 4738 1707 4807 possessionem

110 4824 269 4877 hanc
316 4824 471 4893 regni
523 4825 812 4888 ccelorum,
862 4827 1082 4896 abjieiet
1141 4830 1262 4884 sine
1297 4829 1464 4884 dubio
1487 4847 1706 4886 omnem

110 4916 283 4970 mala:
315 4917 739 4972 consuetudinis
762 4934 948 4979 usum.
980 4921 1390 4990 negligentiam,
1411 4921 1700 4985 desidiam,

110 5005 417 5068 malitiam,
445 5005 604 5069 iram,
632 5015 941 5078 cunctaque
973 5009 1059 5064 his
1091 5012 1309 5064 similia.
1341 5009 1476 5064 Nam
1504 5011 1705 5081 siquid

110 5098 323 5151 horum
373 5098 682 5165 prtetuleris
729 5100 800 5162 ei,
851 5109 1110 5170 tanquam
1155 5103 1247 5172 qui
1280 5103 1403 5172 plus
1444 5102 1705 5158 dilexeris

110 5189 361 5258 propria:
389 5189 630 5244 libidinis
654 5190 783 5242 vitia
814 5207 976 5260 quam
1002 5192 1192 5256 Deum,
1210 5194 1278 5247 ad
1299 5194 1705 5264 possessionem

110 5281 277 5352 regni
314 5281 560 5336 caelestis
593 5284 879 5351 pervenire
919 5302 1027 5338 non
1061 5286 1290 5354 poteris,
1329 5288 1457 5355 quia
1495 5296 1548 5340 et
1575 5302 1704 5342 vere

111 5374 358 5429 stultum
391 5379 494 5436 est,
531 5375 734 5446 aliquid
766 5378 886 5446 plus
934 5393 1118 5431 amare
1150 5393 1312 5446 quam
1357 5377 1546 5432 Deum.
1579 5379 1709 5440 Sive,

113 5469 271 5523 enim
317 5474 578 5536 parentes
633 5477 784 5533 sunt,
836 5471 1178 5538 moriuntur;
1213 5471 1329 5524 sive
1388 5473 1699 5543 propinqui,

113 5578 234 5618 non
267 5567 631 5630 permanent;
664 5563 780 5618 sive
824 5564 1009 5629 amici,
1063 5571 1370 5619 mutantur.
1406 5564 1569 5619 Solus
1619 5574 1703 5620 est

189 5720 214 5749 ³
246 5717 420 5773 Exod.
449 5735 544 5778 vn.
575 5736 692 5775 viil.
766 5723 785 5753 ⁸
829 5721 998 5776 Exod.
1029 5735 1149 5780 viil,
1185 5721 1268 5776 I9.

1385 5721 1403 5747 "
1441 5721 1606 5776 ":XUti.
1649 5739 1742 5778 xit.

1808 4548 2013 4602 lorum:
2053 4547 2168 4609 Dic,
2190 4548 2389 4618 inquit,
2421 4551 2567 4618 quod
2599 4550 2704 4606 vis.

1881 4639 2038 4694 LVII.
2071 4640 2135 4694 Et
2159 4639 2347 4695 Niceta
2379 4643 2486 4696 ait:
2523 4642 2664 4708 Quid
2696 4659 2992 4713 peccavere
3023 4645 3288 4718 (Egyptii,
3335 4653 3381 4704 si

1807 4744 1915 4782 non
1947 4729 2298 4784 crediderunt
2329 4729 2522 4802 Moysi,
2559 4748 2682 4786 cum
2711 4739 2766 4786 et
2805 4736 2945 4804 magi
2996 4738 3193 4791 similia
3225 4741 3382 4809 signa

1807 4820 2058 4886 fecerint,
2085 4823 2300 4878 etiamsi
2334 4825 2654 4879 viderentur
2681 4830 2862 4896 potius
2898 4830 3011 4884 fieri
3044 4848 3206 4901 quam
3239 4837 3384 4888 veri-

1811 4922 1924 4970 tate
1949 4916 2179 4971 lierent?
2203 4917 2336 4972 Nam
2362 4929 2415 4973 et
2443 4921 2487 4973 si
2511 4936 2610 4989 ego
2635 4919 2857 4976 fuissem
2885 4931 3036 4989 tunc,
3063 4942 3127 4980 ex
3156 4944 3220 4982 eo
3238 4931 3381 4998 quod

1815 5007 1955 5077 magi
1988 5008 2188 5062 similia
2219 5009 2512 5075 faciebant,
2545 5029 2728 5068 nonne
2756 5022 2848 5067 aut
2897 5015 3116 5088 Moysen
3164 5035 3380 5090 magum

1813 5098 2194 5166 Credidissem,
2228 5113 2526 5175 autmagos
2553 5121 2676 5175 quae
2705 5108 3088 5175 ostendebant,
3119 5110 3382 5167 divinitus

1812 5192 1993 5246 facere
2025 5197 2343 5262 putassem?
2373 5199 2501 5267 quia
2534 5215 2640 5253 non
2678 5201 2808 5253 mihi
2841 5202 3137 5256 verisimile
3170 5203 3383 5257 videre-

1813 5293 1923 5346 tur,
1957 5286 2079 5339 licet
2106 5302 2202 5355 per
2233 5290 2596 5360 phantasiam,
2625 5294 2812 5348 eadem
2843 5301 3023 5349 tamen
3049 5293 3185 5349 ellici
3214 5310 3244 5347 a
3268 5312 3384 5349 ina-

1813 5379 1895 5444 gis
1927 5394 2109 5447 posse,
2141 5397 2262 5449 quae
2293 5382 2382 5436 ille
2404 5385 2495 5453 qui
2525 5400 2554 5437 a
2581 5383 2690 5439 Deo
2717 5387 2921 5442 missus
2953 5396 3057 5451 est,
3102 5396 3382 5457 perpetra-

1813 5472 1923 5527 bat.
1953 5475 2016 5528 Et
2051 5492 2198 5531 nunc
2217 5492 2350 5546 ergo
2373 5479 2503 5547 quid
2534 5489 2764 5548 peccant
2792 5481 2844 5533 hi
2869 5481 2960 5550 qui
2997 5481 3206 5538 Simoni
3257 5497 3380 5538 ere—

1812 5569 1970 5632 tlunt,
2004 5586 2128 5623 cum
2153 5569 2374 5625 videant
2404 5587 2527 5626 eum
2561 5581 2710 5626 tanta
2743 5572 2920 5629 facere
2937 5573 3380 5630 mirabilia?Aut
3458 5601 3460 5603 >
