3848 6258
600 319 626 372 ί
637 319 738 374 50⁸7

1463 312 1516 365 S.
1557 305 1943 363 CLEMENTIS
1977 305 1992 357 I
2029 303 2193 358 IIOM.
2228 302 2426 358 I’ONT.
2456 302 2680 359 OPEIIA
2726 302 2969 357 ιιυιιιΑ.

3615 308 3700 360 15le

603 450 707 486 non
739 440 824 486 est
857 433 1098 486 mirabile
1127 444 1222 499 per
1244 442 1418 481 aerem
1443 427 1649 488 volare,
1691 425 1801 493 igni
1840 423 2125 476 admistum
2157 422 2200 475 Α
2230 419 2458 486 gmentis
2499 421 2770 472 virtutum
2809 415 3120 474 movebitur
3147 415 3217 470 ad
3259 413 3550 479 secunda,
3580 427 3620 470 et
3661 438 3702 473 ex

597 541 768 580 unum
790 539 986 593 corpus
1006 521 1160 582 eilici,
1211 519 1389 571 facere
1431 525 1637 571 statuas
1689 514 1916 583 ingredi,
1969 527 2132 565 canes

595 627 770 667 mreos
813 613 1027 674 latrare,
1057 616 1109 661 et
1145 609 1248 661 alia
1279 607 1362 659 his
1384 606 1600 666 similia,
1644 619 1762 672 quae
1789 605 1971 671 utique
2021 601 2134 655 dis-

597 705 892 758 cretionem
924 700 1289 754 nescientibus
1337 698 1470 751 satis
1499 697 1634 749 mira
1661 696 1826 748 sunt?
1856 693 1959 749 Sed
1989 694 2134 746 etde

605 796 869 864 lapidibus
891 793 1040 846 visus
1065 799 1147 845 est
1174 804 1340 859 panes
1364 788 1557 842 facere.
1587 787 1736 851 Quod
1764 787 1808 840 si
1835 795 2020 856 peccat
2039 784 2132 853 qui

599 889 752 954 signa
793 884 1112 937 facientibus
1162 879 1367 941 credit,
1399 877 1667 946 quomodo
1721 891 1826 929 non
1878 888 2132 944 peccasse

603 977 869 1029 videbitur
914 983 966 1025 et
1017 973 1081 1034 is,
1147 972 1239 1040 qui
1301 969 1524 1023 Domino
1591 975 1776 1022 nostro
1823 982 1918 1036 pro
1964 966 2133 1035 signis

596 1075 653 1118 et
680 1063 967 1116 virtutibus
990 1059 1253 1114 credidit?

671 1153 846 1207 LVIII.
881 1152 947 1204 Et
978 1152 1168 1205 Petrus
1199 1152 1304 1204 ait:
1351 1147 1850 1222 Libenteraceipio
1897 1146 2038 1216 quod
2068 1145 2134 1196 de.

600 1247 833 1296 veritate
864 1243 926 1294 ad
962 1242 1217 1295 amussim
1251 1239 1505 1308 requiris.
1532 1247 1584 1290 et
1614 1237 1984 1304 impedimenta
2011 1235 2131 1287 fidei

601 1335 654 1385 in
694 1332 869 1383 anima
895 1338 983 1382 tua
1017 1330 1185 1382 latere
1217 1343 1320 1381 non
1355 1327 1576 1394 pateris.
1613 1325 1760 1377 Unde
1789 1332 1840 1376 et
1873 1322 2132 1375 medelam

598 1421 854 1487 consequi
875 1420 1027 1471 facile
1050 1425 1220 1485 potes.
1247 1415 1534 1468 Meministi
1560 1413 1700 1481 quod
1727 1413 1877 1480 pejus
1895 1412 2132 1463 omnium

599 1525 720 1563 csse
755 1510 886 1567 dixi,
922 1523 1042 1560 cum
1076 1507 1196 1574 quis
1225 1504 1445 1573 negligit
1473 1502 1614 1570 quod
1641 1502 1741 1556 sibi
1790 1500 2005 1572 expedit
2050 1498 2135 1550 dio

601 1599 790 1652 scere?
819 1597 882 1648 Et
927 1595 1111 1649 Nieeta
1164 1594 1468 1662 respondit:
1522 1591 1753 1644 Memini.
1800 1588 2025 1642 Petrus:
2073 1586 2135 1639 Et

601 1699 815 1739 rursum
839 1683 977 1750 quod
1027 1682 1164 1734 Deus
1209 1681 1497 1733 occultavit
1533 1679 1812 1732 veritatem
1865 1691 2040 1738 suam,
2074 1683 2132 1728 ut

598 1790 717 1826 eam
749 1773 832 1826 his
861 1774 950 1840 qui
985 1787 1044 1826 se
1074 1770 1305 1824 fideliter
1331 1776 1628 1831 sectantur,
1657 1768 1901 1836 aperiat?
1950 1765 2013 1819 Et
2043 1765 2136 1819 Ni-

601 1873 748 1914 ceta:
807 1862 883 1914 Ne
933 1862 1035 1913 hoc
1075 1860 1289 1928 quidem
1317 1859 1516 1912 oblitus
1547 1873 1686 1911 sum.
1745 1856 1879 1909 Tum
1905 1855 2131 1907 Petrus:

600 1954 740 2019 Quid
774 1968 902 2019 ergo
924 1961 1100 2020 putas,
1130 1951 1254 2020 quia
1281 1951 1331 2002 in
1368 1957 1564 2003 terram
1597 1947 1862 2002 defossam
1907 1949 2138 2000 abscon—

603 2042 741 2094 derit
773 2042 909 2094 Deus
938 2041 1213 2092 veritatem
1232 2047 1284 2091 et
1307 2044 1514 2089 montes
1548 2038 1593 2090 ei
1624 2037 2044 2104 super-posuerit,
2079 2043 2137 2086 ut

607 2133 674 2186 ab
698 2131 782 2184 his
803 2131 892 2198 qui
917 2131 967 2182 in
995 2128 1316 2198 profundum
1343 2127 1525 2182 fodere
1546 2127 1742 2187 valent,
1768 2128 2138 2179 tantummodo

603 2221 832 2275 inveniri
863 2220 1073 2290 possit?
1113 2218 1226 2270 Non
1272 2218 1341 2268 ita
1369 2225 1489 2278 est,
1532 2216 1623 2268 sed
1656 2215 1796 2267 sicut
1826 2223 2036 2268 montes
2086 2225 2137 2267 et

603 2318 802 2363 terram
833 2309 951 2361 cmli
996 2308 1196 2361 ambitu
1248 2305 1620 2366 circumdedit,
1680 2303 1749 2354 ita
1779 2311 1832 2354 et
1861 2303 2134 2356 veritatem

605 2401 885 2453 charitatis
937 2414 1046 2451 sua:
1093 2398 1354 2449 velamine
1395 2393 1650 2462 contexit,
1681 2399 1738 2443 ut
1785 2392 1874 2444 ille
1917 2391 1980 2442 ad
2021 2406 2136 2444 eam

601 2491 751 2542 solus
782 2487 1057 2556 pervenire
1081 2486 1272 2554 possit,
1301 2485 1392 2553 qui
1417 2484 1568 2552 prius
1593 2483 1813 2550 ianuam
1834 2481 2139 2534 dilectionis

606 2580 800 2634 divina:
826 2578 1139 2646 pulsaverit.

675 2667 806 2722 LIX.
842 2667 1045 2718 Etenim
1074 2665 1213 2732 quod
1250 2663 1398 2732 prius
1438 2663 1617 2716 dicere
1661 2677 1956 2734 cmperam,
1991 2661 2139 2729 paria

604 2760 844 2828 quaedam
903 2757 1027 2810 huic
1075 2755 1274 2807 mundo
1320 2754 1624 2808 destinasse
1681 2755 1879 2807 Deum:
1928 2754 2016 2806 ille
2046 2753 2137 2821 qui

611 2853 812 2919 primus
837 2865 899 2900 ex
927 2847 1142 2915 paribus
1172 2847 1334 2907 venit,
1369 2860 1397 2896 a
1426 2845 1566 2896 malo
1597 2854 1704 2905 est,
1732 2845 1823 2912 qui
1847 2843 2137 2904 secundus,

609 2960 636 2992 a
669 2943 829 2996 bono.
853 2939 908 2990 In
925 2939 1038 3005 ῆιιο
1069 2937 1357 3002 unicuique
1399 2934 1676 2986 hominum
1732 2935 1862 3002 justi
1923 2934 2139 2987 occasio

2233 505 2636 574 comparatione
2661 520 2796 574 qua:
2817 505 2935 559 sint
2963 503 3177 571 potiora
3198 503 3549 570 deprehendet,
3573 521 3705 573 quam--

2230 596 2315 650 vis
2335 595 2621 650 manifesta
2639 596 2968 650 habeantur
2987 591 3192 648 indicia
3213 592 3348 662 apud
3368 594 3576 650 eruditos
3593 613 3707 666 quos-

2233 701 2359 755 que,
2386 687 2528 741 sicut
2549 701 2646 756 per
2679 685 2902 739 ordinis
2933 685 3371 752 consequentiam
3404 684 3707 742 demonstrati-

2233 791 2374 831 mus.
2429 775 2487 830 Si
2516 791 2648 830 vero
2677 785 2946 844 tanquam
2997 788 3167 828 sanus
3197 774 3314 842 quis
3347 783 3398 828 et
3442 775 3523 845 qui
3561 780 3708 835 medico

2232 882 2342 921 non
2375 866 2639 936 indigeat,
2678 881 2793 918 non
2818 872 2906 918 est
2953 870 3259 917 commotus
3290 863 3354 915 ad
3399 865 3594 931 primum
3615 906 3627 929 ,
3659 873 3708 921 rei

2233 957 2404 1023 ipsius
2428 956 2844 1024 perseverantia
2883 951 3242 1007 suscitabitur
3263 951 3325 1004 ad
3349 953 3619 1016 secundum,
3640 957 3713 1010 dis-

2235 1046 2670 1113 tinctionemque
2729 1045 3020 1114 signorum
3061 1051 3118 1094 et
3165 1042 3467 1095 mirabilium
3511 1042 3635 1097 faciet
3675 1048 3710 1098 in

2234 1134 2380 1187 hunc
2411 1133 2633 1187 modum
2669 1133 2816 1202 (94):
2855 1131 2956 1185 Ille
2982 1132 3077 1200 qui
3115 1145 3144 1183 a
3175 1131 3310 1185 malo
3337 1139 3432 1194 est,
3479 1133 3602 1202 signa
3631 1151 3713 1204 qua!

2234 1223 2384 1284 facit,
2417 1223 2549 1276 nulli
2582 1231 2823 1291 prosunt
2851 1241 2866 1289 ;
2901 1223 2995 1276 illa
3018 1237 3154 1276 vero
3184 1238 3299 1290 qua:
3332 1222 3449 1277 facit
3473 1225 3714 1287 bouus,lio-

2236 1312 2472 1368 minibus
2499 1323 2758 1382 prosunt.

2304 1403 2416 1456 LX.
2447 1403 2582 1456 Nam
2623 1403 2736 1464 die,
2772 1418 2988 1471 qmeso,
3021 1418 3144 1471 qua)
3171 1403 3366 1457 utilitas
3399 1413 3472 1458 est
3504 1407 3713 1460 ostendere

2235 1503 2445 1550 statuas
2469 1497 2844 1558 ambulantes,
2875 1497 3081 1549 latrare
3119 1511 3289 1550 aereos
3318 1507 3402 1549 aut
3431 1498 3622 1565 lapideos
3649 1515 3710 1551 ca-

2235 1601 2353 1649 nes,
2379 1588 2546 1642 salire
2581 1596 2827 1650 montes,
2877 1588 3069 1641 volare
3118 1603 3210 1655 per
3244 1603 3428 1650 aerem,
3473 1597 3518 1642 et
3553 1589 3630 1640 alia
3657 1591 3713 1644 lus

2235 1677 2458 1740 similia,
2485 1695 2608 1746 quae
2640 1679 2834 1732 dicitis
2874 1680 3076 1734 fecisse
3109 1676 3411 1734 Simonem?
3445 1680 3554 1743 Qua:
3586 1691 3709 1732 autem

2237 1783 2268 1819 a
2300 1769 2441 1822 bono
2471 1778 2622 1831 sunt,
2649 1769 2718 1821 ad
2759 1769 3054 1822 hominum
3093 1773 3315 1824 salutem
3363 1769 3637 1830 deferuntur,
3675 1781 3710 1819 ut

2239 1871 2363 1914 sunt
2394 1861 2483 1912 illa
2515 1875 2638 1928 qua:
2669 1859 2809 1913 fecit
2837 1859 3106 1915 Dominus
3138 1869 3335 1926 noster,
3359 1861 3441 1930 qui
3463 1860 3562 1912 fecit
3585 1873 3706 1911 033005

2237 1950 2440 2012 videre,
2484 1950 2612 2003 fecit
2634 1950 2846 2004 surdos
2883 1951 3099 2013 audire,
3132 1952 3332 2005 debiles
3353 1957 3400 2004 et
3420 1949 3600 2003 claudos
3627 1965 3709 2002 cn».

2239 2042 2337 2105 xit,
2371 2043 2664 2110 Ianguores
2692 2049 2750 2094 et
2781 2042 3069 2095 daemones
3101 2042 3368 2110 eflugavit,
3391 2048 3591 2093 mortuos
3624 2039 3708 2091 fecit

2239 2146 2545 2200 resurgere,
2579 2138 2633 2183 et
2658 2131 2772 2184 alia
2796 2131 2886 2184 his
2913 2132 3114 2185 similia
3143 2147 3258 2200 quae
3278 2131 3426 2184 etiam
3447 2145 3528 2198 per
3549 2146 3612 2182 me
3631 2128 3706 2181 fieri

2238 2220 2456 2273 videtis.
2489 2217 2594 2272 Ista
2628 2235 2769 2288 ergo
2801 2220 2962 2289 signa
2988 2237 3110 2289 qua:
3163 2220 3227 2273 ad
3269 2220 3475 2273 salutem
3511 2219 3706 2269 hominum

2239 2317 2468 2376 prosunt
2508 2316 2563 2362 et
2596 2310 2816 2378 aliquid
2846 2311 2977 2363 boni
3008 2309 3315 2364 hominibus
3350 2307 3607 2367 conferunt.
3630 2322 3706 2359 ma-

2240 2396 2418 2463 lignus
2469 2395 2652 2448 facere
2697 2412 2812 2449 non
2850 2405 3062 2466 potest,
3101 2399 3204 2451 nisi
3251 2399 3303 2450 in
3330 2397 3421 2450 fine
3447 2396 3591 2448 mundi
3625 2405 3704 2445 tan-

2239 2493 2350 2535 tum
2380 2481 2514 2550 (95).
2545 2482 2709 2536 Tunc
2727 2485 2879 2537 enim
2907 2485 3213 2541 admiscere
3237 2486 3284 2540 ei
3306 2483 3702 2548 concedeturaliqua

2239 2573 2404 2624 etiam
2435 2573 2502 2626 de
2553 2572 2776 2626 dextris
2830 2575 3032 2643 signis,
3084 2575 3136 2628 id
3185 2583 3298 2637 est,
3330 2584 3382 2627 ut
3408 2575 3476 2627 vel
3514 2574 3704 2625 daemones

2241 2661 2409 2730 fuget,
2448 2662 2530 2716 vel
2557 2665 2934 2732 aegritudines
2967 2676 3143 2729 sanet,
3167 2673 3219 2720 et
3250 2674 3445 2735 propter
3486 2664 3590 2725 hoc,
3623 2672 3703 2713 tau-

2239 2769 2401 2820 quam
2427 2754 2520 2822 qui
2549 2758 2870 2809 excesserit
2891 2758 3159 2811 terminos
3180 2773 3304 2810 suos
3324 2758 3431 2809 etin
3449 2757 3700 2822 semetipsum

2242 2841 2450 2894 divisus
2481 2842 2574 2903 sit,
2609 2859 2679 2896 ac
2715 2846 3080 2914 semetipsum
3135 2845 3506 2915 impugnaverit.
3531 2843 3703 2896 destruc-

2243 2943 2352 2985 tur.
2379 2929 2444 2983 Et
2478 2941 2782 3001 propterea
2817 2934 3087 2989 Dominus
3131 2937 3384 3004 praedixit,
3413 2937 3456 2987 in
3479 2932 3700 2985 novissimis

605 3031 792 3097 judicii
826 3029 1003 3096 datur.
1038 3028 1148 3079 sive
1180 3025 1405 3092 simplex
1458 3025 1548 3077 ille
1594 3026 1683 3088 sit,
1735 3025 1848 3079 sive
1882 3026 2135 3093 prudens.
2166 3027 2211 3086 C
2243 3023 2583 3090 temporibus
2621 3026 2990 3079 tentationem
3017 3025 3247 3079 futuram
3277 3026 3420 3078 talem
3449 3025 3492 3076 in
3513 3036 3590 3090 qua
3605 3021 3701 3071 deci-

610 3117 742 3171 Nam
774 3119 817 3171 si
853 3117 1074 3184 simplex
1113 3121 1194 3168 est
1248 3126 1301 3170 et
1333 3114 1622 3172 crediderit
1677 3114 1752 3166 illi
1791 3115 1881 3182 qui
1935 3115 2139 3182 primus

610 3209 778 3270 venit,
805 3206 972 3275 signis
989 3206 1130 3258 cnim
1163 3215 1216 3256 et
1273 3205 1527 3272 prodigiis
1570 3209 1766 3265 motus,
1797 3219 2017 3256 necesse
2059 3215 2142 3258 est

611 3298 795 3349 eadem
835 3295 1064 3357 ratione,
1118 3301 1174 3347 ut
1196 3295 1356 3346 etiam
1405 3293 1478 3344 illi
1527 3293 1615 3359 qui
1647 3291 1882 3346 secundo
1910 3292 2138 3358 venerit,

609 3385 823 3450 credat;
847 3384 1016 3453 signis
1038 3383 1178 3436 enim
1209 3389 1261 3435 et
1289 3381 1544 3450 prodigiis
1569 3382 1881 3436 suadebitur
1900 3393 1951 3435 et
1971 3397 2138 3446 nunc,

609 3475 752 3526 sicut
795 3474 964 3541 prius.
1021 3471 1154 3524 Cum
1184 3485 1314 3523 vero
1366 3471 1656 3523 erididcrit
1709 3471 1833 3523 huic
1877 3471 2138 3535 secundo,

613 3563 787 3616 discet
813 3563 879 3614 ab
899 3576 962 3613 eo
989 3560 1128 3628 quod
1174 3559 1346 3627 primo
1377 3559 1452 3611 illi
1481 3561 1570 3628 qui
1602 3574 1631 3611 a
1659 3560 1798 3613 malo
1824 3561 1987 3624 venit,
2018 3575 2138 3614 cre-

613 3653 740 3706 dere
765 3667 872 3705 non
899 3652 1109 3713 debeat,
1143 3659 1194 3704 et
1221 3652 1292 3702 ita
1314 3651 1508 3719 prioris
1536 3666 1687 3704 error
1716 3650 1934 3704 secundi
1957 3666 2140 3705 emen-

612 3742 830 3797 datione
857 3741 1163 3809 corrigitur.
1196 3739 1252 3793 Si
1279 3755 1402 3792 vero
1432 3742 1556 3808 quia
1586 3742 1756 3809 primo
1777 3740 2027 3798 credidit.
2059 3757 2143 3795 se-

612 3831 846 3884 cundum
873 3831 1114 3897 recipere
1141 3830 1392 3892 noluerit,
1430 3829 1620 3881 merito
1651 3838 1709 3881 ut
1752 3829 1984 3897 injustus
2013 3846 2141 3884 con-

615 3922 987 3985 dcmnabitur;
1043 3921 1298 3988 injustum
1342 3921 1481 3973 enim
1535 3929 1645 3982 est,
1698 3928 1755 3973 ut
1801 3936 1922 3974 cum
1972 3925 2143 3989 primo

615 4015 832 4076 propter
859 4008 1008 4075 signa
1031 4007 1344 4065 crediderit.
1377 4007 1611 4060 secundo
1637 4009 1822 4060 eadem
1847 4017 1939 4061 aut
1982 4012 2139 4063 etiam

617 4098 818 4165 potiora
851 4097 1044 4150 ferenti
1069 4097 1219 4166 signa
1249 4113 1354 4152 non
1384 4099 1588 4152 credat.
1639 4097 1696 4151 Si
1727 4115 1853 4154 vero
1889 4116 1995 4156 non
2028 4118 2144 4156 crc—

616 4187 750 4238 didit
776 4187 968 4254 primo.
1001 4202 1340 4255 consequens
1366 4196 1468 4250 est,
1503 4195 1559 4239 ut
1584 4189 1660 4241 vel
1691 4191 1742 4242 in
1769 4192 2006 4243 secundo
2028 4207 2143 4245 mo-

612 4283 801 4327 veatur
822 4275 886 4326 ad
920 4275 1263 4327 credendum.
1293 4278 1469 4345 Neque
1488 4277 1628 4328 enim
1658 4279 1708 4329 in
1732 4285 1939 4330 tantum
1964 4281 2142 4334 animo

2242 3114 2484 3182 piantur,
2526 3115 2573 3166 si
2627 3115 2747 3168 fieri
2779 3125 2986 3185 potest,
3020 3119 3182 3170 etiam
3205 3117 3378 3180 electi;
3421 3113 3609 3166 confusis
3635 3110 3699 3161 sci-

2242 3203 2371 3255 licet
2402 3204 2635 3260 indiciis
2668 3206 2960 3275 signorum
2986 3208 3286 3276 perturbari
3311 3220 3498 3259 necesse
3520 3199 3701 3256 cstetiain

2241 3305 2357 3352 eos,
2383 3293 2474 3360 qui
2504 3293 2561 3344 in
2599 3295 2993 3349 discernendis
3017 3297 3312 3364 spiritibus,
3341 3310 3395 3346 ac
3414 3285 3701 3359 distinguendis

2241 3381 2544 3437 virtutibus
2577 3383 2844 3440 videntur
2873 3386 3102 3441 eruditi.

2311 3470 2445 3524 LXI.
2487 3471 2695 3528 Decem
2729 3490 2864 3544 ergo
2891 3489 3012 3545 qua:
3027 3478 3257 3530 diximus
3279 3475 3432 3544 paria.
3452 3471 3551 3524 huic
3567 3465 3700 3520 mundo

2243 3560 2518 3614 destinata
2559 3573 2695 3616 sunt
2719 3567 2790 3619 ab
2815 3567 2974 3620 initio
2999 3568 3202 3622 szcculi.
3234 3565 3355 3619 Cain
3385 3571 3430 3618 et
3461 3560 3564 3615 Abel
3591 3570 3696 3608 unum

2244 3648 2345 3700 fuit
2377 3665 2502 3717 par;
2535 3654 2852 3707 secundum
2877 3671 3012 3709 vero
3038 3658 3304 3725 gigantum
3348 3661 3394 3706 et
3414 3647 3696 3713 Noe,tertium

2242 3737 2559 3795 Pharaonis
2590 3749 2646 3796 et
2675 3743 2991 3812 Abraham;
3027 3755 3271 3815 quartum
3316 3743 3636 3797 Philistinorum
3665 3740 3697 3781 ri

2244 3827 2431 3890 Isaac;
2464 3829 2739 3895 quintum
2772 3830 2921 3885 Esau
2967 3842 3022 3887 et
3061 3832 3256 3898 Jacob;
3289 3841 3472 3884 sextum
3508 3832 3696 3890 magorum

2244 3925 2297 3968 ει
2327 3917 2680 3986 Ιθείεὶειιοιοὶε
2716 3921 2892 3993 Moysi
2921 3941 2935 3990 ;
2991 3925 3272 3994 septimum
3320 3915 3554 3975 tentatoris
3569 3919 3606 3964 ct
3623 3905 3697 3960 Filii

2245 4006 2522 4074 hominis;
2548 4020 2811 4066 octavum
2841 4014 3081 4069 Simonis
3104 4022 3156 4068 ct
3186 4028 3371 4074 meum,
3397 4007 3540 4071 Petri;
3563 4011 3695 4056 nonum

2244 4099 2492 4151 omnium
2529 4103 2807 4170 gentium,
2854 4113 2909 4159 et
2940 4107 3088 4160 illius
3136 4105 3224 4174 qui
3266 4102 3477 4157 mittetur
3517 4092 3696 4148 semina“?

2245 4187 2479 4241 verbum
2519 4191 2669 4245 inter
2694 4204 2925 4262 gentes;
2949 4196 3215 4249 decimum
3243 4187 3517 4245 Antichristi
3537 4192 3575 4237 et
3595 4178 3691 4233 Chri-

2248 4276 2339 4338 sti,
2375 4276 2446 4330 de
2477 4281 2691 4348 quibus
2715 4283 2944 4350 paribus
2973 4283 3110 4337 alias
3139 4282 3284 4336 vobis
3312 4294 3392 4345 per
3411 4271 3572 4342 singula
3591 4266 3693 4318 latius

615 4364 785 4424 stetit,
813 4369 871 4413 ut
901 4362 1239 4428 ingeminatis
1268 4362 1601 4414 mirabilibus
1630 4378 1735 4415 non
1759 4364 1932 4415 valeat
1969 4365 2140 4416 susci-
2171 4337 2222 4396 υ
2248 4337 2621 4434 exponemus.
2657 4337 2729 4424 Et
2754 4387 2883 4425 cum
2918 4373 3250 4426 haecdicerct
3276 4337 3459 4427 Petrus,
3479 4337 3615 4428 fiquiia
3635 4353 3690 4404 ait:

615 4453 735 4505 tari.
765 4452 818 4503 Si
852 4466 978 4503 vero
1008 4453 1245 4519 prudens
1278 4464 1380 4510 est,
1419 4452 1794 4505 discretionem
1843 4461 2016 4521 potest
2045 4470 2139 4507 ca-

612 4558 738 4610 pere
767 4545 1060 4612 signorum.
1090 4542 1157 4597 Et
1184 4542 1229 4596 si
1269 4541 1479 4610 quidem
1529 4543 1702 4610 primo
1743 4544 1998 4606 credidit,
2047 4561 2144 4596 au-

2247 4454 2393 4511 Vere
2422 4461 2656 4514 assidua
2689 4463 2943 4518 doctrina
2973 4481 3111 4534 opus
3138 4473 3238 4525 est,
3270 4472 3322 4515 ut
3347 4459 3407 4513 de
3429 4449 3692 4521 singulispos-

2251 4547 2324 4600 sit
2350 4551 2481 4618 quis
2507 4553 2659 4607 scire
2696 4557 2988 4611 rationem.

1872 4695 2228 4748 COTELERII
2289 4698 2534 4757 ΝΟΤΛΕ.

682 4870 787 4952 (94)
821 4868 1314 4952 Qistinctiopemquc
1343 4868 1626 4952 signarum,
1657 4873 1706 4952 et
1725 4865 2038 4952 inirqbilium
2059 4868 2147 4935 [a-

614 4934 730 5004 cict,
757 4934 807 4992 in
837 4941 967 4990 hunc.
993 4934 1657 5004 modmanueuiimodum
1694 4934 1816 4986 hinc
1847 4935 2024 4988 hausit
2054 4934 2150 4988 au-

618 5003 735 5061 ctor
770 5008 947 5075 Operis
979 5008 1262 5075 imperfecti
1291 5008 1344 5058 in
1389 5003 1711 5075 Matthtrum.
1757 5004 1820 5054 ad
1856 5019 1948 5075 vti,
1983 5005 2068 5064 I6,
2095 5013 2148 5075 et

621 5093 762 5142 xxw,
790 5073 878 5140 Ἃ,
911 5091 1004 5129 seu
1033 5073 1215 5131 hoinil.
1243 5078 1305 5130 19
1333 5073 1494 5142 ctr49.
1525 5074 1774 5142 Idemque
1795 5073 2063 5142 profertur
2082 5073 2149 5126 ab

621 5140 868 5214 tirigene,
893 5161 928 5197 ιι
954 5148 1003 5198 in
1024 5147 1250 5207 Celsum,
1272 5161 1322 5214 p.
1345 5141 1431 5205 94,
1461 5151 1508 5194 ξι
1527 5157 1555 5192 a
1578 5141 1837 5214 Procopio
1865 5140 2054 5214 Gazgeo
2081 5143 2147 5195 ad

625 5209 778 5266 Num.
811 5228 953 5276 xxiv,
983 5216 1034 5267 8.
1063 5214 1119 5266 Na
1139 5232 1168 5268 c
1199 5209 1343 5267 aliud
1377 5219 1567 5263 sonant
1597 5211 1698 5261 ista
1729 5209 1997 5263 Theodori
2023 5212 2150 5264 Stu-

625 5280 767 5341 ditte,
795 5283 1056 5336 catechesi
1092 5285 1189 5338 “9
1224 5305 1235 5340 :
1269 5280 1457 5334 Πολλοὶ
1486 5279 1750 5348 προφῆται
1787 5278 2154 5348 ἐξεληλύθασιν

625 5350 703 5424 εῆς
733 5349 823 5424 ’ξδὴ
847 5351 1219 5424 κόεξμον-’μὰλλὰ
1239 5353 1348 5424 γὰρ
1377 5350 1467 5424 κιαι,
1497 5348 1961 5424 nolint-stipatum
1981 5365 2038 5424 ’ξε
2062 5349 2155 5424 x91

625 5415 720 5474 τὰς
747 5415 897 5492 θείας.
915 5415 1125 5492 ζιῖμτθλὰς
1162 5415 1591 5492 διαάροςδόμξξοι,
1633 5415 1796 5492 ⁸τςάλοίι
1832 5433 1890 5492 va
1926 5418 2019 5492 καῇ
2059 5417 2152 5468 νῦν

627 5481 1115 5556 παρεχῳρήθησανί
1145 5498 1270 5555 καθ’
1297 5481 1865 5556 ὀῦζοῖδξιτρᾴπουςηή
1911 5485 2151 5556 πρόνοια,

625 5550 818 5629 σημεῐά
845 5550 912 5600 re
956 5550 1299 5630 kal-Eépq%a
1333 5550 1758 5630 ἀπεργάςεὸθαιξ
1792 5550 1927 5630 «per;
1955 5550 2047 5630 '0').
2075 5554 2156 5630 6f?

623 5619 819 5678 τούτοις
850 5619 1300 5702 συναρπάςεὸοέί,
1324 5631 1388 5680 ὲκ
1403 5619 1454 5675 δὲ
1485 5619 1573 5673 τοῦ
1591 5621 2004 5692 παραδεδομένου
2026 5621 2153 5690 ἡμῖν

2405 4874 2504 4926 τοῦ
2553 4878 2768 4958 Κυρέου
2798 4883 3151 4958 ,χαρακτῆρος
3194 4879 3463 4958 δοκιμάζειν
3492 4873 3581 4956 τρὺξ
3610 4883 3687 4942 ΐίη·

2252 4901 2361 4953 ww,
2406 4901 2504 4926 wu
2555 4901 2768 4948 nuptm
2811 4901 3151 5002 χαρακτηὲος
3194 4901 3463 4958 οοκιμαεειν
3492 4901 3576 4931 W4”-

2251 4953 2538 5019 ctauovta;
2592 4949 2866 5018 μαθητάς.
2921 4952 3014 5012 Τίς
3148 4953 3174 5002 ὁ
3211 4946 3550 5019 χιρακμτὴρξ,
3583 4953 3687 5019 τθῗῖΨ

2249 5008 2383 5091 ςξηεῖὶ
2426 5008 2742 5091 γνῲσόνταί
2784 5008 3097 5082 πᾶντεςῖτι
3145 5008 3489 5091 ὲμόὶ’μαοηὲαί
3519 5008 3685 5064 ἐστενέἑτν

2247 5083 2672 5161 αγξξιτξῃνὲχητξ
2707 5089 2764 5161 ἐν
2794 5090 3060 5158 ἀλλήλων.

2277 5210 2287 5220 ’
2631 5156 2687 5207 in
2710 5139 2818 5224 [inc
3047 5139 3260 5209 tantum.
3285 5155 3427 5223 Signa
3443 5164 3534 5225 (illi?
3554 5144 3601 5225 ab

2251 5209 2519 5290 ῐ·ί.¹έ¹¹ι·ίξιο
2554 5209 2723 5284 “CIII:
2745 5209 2958 5280 verane
2979 5209 3044 5280 an
3081 5229 3276 5280 fallacia
3311 5209 3467 5277 fuittra-
3488 5220 3596 5290 sint,
3621 5209 3680 5259 du-

2253 5278 2390 5359 m!”
2415 5278 2860 5359 Chl‘ysostonius
2885 5278 3076 5349 ad?!
3109 5278 3322 5348 Thessal.
3352 5310 3401 5356 ιι,
3437 5292 3484 5359 _9.
3507 5296 3547 5359 cl
3567 5284 3681 5359 Δηιν-

2251 5355 2458 5432 §linus,
2496 5355 2592 5414 lib.
2624 5378 2695 5415 xx
2727 5363 2804 5416 De
2833 5365 3042 5419 ciritute
3078 5366 3308 5432 Uci,cap.
3330 5363 3401 5416 I9.
3423 5357 3680 5432 QiII‘tIIIIII‘lf'E

2253 5429 2452 5503 !?.“““'t
2489 5442 2502 5476 ³
2543 5432 2736 5495 Plures
2763 5434 3104 5503 illmginaria.
3135 5424 3178 5486 Α
3199 5424 3367 5487 nostro
3393 5429 3476 5503 alia
3503 5424 3682 5503 insisti“):

2366 5507 2420 5570 ,‘.
2457 5491 2626 5561 (Ιιιίῖιιι
2679 5491 2934 5570 sequitur
2989 5512 3173 5556 auctor
3215 5491 3677 5570 Operieimpcrfeeu

2253 5550 2308 5682 ﬁ:
2321 5548 2724 5682 αλδῑεαῗιιηιζειᾶ
2741 5548 2953 5636 iiii-tu
2978 5548 3187 5639 ξ’ἕέίὲῖ,
3218 5548 3441 5634 ἶὶίξῖὶιε
3480 5548 3611 5616 imam.
3645 5548 3677 5598 I9

2251 5640 2308 5682 ρι
2338 5640 2406 5682 49
2422 5673 2429 5683 .

2534 6225 2612 6232 ἡ
2883 6097 3714 6244 ,ῆι-..ρ-Α
