3904 6408
92 343 273 399 1309

1280 345 1844 404 RECOGNITIONUM
1881 342 2008 399 LIB.
2053 342 2139 398 111.

3250 342 3389 401 1510

182 455 366 513 LXII.
398 457 471 511 At
500 455 732 513 Petrus:
768 464 902 526 Quis
931 470 1038 525 est,
1068 464 1163 531 qui
1197 464 1457 517 assiduus
1483 464 1557 516 sit
1582 476 1711 530 erga
1740 462 1786 517 A
1814 461 2012 530 inquit,
2046 468 2099 513 te
2128 457 2385 513 omnibus
2414 457 2622 512 divitiis
2662 438 2951 528 repletum.
2986 470 3033 510 sn
3071 456 3178 509 huc
3209 460 3388 514 redire

86 549 446 603 doctrinam
488 559 541 605 et
570 550 816 607 studiose
854 555 1065 623 singula
1105 568 1333 623 quaeque
1382 554 1661 623 perquirat
1690 592 1708 619 ,

88 642 231 696 nisi
270 644 370 712 qui
397 643 637 697 animam
662 658 819 699 suam
841 644 1020 716 diligit
1039 646 1107 700 ad
1125 646 1351 703 salutem
1376 653 1431 701 et
1456 646 1710 702 omnibus

89 737 416 790 renuntiat
443 736 609 806 hujus
646 737 839 792 mundi
869 739 1124 808 negotiis,
1177 745 1239 793 ut
1283 738 1386 793 soli
1418 738 1586 792 verbo
1614 736 1709 791 Dei

90 836 307 890 vacet,
342 844 504 898 quem
537 829 715 884 solum
745 830 1069 899 prudentem
1120 830 1332 899 judicat
1362 843 1525 885 verus
1578 844 1710 898 pro-

91 919 316 986 pheta,
339 918 665 975 vendentem
699 921 885 975 omnia
913 935 1035 991 qute
1060 937 1159 977 sua
1183 932 1331 985 sunt,
1366 928 1420 975 et
1441 931 1706 975 ementem

92 1025 293 1064 uuam
329 1026 519 1065 veram
550 1011 904 1082 margaritam
935 1012 974 1076 ‘,
1004 1021 1058 1067 et
1081 1012 1471 1081 intelligentem
1496 1026 1617 1080 qua:
1638 1010 1710 1065 sit

91 1102 439 1158 differentia
488 1119 517 1156 a
554 1104 953 1172 temporalibus
998 1104 1065 1158 ad
1104 1112 1306 1160 aeterna
1336 1142 1351 1169 ,
1404 1103 1588 1173 parvis
1639 1102 1707 1155 ad

93 1210 348 1264 magna,
385 1194 703 1249 hominibus
726 1195 792 1248 ad
818 1194 1028 1251 Deum?
1048 1195 1301 1266 Intelligit
1324 1195 1468 1250 enim
1491 1210 1612 1264 qua:
1636 1194 1708 1249 sit

95 1298 329 1341 acterna
362 1302 492 1357 spes
517 1287 659 1357 apud
696 1304 880 1342 verum
909 1298 963 1342 et
993 1289 1192 1341 bonum
1220 1287 1410 1342 Deum.
1454 1286 1588 1352 Quis
1609 1302 1709 1340 au-

97 1389 227 1435 tem
256 1381 460 1449 estqui
488 1380 666 1450 diligit
700 1380 890 1443 Deum,
929 1380 1036 1436 nisi
1085 1388 1179 1449 qui
1218 1381 1543 1450 sapientiam
1585 1381 1705 1449 ejus

96 1472 423 1541 cognovit?
459 1470 737 1539 quomodo
787 1479 968 1525 autem
1005 1473 1130 1540 quis
1173 1485 1470 1540 agnoscere
1510 1471 1707 1539 poterit

102 1563 455 1631 sapientiam
506 1561 643 1624 Dei,
676 1564 781 1616 nisi
830 1562 1089 1618 assiduus
1136 1563 1208 1617 sit
1252 1562 1319 1627 ad
1372 1562 1705 1615 audiendum

102 1655 351 1708 verbum
384 1653 547 1723 ejus?
577 1670 642 1708 ex
674 1670 783 1724 quo
813 1655 1013 1709 accidit
1064 1663 1123 1708 ut
1153 1671 1393 1709 amorem
1427 1655 1546 1722 ejus
1570 1670 1705 1707 cun-

101 1745 292 1815 cipiat
321 1754 377 1798 et
421 1745 591 1815 digno
624 1761 748 1799 cum
800 1745 1006 1800 honore
1042 1755 1350 1806 veneretur,
1406 1745 1623 1814 hymnis
1650 1752 1703 1797 et

100 1836 477 1891 orationibus
500 1836 567 1890 ad
599 1852 720 1890 eum
754 1836 913 1899 fusis,
946 1845 999 1891 et
1024 1838 1075 1890 in
1109 1836 1193 1891 his
1226 1837 1586 1891 libentissime
1613 1852 1700 1889 rc-

103 1930 443 1995 quiescens,
474 1943 861 1997 summumque
889 1928 1159 1997 deputans
1193 1929 1603 1991 detrimentum,
1656 1928 1701 1980 si

103 2018 349 2088 quando
374 2020 582 2089 aliquid
622 2020 769 2073 aliud
822 2022 904 2075 vel
953 2022 1019 2074 ad
1058 2031 1393 2075 momentum
1441 2023 1704 2090 temporis

106 2114 387 2181 loquatur
406 2121 499 2165 aut
526 2121 671 2182 agat,
691 2114 818 2182 quia
844 2128 1032 2168 revera
1055 2129 1154 2167 nec
1178 2121 1357 2183 potest
1380 2113 1559 2167 anima
1584 2130 1705 2185 quae

107 2205 214 2261 Dei
246 2220 440 2260 amore
488 2208 691 2277 repleta
744 2214 851 2269 est,
907 2206 1055 2259 aliud
1091 2206 1297 2275 aliquid
1355 2208 1551 2260 intueri
1594 2207 1701 2263 nisi

103 2299 269 2369 quod
293 2296 362 2351 ad
385 2298 550 2353 Deum
576 2299 838 2367 pertinet,
862 2312 962 2351 nec
988 2299 1176 2351 satiari
1196 2308 1375 2368 potest
1395 2314 1703 2368 praeamore

104 2393 270 2458 ejus,
314 2405 379 2443 ea
430 2404 551 2458 qua:
583 2389 685 2460 ipsi
720 2389 825 2443 scit
854 2404 977 2444 esse
1023 2390 1221 2460 placita
1249 2389 1585 2445 meditando.
1635 2388 1700 2443 Hi

107 2495 254 2535 vero
286 2480 384 2549 qui
416 2480 667 2534 allectum
699 2480 820 2549 ejus
852 2481 1077 2534 minime
1109 2496 1433 2549 concepere,
1460 2498 1561 2535 nec
1588 2482 1703 2534 illu-

109 2574 395 2627 minatam
417 2572 740 2627 charitatem
772 2572 894 2645 eius
921 2581 1119 2642 gerunt
1145 2580 1344 2637 mente,
1367 2574 1515 2629 velut
1538 2574 1589 2626 in
1623 2584 1701 2627 te-

112 2667 315 2720 nebris
366 2667 529 2735 positi
572 2667 747 2718 lucem
802 2664 987 2718 videre
1018 2680 1125 2718 non
1173 2674 1424 2731 possunt.
1468 2664 1533 2718 Et
1578 2666 1700 2718 ideo

108 2759 291 2810 etiam
330 2758 649 2827 priusquam
674 2756 940 2825 incipiant
968 2755 1252 2824 acquirere
1281 2755 1350 2809 de
1376 2754 1509 2818 Deo,
1541 2755 1699 2824 quasi

114 2851 318 2903 labore
346 2849 594 2918 oppressi
625 2850 808 2901 statim
858 2846 1142 2909 deﬁciunt,
1197 2862 1261 2900 ac
1309 2846 1470 2901 taedio
1506 2848 1698 2916 repleti

116 2943 397 2996 continuo
426 2958 453 2993 a
485 2942 705 3011 propria
754 2940 1157 2993 consuetudine
1188 2939 1477 3008 rapiuntur
1517 2940 1584 2993 ad
1635 2956 1697 2993 ea

114 3034 290 3088 verba
319 3034 520 3103 quibus
549 3033 911 3085 delectantur.
964 3030 1098 3084 Nam
1127 3032 1193 3084 de
1238 3029 1348 3084 Deo
1379 3032 1569 3084 audire
1599 3032 1700 3083 ali-

1811 552 2102 621 placuerit,
2138 558 2192 605 et
2235 551 2485 620 pluribus
2536 550 2730 604 fultum
2781 548 3105 605 ministeriis
3150 549 3384 606 mittam.

1812 640 1937 695 Haec
1968 657 2067 710 ego
2091 641 2343 704 audiens,
2368 649 2424 695 et
2447 640 2585 694 nihil
2611 642 2664 694 in
2688 655 2753 694 eo
2778 640 3077 694 secundum
3109 638 3249 693 hanc
3271 654 3390 708 pre—

1811 734 2106 789 fessionem
2139 735 2355 798 videns,
2389 733 2484 789 sed
2531 749 2749 804 magum
2794 743 2848 787 et
2884 732 3231 802 deceptorem
3263 749 3387 790 esse

1810 824 2141 895 intelligens,
2170 824 2456 903 respondi:
2492 826 2686 891 Quaeso
2719 835 2793 891 te,
2834 826 3229 895 ignoseemihi,
3258 828 3384 897 quia

1808 916 1973 987 pedes
1998 916 2178 981 doleo,
2211 926 2266 971 et
2286 926 2575 987 propterea
2617 918 2767 995 exire
2795 933 2824 970 a
2850 917 3098 971 Caesarea
3141 934 3251 974 non
3288 934 3384 972 va-

1810 1010 1925 1075 leo;
1959 1017 2222 1078 prreterea
2248 1018 2334 1063 est
2378 1008 2513 1063 mihi
2563 1024 2725 1073 uxor,
2760 1018 2888 1061 sunt
2941 1009 3153 1078 parvuli
3207 1011 3384 1079 liberi,

1808 1117 1947 1172 quos
1965 1102 2272 1170 relinquere
2314 1101 2540 1156 omnino
2586 1116 2692 1155 non
2728 1116 2954 1171 passum
3019 1101 3089 1155 At
3140 1103 3231 1158 ille
3272 1104 3387 1159 haec

1810 1193 2041 1247 audiens
2070 1200 2127 1245 ct
2155 1191 2386 1261 ignavia:
2415 1207 2502 1246 me
2524 1192 2807 1255 incusans,
2832 1191 3113 1262 profectus
3142 1202 3226 1248 est
3260 1211 3387 1250 con-

1808 1293 1893 1338 tra
1931 1283 2129 1339 Doram
2153 1284 2371 1339 dicens:
2398 1281 2535 1337 Cum
2561 1284 2803 1339 audieris
2825 1295 3029 1354 quanta
3055 1286 3185 1339 mihi
3213 1288 3384 1357 gloria

1808 1377 1914 1430 erit
1942 1377 1995 1429 in
2028 1376 2164 1431 urbe
2186 1374 2378 1437 Roma,
2413 1376 2701 1443 paenitebit
2736 1387 2808 1431 te.
2861 1376 2927 1430 Et
2966 1387 3091 1448 post
3127 1380 3238 1432 haec
3270 1380 3387 1449 ipse

1808 1468 2050 1539 quidem,
2085 1476 2143 1521 ut
2172 1467 2377 1532 aiebat,
2405 1466 2631 1520 Romam
2657 1470 2835 1537 petiit,
2860 1485 2961 1538 ego
2990 1482 3172 1525 autem
3197 1472 3386 1527 confc-

1809 1562 1936 1615 stim
1968 1561 2102 1617 redii
2136 1560 2260 1623 huc,
2293 1576 2461 1615 orans
2514 1568 2573 1613 ut
2602 1575 2687 1613 me
2712 1562 2981 1633 suscipias
3014 1566 3080 1619 ad
3115 1566 3386 1634 pmuiten-

1807 1655 1959 1715 tiam,
1984 1646 2113 1722 quia
2141 1653 2210 1706 ab
2253 1667 2318 1707 eo
2343 1652 2609 1720 deceptus
2640 1669 2784 1709 sum.

1879 1745 2063 1800 LXIV.
2097 1745 2236 1799 Cum
2257 1744 2373 1799 hree
2390 1744 2623 1799 dixisset
2654 1747 2702 1798 is
2724 1745 2817 1815 qui
2850 1761 2881 1799 a
2929 1749 3152 1804 Simone
3176 1764 3389 1818 regres-

1810 1855 1905 1894 sus
1929 1846 2033 1903 est,
2062 1837 2231 1906 jussit
2258 1851 2385 1891 eum
2408 1835 2608 1890 Petrus
2641 1837 2693 1889 in
2719 1838 2862 1891 atrio
2892 1839 3151 1894 residere.
3186 1839 3387 1895 Proce—

1806 1930 1943 1984 dens
1972 1937 2155 1983 autem
2186 1929 2302 1998 ipse
2326 1937 2381 1983 et
2409 1928 2603 1982 turbas
2650 1929 2915 1997 plurimas
2945 1930 3135 1987 videns
3164 1972 3179 1996 ,
3212 1935 3388 1990 multo

1806 2024 1991 2093 plures
2020 2037 2185 2093 quam
2219 2020 2602 2090 superioribus
2631 2022 2847 2085 diebus,
2880 2023 3035 2076 stetit
3061 2023 3113 2075 in
3141 2024 3262 2078 loco
3292 2042 3384 2081 so-

1806 2118 1902 2172 lito
1922 2125 1977 2171 et
2004 2115 2303 2170 ostendens
2327 2130 2451 2169 eum
2474 2117 2566 2183 qui
2592 2121 2837 2178 venerat,
2866 2130 3174 2171 sermonem
3206 2118 3386 2174 facere

1805 2209 1909 2262 hoc
1940 2208 2099 2263 modo
2120 2206 2285 2276 erupit
2308 2222 2320 2256 :
2350 2204 2476 2268 Iste,
2508 2204 2729 2268 fratres,
2757 2222 2919 2275 quem
2942 2209 3175 2261 ostendo
3203 2211 3383 2278 vobis,
3449 2272 3455 2277 ,

1805 2302 1966 2371 paulo
1992 2311 2119 2356 ante
2145 2300 2295 2355 venit
2324 2299 2389 2353 ad
2417 2314 2526 2365 me,
2562 2299 2631 2353 de
2671 2298 2914 2353 Simonis
2943 2301 3077 2354 mihi
3110 2302 3266 2356 malis
3298 2318 3388 2356 ar-

1804 2395 1951 2448 tibus
1973 2394 2255 2455 nuntians,
2285 2390 2562 2461 quomodo
2588 2392 2762 2460 ipsam
2806 2392 3031 2445 sceleris
3077 2394 3161 2447 sui
3215 2394 3386 2448 ollici-

1804 2502 1927 2540 nam
1955 2485 2244 2556 projecerit
2268 2484 2321 2537 in
2349 2482 2703 2553 profundum,
2733 2497 2843 2534 non
2867 2483 3027 2551 quasi
3061 2486 3383 2552 ptenilentia

1803 2578 2025 2640 ductus,
2056 2577 2149 2632 sed
2180 2583 2435 2631 metuens
2462 2590 2530 2629 ne
2560 2574 2937 2644 deprehensus
2961 2576 3194 2644 publicis
3246 2578 3380 2647 legi-

1805 2670 1906 2725 bus
1946 2669 2275 2738 subjaceret.
2312 2666 2556 2737 Rogabat
2580 2674 2762 2720 autem
2790 2667 2956 2729 hunc,
2990 2677 3047 2721 ut
3076 2668 3225 2729 dicit,
3259 2686 3381 2723 mu-

1802 2776 1931 2815 nera
1961 2760 2224 2830 pollicens
2255 2758 2541 2819 immensa,
2563 2771 2749 2810 secum
2776 2772 3018 2812 manere.
3051 2756 3222 2822 Quem
3254 2774 3379 2812 cum

1803 2854 2036 2909 suadere
2066 2852 2289 2905 minime
2313 2850 2606 2919 potuisset,
2634 2859 2896 2919 tanquam
2923 2850 3179 2920 ignavum
3210 2852 3381 2905 incre-

1800 2962 1938 3017 pans
1971 2944 2289 3012 dereliquit,
2324 2942 2441 3010 ipse
2471 2939 2699 2994 Romam
2733 2951 2944 3011 petens.
2979 2943 3226 3013 Cumque
3266 2943 3381 2997 haec

1802 3038 1999 3093 Petrus
2028 3038 2047 3068 "
2077 3035 2379 3090 indicasset
2413 3035 2611 3097 turbis,
2643 3034 2760 3103 ipse
2788 3034 2886 3103 qui
2913 3050 3197 3105 regressus
3232 3050 3261 3087 a
3296 3034 3382 3087 Si-

112 3123 254 3192 qui‘d
290 3121 491 3175 talibus
523 3122 804 3175 taediosum
836 3128 919 3175 est
971 3128 1026 3175 ct
1056 3122 1366 3181 molestum,
1412 3137 1511 3190 pro
1539 3139 1604 3175 eo
1638 3131 1695 3175 ut
1722 3137 1765 3193 ο
1802 3143 1960 3182 mone
1992 3125 2193 3190 fuerat,
2243 3125 2458 3195 publice
2489 3135 2643 3179 stans
2690 3124 2904 3193 singula
2936 3140 3165 3195 qumque
3211 3128 3379 3195 erepit

115 3217 263 3277 disi,
290 3214 421 3284 quia
451 3229 602 3267 mens
624 3228 815 3267 eorum
861 3214 1065 3267 nullam
1104 3213 1447 3267 dulcedinem
1503 3214 1701 3268 divina:

114 3308 414 3361 eharitatis
445 3307 677 3375 accepit.

195 3396 388 3453 LXIII.
443 3396 569 3451 Hmc
599 3396 763 3451 Petro
796 3396 1016 3450 dicente
1049 3397 1167 3450 dies
1211 3404 1436 3451 exortus
1471 3405 1555 3451 est
1577 3436 1591 3459 ,
1645 3404 1699 3451 et

116 3503 255 3543 ccce
285 3488 515 3543 veniens
545 3488 766 3558 quidam
799 3503 865 3542 ex
892 3488 1181 3556 discipulis
1214 3485 1457 3542 Simonis
1491 3488 1698 3540 clama-

118 3582 219 3634 bat
245 3582 471 3635 dicens:
507 3580 750 3636 Obsecro
777 3587 848 3641 te,
871 3578 1048 3642 Petre,
1070 3579 1290 3648 suscipe
1320 3594 1405 3631 me
1436 3578 1698 3633 miserum

118 3686 152 3724 ι
194 3671 354 3740 Mago
393 3669 619 3724 Simone
660 3670 969 3739 deceptum,
1003 3671 1091 3724 cui
1139 3685 1240 3740 ego
1290 3668 1438 3723 velut
1486 3670 1698 3724 ccelcsti

119 3761 238 3816 Deo
265 3761 636 3823 intendebam,
665 3776 760 3829 pro
790 3760 874 3814 his
892 3776 1012 3828 qua:
1034 3761 1103 3813 ab
1130 3775 1194 3814 eo
1214 3760 1329 3814 Iieri
1358 3760 1698 3816 mirabilibus

119 3857 399 3911 videbare.
428 3855 642 3909 Auditis
673 3865 852 3908 tamen
882 3854 1229 3908 sermonibus
1253 3854 1359 3906 tuis
1384 3852 1551 3921 cwpit
1584 3853 1696 3921 jam

121 3949 256 4001 mihi
291 3949 454 4000 homo
480 3946 673 4008 videri,
697 3956 749 4000 et
782 3944 1001 4017 quidem
1048 3943 1247 3998 malus.
1308 3941 1696 3997 Verumtamen

119 4054 250 4093 cum
288 4039 418 4092 hinc
474 4039 652 4091 exiret
680 4076 694 4099 ,
727 4053 825 4106 ego
855 4052 977 4089 eum
1008 4035 1341 4089 subsecutus
1375 4048 1495 4088 sum
1522 4033 1693 4097 solus,

119 4130 367 4185 nondum
392 4120 537 4185 enim
569 4129 637 4183 ad
670 4129 933 4198 liquidum
968 4128 1275 4196 impietates
1304 4126 1426 4195 ejus
1458 4140 1697 4196 agnove-

118 4238 262 4277 ram.
282 4222 420 4275 Cum
451 4228 630 4275 autem
648 4220 874 4274 vidisset
903 4235 987 4273 me
1014 4220 1455 4287 subsequentem,
1478 4216 1695 4270 beatum

120 4332 209 4370 me
243 4315 438 4367 dicens
480 4312 813 4381 perduxitad
843 4311 1063 4365 domum
1087 4325 1263 4376 suam,
1289 4309 1433 4363 circa
1458 4308 1695 4361 medium

120 4429 252 4469 vero
281 4414 463 4467 noctis
487 4411 562 4463 ait
584 4409 650 4463 ad
674 4424 792 4463 me:
832 4407 1087 4463 Omnium
1122 4416 1173 4461 te
1196 4406 1473 4460 hominum
1500 4403 1693 4457 faciam

1800 3218 2000 3289 populo
2046 3231 2321 3287 exponere
2370 3214 2439 3270 de
2497 3214 2797 3270 sceleribus
2842 3214 3104 3271 Simonis.
3144 3215 3209 3270 Et
3250 3234 3378 3272 cum

1800 3310 2041 3380 graviter
2079 3309 2287 3363 ferrent
2318 3306 2385 3362 de
2432 3306 2539 3370 his,
2594 3321 2715 3376 qua:
2752 3306 3048 3361 audiebant
3096 3324 3194 3377 per
3228 3319 3378 3364 artes

1800 3402 2041 3471 magicas
2069 3408 2222 3471 gesta
2243 3415 2273 3453 a
2303 3397 2548 3463 Simone,
2579 3398 2657 3453 ait
2685 3397 2913 3452 Petrus:

1869 3492 2032 3547 LXV.
2060 3492 2261 3557 Nolite,
2323 3491 2546 3555 fratres,
2597 3490 2839 3560 graviter
2871 3489 3011 3544 ferre
3043 3490 3109 3545 de
3142 3491 3224 3546 his
3254 3508 3377 3561 qua:

1799 3593 2079 3640 transacta
2107 3591 2255 3647 sunt,
2283 3583 2377 3637 sed
2417 3584 2707 3637 observate
2730 3580 2797 3636 de
2819 3580 3020 3635 futuris
3045 3599 3060 3649 ;
3087 3598 3207 3652 quae
3226 3585 3371 3639 enim

1798 3680 2139 3733 transierunt
2166 3675 2278 3744 jam
2304 3674 2456 3728 ﬁnita
2481 3682 2633 3736 sunt,
2666 3689 2785 3743 qua:
2813 3688 2943 3727 vero
2973 3673 3257 3729 imminent
3282 3693 3377 3746 pe-

1798 3768 2035 3824 rieulosa
2084 3774 2215 3821 sunt
2244 3766 2331 3820 his
2371 3764 2464 3835 qui
2508 3764 2872 3829 incurrerint;
2920 3765 3176 3819 scandala
3227 3767 3374 3821 enim

1798 3875 2077 3931 nunquam
2106 3860 2339 3913 deerunt
2378 3856 2506 3911 huic
2544 3855 2786 3909 mundo"
2813 3856 2988 3911 donec
3037 3857 3375 3925 permittitur

1799 3951 2024 4005 inimico
2051 3964 2210 4019 agere
2238 3963 2336 4017 pro
2367 3945 2648 4000 voluntate
2680 3960 2777 3998 sua
2796 3985 2810 4009 ,
2840 3956 2896 3998 ut
2932 3946 3227 4014 prudentes
3252 3949 3375 4017 qui-

1798 4058 1906 4113 que
1932 4050 1986 4097 et
2016 4041 2383 4111 intellige‘ntes
2414 4038 2647 4093 astutias
2671 4037 2791 4105 ejus
2848 4038 3146 4092 suscitatus
3175 4038 3279 4093 sibi
3304 4041 3373 4094 ab

1797 4150 1862 4189 eo
1892 4140 2151 4205 superent
2179 4146 2403 4202 agones,
2452 4130 2505 4184 hi
2556 4146 2686 4182 vero
2712 4130 2804 4198 qui
2855 4130 3135 4199 negligunt
3163 4131 3375 4186 discere

1796 4244 1917 4299 quae
1947 4228 2014 4281 ad
2052 4226 2283 4281 salutem
2330 4225 2604 4295 pertinent
2630 4224 2827 4278 anima:
2856 4239 2987 4285 sum,
3014 4224 3181 4292 justis
3212 4225 3280 4278 ab
3308 4242 3374 4280 eo

1796 4319 2215 4391 deceptionibus
2244 4318 2552 4389 capiantur.
2585 4316 2722 4382 Quia
2750 4325 2959 4387 ergout
2984 4317 3086 4385 ipsi
3116 4318 3370 4378 audistis.

1800 4411 1991 4465 Simon
2037 4425 2290 4481 egressus
2337 4415 2422 4462 est
2452 4422 2613 4463 aures
2635 4407 2917 4477 gentilium
2932 4410 3021 4477 qui
3046 4409 3113 4463 ad
3142 4410 3371 4463 salutem

120 4509 430 4568 meliorem.
465 4505 511 4559 si
539 4501 781 4557 volueris
813 4516 986 4570 usque
1034 4500 1101 4553 ad
1145 4498 1303 4553 ﬁnem
1345 4510 1693 4566 perseverare
1723 4487 1770 4544 Β
1801 4502 1977 4557 vocati
2010 4509 2140 4557 sunt
2185 4500 2506 4570 praevenire.
2538 4514 2765 4554 necesse
2816 4507 2900 4554 est
2929 4507 2983 4554 et
3032 4516 3116 4555 me
3147 4503 3373 4571 vestigia

118 4613 360 4663 mecum;
380 4596 468 4651 cui
491 4609 614 4649 cum
640 4593 1034 4662 promisissem,
1049 4589 1222 4659 exegit
1246 4604 1275 4641 a
1297 4603 1384 4642 me
1406 4587 1690 4656 juramen-

118 4702 235 4748 tum
265 4688 709 4763 perseverantia,
740 4702 916 4755 eoque
950 4690 1175 4752 accepto
1218 4680 1476 4751 imposuit
1526 4694 1692 4749 super

118 4788 381 4841 humeros
412 4797 563 4837 meos
593 4782 797 4850 polluta
842 4777 1088 4847 quazdam
1116 4782 1170 4829 et
1204 4772 1561 4829 exsecrabilia
1603 4789 1691 4828 se-

120 4885 272 4932 creta
292 4891 393 4929 sua
428 4884 487 4927 ut
513 4881 810 4942 portarem,
838 4877 891 4923 et
922 4867 1075 4937 sequi
1103 4881 1189 4920 me
1213 4864 1399 4933 jussit.
1434 4861 1534 4917 Ubi
1566 4880 1694 4918 vero

117 4979 343 5025 ventum
375 4973 461 5020 est
510 4965 575 5018 ad
608 4977 777 5019 mare.
830 4960 1104 5030 navigium
1158 4956 1301 5027 quod
1335 4956 1472 5010 forte
1509 4955 1697 5010 aderat

120 5062 427 5131 ingressus,
479 5056 531 5110 id
570 5071 598 5108 a
634 5053 942 5109 cervicibus
994 5051 1130 5106 meis
1178 5048 1321 5119 quod
1352 5056 1571 5118 portare
1611 5061 1697 5101 me

117 5154 387 5221 jusserat,
417 5150 670 5219 sumpsit.
710 5148 772 5201 Et
812 5147 973 5217 paulo
1006 5154 1126 5214 post
1150 5158 1407 5214 egressus
1439 5140 1571 5194 nihil
1602 5153 1698 5192 ex-

123 5246 268 5304 tulit,
296 5253 507 5297 certum
541 5243 685 5311 quod
716 5242 771 5294 in
803 5255 952 5294 mare
973 5238 1025 5290 id
1054 5239 1280 5306 jererat.
1309 5233 1554 5304 Rogabat
1595 5247 1696 5285 au-

126 5351 229 5393 tem
258 5353 366 5400 me,
393 5345 451 5389 ut
471 5352 593 5390 cum
613 5336 731 5402 ipso
748 5332 1145 5403 proﬁciscerer,
1172 5328 1359 5382 dicens
1381 5343 1437 5381 se
1463 5324 1691 5379 Romam

127 5444 334 5503 potem,
368 5430 440 5483 ibi
471 5428 616 5483 enim
648 5428 702 5483 in
729 5435 937 5479 tantum
966 5425 1315 5494 placiturum,
1340 5428 1399 5472 ut
1420 5418 1559 5473 Deus
1591 5432 1694 5486 pu-

124 5536 269 5581 tetur
298 5534 355 5579 et
389 5522 589 5577 divinis
620 5521 834 5591 publice
876 5520 1109 5573 donetur
1158 5515 1479 5570 honoribus.
1518 5510 1691 5575 Tune,

1797 4595 1917 4663 ejus
1959 4592 2195 4662 insequi,
2246 4602 2304 4645 ut
2356 4591 2402 4646 si
2450 4592 2580 4661 quid
2615 4591 2754 4646 forte
2799 4592 2991 4646 abillo
3032 4593 3368 4660 disputatum

1795 4685 1981 4751 fuerit,
2012 4684 2323 4754 corrigatur
2359 4700 2389 4737 a
2422 4684 2600 4738 nobis.
2637 4683 2743 4738 Sed
2773 4685 3029 4753 quoniam
3048 4685 3255 4752 justum
3287 4692 3374 4740 est

1797 4777 1865 4831 de
1901 4775 2056 4832 vobis
2085 4774 2344 4843 majorem
2365 4774 2784 4830 sollicitudinem
2816 4775 2949 4845 geri,
2976 4775 3067 4843 qui
3087 4774 3198 4842 jam
3226 4774 3372 4829 intra

1799 4881 1987 4921 muros
2015 4865 2141 4919 vitze
2182 4865 2562 4927 contiuemini,
2597 4865 2723 4933 quia
2756 4865 2901 4934 quod
2928 4864 3255 4933 acquisitum
3287 4875 3371 4920 est

1797 4959 1841 5015 si
1879 4964 2086 5028 pereat,
2119 4956 2377 5011 damnum
2413 4955 2599 5021 infert,
2629 4955 2773 5026 quod
2803 4964 2984 5010 autem
3012 4958 3031 4987 '
3053 4956 3296 5010 nondum
3322 4958 3367 5011 si

1795 5049 2013 5120 quidem
2039 5049 2271 5103 inveniri
2302 5050 2561 5118 potuerit,
2591 5048 2802 5100 lucrum
2826 5055 2931 5111 est,
2961 5048 3005 5103 si
3037 5051 3217 5102 minus
3265 5048 3368 5103 hoc

1797 5141 1971 5195 solum
2002 5139 2187 5193 damni
2213 5146 2297 5194 est
2322 5138 2465 5208 quod
2489 5138 2701 5191 lucrum
2755 5135 2955 5189 factum
2984 5152 3091 5189 non
3142 5142 3255 5203 est;
3308 5146 3368 5189 ut

1794 5247 1926 5302 ergo
1952 5239 2006 5286 et
2033 5248 2131 5287 vos
2169 5232 2342 5301 magis
2368 5246 2433 5284 ac
2481 5232 2655 5300 magis
2695 5234 2749 5284 in
2794 5230 3024 5283 veritate
3056 5229 3368 5296 iirmemini,

1795 5333 1847 5378 et
1877 5332 2065 5398 gentes
2094 5340 2215 5395 quae
2237 5324 2301 5377 ad
2328 5323 2559 5376 salutem
2607 5330 2879 5374 vocantur
2911 5336 3018 5374 non
3056 5334 3372 5389 usquequa~

1797 5433 1901 5487 que
1928 5418 2138 5487 possint
2184 5414 2428 5484 nequitia
2473 5412 2712 5466 Simonis
2768 5411 3077 5482 prteveniri,
3133 5411 3368 5480 cogitavi

1799 5509 2120 5564 Zacchmum
2146 5509 2303 5563 vobis
2353 5506 2611 5561 ordinare
2646 5514 2944 5576 pastorem,
2969 5518 3069 5573 ego
3094 5518 3221 5557 vero
3252 5503 3369 5573 ips:

195 5660 215 5688 ⁸
256 5655 447 5709 Matth.
471 5669 594 5716 xm,
632 5652 720 5707 66.
779 5654 799 5684 ⁷
832 5652 1063 5723 Cumque
1083 5650 1191 5723 (ure
1218 5649 1648 5723 Petrus._et‘quze
1674 5657 1978 5723 sequuntur
2007 5648 2292 5723 voeabula,
2328 5645 2602 5723 usquead
2639 5644 2727 5697 illa
2759 5659 2881 5723 cap.
2915 5642 3016 5697 65:
3052 5642 3368 5710 deceptioni—

128 5728 221 5781 bus
263 5728 566 5793 capiantur,
589 5723 785 5779 desunt
816 5725 867 5779 in
894 5721 1050 5779 codd.
1084 5721 1259 5793 Lipss.

124 5802 380 5864 leguntur
412 5799 466 5852 in
495 5795 654 5851 codd.
684 5794 859 5857 Lipss.
888 5860 892 5864 _

1336 5722 1357 5751 ⁸
1390 5719 1574 5774 Matth.
1605 5732 1757 5783 xvut,
1786 5718 1845 5785 7;
1868 5720 2001 5776 Luc.
2034 5735 2166 5785 xvii,
2200 5721 2250 5773 I.

2327 5717 2346 5748 ’
2382 5716 2534 5783 Quod
2547 5716 3010 5785 autem—[actum
3038 5731 3141 5767 mm
3170 5723 3368 5768 estnon
