3904 6350
569 311 694 367 l7”

1445 309 1500 364 s.
1543 291 1937 365 CLENIEN’I‘IS
1976 310 1993 364 I
2033 310 2198 366 non.
2241 310 2444 368 rom.
2486 309 2713 365 orsus
2750 310 2975 368 DUBIA.

3666 315 3785 375 1311

561 437 672 478 tres
707 424 985 478 vobiscum
1031 433 1350 490 permanere
1380 434 1596 474 menses
1643 426 1697 474 et
1749 419 1823 472 ita
1859 420 2129 490 proﬁcisci
2158 425 2206 481 Α
2237 434 2333 488 per
2355 422 2657 475 orationem
2709 422 3073 486 sanctiﬁcata,
3107 430 3164 476 ut
3207 422 3280 476 ita
3308 423 3536 480 demum
3565 441 3665 496 per
3689 430 3793 487 hac

561 514 625 566 d
659 520 871 582 gentes,
910 526 980 564 ne
1031 509 1265 578 amplius
1308 509 1653 564 morantibus
1699 510 1859 564 nobis
1889 518 1944 564 et
1971 511 2136 565 scele-

562 605 715 660 ribus
749 605 984 659 Simonis
1044 616 1436 672 usquequaque
1467 602 1870 672 grassantibus.
1906 603 2132 658 insana-

561 697 697 750 niles
735 697 888 749 ﬁant.

631 786 813 840 LXVI.
846 784 970 839 Haec
1015 785 1106 840 illo
1134 785 1350 840 dicente
1380 787 1672 842 universus
1700 789 1934 857 populus
1962 787 2128 852 flevit,

558 882 787 935 audiens
817 878 960 948 quod
992 878 1342 948 profecturus
1363 888 1530 936 esset.
1574 881 1643 933 At
1663 881 1856 937 Petrus
1881 897 2132 952 compas-

557 989 654 1027 sus
685 973 788 1035 eis,
837 972 1000 1025 etiam
1060 973 1177 1040 ipse
1224 973 1495 1043 lacrymas
1542 972 1701 1036 fudit,
1751 981 1804 1029 et
1851 975 1904 1027 in
1931 976 2130 1030 cmlum

554 1064 856 1133 respiciens
879 1064 953 1116 ait
982 1084 993 1117 :
1019 1061 1163 1126 Tibi,
1190 1063 1356 1127 Deus,
1379 1065 1472 1132 qui
1494 1064 1690 1117 coelum
1719 1070 2028 1133 terramque
2053 1063 2130 1118 fe-

554 1157 679 1210 cisti
709 1164 762 1210 et
791 1157 974 1210 omnia
1004 1171 1124 1224 qua:
1174 1156 1230 1208 in
1262 1155 1344 1209 eis
1376 1165 1525 1216 sunt,
1558 1171 1771 1225 precem
1829 1157 2128 1225 supplicem

553 1247 860 1310 fundimtts,
889 1255 947 1300 ut
978 1246 1361 1315 confugientes
1389 1246 1456 1300 ad
1484 1254 1537 1301 te
1560 1247 1614 1300 in
1645 1247 1996 1301 tribulatione
2028 1263 2127 1302 sua

551 1339 779 1403 solcris;
815 1345 1036 1405 propter
1067 1336 1319 1390 affectum
1349 1336 1494 1390 enim
1551 1352 1711 1405 quem
1770 1337 1972 1390 habent
1999 1353 2127 1406 erga

549 1439 622 1495 te,
654 1428 892 1496 diligbnt
915 1443 1020 1489 me,
1055 1427 1145 1495 qui
1174 1427 1456 1480 veritatem
1499 1434 1647 1479 tuam
1680 1429 1998 1481 annuntiavi
2023 1429 2124 1484 eis.

547 1519 776 1590 Propter
804 1520 946 1589 quod
979 1519 1350 1572 miserationis
1381 1525 1487 1572 tute
1519 1519 1586 1572 de
1611 1528 1742 1573 tera
1768 1521 1981 1574 custodi
2005 1537 2123 1588 eos;

549 1628 656 1666 non
684 1612 828 1666 enim
865 1611 1156 1664 Zacchaaus
1209 1625 1312 1664 nec
1357 1611 1497 1664 alius
1524 1612 1812 1680 quisquam
1847 1613 2122 1667 hominum

545 1711 734 1756 custos
783 1717 906 1755 esse
941 1701 1021 1754 eis
1056 1700 1288 1754 idoneus
1338 1708 1536 1769 potest.
1574 1701 1697 1756 H:ec
1747 1713 1925 1757 autem
1958 1715 2009 1760 et
2039 1705 2123 1758 his

545 1792 743 1844 similia
775 1807 899 1844 cum
945 1790 1175 1845 dixisset
1229 1789 1442 1854 Petrus,
1477 1793 1732 1847 manibus
1759 1796 2120 1863 superpositis

541 1883 805 1937 Zacchaao
847 1883 1044 1949 oravit,
1078 1890 1138 1935 ut
1184 1883 1592 1952 inculpabiliter
1643 1887 1990 1955 episcopatus
2033 1891 2118 1942 sui

545 1983 790 2030 servaret
829 1973 1088 2028 ofﬁcium.
1118 1973 1248 2028 Post
1298 1975 1413 2027 haec
1453 1973 1738 2029 duodecim
1773 1979 2120 2049 presbyteros

541 2068 818 2122 ordinavit
846 2075 900 2120 et
931 2067 1189 2120 diaconos
1239 2074 1496 2134 quatuor,
1535 2075 1588 2119 et
1618 2067 1731 2123 ait:
1795 2068 2116 2125 Zacclneutn

541 2160 691 2213 hunc
719 2159 876 2212 vobis
908 2157 1159 2210 ordinavi
1209 2159 1549 2227 episcopum,
1582 2159 1763 2214 sciens
1785 2176 1908 2213 eum
1955 2163 2119 2217 timo-

539 2267 654 2305 rem
686 2249 778 2304 Dei
834 2250 1034 2302 habere
1084 2257 1139 2302 et
1195 2249 1470 2303 eruditutn
1517 2266 1642 2304 esse
1680 2252 1737 2304 in
1793 2251 2112 2321 Scripturis,

537 2357 702 2411 quem
734 2343 892 2410 quasi
923 2339 1127 2393 Christi
1176 2339 1352 2392 locum
1387 2354 1694 2395 servantem
1726 2342 1996 2397 honorare
2021 2345 2116 2398 de-

539 2434 699 2497 betis,
728 2432 1044 2486 obedientes
1071 2431 1120 2485 ei
1147 2431 1210 2485 ad
1225 2431 1454 2485 salutem
1481 2441 1745 2497 vestram,
1774 2444 1827 2487 et
1853 2437 2110 2500 scientes,

536 2525 682 2594 quod
713 2525 826 2579 sive
863 2523 1040 2577 honor
1070 2525 1185 2578 sive
1215 2523 1412 2592 injuria
1474 2539 1596 2593 qua:
1637 2526 1686 2579 ei
1737 2526 2006 2590 defertur,
2044 2527 2112 2580 ad

536 2618 812 2672 Christum
844 2617 1115 2670 redundat
1145 2623 1200 2670 et
1256 2632 1286 2669 a
1324 2615 1546 2672 Christo
1583 2618 1649 2670 ad
1695 2617 1884 2673 Deum.
1916 2619 2113 2675 Audite

535 2725 668 2779 ergo
692 2726 816 2764 eum
849 2709 1112 2764 attentius
1163 2717 1216 2764 et
1246 2710 1314 2763 ab
1345 2710 1464 2779 ipso
1490 2709 1754 2779 suscipite
1806 2711 2110 2766 doctrinam

537 2803 682 2864 ﬁdei,
711 2802 917 2856 monita
947 2809 1126 2856 autem
1172 2803 1296 2856 vita:
1338 2817 1367 2854 a
1404 2804 1773 2874 presbyteris.
1807 2819 1835 2857 a
1866 2804 2114 2858 diaconi-

535 2895 638 2949 hus
665 2910 794 2948 vero
831 2895 1077 2949 ordinem
1109 2894 1435 2964 disciplinae.
1470 2893 1768 2950 Viduarum
1798 2896 2110 2965 religiosam

533 3002 723 3039 curam
757 2987 950 3056 gerite,
983 2987 1219 3057 pupillos
1261 2987 1478 3041 enixius
1512 2987 1718 3057 juvate,
1775 2990 2108 3058 pauperibus

2231 519 2584 565 consecratus
2615 511 2789 580 possit
2818 511 3099 580 percipere
3121 511 3188 568 de
3225 516 3437 569 sanctis
3465 515 3605 586 (97).

2307 599 2546 657 LXVIII.
2567 632 2640 642 —
2661 602 2728 655 Et
2745 617 2867 658 cum
2891 605 3058 658 multa
3085 604 3314 662 dixisset
3355 607 3426 662 de
3457 609 3676 664 ratione
3711 610 3802 665 ba-

2232 693 2442 761 ptismi,
2477 693 2724 750 dimissis
2765 695 2945 750 turbis
2983 695 3051 750 ad
3085 697 3301 751 solitam
3334 713 3394 752 se
3422 701 3635 769 recepit
3658 716 3799 756 man—

2231 785 2460 849 sionem,
2496 785 2678 853 ibique
2723 787 3031 843 astantibus
3073 789 3183 843 sibi
3211 789 3528 852 duodecim,
3587 787 3651 844 id
3696 803 3797 853 est,

2231 873 2490 930 Zaechzeo
2517 883 2572 931 et
2595 875 2893 946 Sophonia,
2919 877 3159 949 Josepbo
3185 889 3239 936 et
3270 881 3521 943 Michaea,
3548 881 3802 939 Eleazaro

2229 976 2283 1022 et
2308 967 2560 1031 Phinees,
2591 968 2798 1023 Lazaro
2824 979 2878 1024 et
2905 969 3106 1034 Eliseo,
3139 987 3228 1027 me
3248 971 3537 1027 Clemente
3562 979 3620 1028 et
3643 971 3802 1028 Nico-

2229 1059 2410 1122 demo,
2435 1059 2623 1113 Niceta
2650 1067 2705 1114 et
2737 1059 2954 1130 Aquila,
2989 1062 3096 1116 hoc
3125 1063 3288 1117 modo
3316 1065 3646 1133 prolocutus
3672 1073 3750 1119 est
3783 1085 3800 1118 :

2227 1147 2649 1207 Consideromus
2687 1152 2884 1208 fratres
2906 1193 2921 1216 ,
2949 1153 3096 1223 quod
3132 1153 3342 1223 justum
3379 1166 3505 1222 est;
3538 1156 3800 1210 debemus

2227 1243 2368 1297 enim
2397 1243 2658 1297 auxilium
2687 1243 2905 1313 aliquod
2939 1244 3080 1300 ferre
3098 1245 3377 1315 gentibus,
3402 1260 3532 1314 quae
3556 1246 3628 1300 ad
3649 1248 3797 1299 salu-

2226 1340 2335 1388 tem
2367 1341 2573 1388 vocatae
2603 1342 2751 1388 sunt.
2785 1334 2890 1404 Ipsi
2923 1335 3155 1390 audistis
3185 1335 3333 1404 quod
3366 1333 3563 1390 Simon
3596 1351 3799 1405 praece—

2235 1425 2366 1480 dere
2390 1427 2579 1480 volens
2608 1427 2710 1481 iter
2737 1434 2986 1481 nostrum
3009 1426 3286 1495 profectus
3303 1436 3411 1492 est,
3442 1442 3612 1497 quem
3643 1441 3804 1496 opor-

2224 1522 2404 1570 tuerat
2435 1532 2467 1571 e
2494 1515 2726 1584 vestigio
2755 1516 2996 1586 insequi,
3028 1523 3089 1569 ut
3117 1516 3293 1571 sicubi
3329 1516 3552 1585 aliquos
3574 1515 3802 1570 subver-

2225 1616 2340 1662 tere
2371 1615 2610 1661 tentaret
2657 1608 2922 1662 continuo
2965 1605 3352 1661 confutaretur
3394 1620 3426 1658 a
3469 1606 3658 1660 nobis.
3693 1605 3800 1659 Sed

2224 1699 2482 1769 quoniam
2522 1699 2786 1767 injustum
2833 1699 2967 1753 mihi
3005 1698 3242 1761 videtur,
3281 1704 3343 1751 ut
3370 1696 3659 1752 derelictis
3705 1697 3794 1751 bis

2225 1793 2318 1861 qui
2348 1791 2460 1860 jam
2505 1791 2759 1845 conversi
2789 1797 2919 1844 sunt
2949 1790 3018 1843 ad
3053 1788 3241 1853 Deum,
3267 1803 3463 1844 eorum
3494 1789 3592 1858 qui
3619 1791 3797 1843 adhuc

2225 1884 2382 1952 longe
2407 1891 2536 1938 sunt
2563 1897 2753 1936 curam
2784 1881 3152 1952 proferamus,
3186 1889 3400 1936 rectum
3440 1889 3580 1951 puto
3623 1883 3798 1937 tribus

2221 1968 2505 2030 mensibus
2529 1991 2850 2045 permanere
2879 1992 2964 2031 me
2996 1991 3119 2030 cum
3142 1975 3230 2030 bis
3250 1976 3343 2044 qui
3368 1975 3425 2028 in
3454 1976 3560 2029 hac
3581 1977 3797 2030 civitate

2220 2066 2472 2120 conversi
2497 2074 2626 2120 sunt
2649 2065 2715 2119 ad
2743 2066 2922 2128 ﬁdem,
2945 2072 3001 2120 et
3024 2065 3294 2119 ﬁrmiores
3315 2080 3414 2120 eos
3445 2064 3797 2124 δαῖσαι-θωνα

2219 2163 2402 2210 tamen
2433 2157 2556 2211 illos
2586 2157 2680 2226 qui
2709 2156 2889 2212 adhuc
2912 2157 3219 2227 longesunt
3247 2157 3470 2225 penitus
3503 2158 3798 2226 negligere.

2219 2263 2286 2302 ne
2311 2247 2470 2310 forte,
2505 2249 2554 2304 si
2583 2249 2676 2301 diu
2700 2249 2925 2303 venenis
2953 2247 3206 2317 pessima:
3235 2247 3512 2302 doctrinae
3544 2249 3800 2301 inﬁcian-

2218 2346 2331 2403 tur,
2379 2339 2654 2394 difﬁcilius
2697 2349 3041 2395 revocentur.
3086 2339 3153 2392 Et
3190 2341 3317 2396 ideo
3349 2340 3500 2401 volo,
3533 2341 3578 2397 si
3617 2348 3798 2393 tamen

2216 2434 2379 2486 etiam
2410 2432 2564 2486 vobis
2590 2431 2798 2501 justum
2839 2432 3077 2498 videtur,
3109 2441 3169 2486 ut
3200 2447 3302 2502 pro
3335 2430 3609 2486 Zaccbteo
3635 2447 3796 2500 quem

2218 2525 2307 2577 hic
2337 2524 2716 2579 ordinavimus
2737 2524 3078 2594 episcopum,
3115 2524 3450 2592 subjiciatur
3475 2523 3536 2576 in
3569 2536 3796 2576 numero

2216 2613 2516 2683 Benjamim
2542 2613 2686 2669 ﬁlius
2709 2613 2874 2680 Saba,
2892 2622 2950 2668 et
2963 2629 3063 2685 pro
3085 2613 3361 2669 Clemente
3378 2627 3546 2683 quem
3572 2612 3789 2667 decrevi

2215 2719 2426 2758 mecum
2458 2719 2679 2774 semper
2701 2720 2841 2767 esse,
2867 2705 2994 2774 quia
3026 2721 3092 2760 ex
3129 2705 3391 2775 gentibus
3420 2704 3654 2759 veniens
3693 2717 3794 2756 au-

2213 2796 2393 2850 diendi
2420 2797 2566 2851 verbi
2606 2795 2696 2850 Dei
2741 2798 2950 2866 grande
2976 2798 3311 2852 desiderium
3346 2797 3520 2866 gerit,
3549 2796 3794 2848 Ananias

2213 2889 2359 2942 ﬁlius
2393 2887 2574 2951 Safra,
2614 2903 2713 2957 pro
2742 2887 2930 2942 Niceta
2973 2903 3105 2943 vero
3142 2895 3195 2943 et
3230 2889 3452 2958 Aquila,
3495 2887 3594 2956 qui
3615 2901 3794 2955 nuper

2211 2979 2460 3033 conversi
2497 2987 2626 3031 sunt
2667 2976 2737 3030 ad
2779 2977 2937 3032 ﬁdem
2980 2977 3208 3040 Christi,
3253 2977 3506 3032 Rubelus
3540 2975 3794 3030 Zaochai

535 3079 966 3132 misericordiam
1034 3080 1216 3141 facile,
1274 3079 1508 3148 juvenes
1548 3080 1867 3149 pudicitiam
1895 3081 2105 3148 docete,

2215 3067 2385 3122 frater
2413 3076 2469 3122 et
2494 3068 2791 3122 Zacharias
2824 3077 3084 3123 structor.
3113 3068 3238 3123 Istis
3260 3084 3394 3138 ergo
3423 3076 3664 3137 quatuor
3687 3082 3790 3135 pro

531 3177 583 3221 ct
611 3177 666 3221 ut
699 3169 932 3222 breviter
965 3178 1137 3224 totum
1170 3171 1370 3235 dicam,
1417 3174 1741 3227 alterutrum
1780 3189 1878 3228 vos
1902 3175 1956 3226 in
1985 3175 2109 3243 qui-

533 3261 634 3315 bus
653 3276 741 3315 res
769 3263 1078 3333 poposcerit
1102 3270 1425 3319 sustentate.
1449 3264 1616 3319 Deum
1644 3266 1809 3320 colite
1834 3268 1925 3335 qui
1955 3283 2108 3321 crea-

530 3353 605 3405 vit
623 3354 822 3406 cmlum
850 3359 904 3406 et
941 3361 1166 3418 terram,
1201 3354 1422 3410 Christo
1463 3357 1688 3419 credite,
1721 3358 1949 3413 invicem
1985 3359 2107 3412 dili-

531 3445 662 3512 gite,
696 3444 1082 3498 misericordes
1113 3454 1288 3501 estote
1318 3448 1383 3500 ad
1416 3461 1628 3512 omnes,
1656 3465 1764 3503 non
1799 3452 1964 3507 verbo
1986 3453 2105 3506 solo

531 3536 624 3589 sed
652 3542 706 3588 et
737 3550 902 3604 opere
931 3544 983 3590 et
1006 3538 1169 3591 rebus
1193 3539 1410 3607 implete
1439 3540 1783 3596 cbaritatem.

599 3625 805 3681 LXVII.
839 3627 1054 3681 Etcum
1086 3629 1199 3683 haec
1238 3638 1399 3699 atque
1455 3631 1544 3686 his
1583 3632 1781 3687 similia
1816 3633 2104 3702 praecepis-

528 3727 630 3776 set.
662 3722 1034 3789 pronuntiavit
1055 3722 1119 3774 ad
1146 3723 1401 3791 populum
1425 3723 1614 3779 dicens
1641 3744 1654 3778 :
1690 3725 1955 3791 Quoniam
1988 3734 2100 3780 tres

529 3829 743 3868 menses
768 3815 929 3867 statui
959 3814 1134 3869 facere
1166 3817 1442 3870 vobiscum
1468 3856 1482 3880 ,
1512 3819 1554 3871 si
1588 3817 1713 3887 quis
1744 3830 1981 3873 vestrum
2006 3821 2099 3876 de-

527 3904 754 3966 siderat,
785 3905 1105 3974 baptizetur,
1166 3912 1224 3959 ut
1272 3915 1468 3962 exutus
1499 3909 1776 3978 prioribus
1812 3912 2000 3976 malis,
2033 3913 2098 3967 de

525 3997 733 4064 reliquo
765 4011 863 4066 pro
892 3997 1050 4050 bonis
1075 3997 1283 4052 actibus
1307 3998 1478 4052 haeres
1496 4000 1760 4054 bonorum
1792 4003 2097 4057 caelestium

523 4101 586 4137 et
620 4087 790 4153 gestis
840 4087 1076 4155 propriis
1129 4086 1242 4141 ﬁat.
1301 4087 1538 4142 Accedat
1560 4106 1690 4160 ergo
1735 4092 1824 4160 qui
1889 4075 2000 4148 vult
2029 4094 2096 4148 ad

429 4241 437 4248 ἥ
524 4175 866 4235 Zacchteum,
894 4185 946 4229 et
977 4178 1078 4245 ipsi
1113 4177 1203 4230 det
1246 4193 1443 4232 nomen
1473 4196 1634 4234 suum
1670 4182 1806 4251 (96),
1835 4191 1997 4253 atque
2028 4185 2097 4237 ab

521 4281 586 4318 eo
617 4267 802 4318 audiat
826 4269 1256 4338 mysteria'regni
1286 4270 1812 4342 cmlorumJejuniis
1845 4274 2098 4344 frequen-

521 4358 666 4412 tibus
697 4373 916 4427 operam
952 4359 1228 4428 impendat
1257 4377 1321 4413 ac
1372 4366 1721 4433 semetipsum
1755 4367 1809 4420 in
1837 4369 2093 4424 omnibus

2214 3161 2298 3213 his
2321 3167 2562 3229 quatuor
2604 3160 2920 3214 substitutis
2957 3161 3158 3229 expleri
3191 3161 3317 3215 volo
3356 3159 3656 3214 duodecim
3684 3175 3792 3212 nu-

2210 3266 2444 3314 merum,
2471 3257 2530 3304 ut
2563 3266 2648 3306 me
2687 3251 2744 3305 in
2783 3250 2919 3320 ipsis
2945 3267 3159 3321 semper
3187 3267 3376 3307 secum
3417 3266 3550 3306 esse
3585 3252 3789 3307 sentiat

2211 3339 2420 3396 Simon.

2275 3459 2460 3514 LXIX.
2529 3461 2898 3531 Sequestratis
2949 3458 3112 3530 igitur
3163 3475 3247 3514 me
3297 3456 3790 3515 ClementeetNi—

2205 3563 2322 3605 ccta
2367 3560 2421 3605 et
2463 3552 2678 3621 Aquila,
2723 3552 2788 3604 ad
2827 3552 2951 3604 illos
2982 3549 3268 3603 duodecim
3317 3550 3394 3601 ait
3433 3568 3446 3602 :
3491 3547 3634 3601 Volo
3681 3563 3782 3601 vos

2174 3645 2182 3650 '
2207 3650 2331 3712 post
2360 3642 2500 3696 diem
2528 3643 2829 3696 crastinum
2863 3639 3133 3710 proficisci
3165 3638 3230 3692 ad
3255 3646 3451 3708 gentes
3478 3649 3536 3693 et
3555 3639 3782 3708 vestigia

2207 3733 2444 3788 Simonis
2476 3733 2711 3801 insequi,
2742 3741 2802 3785 ut
2826 3730 3010 3785 omnia
3033 3745 3153 3799 qua:
3184 3739 3295 3795 agit
3324 3729 3626 3782 manifesta
3648 3727 3780 3780 mihi

2204 3824 2442 3878 faciatis.
2489 3823 2593 3879 Sed
2634 3832 2689 3879 et
2727 3822 3064 3892 propositum
3108 3821 3452 3890 singulorum
3491 3819 3782 3888 diligenter

2199 3919 2462 3987 requirite
2492 3926 2544 3970 et
2581 3932 2668 3970 me
2708 3916 3026 3969 adiuturum
3069 3914 3190 3968 sine
3229 3929 3380 3966 mora
3430 3913 3517 3967 eis
3562 3927 3783 3965 annun-

2198 4009 2350 4072 tiatc,
2382 4016 2435 4062 et
2460 4024 2527 4060 ne
2558 4009 2729 4060 multa
2760 4007 2917 4061 vobis
2946 4005 3147 4069 dicam,
3182 4021 3276 4074 per
3301 4006 3489 4058 omnia
3523 4004 3782 4057 instruite

2198 4099 2427 4169 gentiles
2465 4104 2785 4166 exspectare
2823 4097 3109 4150 adventum
3143 4111 3345 4149 meum.
3371 4095 3631 4162 Cumque
3659 4093 3776 4146 hac

2198 4200 2359 4260 atque
2382 4191 2468 4244 his
2487 4191 2684 4244 similia
2699 4188 2960 4242 dixisset:
2989 4187 3162 4240 Etiam
3177 4201 3296 4247 vos,
3321 4186 3526 4254 inquit,
3554 4183 3774 4242 fratres.

2199 4284 2243 4338 si
2287 4283 2416 4352 quid
2447 4282 2604 4336 vobis
2640 4285 2705 4334 ad
2737 4281 2853 4333 hzec
2882 4279 3118 4342 videtur,
3146 4280 3331 4340 dicite,
3372 4293 3444 4333 ne
3489 4277 3632 4331 forte
3664 4292 3774 4330 non

2197 4376 2268 4429 sit
2310 4382 2516 4427 rectum
2549 4373 2693 4441 quod
2727 4371 2860 4424 mihi
2889 4371 2988 4425 soli
3027 4371 3221 4439 placet.
3250 4367 3388 4422 Tum
3423 4384 3624 4423 omnes
3667 4383 3772 4420 una

521 4451 732 4518 probet,
766 4459 825 4503 ut
852 4451 1027 4505 tribus
1059 4453 1144 4504 his
1188 4455 1467 4510 mensibus
1506 4460 1896 4515 consummatis
1921 4460 1975 4514 in
2003 4462 2089 4516 die
2122 4443 2165 4496 θ
2193 4479 2324 4516 voce
2352 4461 2726 4515 collaudantcs
2753 4476 2876 4515 eum
2912 4479 2925 4514 :
2962 4459 3238 4530 Rogamus
3279 4459 3480 4528 magis,
3525 4459 3769 4514 aiebant.

517 4541 657 4595 festo
686 4542 860 4610 possit
885 4543 1172 4610 baptizari.
1207 4543 1579 4613 Baptizabitur
1600 4556 1776 4603 autem
1801 4553 2093 4621 unusquis-

515 4650 620 4702 que
652 4643 892 4688 vestrum
927 4635 978 4686 in
1002 4636 1158 4704 aquis
1186 4637 1513 4704 perennibus
1538 4641 1941 4697 nomine'I‘rime
1966 4647 2090 4699 Bea-

514 4724 772 4779 titudinis
801 4725 1060 4779 invocato
1107 4742 1272 4795 super
1321 4741 1401 4793 se,
1434 4738 1730 4797 perunctus
1763 4733 1940 4802 primo
1968 4735 2088 4789 oleo

2195 4565 2251 4608 ut
2300 4569 2399 4623 pro
2447 4554 2678 4607 arbitrio
2703 4563 2796 4605 tuo
2822 4561 3020 4605 cuncta
3065 4553 3331 4621 disponas
3366 4559 3424 4604 et
3468 4550 3624 4620 quod
3673 4550 3770 4602 tibi

2194 4645 2297 4714 ipsi
2327 4645 2540 4699 videtur
2577 4644 2801 4712 jubeas;
2831 4644 2934 4697 hoc
2973 4642 3116 4696 enim
3167 4653 3428 4710 putamus
3457 4657 3589 4696 esse
3635 4656 3772 4710 opus

2195 4740 2467 4808 integrum
2500 4737 2740 4808 pietatis,
2773 4737 2819 4791 si
2850 4750 2970 4805 quae
2992 4742 3048 4789 tu
3075 4734 3311 4804 jusseris
3341 4735 3703 4803 impleamus.

1812 4908 2181 4967 COTELERII
2217 4911 2448 4968 NOTAE.

577 5044 687 5116 (96)
731 5042 798 5097 Et
828 5044 930 5116 ipsi
967 5043 1051 5096 det
1088 5060 1270 5096 nomen
1306 5060 1479 5098 suum.
1505 5043 1609 5116 Qui
1639 5044 1934 5100 Christiani
1968 5048 2084 5102 ﬁeri

509 5116 787 5172 volebant.
819 5115 1022 5187 dabant
1054 5131 1210 5168 suum
1237 5129 1430 5167 nomen
1461 5115 1525 5166 ad
1551 5115 1906 5184 baptismum,
1937 5120 2081 5187 quod

507 5187 898 5256 Scribe-return
929 5185 1077 5256 clero
1103 5228 1116 5248 ,
1149 5192 1447 5256 posteaque
1471 5185 2005 5256 ὀνοματογραφέντές
2024 5198 2080 5243 et

509 5256 807 5312 subscripti
835 5254 1179 5308 dicebantur.
1215 5255 1497 5308 Celebrem
1530 5256 1696 5308 ritum
1731 5254 1931 5310 docent
1951 5273 2076 5312 cum

508 5327 694 5396 audtis
729 5325 960 5396 Siririus
1008 5340 1162 5393 papa,
1202 5325 1364 5396 epist.
1405 5326 1456 5396 I,
1490 5340 1611 5394 cap.
1655 5325 1708 5388 2,
1758 5334 1810 5380 ct
1837 5329 2075 5396 Cyrillus

507 5394 1048 5466 Hierosolymitanus,
1090 5395 1368 5466 catechesi
1401 5395 1665 5466 75._atque
1692 5396 1745 5448 in
1790 5394 2072 5466 Προκατη-

507 5467 678 5533 χήσει.
719 5463 788 5516 Ea
822 5463 1253 5528 Procatechesis,
1279 5474 1333 5516 ut
1359 5465 1411 5517 id
1442 5463 1622 5519 obiter
1655 5463 1925 5526 moneam,
1958 5463 2071 5519 vel-

508 5541 566 5584 ut
609 5535 829 5587 homilia
863 5534 922 5587 S.
955 5534 1163 5605 ABasilii
1205 5534 1279 5587 De
1310 5535 1589 5602 baptismo,
1622 5535 1754 5605 Περὶ
1791 5537 2072 5605 φωτίσμα-

504 5618 613 5664 τος,
642 5612 842 5662 exstat.
875 5603 968 5657 sed
1002 5605 1168 5656 multa
1200 5619 1322 5657 eum
1369 5603 1712 5665 diversitate,
1741 5606 1796 5658 in
1828 5603 2068 5671 antiquis

505 5673 833 5743 membranis
875 5674 1218 5728 Bibliotheca!
1266 5672 1445 5743 Regia}
1482 5675 1605 5726 cod.
1656 5675 1785 5729 I260
1823 5683 1876 5728 et
1905 5675 2065 5739 2405,

501 5743 566 5796 ad
608 5742 767 5812 cujus
810 5745 1132 5812 posterioris
1163 5742 1372 5799 codicis
1406 5745 1704 5814 marginem
1746 5747 1826 5800 sic
1861 5747 2069 5799 notavit

2193 5050 2420 5123 criticus
2447 5048 2667 5123 Grmcus
2696 5066 2710 5123 ς
2742 5048 2935 5123 Σαφῶς
2961 5051 3095 5123 ἡμῖν
3135 5046 3385 5123 ᾆεὶκνυσε
3410 5050 3444 5123 ο
3473 5053 3760 5123 χᾳραχτὴρ

2184 5120 2278 5189 τοῦ
2316 5119 2674 5189 προκειμένου
2698 5118 2876 5184 λόγου,
2911 5118 2992 5171 att
3015 5123 3112 5172 οὐκ
3144 5119 3257 5170 ἔστι
3297 5118 3388 5170 τοῦ
3423 5118 3585 5189 aricia
3613 5118 3762 5173 Basi-

2184 5186 2440 5242 λείου.’1η
2482 5186 2718 5243 concilio
2761 5189 3370 5257 Constantinopolitano
3413 5190 3517 5242 sub
3559 5186 3709 5244 Mena
3743 5212 3756 5245 :

2182 5259 2448 5329 Στέφανος
2478 5258 2748 5329 διάκονος,
2783 5261 2811 5312 ὀ
2857 5262 2950 5313 καὶ⁸
2995 5260 3093 5322 τὰς
3125 5257 3495 5329 προσηγορίας
3535 5259 3644 5310 τῶν
3683 5264 3759 5324 εὶς

2182 5277 2300 5312 ιιτεν
2325 5277 2448 5321 avo;
2478 5277 2748 5321 οιακονος,
2783 5277 2811 5312 ο
2857 5277 2950 5313 και
2995 5277 3093 5322 τας
3125 5277 3495 5329 προσηγορίας
3535 5277 3644 5310 των
3683 5278 3756 5324 εις

2178 5326 2246 5448 rbé
2287 5277 2432 5381 gsiov
2484 5327 2763 5399 βάπτισμα
2818 5329 3150 5399 προσιόντων
3203 5327 3506 5396 ἐγγράφειν
3559 5345 3756 5398 τεταγ-

2182 5413 2219 5448 υ.
2251 5414 2356 5448 νος.

2251 5414 2338 5450 νος
2344 5437 2356 5450 .

2180 5413 2356 5536 μεδεῗῆ
2391 5466 2569 5521 Possit
2592 5469 2852 5537 percipere
2871 5468 2936 5522 de
2960 5470 3177 5523 sanctis.
3202 5466 3316 5520 IIoc
3336 5475 3444 5528 est,
3472 5481 3676 5536 corpus
3702 5478 3756 5523 et

2177 5538 2499 5606 sanguinem
2541 5539 2768 5592 Christi.
2808 5540 2865 5591 Id
2906 5555 3034 5593 vero
3074 5553 3264 5606 magna
3303 5537 3616 5604 ignorantia
3648 5555 3754 5592 non

2177 5606 2490 5676 intelligens
2516 5610 2936 5662 consarcinator
2962 5611 3139 5663 tertia:
3169 5606 3473 5661 Decretalis
3499 5607 3755 5661 Clemen-

2176 5677 2267 5734 tis.
2301 5679 2379 5728 sic
2402 5677 2581 5730 Ruﬁni
2614 5678 2773 5733 verba
2805 5679 3178 5748 interpolavit:
3205 5678 3654 5746 possitpercipm
3679 5678 3754 5732 lo-

2176 5763 2292 5798 cum
2313 5763 2430 5800 cum
2453 5759 2670 5802 sanctis.
