3904 6352
572 305 715 361 1515

1440 301 1500 356 S.
1536 298 1930 355 CLEMENTIS
1962 298 1981 351 l
2016 297 2182 354 ROM.
2230 298 2429 353 PCNT.
2467 297 2695 352 OPERA
2736 299 2961 354 DUBIA.

3688 304 3813 356 I3i6

562 420 710 493 quod
739 418 849 473 duo
878 418 989 472 sint
1019 415 1145 470 οωιί
1165 455 1181 477 ,
1212 428 1446 483 quorum
1500 429 1670 468 unum
1716 413 1790 468 sit
1824 411 1973 467 istud
2004 412 2135 468 visi-
2164 424 2208 473 Α
2240 414 2421 482 posita
2448 423 2552 480 est,
2576 414 2724 484 justa
2768 416 2841 471 sit
2869 428 2923 471 et
2946 417 3209 486 perfecta,
3238 425 3292 471 et
3324 434 3451 487 quin
3476 418 3599 472 sola
3646 426 3817 488 possit

566 512 673 567 bile
724 510 1121 563 ﬁrmamentum
1171 505 1317 574 quod
1365 513 1419 558 et
1467 504 1764 567 transibit,
1809 502 1956 557 aliud
1999 518 2132 557 vero

566 612 830 659 aeternum
858 609 911 655 et
942 598 1237 652 invisibile.
1292 597 1513 660 Sextus,
1546 598 1613 653 de
1652 598 1796 652 bono
1824 605 1878 652 et
1907 598 2051 652 malo
2076 604 2133 652 et

566 694 710 764 quod
745 693 887 746 bono
909 700 1105 744 cuncta
1138 690 1502 758 subjiciuntur
1532 706 1561 743 a
1592 688 1771 752 Patre,
1806 689 2008 741 malum
2044 704 2135 741 au-

559 793 669 838 tem
700 798 869 852 quare
892 791 947 835 et
975 781 1269 851 quomodo,
1301 790 1355 835 et
1381 781 1524 836 unde
1554 784 1644 843 sit,
1678 790 1733 836 et
1759 782 1905 851 quod
1933 796 2135 850 coope-

560 884 709 929 retur
751 874 969 943 quidem
1022 878 1202 936 bono,
1255 876 1349 929 sed
1387 892 1496 929 non
1549 877 1826 945 proposito
1857 878 2035 943 bono;
2074 885 2132 931 et

558 984 678 1035 quae
708 968 816 1020 sint
848 968 1000 1036 signa
1049 968 1197 1030 boni,
1232 984 1352 1037 (line
1382 984 1509 1023 vero
1541 970 1759 1029 mali,et
1790 985 1910 1039 qua:
1936 970 2007 1024 sit
2027 969 2136 1023 dif-

558 1060 790 1112 ferentia
820 1059 1106 1113 dualitatis
1127 1070 1181 1113 et
1209 1061 1634 1131 conjugationis.
1672 1059 1979 1129 Septimus,
2011 1076 2132 1131 qua:

557 1151 705 1213 sint,
742 1167 864 1220 qua:
895 1154 1170 1221 prosecuti
1220 1161 1348 1208 sunt
1395 1153 1680 1208 duodecim
1713 1154 1948 1222 apostoli
1986 1152 2131 1222 apud

558 1242 819 1311 populum
852 1242 907 1296 in
932 1245 1151 1313 templo.
1186 1242 1448 1311 Octavus,
1472 1244 1540 1299 de
1562 1245 1741 1300 verbis
1774 1245 1985 1299 Domini
2011 1261 2132 1313 quae

558 1332 664 1386 sibi
696 1334 954 1387 videntur
977 1350 1100 1389 esse
1131 1337 1434 1401 contraria,
1465 1336 1560 1392 sed
1590 1352 1699 1391 non
1725 1344 1893 1401 sunt,
1926 1344 1979 1392 et
2008 1351 2134 1405 quae

557 1422 628 1474 sit
662 1421 857 1476 horum
890 1424 1185 1479 absolutio.
1217 1424 1436 1491 Nonus,
1466 1426 1594 1496 quia
1640 1427 1727 1482 lex
1776 1442 1899 1496 qua:
1942 1442 1974 1479 a
2023 1425 2134 1481 Deo

2237 504 2418 560 facere
2466 522 2678 576 pacem.
2740 507 3031 570 Decimus,
3083 508 3150 563 de
3196 510 3487 563 nativitate
3537 510 3817 565 hominum

2237 598 2447 649 carnali
2477 606 2532 652 et
2561 599 2629 653 de
2658 601 3008 668 generatione
3036 616 3157 669 qua:
3198 610 3279 655 est
3310 617 3410 670 per
3458 602 3814 671 baptismum,

2238 697 2292 743 et
2321 705 2442 758 qua:
2472 690 2545 745 sit
2574 691 2630 744 in
2659 692 2881 746 homine
2901 693 3141 747 carnalis
3171 694 3401 748 seminis
3428 696 3741 757 successio,
3766 708 3819 749 et

2238 796 2359 850 qua:
2396 782 2593 836 animae
2637 783 2759 852 ejus
2787 784 2949 849 ratio,
2981 794 3035 837 et
3063 784 3338 853 quomodo
3386 786 3441 838 in
3476 786 3599 854 ipsa
3628 792 3714 839 est
3750 788 3818 839 li-

2236 874 2421 929 bertas
2444 875 2689 941 arbitrii;
2722 891 2843 945 quae
2872 876 3132 946 quoniam
3162 892 3271 929 non
3316 887 3402 932 est
3436 879 3686 947 ingenita
3725 880 3819 933 sed

2234 963 2379 1019 facta
2408 974 2527 1031 est,
2561 966 2859 1021 immobilis
2904 982 2933 1019 a
2976 968 3121 1020 bono
3155 982 3279 1021 esse
3322 984 3430 1021 non
3462 977 3705 1038 poterat.
3747 968 3823 1023 De

2235 1055 2321 1111 his
2351 1072 2483 1127 ergo
2506 1058 2735 1129 singulis
2764 1074 2885 1127 qua:
2916 1058 3059 1126 apud
3087 1058 3392 1115 Caesaream
3419 1062 3662 1115 disserta
3694 1070 3821 1115 sunt

2237 1162 2268 1201 a
2299 1146 2482 1212 Petro,
2504 1150 2752 1217 jubente,
2784 1157 2843 1201 ut
2872 1149 3005 1211 dixi,
3041 1148 3161 1218 ipso
3190 1151 3378 1205 decem
3400 1152 3727 1221 conscripta
3750 1152 3819 1203 ad

2235 1244 2294 1297 te
2320 1242 2600 1295 transmisi
2630 1241 2929 1295 volumina.
2982 1239 3093 1295 Nos
3123 1252 3303 1296 autem
3335 1243 3427 1297 die
3462 1252 3718 1312 postera,
3758 1252 3818 1295 ut

2240 1341 2508 1389 statutum
2564 1334 2763 1395 fuerat,
2790 1348 2913 1385 cum
2947 1332 3244 1404 aliquantis
3274 1334 3368 1403 qui
3394 1333 3626 1389 Petrum
3664 1337 3816 1404 sequi

2236 1427 2596 1482 decreverant
2620 1424 2873 1479 lidelibus
2894 1424 3049 1486 viris,
3073 1438 3103 1475 a
3125 1424 3373 1480 Caesarea
3392 1426 3815 1496 proficiscimur.

1670 1744 2029 1831 LIBER
2102 1744 2692 1851 QUARTUS.

615 2064 667 2136 _l.
710 2065 947 2120 Profecti
996 2082 1026 2120 a
1070 2066 1318 2121 Caesarea
1368 2073 1428 2120 ut
1456 2065 1722 2137 Tripolim
1753 2084 2131 2139 pergeremus,
2174 2076 2215 2133 Β
2248 2068 2427 2123 tribus
2463 2066 2555 2135 qui
2585 2066 2855 2136 praemissi
2888 2074 3040 2130 sunt,
3079 2066 3207 2135 quia
3240 2082 3268 2118 a
3298 2066 3518 2119 civibus
3550 2081 3648 2135 pro
3674 2066 3817 2121 desi-

556 2159 699 2228 apud
732 2158 928 2211 Doram
961 2160 1121 2212 breve
1151 2160 1410 2227 oppidum
1440 2160 1672 2228 primam
1713 2160 1942 2215 fecimus
1970 2168 2131 2214 man-

554 2249 789 2311 sionem,
818 2249 945 2317 quia
972 2264 1071 2301 nec
1097 2249 1254 2317 longe
1285 2249 1492 2301 aberat.
1544 2246 1609 2299 Et
1636 2263 1828 2302 omnes
1862 2263 2001 2316 pene
2036 2248 2129 2317 qui

554 2356 651 2408 per
687 2354 992 2394 sermonem
1024 2338 1168 2392 Petri
1202 2339 1569 2401 crediderant,
1602 2340 1784 2394 divelli
1814 2341 1882 2394 ab
1908 2355 1974 2395 eo
1995 2342 2133 2395 satis

552 2450 695 2503 tegre
722 2432 1019 2495 habebant,
1054 2433 1149 2487 sed
1172 2434 1378 2501 pariter
1410 2434 1747 2497 incedentes,
1772 2434 1901 2487 dum
1932 2436 2128 2489 iterum

555 2528 769 2591 videre,
804 2526 1001 2580 iterum
1052 2526 1339 2597 complecti
1386 2528 1579 2595 juvat,
1633 2529 1829 2581 iterum
1880 2527 2133 2583 conferre

555 2634 863 2675 sermonem
892 2659 906 2682 ,
960 2618 1029 2672 ad
1059 2617 1421 2671 diversorium
1467 2620 1833 2687 pervenimus.
1871 2618 2131 2688 Sequenti

554 2723 682 2761 vero
711 2708 799 2761 die
825 2709 1075 2763 venimus
1104 2705 1516 2770 Ptolomaidem,
1548 2708 1638 2763 tibi
1668 2708 1855 2763 decem
1887 2710 2007 2763 dies
2030 2710 2127 2763 de-

555 2802 750 2854 morati
780 2818 904 2854 cum
934 2801 1199 2869 aliquanti
1238 2801 1463 2855 verbum
1492 2800 1582 2854 Ι)θί
1616 2802 1972 2871 recepissent,
1992 2818 2129 2855 non-

552 2893 717 2947 nullis
744 2909 934 2947 eoruni
956 2934 970 2955 ,
1004 2894 1097 2963 qui
1136 2894 1454 2947 attentiores
1481 2893 1806 2947 videbantur
1841 2901 1895 2947 et
1923 2894 2130 2947 diutius

551 2985 796 3038 detinere
819 2987 1213 3039 nosdoctrinte
1241 2987 1413 3055 gratia
1444 2986 1760 3055 cupiebant,
1788 2985 2050 3054 Tripolim
2082 3002 2127 3040 SI

551 3078 655 3131 hoc
688 3078 896 3140 velint,
932 3085 991 3130 ut
1032 3086 1392 3146 sequerentur
1420 3077 1805 3132 indicavimus.
1861 3076 2129 3130 Similiter

550 3176 606 3222 et
632 3168 775 3238 apud
807 3167 1012 3240 Tyrum
1045 3184 1107 3222 ac
1142 3168 1399 3222 Sidonem
1431 3178 1485 3223 et
1514 3168 1766 3239 Berytum
1801 3169 2052 3232 fecimus,
2075 3176 2129 3224 et

552 3261 637 3313 his
682 3261 776 3329 qui
830 3261 1045 3329 plenius
1091 3260 1476 3315 desiderabant
1522 3261 1714 3313 audire
1771 3276 2124 3325 sermonem,

548 3354 692 3422 apud
744 3351 1008 3421 Tripolim
1056 3352 1215 3405 nobis
1259 3352 1605 3405 biemandum
1653 3351 2121 3407 denuntiavimus.

2240 2159 2395 2212 derio
2426 2158 2571 2226 quod
2601 2174 2731 2227 erga
2769 2157 2991 2211 Petrum
3038 2165 3445 2226 conceperant,
3488 2174 3601 2211 non
3642 2160 3817 2212 solum

2235 2251 2487 2320 hospitiis
2510 2251 2604 2305 sed
2649 2260 2704 2303 et
2737 2252 2882 2303 oumi
2917 2251 3258 2303 humanitate
3287 2255 3536 2319 suscepti
3570 2250 3679 2305 sint
3701 2290 3717 2312 ,
3760 2251 3819 2303 in

2234 2349 2445 2394 tantum
2478 2349 2535 2393 ut
2568 2346 2624 2392 et
2669 2340 3136 2393 contristarentur
3170 2340 3460 2409 aliquanti,
3493 2340 3693 2408 quibus
3717 2338 3819 2392 de-

2234 2432 2384 2485 fuere
2429 2444 2571 2499 quos
2628 2431 3007 2499 susciperent;
3043 2432 3117 2484 ita
3166 2431 3311 2486 enim
3359 2447 3556 2485 omnes
3599 2442 3819 2500 paratos

2234 2524 2427 2585 fuisse,
2460 2531 2518 2575 ut
2549 2522 2600 2575 si
2627 2524 2800 2576 multo
2825 2523 3012 2591 plures
3049 2524 3368 2586 venissent,
3419 2523 3603 2576 adhuc
3636 2533 3757 2577 tum
3780 2541 3819 2577 it

2232 2613 2613 2684 suscipiendos
2644 2614 2815 2683 magis
2846 2630 3011 2684 quam
3065 2616 3433 2684 suscipientes
3469 2615 3642 2668 fuisse
3667 2613 3819 2669 delu-

2234 2724 2413 2767 turos.

2302 2803 2390 2859 Ill.
2434 2802 2611 2872 Super
2644 2803 2731 2856 his
2753 2802 2950 2858 Petrus
2980 2802 3136 2856 valde
3169 2803 3498 2860 delectatus.
3533 2804 3818 2856 collaudat.

2229 2900 2307 2952 vit
2339 2905 2393 2951 et
2426 2896 2704 2950 benedixit
2734 2911 2829 2949 ens
2883 2911 2946 2948 ac
2977 2911 3164 2950 secum
3209 2912 3433 2950 manere
3469 2897 3663 2961 jussit.
3697 2894 3819 2965 Ipse

2233 3006 2359 3045 vero
2387 3005 2511 3042 cuin
2540 2987 2763 3041 lavisset
2791 2987 2845 3041 in
2879 2990 3016 3040 mari
3053 2987 3191 3057 (99),
3210 2989 3333 3042 cibo
3357 2997 3583 3057 sumpto
3612 2988 3818 3056 quievit

2230 3081 2285 3134 in
2322 3094 2568 3149 vespera.
2598 3076 2663 3130 Et
2692 3095 2759 3132 ex
2793 3094 2945 3134 more
2978 3081 3254 3149 pullorum
3277 3080 3539 3134 cantibus
3563 3097 3816 3148 surgens,

2229 3169 2545 3239 vespertino
2570 3167 2749 3223 adhuc
2774 3169 2980 3224 lumine
3011 3170 3362 3239 perdurante,
3385 3179 3630 3226 cunctos
3668 3172 3818 3225 inve-

2232 3263 2312 3315 nit
2348 3264 2667 3333 vigilantes;
2709 3276 2932 3318 eramus
2972 3273 3152 3317 autem
3186 3277 3379 3315 omnes
3407 3276 3539 3315 cum
3569 3278 3635 3315 eo
3668 3262 3817 3317 sede-

2231 3353 2337 3407 cim
2359 3394 2373 3415 ,
2408 3354 2604 3411 Petrus
2633 3364 2687 3409 et
2715 3370 2817 3424 ego
2866 3353 3122 3408 Clemens
3141 3396 3155 3418 ,
3188 3352 3376 3405 Niceta
3407 3361 3466 3406 et
3493 3354 3725 3423 Aquila,
3764 3362 3813 3407 et

549 3443 721 3515 Igitur
750 3458 874 3497 cum
910 3459 974 3496 ex
1010 3443 1241 3511 singulis
1277 3442 1595 3497 civitatibus
1644 3444 1875 3498 studiosi
1926 3444 2129 3513 quique
2156 3438 2198 3493 C
2234 3445 2308 3498 illi
2340 3447 2433 3516 qui
2477 3455 2873 3517 praecesserant
2899 3444 3209 3499 duodecim.
3244 3442 3509 3500 Salutans
3537 3446 3722 3513 itaque
3758 3454 3814 3497 ut

549 3538 945 3590 comitarentur
974 3534 1214 3597 Petrum,
1248 3535 1547 3588 electorum
1569 3535 1863 3589 multitudo
1889 3535 2123 3605 plurima

548 3628 889 3697 ingredimur
934 3625 1217 3695 Tripolim.
1254 3624 1525 3680 Continuo
1554 3633 1736 3681 autem
1781 3636 1909 3680 ante
1937 3634 2125 3696 portas

548 3719 788 3773 civitatis
814 3720 1013 3773 fratres
1044 3718 1137 3788 qui
1164 3719 1431 3788 praemissi
1463 3718 1713 3783 fuerant,
1744 3728 2043 3774 occurrunt
2072 3732 2128 3775 et

551 3813 917 3881 suscipientes
946 3828 1045 3865 nos
1068 3810 1347 3864 adducunt
1395 3826 1492 3882 per
1521 3811 1759 3880 hospitia
1786 3851 1801 3874 ,
1831 3829 1953 3883 qua:
1988 3829 2127 3883 prae-

552 3913 898 3973 paraverant.
934 3902 1241 3957 Commotio
1281 3911 1461 3956 autem
1510 3910 1566 3957 et
1603 3918 1906 3960 concursus
1953 3905 2128 3973 pluri—

552 4013 674 4051 mus
725 3996 886 4049 ﬁebat
934 3996 988 4049 in
1033 3996 1291 4058 civitate,
1325 3994 1754 4049 desiderantium
1796 3996 1983 4052 videre
2024 3996 2121 4053 Pe-

553 4097 719 4143 trum.

626 4178 687 4233 ll.
732 4179 795 4231 Et
843 4195 966 4232 cum
998 4179 1341 4235 venissemus
1372 4180 1441 4234 ad
1493 4180 1717 4234 domum
1749 4180 2026 4245 Maronis,
2069 4180 2128 4235 in

552 4290 660 4343 qua
694 4273 854 4327 Petro
877 4271 1056 4326 fuerat
1086 4284 1474 4343 praeparatum,
1499 4290 1803 4329 conversus
1824 4275 1890 4329 ad
1914 4276 2123 4339 turbas,

552 4373 679 4433 post
719 4365 859 4417 diem
890 4366 1193 4419 crastinum
1224 4380 1533 4419 sermonem
1560 4382 1619 4419 se
1654 4366 1719 4419 ad
1752 4382 1847 4421 eos
1873 4368 2126 4435 promisit

554 4456 847 4511 facturum.
876 4456 1152 4526 lgiturqui
1174 4457 1437 4526 praemissi
1466 4457 1680 4510 fuerant
1710 4456 1928 4520 fratres,
1947 4460 2129 4511 omni-

556 4548 660 4602 bus
691 4548 783 4618 qui
816 4549 1100 4603 nobiscnm
1128 4557 1388 4603 venerant
1440 4549 1674 4618 hospitia
1717 4550 1987 4604 dividunt.
2025 4549 2128 4606 Pe-

556 4648 677 4693 trus
706 4654 835 4696 vero
861 4638 1102 4694 Maronis
1131 4639 1350 4693 domum
1378 4640 1659 4709 ingressus
1688 4656 1814 4694 cum
1841 4649 2128 4711 rogaretur

556 4728 741 4785 cibum
775 4746 1013 4794 sumere,
1046 4746 1391 4800 nequaquam
1424 4747 1481 4785 sc
1512 4730 1784 4784 facturum
1816 4733 2117 4801 respondit,

553 4824 660 4877 nisi
692 4825 843 4891 prius
870 4824 1096 4885 scisset,
1127 4824 1171 4877 si
1199 4838 1389 4876 omnes
1417 4822 1509 4891 qui
1539 4838 1661 4875 eum
1701 4822 1915 4877 fuerant
1950 4826 2124 4878 conii-

556 4916 657 4970 tati
698 4916 951 4985 hospitiis
982 4917 1406 4985 requiescerent.
1435 4914 1716 4985 Comperit
1748 4926 1929 4972 autem
1961 4932 1991 4970 a
2016 4917 2123 4971 fra-

2225 3538 2436 3593 solebat
2483 3539 2676 3594 Petrus
2706 3540 2783 3591 ait
2819 3554 2831 3589 :
2874 3536 3049 3591 Hodie
3093 3537 3220 3606 quia
3253 3538 3378 3592 aliis
3410 3539 3673 3607 occupati
3710 3554 3814 3591 non

2226 3645 2417 3683 sumus
2441 3671 2455 3691 ,
2494 3632 2652 3685 nobis
2701 3630 2897 3686 simus.
2944 3628 3009 3681 Et
3058 3644 3160 3698 ego
3194 3628 3417 3697 quidem
3451 3629 3651 3692 vobis,
3689 3646 3807 3698 quae

2226 3720 2372 3789 apud
2432 3721 2738 3776 Caesaream
2810 3728 2935 3790 post
2998 3720 3310 3789 digressum
3361 3729 3611 3774 vestrum
3667 3734 3809 3789 gesta

2226 3820 2377 3875 sunt,
2406 3813 2711 3878 enarrabo;
2746 3828 2843 3866 vos
2874 3819 3059 3866 autem
3088 3812 3223 3865 mihi
3249 3828 3373 3881 qua:
3404 3812 3497 3865 hic
3528 3829 3556 3866 a
3589 3810 3810 3865 Simone

2227 3911 2543 3974 perpetrata
2574 3911 2724 3969 sunt,
2763 3903 3026 3958 indicate.
3058 3902 3126 3957 Et
3153 3919 3280 3957 cum
3310 3904 3380 3958 de
3410 3903 3503 3958 his
3535 3904 3606 3958 ab
3640 3905 3805 3957 alter-

2184 4066 2185 4071 ‘
2228 4007 2353 4051 utro
2384 4011 2565 4053 sermo
2593 3996 2871 4059 ederetur,
2903 3997 3259 4051 illucescente
3288 3996 3379 4051 die
3406 3998 3647 4066 ingressi
3693 3998 3812 4066 qui-

2226 4092 2350 4146 dam
2393 4090 2461 4145 de
2506 4090 2869 4144 familiaribus
2917 4088 3169 4143 nuntiant
3208 4088 3405 4151 Petro,
3442 4089 3587 4158 quod
3621 4089 3808 4141 Simon

2226 4184 2319 4238 ubi
2338 4200 2460 4237 eum
2491 4184 2777 4237 didicisset
2818 4183 3149 4252 ingressum,
3172 4199 3269 4253 per
3289 4190 3511 4237 noctem
3534 4182 3812 4252 profectus

2227 4284 2374 4329 esset
2424 4274 2639 4345 Syriam
2690 4274 2941 4329 tendens.
2987 4273 3184 4328 Turba:
3219 4280 3404 4329 autem
3451 4273 3596 4325 diem
3650 4274 3807 4333 hanc,

2227 4368 2517 4437 inquiunt,
2575 4382 2739 4436 quam
2784 4367 3168 4436 interposuisti
3218 4366 3338 4427 eis,
3396 4365 3682 4421 desiderio
3733 4366 3809 4418 tui

2230 4460 2611 4528 longissimum
2657 4458 2763 4512 sibi
2807 4474 2931 4513 esse
2963 4468 3178 4529 tempus
3208 4458 3531 4527 opinantur,
3580 4457 3811 4526 denique

2230 4568 2339 4604 non
2373 4549 2609 4605 ferentes
2658 4557 2807 4604 stant
2856 4557 2984 4603 ante
3022 4551 3247 4617 januam
3269 4590 3283 4611 ,
3314 4550 3461 4604 inter
3491 4565 3553 4604 sc
3582 4549 3807 4605 invicem

2229 4644 2297 4698 de
2323 4643 2409 4697 his
2437 4658 2557 4712 quae
2612 4642 2803 4697 audire
2831 4642 3060 4712 cupiunt
3085 4642 3467 4705 conferentes,
3500 4648 3559 4697 et
3595 4650 3650 4697 te
3689 4652 3807 4695 ante

2232 4735 2560 4806 praefinitum
2593 4744 2809 4805 tempus
2844 4734 3173 4791 omnimodis
3206 4752 3265 4790 se
3293 4736 3515 4791 visuros
3566 4742 3802 4805 sperant,
3840 4766 3843 4767 ν

2228 4838 2547 4899 quantoque
2596 4830 2769 4897 magis
2794 4828 2914 4882 dies
2940 4828 3193 4882 clarescit
3224 4825 3608 4882 multitudines
3647 4826 3795 4880 colli-

2232 4929 2468 4991 guntur,
2504 4928 2558 4976 et
2590 4921 2876 4975 audituros
2928 4936 2989 4976 se
3034 4935 3344 4975 sermonem
3391 4927 3589 4985 tuum,
3630 4919 3803 4973 nescio

1854 5090 2219 5148 COTELERII
2259 5093 2489 5149 ΝΟΤᾸΞ.

631 5254 742 5324 (99)
788 5252 909 5324 Ipse
935 5267 1203 5324 vero_cum
1229 5250 1439 5324 lauisset
1468 5252 1523 5303 in
1554 5252 1727 5324 mari._
1746 5248 1883 5324 Vide
1910 5253 2134 5324 omnino

561 5324 617 5381 S.
640 5320 1033 5393 'Epiplianium,
1060 5322 1249 5393 haeresi
1278 5323 1368 5385 5t),
1396 5337 1543 5393 num.
1572 5320 1628 5393 2”.
1664 5320 1749 5385 l5,
1779 5322 1870 5381 9-1.
1900 5331 1953 5375 et
1981 5323 2050 5375 ab
2070 5339 2136 5376 eo

560 5392 823 5455 monitus.
858 5392 1162 5445 Ebionitica
1195 5392 1309 5445 hzec
1351 5400 1405 5445 et
1458 5392 1658 5446 similia
1702 5407 1823 5459 qum
1865 5408 1973 5445 non
2011 5409 2137 5447 raro

558 5472 857 5519 occurrunt
906 5464 962 5517 in
994 5462 1474 5531 Ilecognitionibus,
1512 5460 1752 5529 Epitome
1801 5469 1853 5515 et
1899 5459 2138 5515 Clemen-

560 5536 707 5595 tim's,
740 5541 898 5588 caute
928 5534 1111 5603 legito.
1144 5532 1293 5588 Alias
1319 5534 1500 5603 lavare
1520 5546 1749 5603 manus,
1788 5531 2004 5603 faciem,
2051 5548 2134 5599 os,

560 5606 747 5673 pedes.
801 5602 995 5657 totum
1021 5619 1243 5673 corpus,
1289 5604 1454 5658 certis
1484 5602 1714 5661 diebus.
1749 5609 1846 5673 aut
1885 5602 2136 5671 singulis,

560 5670 655 5727 aut
688 5676 888 5742 saepius
921 5675 971 5726 in
1005 5670 1137 5734 die,—
1164 5690 1225 5726 ac
1272 5674 1508 5727 definitis
1562 5672 1734 5734 hOris,
1797 5670 1960 5740 idque
1986 5670 2133 5742 post

562 5758 840 5811 Somnum,
887 5754 1010 5815 post
1061 5745 1431 5810 concubitum,
1478 5751 1601 5797 ante
1656 5751 1709 5798 ct
1756 5751 1877 5811 post
1925 5744 2129 5809 cibum,

2241 5262 2365 5308 ante
2408 5270 2621 5324 preces,
2657 5263 2781 5309 ante
2813 5254 3309 5308 reconciliationem
3362 5253 3418 5306 in
3460 5252 3795 5323 pmnitentia,

2240 5337 2363 5380 ante
2394 5326 2755 5394 sumptionem
2786 5324 3145 5378 Eucharistiaz
3178 5343 3191 5377 :
3245 5324 3381 5384 haec,
3418 5326 3662 5394 inquam2
3692 5338 3798 5394 oni-

2239 5395 2353 5456 nia,
2390 5396 2459 5450 ad
2491 5390 2917 5450 consuetudines
2956 5395 3209 5464 ritusque
3241 5390 3583 5463 gentium'et
3624 5390 3797 5443 Eccle-

2240 5466 2445 5520 siarum
2479 5466 2827 5534 pertinentia,
2853 5463 3308 5534 quemadmodum
3332 5472 3525 5517 notum
3549 5471 3630 5515 est
3651 5470 3797 5534 satis.

2282 5530 2503 5613 ietateui
2539 5551 2646 5589 non
2692 5530 2913 5613 laedunt,
2961 5536 3068 5588 imo
3100 5533 3357 5602 adjuvare
3391 5541 3642 5613 possunt.
3671 5533 3715 5585 si
3738 5530 3797 5613 ad

2314 5622 2442 5659 num
2476 5604 2634 5658 finem
2675 5604 2999 5674 dirigantur.
3038 5619 3137 5657 nec
3170 5601 3558 5672 Superstitiose
3590 5617 3653 5656 ac
3695 5601 3796 5655 vcl-

2241 5678 2316 5730 uti
2359 5676 2425 5731 ad
2457 5676 2687 5732 salutem
2721 5675 3027 5731 necessaria
3052 5683 3403 5747 usurpentur.
