3848 6316
260 310 373 367 1517

1307 304 1752 359 RECOGNITION
1765 305 1855 359 ΟΜ
1894 307 2019 362 LIB.
2056 308 2141 363 IV.

3229 315 3369 372 1518

255 418 375 472 unde
402 424 769 483 praesumentes
798 415 1097 469 certissime
1123 413 1416 468 conﬁdunt.
1438 414 1587 468 Nunc
1616 428 1743 483 ergo
1771 419 1815 472 Α
1841 424 1888 466 et
1926 416 2281 482 prudentibus,
2308 426 2355 469 et
2395 417 2632 469 rerelasti
2659 432 2717 469 ea
2745 416 2972 483 parvulis
3001 418 3061 471 ".
3086 417 3186 472 Per
3226 422 3368 489 quod

255 507 377 577 quod
403 508 493 558 tibi
521 505 743 566 videtur,
770 506 897 573 jube
928 514 984 557 ut
1010 506 1250 559 dicamus
1276 506 1403 569 ‘eis;
1451 503 1743 557 absurdum

252 612 455 663 namque
494 604 572 649 est
620 602 819 647 tantam
878 594 1274 649 multitudinem
1324 594 1640 647 convenisse
1692 600 1744 646 et

249 683 495 737 discedere
540 697 659 733 cum
709 684 1001 745 maestitia,
1044 683 1237 750 quippe
1282 683 1327 735 si
1370 696 1623 749 responsa
1665 680 1743 734 eis

247 772 373 827 nulla
423 770 725 825 reddantur.
770 771 883 824 Non
923 772 1066 825 enim
1103 772 1414 839 cogitabunt
1459 771 1601 838 quod
1639 770 1741 838 ipsi

244 864 478 915 statutum
519 875 619 911 non
648 848 1082 927 exspectaverint
1109 859 1247 912 diem
1271 898 1286 920 ,
1320 859 1413 912 sed
1452 861 1593 927 quod
1630 872 1659 909 a
1690 864 1741 909 te

243 953 390 1019 magis
420 952 695 1003 vidcantur
721 965 839 1002 esse
874 948 1182 1015 contempti.

298 1039 377 1093 IV.
416 1038 545 1090 Tum
586 1037 778 1091 Petrus
809 1038 1080 1089 admirans
1118 1037 1226 1089 ait:
1255 1035 1492 1101 Videtis,
1526 1037 1735 1101 fratres,

236 1129 476 1195 quomodo
524 1128 892 1195 unusquisque
935 1141 1109 1180 sermo
1156 1125 1364 1179 Domini
1432 1129 1738 1195 prophetice

233 1219 389 1271 dictus
419 1218 684 1285 impletur.
717 1216 930 1269 Memini
960 1217 1103 1268 enim
1126 1216 1330 1271 dixisse
1360 1233 1478 1270 eum
1509 1237 1521 1269 :
1548 1218 1733 1271 Messis

230 1306 411 1375 quidem
458 1306 654 1369 multa,
683 1308 906 1373 operarii
948 1317 1116 1360 autem
1160 1309 1330 1374 pauci.
1386 1307 1578 1375 Rogate
1617 1326 1735 1378 ergo

228 1397 464 1447 dominum
517 1399 723 1457 messis,
793 1404 847 1446 ut
895 1396 1068 1462 ejiciat
1119 1398 1378 1464 operarios
1420 1398 1470 1449 in
1523 1413 1735 1450 messem

226 1502 355 1538 suam
374 1485 431 1538 ¹².
464 1484 597 1537 Ecce
619 1499 746 1552 ergo
775 1500 917 1537 nunc
958 1500 1076 1553 qua:
1103 1485 1155 1537 in
1200 1491 1455 1553 mysterio
1484 1488 1732 1553 praedicta

224 1582 350 1635 sunt,
382 1574 753 1641 adimplentur.
787 1572 891 1625 Sed
917 1581 969 1627 et
997 1576 1135 1641 quod
1167 1576 1335 1627 dixit:
1360 1574 1516 1627 Multi
1539 1577 1733 1628 venient

222 1662 275 1713 ab
302 1663 485 1715 oriente
510 1672 558 1715 et
594 1663 852 1715 occidente
870 1701 885 1719 .
916 1681 948 1714 ιι
976 1666 1313 1729 septentrione
1343 1674 1391 1717 et
1422 1666 1653 1727 meridie,
1682 1674 1728 1717 et

1844 504 2026 571 utique
2054 506 2374 568 declaratur,
2412 507 2532 573 quia
2566 504 2902 557 llebrmorum
2933 507 3156 573 populus
3184 510 3271 576 qui
3300 525 3361 564 es

1842 591 1955 658 lege
1998 592 2236 645 eruditus
2276 602 2358 646 est
2383 632 2397 653 ,
2446 593 2704 660 ignoravit
2740 608 2887 653 enim,
2929 596 3153 663 populus
3185 605 3359 651 autem

1838 680 2070 746 gentium
2101 682 2313 750 agnovit
2345 680 2523 734 Jesum
2554 689 2606 735 et
2638 689 2944 746 veneratur,
2979 693 3195 752 propter
3222 688 3360 754 quod

1838 776 1890 822 et
1931 770 2257 831 salvabitur,
2304 786 2407 822 non
2456 771 2629 829 solum
2672 785 2966 839 agnoscens
3014 788 3153 835 eum,
3178 776 3269 827 sed
3310 784 3366 828 et

1837 858 2162 912 voluntatem
2212 859 2327 927 ejus
2377 858 2598 912 faciens.
2640 858 2802 913 Debet
2850 868 3023 914 autem
3069 862 3115 915 is
3160 865 3250 930 qui
3294 880 3361 918 ex

1838 948 2085 1013 gentibus
2126 955 2238 1011 est,
2286 955 2337 999 et
2367 964 2426 1001 ex
2463 947 2568 999 Deo
2596 948 2789 1012 habet,
2836 957 2892 1002 ut
2923 950 3105 1018 diligat
3140 950 3318 1004 Jesum
3343 992 3361 1017 ,

1835 1036 2033 1101 proprii
2060 1035 2252 1089 habere
2280 1037 2566 1104 propositi,
2595 1048 2649 1090 ut
2671 1038 2852 1091 credat
2875 1046 2927 1092 et
2953 1038 3138 1107 Moysi.
3163 1040 3225 1091 Et
3250 1056 3365 1092 ruro

1835 1124 2210 1187 sus,llebrieus
2252 1125 2341 1193 qui
2381 1142 2445 1178 ex
2494 1126 2598 1179 Deo
2626 1128 2811 1190 habet,
2848 1136 2903 1181 ut
2952 1128 3133 1181 credat
3163 1128 3360 1199 Moysi,

1834 1214 2028 1267 habere
2070 1216 2223 1268 debet
2246 1224 2297 1268 et
2325 1232 2388 1268 ex
2416 1218 2691 1284 proposito
2720 1233 2818 1271 suo
2838 1257 2852 1281 ,
2889 1225 2945 1271 ut
2983 1219 3165 1272 credat
3192 1220 3244 1273 in
3272 1219 3363 1273 Je-

1832 1316 1981 1363 sum,
2015 1311 2073 1355 ut
2120 1305 2485 1372 unusquisque
2526 1322 2710 1359 eorum
2757 1306 2957 1361 habens
3005 1308 3057 1361 in
3100 1325 3157 1363 se
3213 1311 3355 1365 aliud

1831 1388 1994 1441 divini
2040 1392 2311 1455 muneris,
2358 1393 2500 1445 aliud
2551 1394 2779 1461 propriae
2826 1395 3137 1461 industriae,
3184 1398 3252 1451 sit
3291 1415 3357 1451 ex

1833 1484 2057 1545 utroque
2088 1478 2375 1546 perfectus.
2424 1479 2497 1532 De
2533 1482 2623 1533 tali
2660 1482 2800 1534 enim
2846 1483 3056 1537 dicebat
3100 1484 3358 1542 Dominus

1826 1572 2007 1617 noster
2052 1580 2166 1618 vrro
2215 1570 2378 1622 divite
2409 1583 2423 1597 ·
2477 1568 2576 1631 Qui
2618 1568 2811 1638 profert
2852 1571 2913 1623 de
2953 1572 3208 1626 thesauris
3249 1576 3360 1627 suis

1829 1670 1957 1707 nova
1988 1664 2034 1707 et
2072 1664 2237 1709 vetera
2263 1656 2328 1712 "'.

220 1753 481 1803 rerumbent
514 1753 566 1804 in
608 1752 807 1804 sinibus
828 1712 1090 1803 Abraltdnt
1123 1763 1171 1805 et
1213 1753 1365 1805 Isaac
1390 1763 1437 1805 et
1459 1752 1622 1805 Iacob
1646 1755 1721 1818 ¹³;
1762 1712 1800 1765 Β
1897 1744 1983 1801 Vl.
2024 1743 2125 1797 Sed
2169 1748 2234 1801 de
2263 1748 2347 1801 his
2368 1747 2501 1801 satis
2531 1747 2761 1815 dictum;
2794 1756 2944 1817 urget
2971 1751 3113 1804 enim
3139 1758 3354 1819 tempus

216 1838 357 1889 etiam
408 1838 505 1891 hoc
548 1840 767 1906 pariter,
818 1846 877 1890 ut
918 1838 1139 1900 videtis,
1185 1842 1447 1907 expletur.
1500 1839 1726 1908 Pr0pter

216 1926 339 1991 quod
359 1926 611 1994 deprecer
648 1942 745 1979 vos
778 1942 1068 1979 conservos
1090 1936 1142 1981 et
1171 1928 1443 1995 adjutores
1472 1943 1639 1990 meos,
1668 1937 1724 1981 ut

214 2013 412 2067 discatis
442 2017 696 2068 attentius
723 2015 1042 2083 praedicandi
1088 2017 1329 2069 ordinem
1360 2031 1411 2070 et
1442 2017 1725 2071 absolutio-

210 2118 321 2153 num
354 2104 495 2160 vias.
549 2113 604 2156 ut
654 2105 874 2171 possitis
916 2106 1121 2159 salvare
1168 2107 1376 2161 animas
1410 2107 1719 2173 hominum,

209 2208 311 2259 (pne
347 2194 551 2245 occulta
604 2192 695 2246 Dei
752 2195 943 2247 virtute
988 2211 1143 2262 quem
1188 2195 1414 2248 debeant
1470 2196 1716 2265 diligere,

208 2282 340 2347 prius
382 2284 537 2334 etiam
584 2298 749 2351 quam
798 2282 1091 2336 doceantur
1142 2296 1457 2351 agnoscunt.
1520 2285 1719 2343 Videtis

204 2371 331 2421 enim
353 2386 443 2423 eos
467 2373 621 2439 quasi
653 2372 822 2425 bonos
854 2387 1036 2425 servos
1066 2372 1370 2427 desiderare
1395 2391 1538 2439 eum,
1562 2394 1718 2445 quem

204 2458 294 2511 sibi
318 2469 532 2526 sperant
562 2460 853 2513 adventum
879 2460 962 2514 sui
995 2459 1202 2514 Domini
1229 2464 1497 2526 nuntiare.
1524 2476 1578 2519 ut
1598 2482 1721 2533 pos-

200 2548 298 2600 sint
318 2550 635 2604 voluntatem
667 2551 787 2619 ejus
815 2566 935 2603 eum
966 2551 1254 2605 didicerint
1296 2552 1527 2620 implere.
1567 2553 1717 2607 Desi-

198 2635 387 2690 derium
432 2639 621 2707 ergo“
668 2639 922 2692 audiendi
969 2640 1114 2693 verbi
1158 2639 1249 2692 Dei
1297 2648 1350 2693 et
1394 2641 1717 2695 voluntatem

195 2726 301 2791 ejus
329 2731 598 2796 quzerendi
650 2746 715 2784 ex
751 2730 857 2784 Deo
886 2731 1109 2792 habent,
1161 2740 1213 2785 et
1249 2732 1349 2786 hoc
1375 2740 1458 2787 est
1505 2734 1715 2788 initium

194 2818 307 2871 doni
355 2818 444 2873 Dei
474 2821 616 2888 quod
664 2821 917 2889 gentibus
941 2822 1118 2883 datur,
1153 2829 1210 2874 ut
1242 2824 1451 2890 possint
1486 2838 1579 2891 per
1616 2824 1716 2879 hoc

194 2904 477 2959 doctrinam
507 2910 749 2974 recipere
776 2908 1042 2963 veritatis.

1824 1840 1875 1885 et
1908 1834 2087 1901 p0puli
2119 1835 2365 1903 religiosa
2396 1835 2607 1888 devotio
2632 1838 2819 1889 invitat
2848 1854 2976 1901 nos,
3008 1840 3073 1892 ad
3106 1839 3248 1907 ipsos
3272 1840 3353 1891 fa-

1822 1935 1940 1975 cere
1963 1938 2281 1978 sermonem.
2306 1924 2368 1976 Et
2391 1941 2510 1977 cum
2535 1926 2645 1979 haec
2663 1926 2913 1991 dixisset,
2934 1928 3236 1996 requirebat
3258 1931 3349 1982 ubi

1820 2022 2149 2079 opportunus
2166 2022 2305 2067 esset
2324 2016 2471 2068 locus
2490 2015 2554 2067 ad
2576 2016 2977 2083 disputandum.
2996 2016 3058 2068 Et
3074 2017 3218 2070 Maro
3238 2019 3345 2071 ait:

1820 2099 1913 2152 Est
1940 2102 2068 2153 mihi
2093 2102 2231 2156 mdes
2248 2104 2595 2172 amplissima,
2617 2120 2735 2172 quae
2760 2106 2878 2173 plus
2901 2122 3060 2173 quam
3082 2107 3345 2175 quingen-

1820 2197 1902 2243 tos
1933 2192 2154 2258 recipiat
2184 2192 2354 2253 viros,
2387 2200 2468 2245 est
2496 2201 2549 2245 et
2576 2194 2768 2249 hortus
2794 2196 2933 2247 intra
2962 2195 3176 2249 domum
3207 2216 3221 2263 ;
3253 2208 3347 2251 aut

1820 2279 1864 2333 si
1908 2279 1960 2331 in
1993 2280 2205 2347 publico
2235 2282 2412 2348 aliquo
2446 2283 2617 2349 placet
2646 2283 2792 2344 loco.
2827 2284 2926 2336 hoc
2958 2286 3124 2353 magis
3156 2302 3341 2341 omnes

1816 2366 2155 2431 desiderant,
2190 2384 2344 2422 nemo
2368 2371 2509 2425 enim
2543 2379 2624 2423 est
2645 2409 2658 2431 ,
2690 2372 2779 2438 qui
2808 2386 2913 2423 non
2943 2374 3124 2440 cupiat
3150 2376 3231 2426 vel
3266 2376 3346 2427 fa-

1815 2458 1948 2509 ciem
1973 2464 2117 2510 tuam
2131 2459 2309 2512 videre
2337 2466 2561 2513 tantum.
2588 2460 2650 2511 Et
2677 2459 2866 2514 Petrus
2893 2483 2905 2514 :
2934 2462 3164 2517 Ostende
3191 2466 3341 2529 mihi,

1817 2546 2012 2615 inquit,
2060 2547 2226 2602 aedem
2259 2550 2337 2603 vel
2368 2550 2603 2605 hortum.
2647 2549 2708 2602 Et
2758 2567 2878 2603 cum
2919 2553 3139 2606 vidisset
3176 2556 3368 2617 aedem,

1814 2635 2207 2704 iugrediebatur
2259 2647 2315 2690 ιιι
2358 2646 2411 2691 et
2449 2640 2659 2693 hortum
2682 2642 3023 2709 perSpicerct,
3067 2651 3117 2697 et
3163 2646 3340 2697 subito

1813 2727 1987 2780 oumis
2013 2728 2293 2781 multitudo
2321 2731 2474 2798 quasi
2503 2731 2568 2783 ab
2607 2731 2787 2797 aliquo
2815 2742 3062 2792 evocata,
3104 2749 3222 2786 cum
3262 2737 3342 2787 fe-

1812 2814 2097 2869 stinatione
2124 2818 2362 2886 ingressa
2391 2829 2473 2872 est
2496 2819 2732 2881 domum,
2767 2828 2925 2889 atque
2967 2822 3087 2873 inde.
3117 2823 3179 2873 ad
3212 2824 3341 2874 hur-

1815 2912 1923 2956 tum
1950 2908 2229 2975 prorupit,
2262 2908 2350 2961 ubi
2376 2908 2485 2974 jam
2512 2908 2686 2961 stabat
2715 2908 2905 2963 Petrus
2926 2948 2941 2970 ,
2974 2911 3325 2967 considerans

254 2994 310 3049 V.
351 2995 439 3050 Sic
464 2998 605 3051 enim
637 3005 689 3050 et
725 2996 1065 3050 Hebraeorum
1110 2998 1303 3065 populo
1331 3013 1394 3051 ex
1438 2998 1593 3051 initio
1620 2998 1712 3052 da-
1737 3001 1780 3060 (Ξ
1810 2994 1930 3063 quis
1955 3003 2097 3049 esset
2127 3004 2283 3064 aptus
2313 2997 2376 3049 ad
2406 2996 2785 3065 disputandum
2817 2999 2986 3052 locus.

193 3092 294 3135 tum
331 3093 445 3146 est,
482 3093 540 3138 ut
571 3086 860 3152 diligerent
888 3084 1105 3153 Moysen
1146 3093 1199 3138 et
1243 3085 1519 3140 crederent
1551 3088 1712 3141 verbo

187 3170 309 3236 ejus.
331 3171 504 3242 [Unde
531 3184 583 3228 et
613 3173 869 3240 scriptum
898 3180 979 3227 est
1011 3192 1024 3227 :
1051 3172 1279 3227 Credidit
1301 3175 1517 3241 populus
1533 3175 1634 3228 Deo
1662 3185 1712 3229 et

186 3260 345 3330 Moysi
372 3264 573 3331 famqu
604 3264 718 3331 ejus
752 3265 813 3317 ".
839 3263 855 3333 j
882 3262 1035 3327 Quod
1065 3279 1200 3333 ergo
1230 3264 1326 3317 fuit
1356 3265 1558 3333 proprii
1592 3281 1709 3318 mu-

182 3352 316 3405 neris
358 3369 388 3405 a
439 3353 545 3407 Deo
586 3368 715 3422 erga
760 3352 1102 3406 Hebraeorum
1145 3361 1389 3421 gentem,
1427 3354 1529 3407 hoc
1567 3370 1710 3407 nunc

180 3442 412 3497 videmus
442 3443 563 3496 dari
594 3444 757 3497 etiam
790 3442 878 3497 his
910 3442 1003 3511 qui
1030 3459 1096 3496 ex
1127 3444 1377 3512 gentibus
1407 3458 1711 3497 cenvocan-

182 3537 263 3582 tur
290 3533 353 3584 ad
386 3532 566 3585 fidem.
611 3530 841 3598 Operum
878 3547 1004 3585 vero
1044 3532 1180 3584 ratio
1210 3532 1454 3599 potestati
1483 3543 1536 3585 et
1565 3531 1709 3585 arbi-

175 3618 270 3671 trio
300 3621 734 3688 uniuscujusque
772 3621 1118 3687 permittitur,
1149 3629 1203 3673 et
1234 3621 1334 3673 hoc
1364 3622 1597 3690 ipsorum
1626 3628 1709 3675 est

176 3709 440 3775 proprium
469 3748 485 3769 ,
541 3707 904 3777 [desiderium
958 3724 1084 3762 vero
1124 3709 1317 3762 habere
1359 3725 1483 3778 erga
1522 3710 1707 3765 docto-

174 3808 275 3847 rem
306 3794 609 3864 veritatis,]
650 3795 749 3848 hoc
798 3810 826 3848 a
866 3796 1023 3849 Patre
1072 3798 1275 3851 caelesti
1313 3798 1565 3853 donatum
1601 3809 1704 3855 est.

174 3880 269 3935 Sed
300 3887 449 3939 salus
474 3886 529 3936 in
559 3899 623 3936 eo
639 3894 720 3938 est
751 3892 809 3937 ut
836 3887 1162 3939 voluntatem
1192 3887 1341 3955 ejus,
1375 3890 1529 3957 cujus
1557 3905 1705 3945 alno-

169 3984 271 4022 rem
317 3980 370 4025 et
409 3971 738 4025 desiderium
782 3970 889 4024 Deo
933 3972 1191 4039 largiente
1237 3975 1580 4041 conceperis,
1626 3974 1705 4027 fa-

166 4058 305 4123 cias;
340 4076 406 4114 ne
435 4061 654 4114 dicatur
682 4059 749 4112 ad
782 4066 833 4113 te
866 4060 955 4114 ille
984 4076 1158 4113 sermo
1183 4060 1301 4127 eius
1330 4078 1487 4131 quem
1528 4064 1659 4116 dixit
1685 4085 1698 4119 :

162 4143 295 4208 Quid
330 4158 510 4201 autem
548 4145 721 4200 dicitis
750 4148 875 4199 mihi
898 4163 916 4199 :
948 4147 1190 4212 Domine,
1228 4148 1469 4213 Domine,
1500 4160 1548 4203 et
1600 4169 1701 4205 non

161 4233 333 4297 facitis
363 4253 484 4305 qua:
516 4236 633 4288 dico
663 4237 704 4267 ³⁸
734 4236 913 4307 (lOO)?
959 4236 1053 4291 Est
1076 4253 1203 4305 ergo
1235 4240 1433 4308 proprii
1462 4244 1696 4295 muneris

158 4336 185 4373 a
215 4321 321 4377 Deo
351 4303 603 4378 concessi
658 4303 923 4387 Hebraeis,
962 4334 1018 4378 ut
1050 4303 1215 4395 Moj'si
1235 4303 1497 4394 credant,
1526 4330 1695 4397 genti-
1726 4303 1768 4356 θ

156 4408 254 4462 bus
284 4419 467 4464 autem
496 4449 513 4475 ,
546 4418 603 4462 ut
630 4410 810 4464 Jesum
840 4412 1081 4480 diligant.
1116 4412 1225 4464 Hoc
1254 4414 1393 4466 enim
1427 4414 1695 4467 indicabat

152 4504 202 4548 et
229 4497 513 4568 Magister,
545 4500 634 4551 ubi
664 4501 736 4552 ait
762 4516 774 4549 :
807 4499 1098 4567 Conﬁtebor
1126 4502 1237 4563 tibi,
1268 4501 1453 4565 Pater,
1475 4502 1689 4556 Domine

150 4590 261 4640 cwli
298 4599 349 4641 et
395 4600 552 4643 terrte
578 4590 673 4658 (ί),
702 4592 823 4659 quia
861 4591 1130 4643 occultasti
1160 4591 1267 4643 Ita'c
1303 4608 1333 4643 a
1378 4590 1689 4659 sapientibus

209 4769 249 4796 "
284 4764 479 4817 Matth.
515 4781 599 4826 lx,
634 4764 721 4824 57,
753 4764 838 4815 58.

144 4833 175 4885 5
200 4851 307 4887 non
336 4834 592 4903 leguntur
621 4833 675 4885 in
703 4831 859 4886 codd.
888 4830 1060 4899 Lipss.
1140 4832 1180 4860 ¹⁸
1203 4830 1371 4883 Exod.
1405 4847 1512 4895 xiv,
1541 4832 1626 4884 51.

916 4764 956 4793 ’³
980 4762 1110 4817 Luc.
1140 4777 1233 4813 xm
1258 4801 1271 4821 ,
1301 4762 1399 4825 29;
1420 4762 1724 4824 Matth.vm,
1756 4763 1837 4813 Η.
1916 4762 1955 4790 ’δ
1988 4762 2108 4812 Desii

916 4832 1060 4883 .ibss.
1140 4832 1180 4860 ¹⁸
1203 4830 1371 4883 Exod.
1405 4847 1512 4883 xiv.
1541 4832 1626 4883 51.
1704 4832 1745 4861 ³⁵
1769 4831 1900 4883 Luc.
1934 4845 2005 4883 vn.
2041 4830 2108 4881 46

1879 3082 1985 3136 \‘ll.
2030 3082 2097 3137 Ut.
2128 3091 2303 3138 autem
2344 3085 2475 3137 vidit
2516 3084 2703 3139 turbas
2745 3086 2887 3140 velut
2925 3087 3155 3154 ingentis
3192 3089 3341 3143 fluvii

1809 3170 2100 3226 inundasse
2129 3174 2298 3227 lenem
2332 3181 2561 3227 meatum
2585 3212 2599 3236 ,
2632 3174 2927 3229 ascendens
2961 3192 3121 3245 supra
3168 3180 3339 3233 basim

1807 3263 2125 3330 quamdam,
2159 3279 2276 3331 qua:
2308 3263 2445 3316 forte
2468 3264 2621 3331 juxta
2655 3265 2790 3319 horti
2820 3267 3073 3333 parietem
3123 3270 3332 3333 stabat,

1806 3353 1979 3419 primo
2012 3354 2284 3421 religionis
2320 3368 2465 3406 more
2500 3356 2752 3423 pOpulum
2789 3358 3058 3410 salutavit.
3102 3358 3328 3422 Quidam

1806 3450 1981 3493 autem
2006 3459 2068 3495 ex
2099 3442 2281 3510 bisqui
2302 3443 2543 3504 aderant,
2573 3453 2621 3495 et
2642 3445 2807 3497 multo
2836 3453 3073 3513 tempore
3091 3464 3119 3499 a
3137 3448 3337 3501 danno-

1804 3532 1961 3584 nibus
1985 3531 2193 3583 fuerant
2227 3531 2450 3599 fatigati,
2473 3532 2684 3584 interra
2714 3543 2975 3600 proruunt
2998 3536 3334 3591 obsecranti-

1804 3619 1904 3671 bus
1928 3618 2206 3687 spiritibus
2231 3618 2535 3679 iunnundis,
2553 3626 2609 3671 ut
2629 3620 2707 3672 vel
2734 3635 2841 3673 uno
2864 3621 2948 3674 dic
2965 3621 3331 3692 indulgeretur

1802 3704 1879 3758 eis
1909 3704 1962 3757 in
1991 3704 2226 3757 obsessis
2255 3703 2569 3770 corporibus
2600 3718 2909 3771 permanere
2937 3722 2950 3768 ;
2980 3721 3115 3773 quos
3141 3706 3330 3763 Petrus

1802 3794 2086 3860 increpans
2111 3793 2271 3859 jussit
2302 3791 2590 3844 abscedere
2610 3830 2623 3853 ,
2655 3800 2705 3844 et
2738 3793 2853 3846 sine
2882 3808 3029 3846 mora
3060 3795 3330 3851 discesse-

1801 3889 1944 3936 runt.
1976 3880 2101 3935 Post
2128 3882 2230 3935 lbos
2259 3881 2349 3932 alii
2378 3881 2550 3947 longis
2585 3880 2761 3932 afﬂicti
2796 3882 3145 3950 languoribus
3174 3900 3329 3954 roga-

1800 3973 1929 4025 bant
1958 3970 2206 4032 Petrum,
2242 3977 2296 4021 ut
2325 3969 2625 4037 reciperent
2653 3970 2968 4035 sanitatem,
3002 3986 3097 4040 pro
3118 3973 3327 4040 quibus

1799 4076 1859 4115 se
1906 4060 2324 4128 supplicaturum
2378 4056 2598 4109 Domino
2646 4057 2944 4125 pollicetur,
2992 4074 3113 4111 cum
3160 4062 3332 4128 prius,

1798 4144 2237 4203 scrnmdoctriua:
2251 4143 2439 4196 fuisset
2469 4144 2732 4212 expletus.
2766 4145 2868 4197 Sed
2898 4145 3075 4198 statim
3110 4155 3167 4199 ut
3194 4161 3322 4214 pro-

1798 4238 1972 4298 misit,
2004 4233 2347 4302 languoribus
2379 4233 2598 4286 resoluti
2629 4241 2781 4297 sunt,
2808 4234 3037 4302 ctjussit
3059 4251 3150 4289 eos
3176 4244 3325 4289 scbro

1796 4327 1895 4381 sim
1935 4323 2165 4377 residere
2207 4336 2326 4373 cum
2380 4321 2491 4382 his,
2540 4323 2629 4390 qui
2680 4338 2709 4374 a
2752 4324 3084 4378 dmmonibus
3113 4325 3323 4378 fuerant

1796 4409 1996 4469 curati,
2046 4407 2196 4475 quasi
2246 4414 2365 4474 post
2421 4406 2620 4461 laboris
2672 4409 3060 4477 fatigationem.
3112 4411 3318 4465 Interea

1794 4498 1917 4549 dum
1970 4496 2079 4547 haec
2128 4501 2374 4563 aguntur,
2428 4494 2653 4561 plurima
2704 4496 2988 4549 multitudo
3032 4499 3319 4559 convenit,

1793 4600 1927 4654 quos
1956 4600 2060 4636 non
2095 4583 2265 4637 solum
2297 4582 2622 4635 desiderium
2672 4582 2850 4649 Petri,
2894 4586 2987 4638 sed
3026 4597 3078 4637 et
3117 4584 3319 4638 sanita-

1916 4762 1955 4790 ’δ
1988 4758 2300 4812 Desiderium
2325 4774 2442 4825 ergo
2470 4767 2522 4811 et
2552 4773 2668 4825 sqq.
2709 4758 2972 4826 usquegad
3006 4758 3159 4810 finem
3192 4774 3312 4826 cap.

2208 4829 2245 4859 ¹⁷
2278 4824 2461 4879 Matth.
2491 4840 2567 4889 χι,
2600 4824 2688 4880 ΞΒ.
2794 4826 2833 4856 ³⁸
2856 4824 3040 4881 Matth.
3076 4843 3190 4889 xm,
3222 4824 3308 4881 52.

1422 5005 1778 5060 COTELERII
1810 5004 2034 5059 NOTAE.

213 5147 363 5217 (100)
407 5143 547 5217 Quid
577 5152 744 5217 aptent
798 5141 979 5217 dicitis
1014 5142 1177 5217 milii,
1252 5142 1497 5217 D_o_n_iine,
1565 5150 1668 5217 etc.

140 5211 298 5268 Lucae
332 5211 411 5272 VI,
440 5213 508 5264 46
540 5232 550 5264 :
584 5212 646 5261 Ti
667 5211 721 5280 δέ
742 5211 1054 5280 μεξκαλεῖτε,
1082 5212 1267 5280 Κύριε,
1289 5211 1474 5280 Κύριε,
1502 5213 1590 5261 καὶ
1611 5213 1671 5261 οὐ

142 5287 343 5336 ποιεῖτε
386 5282 423 5335 ἃ
463 5279 637 5345 λέγω;
687 5278 820 5341 Quid
874 5288 1041 5330 autem
1076 5278 1267 5331 vocatis
1304 5278 1415 5330 me:
1436 5279 1667 5340 Domine,

139 5353 391 5409 Domine,
438 5358 484 5398 et
530 5363 628 5397 non
660 5347 833 5411 facitis
869 5363 980 5413 qua:
1023 5346 1177 5399 dico?
1206 5362 1299 5402 seu
1333 5363 1395 5399 ex
1426 5347 1527 5398 alia
1551 5361 1671 5398 ver-

140 5425 288 5472 sione
319 5416 464 5485 apud
498 5415 785 5467 Cmsarium
824 5415 1203 5485 Arelatensem,
1232 5416 1421 5485 homil.
1466 5414 1522 5485 4ἱ
1563 5414 1669 5485 Det

143 5489 239 5548 i2,
270 5481 461 5539 earum
489 5496 621 5547 quas
647 5497 791 5550 rurae
820 5483 917 5533 viri
959 5484 1241 5535 clarissuni
1276 5482 1524 5550 Stephani
1564 5481 1666 5533 Ba-

140 5557 262 5608 luzii
288 5555 549 5605 debemus
583 5566 592 5598 :
630 5548 762 5610 Quid
785 5550 989 5615 prodest
1024 5554 1156 5617 quod
1186 5548 1538 5617 dicitisimihi,
1568 5550 1668 5599 Do-

138 5625 289 5675 mine.
320 5617 562 5676 Dantine,
608 5625 652 5666 ει
682 5633 778 5667 non
823 5620 991 5672 facitis
1021 5616 1132 5674 uuw
1173 5622 1249 5675 vel
1281 5638 1338 5673 ea
1366 5635 1485 5687 qua;
1507 5616 1662 5672 dico?

1774 5144 1829 5197 S.
1858 5145 2206 5209 Augustinus,
2238 5157 2398 5196 serm.
2432 5143 2520 5203 38,
2585 5144 2655 5197 lle
2692 5143 2885 5195 sanctis
2916 5156 2935 5193 .°
2978 5142 3120 5194 Illud
3158 5143 3307 5197 valde

1773 5212 2050 5265 timendum
2078 5222 2172 5270 est,
2196 5211 2327 5277 quod
2356 5212 2539 5262 iterum
2560 5212 2808 5263 Dominus
2830 5210 2955 5261 dicit
2984 5227 3001 5262 :
3033 5211 3168 5275 Quid
3192 5227 3306 5276 pro-

1769 5282 1880 5332 dest
1910 5279 2042 5348 quod
2071 5280 2241 5348 dicitis
2272 5294 2289 5330 :
2320 5278 2554 5341 Domine,
2595 5279 2831 5339 Domine,
2880 5288 2927 5329 et
2975 5295 3074 5331 non
3123 5279 3298 5345 facitis

1768 5365 1880 5417 qua:
1900 5347 2012 5400 dico
2042 5347 2213 5417 vobis?

1839 5419 1913 5481 (1)
1954 5417 2127 5476 Pater,
2168 5414 2381 5465 Domine
2415 5413 2526 5481 caeli
2565 5421 2613 5465 et
2641 5412 3130 5481 terrterCandeler.
3165 5430 3294 5478 ηις..

1775 5486 1984 5538 Domine
2020 5485 2195 5545 Pater,
2226 5498 2331 5551 quo
2365 5480 2529 5545 modo
2554 5484 2750 5535 titatur
2791 5480 2857 5532 ab
2903 5480 3124 5544 llilario,
3174 5481 3286 5539 tiie-

1770 5570 2011 5619 ronvmo,
2043 5553 2181 5607 aliis.
