3904 6374
479 323 619 382 1319

1365 322 1420 376 S.
1465 319 1859 376 CLEMENTIS
1893 321 1911 374 Ι
1953 320 2118 378 ROM.
2160 322 2360 379 PONT.
2406 319 2638 377 OPERA
2678 315 2903 374 DUBIA.

3593 316 3728 370 Κιἓο

478 449 594 495 tum
614 480 630 505 ,
652 452 774 508 qua:
799 442 1122 507 perpetratae
1147 435 1361 490 fuerant
1381 476 1396 499 ,
1425 435 1565 490 fama
1593 443 1953 506 pertraxerat.
1981 437 2049 490 At
2077 445 2122 501 Α
2151 438 2356 493 divina.
2390 436 2454 490 Et
2486 437 2560 490 ita
2591 434 2792 488 factum
2818 439 2930 493 est,
2963 437 3023 483 ut
3050 431 3256 484 cultum
3290 427 3385 484 Dei
3429 443 3596 498 quem
3637 444 3738 497 pro

477 525 676 585 Petrus
703 543 866 581 manu
897 527 1179 595 quiescere
1211 526 1471 594 populum
1499 525 1706 581 docens
1727 565 1741 589 ,
1774 532 1830 578 et
1861 526 2053 580 turbas

480 621 540 676 in
595 618 993 689 tranquillitate
1047 632 1383 686 componens
1417 618 1480 682 ¹⁹,
1538 617 1642 672 hoc
1702 617 1865 671 modo
1924 616 2054 672 fecit

478 712 761 767 exordium
779 729 791 764 :

555 801 690 857 Vill.
730 800 1014 871 Incipienti
1045 799 1113 852 de
1145 814 1275 853 vero
1305 797 1401 852 Dei
1436 798 1590 852 cultu
1622 797 1803 854 facere
1834 815 2050 853 sermo-

480 911 607 950 nem
639 893 1014 948 neccssarium
1067 890 1201 943 mihi
1247 890 1482 956 videtur,
1529 906 1626 945 eos
1669 892 1763 960 qui
1810 892 2055 945 nondum

481 987 547 1041 de
577 986 679 1038 hoc
705 983 910 1052 aliquid
943 983 1188 1037 scientia:
1219 982 1507 1036 consecuti
1539 993 1667 1036 sunt
1687 1022 1701 1045 ,
1735 983 1912 1053 primo
1944 998 2060 1037 om-

481 1081 630 1134 nium
667 1078 902 1140 docere,
944 1091 1042 1146 per
1084 1076 1268 1129 omnia
1318 1076 1703 1146 inculpabilem
1748 1077 2056 1146 ponendam

480 1187 604 1227 esse
634 1169 877 1224 divinam
901 1167 1346 1230 Providentiam,
1385 1184 1481 1236 per
1513 1185 1677 1237 quam
1711 1169 1947 1222 mundus
1978 1184 2059 1222 re-

480 1263 631 1332 gitur
663 1269 716 1316 et
746 1261 1106 1330 gubernatur.
1144 1259 1301 1312 llunc
1330 1267 1510 1314 autem
1543 1261 1701 1314 nobis
1737 1259 1950 1314 exordii
1989 1260 2060 1312 ti-

483 1353 655 1405 tulum
687 1351 835 1405 dedit
865 1351 1149 1419 praesentis
1179 1351 1362 1419 operis
1393 1350 1533 1403 ratio
1554 1390 1568 1413 ,
1604 1359 1658 1403 et
1691 1367 1883 1404 eorum
1919 1366 2058 1419 quos

483 1442 576 1497 Dei
610 1443 784 1495 virtus
817 1443 1031 1496 sanavit
1070 1441 1326 1504 occasio,
1371 1449 1429 1494 ut
1470 1441 1865 1504 ostendamus,
1912 1443 2057 1511 quod

481 1545 632 1589 recta
669 1537 879 1589 ratione
939 1535 1329 1604 quamplurimi
1377 1551 1407 1587 a
1445 1535 1679 1589 diversis
1721 1535 2060 1590 dannonibns

482 1628 821 1687 obtinentur,
857 1637 916 1680 ut
948 1643 1043 1695 per
1073 1627 1175 1681 hoc
1207 1635 1468 1697 appareat
1491 1627 1706 1695 justitia
1740 1625 1855 1680 Dei.
1905 1628 2062 1681 Inve-

484 1721 666 1773 nietur
712 1720 856 1771 enim
907 1719 1151 1772 omnium
1205 1735 1342 1788 pene
1392 1720 1665 1772 malorum
1717 1726 1894 1771 mater
1938 1734 2060 1773 esse

484 1810 816 1881 ignorantia.
849 1808 954 1863 Sed
981 1811 1093 1878 jam
1126 1811 1405 1863 veniamus
1437 1812 1501 1863 ad
1533 1825 1776 1864 causam.

557 1900 648 1956 IX.
691 1901 833 1954 Deus
865 1917 987 1954 cum
1024 1900 1244 1955 fecisset
1275 1901 1548 1954 hominem
1585 1902 1650 1952 ad
1687 1900 1975 1969 imaginem
2008 1909 2060 1955 et

486 1992 902 2048 similitudinem
937 2007 1090 2046 suam
1117 2032 1130 2053 ,
1165 1992 1316 2061 operi
1347 2007 1448 2045 suo
1480 1990 1755 2060 Spiramen
1786 1991 2060 2060 quoddam

485 2093 541 2140 et
571 2085 792 2138 odorem
823 2099 935 2138 suae
963 2083 1265 2137 divinitatis
1298 2083 1566 2145 inseruit,
1597 2089 1655 2135 ut
1685 2098 1780 2150 per
1802 2082 1905 2136 hoc
1937 2099 2063 2151 par-

487 2178 683 2246 ticipes
736 2175 864 2228 facti
914 2175 1175 2228 mortales
1213 2171 1488 2242 llnigeniti
1536 2175 1690 2242 ejus,
1744 2188 1840 2242 per
1883 2174 2060 2242 ipsum

485 2270 650 2325 etiam
684 2267 848 2321 amici
877 2265 972 2320 Dei
1004 2274 1059 2320 et
1090 2264 1184 2319 filii
1215 2263 1528 2334 adoptionis
1555 2265 1888 2331 existerent;
1922 2263 2064 2318 unde

486 2371 538 2414 et
570 2374 676 2428 qua
704 2359 790 2410 via
818 2358 870 2410 id
903 2356 1118 2426 possint
1149 2354 1380 2424 adipisci
1408 2394 1424 2415 .
1458 2353 1575 2423 ipse
1601 2370 1696 2409 eos
1721 2365 1780 2407 ut
1803 2353 2064 2424 propheta

487 2467 652 2506 verus
673 2449 921 2513 edocuit,
946 2449 1126 2502 sciens
1149 2447 1349 2516 quibus
1375 2447 1590 2501 actibus
1617 2447 1898 2501 hominum
1915 2447 2064 2501 dele-

489 2551 735 2596 ctaretur
755 2540 936 2597 Pater.
973 2539 1125 2595 Unus
1144 2541 1326 2609 itaque
1353 2540 1495 2609 apud
1534 2540 1783 2595 homines
1812 2548 1944 2594 tunc
1970 2538 2064 2593 Dei

488 2636 671 2690 cultus
691 2643 829 2695 erat,
853 2650 1006 2688 mens
1020 2648 1152 2702 pura
1168 2640 1219 2686 et
1247 2633 1472 2702 spiritus
1503 2633 1878 2700 incorruptus.
1907 2631 1970 2684 Et
1993 2632 2066 2685 ob

490 2728 594 2783 hoc
614 2727 793 2781 omnis
813 2736 1062 2780 creatura
1087 2725 1326 2778 humano
1351 2725 1534 2794 generi
1558 2724 1737 2779 fmdus
1755 2724 2067 2779 inviolabile

490 2820 874 2874 conservabat.
937 2817 1019 2872 Ob
1081 2818 1445 2871 reverentiam
1503 2832 1740 2886 namque
1789 2815 2068 2870 Creatoris

493 2913 640 2966 nulla
674 2910 943 2981 :egritudo
995 2909 1048 2963 in
1091 2924 1224 2972 eos,
1280 2910 1490 2962 nullum
1536 2909 1728 2962 vitium
1787 2909 2064 2978 corporis,

494 3003 645 3056 nulla
675 3001 922 3054 ciborum
961 2999 1240 3053 dominata
1272 3000 1560 3068 corruptio
1589 3009 1704 3063 est,
1737 3015 1802 3054 ex
1833 3015 1942 3069 quo
1974 3000 2068 3053 fie-

493 3093 616 3157 bat,
667 3102 726 3145 ut
771 3091 923 3146 mille
971 3107 1240 3147 annorum
1289 3103 1420 3146 tetas
1465 3093 1520 3145 in
1562 3092 1912 3162 fragilitatem
1959 3108 2067 3146 non

493 3183 757 3240 incideret
787 3185 1107 3238 senectutis.

569 3274 634 3329 X.
680 3275 785 3329 Sed
833 3275 925 3328 ubi
973 3276 1082 3327 vita
1120 3276 1323 3329 laboris
1357 3291 1554 3344 expers
1583 3275 1850 3329 bonorum
1885 3291 2071 3345 perse-

492 3368 794 3422 verantiam
827 3383 936 3420 non
967 3368 1178 3437 putavit
1205 3367 1389 3420 divina
1421 3369 1729 3437 largitione,
1760 3367 1855 3421 sed
1887 3382 2070 3421 rerum

496 3461 638 3516 forte
669 3476 1034 3522 concessam,
1067 3470 1120 3514 et
1154 3461 1272 3515 sine
1303 3461 1414 3513 ullo
1447 3459 1646 3515 sudore
1674 3459 1872 3512 divina:
1898 3474 2073 3512 ama:-

495 3551 688 3605 nitatis
717 3551 934 3604 deliciis
967 3549 1212 3619 perfrui,
1240 3560 1452 3605 natura:
1477 3551 1719 3604 debitum
1751 3559 1805 3605 et
1835 3568 1941 3606 non
1975 3551 2070 3606 Dei

493 3642 760 3698 bonitatis
815 3658 1018 3695 munus
1072 3643 1303 3712 accepit.
1357 3639 1416 3696 In
1459 3645 1767 3698 contrarias
1815 3660 1912 3714 per
1957 3645 2072 3699 haec

495 3733 748 3788 homines
779 3743 831 3787 et
869 3734 1066 3802 impias
1113 3735 1476 3803 cogitationes
1520 3736 1632 3789 otio
1677 3735 1907 3790 docente
1949 3754 2074 3807 per-

496 3826 758 3888 veniunt,
791 3834 1043 3894 putantes
1072 3826 1297 3878 deorum
1332 3825 1434 3879 sibi
1468 3827 1636 3879 vitam
1670 3827 1838 3880 nullis
1869 3827 2075 3881 labori-

496 3917 601 3972 bus
652 3917 928 3986 nullisque
980 3917 1194 3972 meritis
1237 3925 1445 3970 natam.
1493 3915 1632 3970 Hinc
1679 3918 1973 3986 proficiunt
2018 3919 2073 3972 in

497 4011 774 4074 deterius,
809 4018 867 4064 ut
896 4025 1074 4079 neque
1117 4009 1458 4079 providentia
1509 4008 1604 4065 Dei
1651 4011 1915 4064 mundum
1959 4011 2072 4081 regi

497 4103 816 4164 crederent,
851 4117 1028 4171 neque
1071 4101 1368 4156 virtutibus
1411 4117 1534 4156 esse
1576 4103 1811 4171 aliquem
1854 4103 2070 4167 locum,

498 4193 942 4263 quandoquidem
972 4193 1296 4261 semetipsos
1323 4194 1525 4246 scirent
1548 4193 1714 4248 nullis
1742 4195 1892 4263 prius
1919 4195 2076 4251 bonis

498 4284 760 4354 operibus
791 4283 1086 4354 assignatis
1115 4284 1212 4338 otii
1244 4301 1307 4338 ac
1340 4284 1659 4338 deliciarum
1693 4301 1962 4340 summam
1993 4296 2075 4340 te-

500 4393 662 4441 nere,
697 4387 750 4431 et
783 4377 992 4431 amicos
1023 4376 1116 4432 Dei
1146 4378 1352 4448 absque
1385 4378 1518 4432 ullis
1550 4378 1832 4432 laboribus
1860 4380 2071 4435 haberi.

2155 529 2313 583 bouis
2341 530 2733 599 neglexerant,
2766 530 3162 593 recuperarent
3194 538 3294 592 pro
3323 522 3524 583 malis,
3559 530 3616 574 et
3645 535 3739 575 cos

2157 621 2446 690 gitationes
2493 620 2546 672 in
2583 618 2752 673 Deum
2794 632 2933 687 quas
2967 621 3300 685 perverterat
3347 613 3741 683 indulgentia,

2155 713 2472 768 emendaret
2526 711 2767 766 afﬂictio.
2815 708 2906 762 Sic
2955 722 3088 778 ergo
3141 706 3325 761 divina
3382 705 3747 762 Providentia

2158 807 2260 859 hoc
2293 821 2414 858 esse
2449 803 2639 857 utilius
2669 801 2983 856 hominibus
3027 798 3251 861 videns,
3300 799 3422 852 vias
3483 798 3746 867 benigni-

2157 901 2284 953 tatis
2316 907 2370 951 et
2403 896 2787 959 abundantiae,
2819 902 3077 962 tanquam
3111 906 3232 960 qua:
3276 890 3543 943 laederent
3564 929 3578 948 .
3612 891 3748 943 sub-

2157 990 2326 1044 trahit
2358 991 2425 1043 ab
2455 989 2768 1043 hominibus
2796 1027 2811 1051 ,
2841 997 2894 1040 et
2927 984 3232 1040 vexationis
3261 985 3367 1038 iter
3396 999 3465 1037 ac
3508 984 3747 1037 tribula-

2158 1083 2326 1136 tionis
2358 1081 2582 1134 inducit.

2230 1172 2345 1228 Xll.
2390 1172 2496 1228 Sed
2554 1180 2615 1226 ut
2656 1170 2970 1226 ostenderet
3030 1170 3160 1239 quia
3199 1169 3318 1222 haec
3357 1181 3464 1238 pro
3509 1167 3749 1237 ingratis

2159 1272 2472 1335 agerentur,
2522 1277 2689 1317 unum
2736 1261 3030 1332 quemdam
3078 1277 3145 1315 ex
3195 1260 3304 1314 illis
3348 1260 3449 1329 qui
3482 1257 3748 1328 primitus

2161 1364 2444 1428 cceperant
2493 1370 2616 1410 esse
2664 1354 2962 1417 mortales,
3020 1352 3165 1421 quod
3214 1367 3340 1406 eum
3392 1351 3589 1421 gratia:
3638 1364 3750 1403 sua:

2162 1467 2270 1504 non
2302 1451 2676 1503 immemorem
2710 1447 2881 1509 vidit,
2914 1454 2968 1499 et
3012 1445 3143 1514 quia
3193 1445 3444 1514 speravit
3489 1446 3750 1497 invocare

2160 1556 2358 1595 nomen
2391 1537 2606 1592 Domini
2640 1536 2716 1606 (Ξ)
2740 1577 2754 1597 ,
2789 1536 2853 1588 ad
2889 1536 3227 1590 immortales
3271 1535 3595 1596 transtulit,
3641 1549 3751 1586 cae-

2164 1632 2294 1686 teris
2327 1632 2419 1702 qui
2452 1631 2506 1684 in
2547 1638 2759 1684 tantum
2793 1629 2993 1699 ingrati
3024 1629 3314 1692 exstitere,
3365 1636 3426 1681 ut
3455 1642 3561 1681 nec
3594 1628 3750 1680 labo-

2163 1724 2314 1777 ribus
2357 1731 2409 1776 et
2455 1721 2906 1775 tribulationibus
2943 1720 3227 1775 emendari
3269 1728 3324 1774 et
3363 1719 3577 1789 corrigi
3623 1734 3749 1788 pos-

2093 1788 2134 1842 Β
2165 1815 2310 1876 sint,
2345 1812 2674 1884 gravissima
2705 1820 2884 1865 morte
2913 1811 3210 1866 damnatis.
3242 1810 3456 1865 Invenit
3483 1818 3670 1864 tamen
3698 1818 3751 1864 et

2163 1906 2306 1960 inter
2338 1906 2488 1975 ipsos
2514 1920 2683 1958 unum
2715 1903 3005 1973 quemdam
3034 1918 3157 1956 cum
3187 1903 3352 1957 domo
3376 1916 3478 1957 sua
3499 1902 3714 1972 justum
3733 1940 3748 1961 .

2165 2014 2327 2068 quem
2362 2003 2696 2061 reservaret,
2737 2004 3015 2066 praecepto
3063 1996 3114 2048 ei
3153 1994 3279 2049 dato
3340 2001 3401 2048 ut
3449 1993 3750 2047 fabricaret

2166 2105 2375 2152 arcam,
2412 2097 2467 2145 et
2511 2090 2566 2143 in
2595 2103 2661 2144 ea
2686 2129 2700 2152 ,
2749 2104 2872 2142 cum
2917 2087 3125 2141 diluvio
3159 2095 3360 2140 cuncta
3392 2094 3748 2145 necarentur,

2167 2184 2284 2254 ipse
2335 2199 2458 2238 cum
2512 2185 2598 2237 his
2648 2184 2848 2253 quibus
2907 2188 3239 2251 przeceptum
3292 2179 3506 2243 fuerat,
3571 2191 3754 2247 posset

2165 2274 2434 2338 evadere,
2482 2289 2592 2344 quo
2634 2275 2817 2343 impiis
2863 2274 3278 2328 inundationem
3322 2260 3597 2342 aquarum
3630 2286 3752 2340 per-

2164 2369 2363 2437 emptis
2421 2368 2862 2438 puriﬁcationem
2919 2367 3160 2421 mundus
3219 2366 3540 2436 acciperet,
3594 2373 3647 2420 et
3704 2364 3749 2418 is

2167 2459 2261 2529 qui
2293 2461 2359 2514 ad
2392 2463 2766 2530 posteritatem
2813 2461 3030 2531 generis
3061 2458 3241 2513 fuerat
3271 2465 3626 2519 reservatus,
3659 2474 3751 2527 per

2168 2565 2366 2620 aquam
2395 2551 2633 2605 mundus
2661 2551 2909 2613 effectus,
2938 2553 3203 2603 mundum
3234 2549 3420 2603 denuo
3451 2558 3747 2617 repararet.

2239 2641 2378 2698 XIII.
2421 2643 2528 2699 Sed
2558 2645 2642 2698 his
2672 2645 2930 2699 omnibus
2959 2645 3128 2714 gestis
3167 2657 3362 2697 rursus
3401 2641 3651 2700 homines
3682 2639 3746 2692 ad

2170 2736 2506 2804 impietatem
2539 2745 2853 2801 vertuntur,
2887 2738 2940 2791 et
2971 2743 3196 2806 propter
3225 2735 3330 2788 hoc
3367 2749 3396 2786 a
3441 2732 3556 2787 Deo
3596 2733 3752 2802 poni.

2169 2834 2262 2881 tur
2293 2829 2378 2884 lex
2407 2846 2529 2899 quze
2559 2829 2779 2884 vivendi
2808 2829 3031 2883 modum
3063 2829 3326 2894 doceret;
3360 2825 3457 2880 sed
3491 2837 3746 2895 processu

2168 2923 2434 2993 temporis
2455 2963 2470 2986 ,
2502 2921 2599 2976 Dei
2630 2921 2851 2992 quidem
2881 2922 3067 2976 cultus
3096 2931 3149 2976 et
3173 2920 3388 2988 justitia
3419 2920 3490 2972 ab
3522 2917 3754 2971 inﬁdeli-

2170 3014 2275 3070 bus
2302 3023 2356 3068 et
2388 3015 2572 3083 impiis
2605 3013 3002 3083 corrumpitur,
3034 3012 3180 3067 sicut
3215 3009 3384 3080 paulo
3427 3016 3554 3078 post
3600 3022 3754 3076 aper-

2174 3109 2288 3166 tius
2319 3106 2696 3161 ostendemus.
2731 3103 3012 3159 Perversae
3044 3112 3223 3157 autem
3259 3110 3312 3156 et
3345 3099 3602 3155 erratica:
3633 3098 3759 3149 reli-

2174 3201 2364 3271 giones
2393 3194 2843 3260 introducuntur,
2877 3193 3079 3263 quibus
3113 3207 3172 3246 se
3203 3191 3442 3260 plurima
3489 3202 3620 3256 pars
3660 3186 3759 3237 bo-

2175 3293 2382 3347 minum
2414 3304 2510 3358 per
2550 3285 2898 3340 occasionem
2946 3283 3206 3337 feriarum
3251 3289 3305 3336 et
3348 3280 3756 3335 solemnitatum

2180 3383 2479 3442 dederunt,
2525 3385 2690 3448 potus
2734 3377 3108 3430 instaurantes
3147 3381 3200 3427 et
3242 3371 3524 3434 convivia,
3575 3370 3756 3423 tibias-

2173 3491 2280 3544 que
2342 3488 2405 3526 ac
2437 3470 2652 3525 fistulas
2684 3477 2737 3522 et
2763 3467 3006 3522 citharas
3037 3481 3102 3519 ac
3131 3465 3352 3519 diversa
3395 3476 3604 3534 genera
3649 3476 3757 3513 mu-

2175 3567 2417 3622 sicorum
2452 3569 2728 3618 sectantes
2750 3601 2764 3622 ,
2799 3571 2850 3614 et
2884 3559 3213 3627 semetipsos
3245 3571 3344 3625 per
3373 3553 3566 3608 omnia
3594 3560 3758 3604 temu-

2177 3657 2355 3712 lentia:
2404 3671 2468 3708 ac
2513 3653 2744 3706 luxuriae
2791 3651 3167 3721 propitiantes.
3216 3645 3356 3700 Hinc
3387 3645 3575 3698 omnis
3607 3655 3757 3696 error

2175 3749 2384 3818 accepit
2415 3747 2680 3816 originem
2707 3785 2722 3808 ,
2759 3744 2888 3797 hinc
2917 3744 3069 3796 lucos
3097 3749 3150 3795 et
3176 3755 3337 3802 aras,
3369 3737 3504 3792 hinc
3529 3743 3756 3790 coronas

2174 3847 2229 3894 et
2283 3836 2534 3892 victimas
2586 3849 2876 3902 reperere,
2934 3839 2989 3885 et
3039 3837 3162 3899 post
3215 3827 3548 3883 ebrietatem
3602 3822 3755 3893 quasi

2177 3927 2530 4000 lymphaticis
2562 3924 2806 3979 motibus
2836 3921 2920 3990 agi
2947 3938 2962 3986 ;
2995 3937 3061 3974 ex
3093 3920 3196 3973 hoc
3227 3919 3342 3987 jam
3375 3923 3626 3986 potestas
3654 3913 3758 3965 dab

2176 4019 2379 4072 moniis
2409 4016 2537 4070 data
2579 4013 2930 4084 ingrediendi
2975 4005 3360 4079 hujuscemodi
3401 4012 3658 4064 mentes,
3705 4010 3760 4052 ut

2177 4110 2376 4163 choros
2403 4107 2604 4161 ducere
2626 4105 2853 4160 insanos
2873 4112 2929 4157 et
2952 4100 3170 4155 Baccho
3197 4097 3381 4152 furere
3403 4095 3756 4154 viderentur;

2180 4203 2305 4256 hinc
2335 4200 2568 4252 fremere
2597 4195 2852 4251 dentibus
2870 4233 2886 4258 .
2919 4201 2974 4248 et
3002 4190 3216 4261 mugire
3243 4187 3312 4242 de
3341 4183 3643 4256 profundis
3685 4183 3760 4236 vi-

2179 4292 2432 4349 sceribus
2467 4290 2787 4351 inventum,
2821 4287 2950 4340 hinc
2979 4282 3242 4338 terribilis
3287 4281 3478 4334 vultus
3523 4285 3580 4331 et
3620 4275 3761 4330 ferus

2177 4387 2234 4442 in
2286 4385 2601 4439 hominibus
2658 4389 2955 4450 aspectus,
3009 4385 3069 4431 ut
3121 4376 3169 4431 is
3218 4389 3380 4444 quem
3441 4369 3761 4426 temulentia

572 4469 662 4524 ΧΙ.
705 4468 1025 4523 Justissimo
1053 4472 1236 4539 itaque
1282 4469 1376 4522 Dei
1413 4469 1624 4538 indiCiO
1665 4469 1719 4523 in
1760 4469 2074 4539 huiuSIIIOdi
2105 4496 2150 4550 ι)
2180 4479 2526 4534 subverterat
2559 4490 2622 4528 ac
2653 4475 2866 4528 dtemon
2898 4471 3258 4540 instigaverat
3281 4507 3295 4530 ,
3329 4463 3562 4518 numine
3591 4460 3762 4530 reple-

501 4561 893 4632 cogitationum
929 4563 1168 4615 vanitate
1202 4561 1587 4631 languentibus
1612 4601 1628 4625 ,
1660 4562 1878 4618 labores
1907 4573 1959 4618 et
1992 4563 2077 4616 af-

501 4655 772 4709 flictiones
795 4669 894 4722 pro
925 4653 1165 4707 remedio
1196 4653 1573 4707 conferuntur.
1605 4652 1705 4708 Ubi
1740 4670 1871 4725 ergo
1899 4656 2077 4710 adfuit

503 4748 657 4802 labor
705 4761 768 4798 ac
801 4745 1081 4798 tribulatio
1103 4784 1118 4807 ,
1151 4745 1471 4798 deliciarum
1501 4753 1555 4799 et
1598 4747 1934 4803 amoenitatis
1977 4764 2074 4803 ex-

501 4841 642 4895 clusi
675 4850 803 4893 sunt
846 4841 986 4894 loco.
1033 4837 1206 4891 Terra
1240 4847 1418 4893 autem
1466 4841 1635 4910 cmpit
1683 4841 1820 4894 nihil
1847 4842 1927 4896 eis
1954 4842 2074 4897 sine

503 4933 690 4987 labore
727 4930 1062 5000 producere;
1092 4937 1145 4983 et
1178 4939 1309 4984 tunc
1340 4946 1606 4985 conversa
1652 4932 1708 4984 in
1753 4932 2074 4988 hominibus

506 5017 806 5089 cogitatio,
873 5017 1142 5070 creatoris
1199 5019 1284 5072 sui
1351 5020 1631 5089 requirere
1697 5034 2078 5078 commonetur

505 5110 766 5164 auxilium
786 5147 804 5173 ,
830 5119 884 5162 et
912 5108 1252 5163 orationibus
1282 5123 1346 5163 ac
1373 5111 1515 5164 votis
1547 5113 1798 5182 pnesidia
1843 5115 2076 5170 invitare

2181 4579 2269 4624 tus
2302 4585 2330 4622 a
2361 4567 2604 4636 deceptis
2631 4575 2685 4620 et
2713 4564 3032 4619 errantibus
3060 4559 3442 4614 crederentur.

2254 4659 2391 4716 XIV.
2437 4658 2592 4714 Unde
2639 4672 2763 4711 cum
2811 4662 2921 4708 tam
2973 4654 3155 4705 multae
3201 4650 3256 4701 in
3303 4647 3451 4700 hunc
3499 4641 3760 4697 mundum

2181 4753 2329 4807 falsa:
2346 4761 2399 4807 et
2423 4750 2674 4805 erratica:
2690 4748 2981 4818 religiones
3006 4752 3194 4800 essent
3221 4739 3579 4800 introducta,
3613 4734 3760 4795 missi

2182 4859 2375 4898 sumus
2406 4858 2510 4896 nos
2557 4842 2871 4896 deferentes
2916 4839 3072 4893 vobis
3117 4846 3380 4904 tanquam
3424 4831 3558 4885 boni
3600 4841 3764 4896 nego-

2183 4939 2443 5000 tiatores,
2492 4952 2522 4988 a
2555 4935 2806 5006 patribus
2853 4933 3116 4987 traditum
3145 4937 3200 4984 et
3228 4931 3620 4981 conservatum
3650 4920 3758 4974 veri

2183 5026 2280 5081 Dei
2324 5027 2532 5080 cultum
2561 5067 2576 5089 ,
2631 5025 2794 5094 cujus
2847 5022 3004 5093 quasi
3053 5019 3262 5076 semina
3307 5015 3563 5088 quaedam
3616 5011 3761 5064 vobis

2186 5119 2302 5172 haec
2331 5119 2494 5174 verba
2522 5119 2890 5188 respergimus
2909 5154 2926 5181 ,
2960 5122 3014 5169 et
3045 5113 3103 5167 in
3136 5118 3322 5167 vestro
3350 5107 3569 5179 judicio
3611 5102 3762 5176 poni-

576 5243 621 5278 "
650 5241 782 5326 Qum
811 5244 1419 5326 seq“""‘“r_‘i°°?b“la_
1440 5260 1612 5326 usque
1641 5247 1708 5301 ad
1735 5248 1894 5326 finem
1912 5266 2030 5321 cap.
2059 5251 2147 5317 36,
2172 5254 2371 5310 desunt
2395 5255 2448 5308 in
2471 5255 2631 5310 codd.
2657 5253 2870 5326 Lipss.;
2898 5252 3170 5307 cohaerent
3187 5256 3371 5302 autem
3385 5244 3759 5326 antecedentia

505 5329 630 5396 eum
665 5316 753 5396 iis,
793 5329 914 5385 quae
968 5331 1089 5386 cap.
1122 5315 1192 5370 57
1242 5315 1536 5388 leguntur,
1575 5316 1678 5371 hoc
1725 5321 1888 5375 modo
1919 5337 1931 5372 :
1980 5315 2330 5393 'cumponens,
2363 5342 2484 5379 cum
2521 5326 2706 5396 aliqua
2726 5315 2942 5379 locutus
2979 5331 3142 5389 esset,
3195 5319 3443 5390 praecepit
3473 5326 3531 5371 ut
3554 5325 3761 5385 postera

509 5383 614 5448 die,
645 5395 752 5441 etc.

1811 5543 2175 5597 CO'I‘R‘LLI‘IRII
2213 5545 2443 5601 ΝΟΤᾹΞ.

586 5717 662 5789 (Ξ)
702 5716 916 5788 thm‘a
954 5722 1180 5789 speravit
1223 5721 1461 5789 invocare
1500 5737 1682 5773 nomen
1717 5718 1948 5774 Domini.
1986 5719 2079 5774 Vel

515 5772 1174 5846 confundit'lleno'chumV
1205 5772 1329 5845 cum
1351 5788 1594 5866 “Enoso;
1627 5772 1736 5848 seu
1772 5772 1954 5862 potius
2005 5772 2078 5846 illi

2190 5723 2427 5792 applicat
2449 5724 2593 5789 quod
2629 5724 2693 5777 de
2723 5724 2826 5776 hoc
2857 5724 3060 5778 dictum
3105 5729 3278 5778 fuerat
3325 5723 3526 5780 Gcncs.
3568 5738 3642 5783 l\',
3669 5722 3756 5786 36,

2182 5793 2338 5861 juxta
2371 5792 2507 5846 LVX
2538 5794 2886 5866 interpretes.
