3848 6304
163 311 282 390 ιδῃ

159 461 272 500 mus
317 447 464 514 quod
515 459 722 503 rectum
762 452 973 506 videtur
1009 453 1223 522 eligere.
1271 450 1326 504 Si
1368 453 1507 506 enim
1553 451 1687 504 reci-
1714 467 1761 522 Α

159 534 314 604 piatis
341 549 465 602 quae
491 547 677 592 nostra
705 547 829 593 sunt
850 580 864 600 ,
895 555 999 593 non
1025 541 1194 594 solum
1226 539 1327 608 ipsi
1357 538 1691 592 incursiones

159 626 416 679 daemonis
445 625 686 696 eﬂugere
707 668 722 690 ,
756 630 847 683 sed
879 637 931 683 et
958 645 1020 683 ex
1051 629 1172 682 aliis
1198 643 1289 683 eas
1332 628 1558 697 eﬂ'ugare
1599 641 1694 695 p0-

158 715 328 770 teritis
347 757 363 776 .
416 717 582 771 simul
611 724 664 772 et
690 727 1007 773 aeternorum
1035 721 1296 773 bonorum
1326 717 1542 786 praemia
1572 731 1695 770 con-

158 807 478 875 sequemiui.
513 807 614 872 Qui
643 816 815 862 autem
845 811 1260 878 contempserint
1303 809 1536 876 recipere
1575 823 1693 877 qua:

157 895 411 948 dicuntur
441 911 470 946 a
507 897 695 960 nobis,
729 896 780 948 in
807 897 1054 964 prmsenti
1086 896 1298 964 quidem
1331 897 1437 948 vita
1468 895 1692 948 diversis

155 985 497 1040 damonibus
524 994 578 1040 et
606 987 978 1054 aegritudinum
1008 987 1151 1038 vitiis
1179 985 1549 1052 subjacebuut.
1574 992 1694 1052 post

151 1089 438 1128 excessum
505 1084 680 1127 autem
746 1075 986 1142 corporis
1044 1076 1201 1128 etiam
1260 1074 1449 1127 anima:
1506 1081 1691 1126 comm

154 1165 556 1218 cruciabuntur
585 1166 639 1217 in
671 1172 1007 1234 perpetuum.
1045 1163 1184 1218 Deus
1214 1165 1353 1218 enim
1384 1178 1486 1216 non
1519 1162 1691 1216 solum

152 1256 322 1308 bonus
343 1293 359 1316 ,
397 1255 496 1308 sed
526 1264 579 1308 et
600 1255 782 1322 justus
807 1262 890 1308 est
915 1272 928 1319 ;
959 1269 1082 1307 nam
1113 1255 1156 1307 si
1187 1268 1396 1322 semper
1426 1253 1597 1306 bonus
1624 1253 1693 1305 sit

150 1354 199 1398 et
229 1360 518 1412 nunquam
545 1345 724 1411 justus
744 1386 758 1409 ,
790 1351 849 1396 ut
877 1343 1062 1396 reddat
1094 1343 1379 1411 unicuique
1405 1355 1504 1410 pro
1530 1339 1692 1410 gestis

151 1432 295 1496 suis,
329 1433 540 1486 bonum
576 1433 876 1486 invenietur
916 1433 1193 1499 iniustum.
1241 1430 1498 1500 injustum
1541 1443 1693 1483 nam-

147 1539 250 1592 que
286 1531 416 1587 est,
461 1524 510 1577 si
554 1525 628 1576 ita
673 1525 813 1593 apud
855 1539 976 1578 eum
1006 1523 1264 1577 habeatur
1294 1522 1521 1590 impius,
1554 1521 1694 1574 sicut

147 1621 195 1668 et
225 1617 376 1682 pius.
435 1619 440 1628 ‘

211 1703 333 1757 XV.
375 1701 552 1773 Igitur
583 1703 849 1757 daemones
869 1742 883 1765 ,
914 1704 1052 1758 sicut
1081 1703 1240 1772 paulo
1270 1709 1393 1758 ante
1420 1703 1652 1756 diximus
1671 1739 1687 1762 ,

147 1812 264 1849 cum
309 1789 705 1849 occasionibus
746 1795 979 1862 acceptis
1019 1794 1259 1862 ingerere
1302 1807 1358 1846 se
1399 1798 1685 1861 potuerunt
1713 1768 1756 1825 Β

142 1897 234 1951 per
262 1883 449 1935 malos
476 1890 531 1934 et
558 1889 743 1950 turpes
770 1889 921 1936 actus
952 1882 1268 1951 corporibus
1297 1881 1567 1933 hominum
1593 1918 1608 1941 ,
1639 1878 1687 1933 si

144 1971 318 2025 multo
351 1981 604 2039 tempore
636 1979 944 2040 permanent
977 1971 1029 2024 in
1066 1972 1143 2024 eis
1179 1981 1274 2038 per
1310 1968 1685 2039 negligentiam

143 2062 427 2130 ipsorum,
460 2061 589 2129 quia
620 2060 810 2113 anima:
841 2075 950 2113 suae
975 2061 1115 2129 quod
1159 2066 1240 2113 est
1281 2061 1411 2112 utile
1452 2073 1557 2112 non
1602 2068 1690 2110 re-

141 2153 368 2220 quirunt
395 2191 410 2210 ,
459 2151 771 2205 necessario
817 2159 1015 2219 cogunt
1044 2165 1137 2204 eos
1163 2149 1517 2202 habitantium
1549 2148 1600 2200 in
1631 2159 1688 2201 se

141 2241 454 2296 dit-monum
486 2243 554 2295 de
585 2242 793 2310 reliquo
822 2239 998 2294 facere
1027 2241 1348 2293 voluntates.
1397 2237 1548 2303 Quod
1592 2249 1688 2290 au-

138 2340 239 2386 tem
282 2340 377 2386 est
421 2329 663 2384 omnium
706 2329 973 2390 deterius,
1013 2327 1065 2381 in
1098 2327 1556 2381 consummatione
1589 2339 1690 2379 sae-

138 2423 269 2487 culi,
301 2437 437 2476 cum
470 2419 679 2473 daemtin
716 2419 802 2472 ille
831 2418 936 2486 igni
967 2417 1208 2470 tradetur
1243 2422 1473 2480 aeterno,
1503 2430 1691 2468 neces-

138 2514 278 2567 sario
306 2519 366 2565 et
401 2511 587 2563 anima
632 2524 752 2578 qu:e
798 2508 846 2562 ei
890 2507 1101 2576 paruit,
1149 2521 1270 2560 cum
1315 2507 1431 2575 ipso
1474 2505 1687 2560 aeternis

137 2604 354 2673 ignibus
411 2603 770 2666 cruciabitur,
817 2615 923 2654 una
972 2613 1094 2652 cum
1141 2607 1366 2667 oorpore
1406 2611 1503 2653 suo
1546 2596 1688 2668 quod

203 2688 348 2743 lluit.

205 2705 348 2743 nuit.

137 2705 349 2830 poXVl.
399 2773 687 2829 Daemones
711 2782 885 2828 autem
911 2772 1105 2828 habere
1126 2768 1447 2827 desiderium
1474 2772 1689 2826 immer-

135 2867 291 2936 gendi
325 2881 393 2921 se
431 2865 756 2933 corporibus
787 2863 1059 2916 hominum
1093 2863 1205 2915 haec
1235 2877 1400 2916 causa
1429 2873 1529 2916 est.
1568 2861 1689 2930 Spi-

134 2957 270 3013 ritus
356 2964 500 3011 sunt
555 2955 816 3007 habentes
871 2953 1203 3022 propositum
1255 2963 1571 3006 conversum
1621 2947 1687 3004 ad

134 3048 401 3101 malitiam
431 3063 446 3109 ;
485 3059 581 3113 per
607 3045 759 3098 cibos
792 3059 919 3112 ergo
947 3052 1000 3096 et
1028 3051 1188 3112 potus
1217 3042 1593 3096 immoderatus
1621 3057 1682 3097 ac
1709 3076 1750 3133 ς

132 3137 420 3190 libidinem
451 3139 742 3203 perurgeut
770 3132 1012 3185 homines
1041 3131 1103 3184 ad
1133 3138 1406 3200 peccatum
1435 3148 1448 3196 ;
1480 3145 1574 3185 eos
1602 3140 1683 3184 ta-

131 3241 246 3280 men
295 3226 396 3294 qui
448 3222 708 3293 peccandi
759 3223 1092 3290 propositum
1135 3229 1359 3290 gerunt,
1407 3223 1498 3290 qui
1551 3223 1678 3276 dum

128 3315 390 3369 videntur
433 3311 745 3365 necessaria
797 3319 998 3363 naturae
1046 3312 1178 3365 velle
1226 3313 1526 3381 complere,
1575 3323 1682 3366 non

129 3411 381 3458 tenentes
430 3401 654 3455 modum
704 3415 799 3469 per
837 3399 1201 3463 nimietatem,
1247 3402 1576 3473 ingrediendi
1628 3404 1681 3457 in

129 3494 476 3562 semetipsos
507 3488 836 3542 dm’monibus
883 3488 1083 3542 iaciunt
1127 3490 1323 3545 locdm.
1369 3489 1544 3544 Donec
1587 3504 1654 3544 au

124 3587 227 3634 tem
260 3588 493 3634 naturae
522 3590 773 3629 mensura
805 3583 1048 3627 servatur
1093 3584 1144 3630 et
1185 3576 1374 3631 modus
1413 3578 1682 3646 legitimus

122 3671 468 3729 custoditur,
527 3665 618 3720 Dei
665 3665 942 3717 clementia
988 3664 1317 3732 ingrediendi
1348 3666 1402 3718 in
1434 3666 1675 3723 homines

123 3774 226 3812 non
258 3759 344 3814 eis
391 3753 591 3811 tribuit
635 3751 960 3806 facilitatem.
1001 3752 1102 3806 Ubi
1133 3769 1261 3806 vero
1302 3759 1392 3806 aut
1431 3769 1583 3807 mens
1612 3753 1680 3806 ad

120 3846 470 3914 impietatem
507 3839 879 3897 declinaverit,
931 3846 1023 3890 aut
1061 3851 1257 3908 corpus
1303 3841 1678 3896 immoderatis

117 3935 254 3990 cibis
291 3949 362 3987 ac
404 3929 630 4002 potibus
664 3925 1060 3996 adimplebitur,
1108 3937 1362 3998 tanquam
1405 3931 1680 3986 voluntate

113 4030 167 4077 et
212 4022 526 4094 proposito
565 4032 746 4070 eorum
793 4018 885 4086 qui
927 4033 984 4072 se
1028 4020 1100 4072 ita
1133 4021 1406 4088 negligunt
1435 4021 1675 4084 invitati,

114 4113 274 4180 quasi
305 4113 616 4164 adversum
646 4120 739 4159 eos
768 4107 858 4174 qui
899 4121 928 4160 a
970 4107 1077 4162 Deo
1107 4110 1334 4178 positam
1367 4110 1535 4179 legem
1570 4112 1680 4165 sol-

112 4202 324 4265 verint,
362 4196 654 4266 accipiunt
683 4195 1008 4252 facultatem.

179 4291 355 4347 XVII,
403 4285 621 4340 Videtis
658 4301 784 4355 ergo
825 4296 1083 4355 quantum
1127 4289 1300 4342 valeat
1343 4291 1545 4358 agnitio
1585 4289 1675 4346 Dei

1345 337 1888 398 ltECOGNlTlONUM
1928 339 2050 397 Lm.
2089 327 2190 399 Iv.’

3187 339 3318 396 IBQ‘.‘

1791 453 1890 508 ilde
1914 455 2169 518 credunt,
2215 453 2416 523 absque
2465 453 2572 507 ulla
2616 454 2972 510 remoratione
3009 448 3314 511 discedunt.

1790 543 1978 596 Anima
2009 546 2150 598 enim
2197 555 2318 597 eum
2364 545 2568 597 venerit
2607 543 2670 596 ad
2715 543 2870 596 ﬁdem
2904 543 3026 603 Dei,
3071 535 3317 599 caelestis

1791 646 1940 700 aqua
1971 633 2220 686 virtutem
2266 632 2636 699 conch’uitur,
2683 638 2779 700 per
2818 641 2976 700 quain
3023 619 3318 685 daemonem

1789 727 2039 786 tanquam
2068 721 2350 774 scintillam
2384 721 2522 789 ignis
2550 721 2874 790 exstinguat.

1859 807 2040 864 XVIII.
2080 803 2172 865 Est
2203 826 2328 880 ergo
2361 811 2479 864 fidei
2523 823 2812 872 mensura,
2856 817 2974 877 qua:
3016 802 3060 862 si
3109 810 3315 878 integra

1791 900 1860 953 sit
1881 939 1896 961 ,
1928 909 1991 953 ex
2022 899 2230 969 integro
2261 901 2326 953 de
2355 900 2533 953 anima
2566 899 2858 953 daemonem
2891 898 3076 968 fugat;
3111 899 3155 952 si
3187 910 3316 953 vero

1792 988 1966 1040 minus
2015 987 2216 1055 aliquid
2263 988 2488 1049 habeat,
2535 987 2734 1042 residet
2783 988 2958 1040 adhuc
3001 986 3201 1055 aliquid
3250 986 3318 1040 de

1791 1077 2030 1144 pm‘tione
2063 1076 2321 1130 daemonis
2353 1078 2405 1130 in
2451 1078 2693 1146 portione
2734 1075 3098 1140 inﬁdelitatis,
3140 1085 3193 1130 et
3235 1081 3320 1129 est

1792 1165 2058 1232 plurimus
2099 1166 2272 1228 labor,
2331 1177 2389 1219 ut
2436 1168 2700 1238 intelligat.
2746 1169 2923 1221 anima
2969 1156 3182 1237 quando
3227 1174 3319 1220 aut

1790 1257 2038 1324 qnaliter,
2084 1256 2130 1310 si
2177 1257 2328 1323 plene
2369 1265 2461 1310 aut
2507 1261 2684 1311 minus
2728 1250 2880 1326 plene
2909 1267 2974 1311 ex
3005 1272 3062 1311 se
3108 1247 3319 1326 fugatus

1791 1344 1860 1396 sit
1889 1341 2115 1396 daemon.
2149 1342 2204 1396 Si
2237 1345 2376 1397 enim
2409 1345 2461 1397 in
2493 1346 2669 1414 aliqua
2697 1357 2846 1414 parte
2874 1339 3166 1409 resederit,
3196 1361 3319 1398 cum

1792 1438 1999 1500 tempus
2029 1431 2294 1496 inveniet,
2322 1434 2670 1503 cogitationes
2698 1435 2918 1504 subjicit
2943 1428 3193 1491 cordi-bus
3222 1435 3323 1488 ho-

1792 1522 1992 1574 minum
2019 1564 2033 1586 ,
2066 1529 2117 1576 et
2147 1523 2222 1576 illi
2255 1525 2558 1580 nescientes
2588 1526 2729 1580 unde
2763 1526 2873 1579 haec
2909 1528 3152 1586 veniant,
3195 1542 3323 1593 sug-

1789 1607 2118 1679 gestionibus
2160 1613 2453 1668 daamonum
2502 1615 2655 1683 quasi
2695 1616 2884 1668 animm
2935 1623 3045 1669 Sua:
3073 1617 3320 1669 sensibus

1790 1699 2033 1753 credunt.
2064 1697 2373 1770 Suggerunt
2399 1715 2524 1771 ergo
2557 1703 2678 1758 aliis
2721 1706 3006 1759 occasione
3047 1714 3322 1774 corporea:

1787 1790 2123 1844 necessitatis
2179 1792 2398 1847 delicias
2456 1795 2636 1862 sequi,
2694 1797 2920 1848 aliorum
2977 1795 3311 1849 iracundiam

1786 1887 2044 1932 excusant
2070 1893 2165 1948 per
2190 1879 2568 1935 abundantiam
2603 1883 2740 1938 fellis
2759 1923 2773 1944 ,
2804 1885 3026 1937 aliorum
3056 1884 3321 1937 insaniam

1788 1965 1924 2036 nigri
1953 1967 2091 2022 fellis
2119 1971 2452 2024 vehementia
2496 1973 2773 2029 colorant.
2808 1973 2899 2027 sed
2942 1980 2995 2028 et
3040 1974 3320 2027 stultitiam

1785 2059 2136 2126 quorumdam
2159 2075 2256 2129 pro
2279 2061 2617 2116 multitudine
2643 2063 2959 2133 phlegmatis
3009 2070 3318 2116 extendant.

1786 2141 1938 2209 Quod
1987 2147 2086 2199 etsi
2133 2146 2206 2198 ita
2253 2157 2424 2208 esset,
2469 2155 2646 2202 tamen
2691 2149 2803 2203 haec
2847 2151 3058 2220 singula
3095 2150 3321 2204 molesta

1786 2237 1995 2305 corpori
2025 2251 2145 2292 esse
2172 2249 2278 2292 non
2314 2245 2547 2304 possent,
2574 2238 2678 2292 nisi
2702 2253 2766 2293 ex
2792 2241 3031 2293 ciborum
3058 2249 3315 2309 potitum-

1785 2341 1887 2394 que
1943 2326 2248 2388 nimietate,
2301 2327 2390 2391 qui
2447 2342 2568 2380 cum
2608 2328 2755 2395 justo
2818 2329 3048 2397 amplius
3094 2345 3320 2383 sumun-

1785 2423 1892 2478 tur,
1926 2416 2251 2468 abundantia
2286 2421 2469 2469 eorum
2517 2431 2676 2485 quam
2716 2418 3016 2486 decoquere
3059 2421 3318 2474 naturalis

1785 2519 1890 2558 non
1922 2500 2112 2558 suiiicit
2140 2505 2306 2567 calor,
2339 2505 2609 2559 crudescit
2638 2505 2692 2558 in
2719 2519 2982 2559 venenum
3012 2507 3278 2575 quoddam
3297 2546 3312 2567 .

1785 2594 1944 2663 idque
1971 2595 2270 2648 visceribus
2301 2595 2561 2662 venisque
2591 2594 2837 2647 omnibus
2867 2595 3088 2648 sentinae
3119 2599 3168 2647 tu
3201 2605 3317 2647 ino-

1786 2683 1912 2736 dum
1944 2683 2255 2738 redundans
2277 2723 2291 2746 ,
2326 2693 2504 2737 motus
2536 2684 2780 2751 corporis
2809 2683 3028 2737 inSanos
3057 2683 3230 2736 reddit
3260 2686 3316 2737 et

1786 2781 1991 2842 turpes.
2040 2772 2266 2842 Propter
2312 2774 2452 2842 quod
2502 2774 2556 2827 in
2607 2773 2854 2827 omnibus
2891 2780 2972 2828 est
3027 2774 3314 2828 obtinenda

1787 2863 2115 2932 parcimOnia
2140 2903 2154 2926 ,
2187 2871 2244 2916 ut
2276 2877 2446 2932 neque
2477 2863 2806 2917 daemonibus
2838 2863 2987 2917 locus
3019 2863 3190 2925 detur,
3220 2879 3315 2916 nc-

1787 2967 1891 3022 que
1920 2955 2095 3006 anima
2123 2953 2190 3006 ab
2220 2953 2299 3007 eis
2343 2956 2562 3007 obsessa
2606 2967 2713 3006 una
2747 2966 2868 3006 cum
2909 2952 3040 3022 ipsis
3071 2952 3315 3005 tradatur

1787 3044 2003 3097 aeternis
2037 3043 2251 3110 ignibus
2281 3042 2588 3096 crucianda.

1852 3133 1992 3189 XIX.
2032 3133 2128 3187 Est
2153 3139 2206 3188 et
2235 3134 2374 3187 alius
2404 3141 2556 3187 error
2584 3133 2885 3186 daemonum
2904 3172 2921 3197 ,
2950 3137 3107 3202 quem
3141 3131 3312 3200 'subjio

1781 3226 1932 3279 ciunt
1962 3224 2211 3278 sensibus
2244 3223 2553 3286 hominum,
2599 3229 2656 3275 ut
2688 3219 2873 3290 putent
2905 3238 2962 3276 se
2993 3221 3060 3274 ab
3097 3221 3179 3274 his
3215 3221 3312 3289 qui

1781 3309 2038 3368 dicuntur
2064 3314 2136 3367 dii
2167 3312 2369 3382 perpeti
2402 3320 2518 3380 quae
2544 3311 2839 3380 patiuntur,
2869 3325 2974 3378 quo
3022 3317 3115 3377 per
3158 3309 3268 3362 hzec
3291 3348 3308 3370 ,

1786 3403 2052 3459 sacriﬁcia
2082 3403 2362 3456 olfereutes
2392 3408 2445 3454 et
2477 3409 2696 3454 munera
2720 3439 2735 3456 .
2768 3400 2922 3468 quasi
2951 3398 3311 3466 repropitian-

1781 3495 1862 3543 tes
1891 3501 2024 3545 eos.
2079 3489 2280 3540 cultum
2336 3487 2483 3539 falsae
2530 3486 2808 3554 religionis
2858 3477 3154 3548 allirment,
3210 3499 3309 3538 nos

1781 3587 1912 3630 vero
1942 3575 2213 3644 refugiant
2244 3575 2335 3646 qui
2365 3589 2461 3643 pro
2486 3574 2658 3626 salute
2683 3587 2866 3625 eorum
2897 3572 3187 3640 satagimus
3206 3609 3221 3632 ,
3251 3578 3311 3623 ut

1779 3663 1846 3716 ab
1892 3673 2071 3716 errOre
2112 3663 2444 3727 liberentur;
2501 3660 2597 3715 sed
2640 3659 2776 3724 hoc,
2821 3667 2878 3713 ut
2917 3660 3061 3723 dixi,
3107 3659 3310 3714 faciunt

1780 3751 2091 3822 ignorantes
2120 3752 2262 3820 quod
2293 3753 2560 3805 dmmones
2591 3751 2696 3804 ista
2726 3750 2828 3804 sibi
2870 3759 3192 3820 suggerant,
3240 3765 3310 3804 ne

1781 3841 2077 3896 salvantur.
2134 3839 2227 3895 Est
2275 3854 2400 3909 ergo
2441 3840 2494 3895 in
2538 3843 2803 3909 potestate
2848 3839 3304 3908 uniusCujusque,

1777 3932 1903 4000 quia
1933 3930 2087 3985 liberi
2129 3931 2338 3983 arbitrii
2369 3929 2543 3984 factus
2575 3939 2658 3984 est
2702 3930 2861 3983 homo
2882 3967 2898 3994 ,
2928 3937 3106 3982 utrum
3150 3930 3307 3983 nobis

1776 4021 1906 4075 velit
1935 4021 2120 4074 audire
2151 4021 2214 4073 ad
2241 4020 2402 4073 vitam
2424 4061 2439 4085 ,
2469 4036 2536 4073 an
2560 4013 2892 4074 dannonibus
2916 4013 2978 4072 ad
3008 4019 3304 4072 interitum.

1779 4107 1919 4161 Aliis
1947 4108 2104 4161 etiam
2137 4109 2406 4161 daemones
2435 4109 2489 4161 in
2520 4107 2636 4160 visu
2664 4119 2757 4177 per
2782 4107 3021 4161 diversas
3051 4107 3307 4176 imagines

1778 4206 2136 4266 apparentes,
2174 4197 2440 4251 interdum
2472 4197 2645 4251 minas
2688 4197 3003 4259 intendunt,
3039 4196 3304 4250 interdum

1777 4289 2034 4342 sanitates
2061 4287 2582 4343 incommoditatibus
2611 4289 2952 4357 pollicentur,
2981 4296 3038 4340 ut
3065 4287 3148 4340 his
3170 4297 3307 4357 quos

107 4388 161 4434 et
193 4379 411 4434 divina:
459 4373 740 4443 religionis
781 4375 1122 4430 observantia
1148 4416 1162 4439 ,
1195 4391 1313 4447 quze
1353 4388 1458 4432 non
1504 4379 1676 4434 solum
1710 4375 1750 4429 D
1779 4377 2054 4446 decipiunt
2084 4379 2303 4431 deorum
2334 4377 2685 4433 nihilominus
2715 4379 2781 4432 de
2811 4394 2869 4432 se
2914 4379 3154 4432 inserant
3190 4379 3299 4445 epi-

105 4469 368 4525 defendit
404 4464 694 4519 credentes
724 4465 790 4518 ab
819 4466 1217 4520 incursionibus
1265 4468 1546 4531 dmnionii,
1589 4480 1683 4523 ve-

105 4575 227 4614 rum
261 4568 322 4615 et
359 4560 642 4625 imperare
695 4569 788 4608 eos
839 4554 964 4608 facit
1001 4557 1087 4611 his
1131 4557 1220 4625 qui
1262 4559 1469 4612 caeteris
1511 4559 1682 4612 domi-

103 4661 340 4706 nantur.
378 4649 450 4702 Et
484 4645 606 4698 ideo
634 4647 994 4699 necessarium
1020 4647 1172 4701 vobis
1196 4655 1304 4713 est,
1334 4649 1425 4716 qui
1455 4651 1585 4703 estis
1614 4665 1679 4703 ex

101 4741 377 4812 gentibus
399 4777 416 4800 ,
451 4733 746 4802 confugere
774 4735 838 4786 ad
869 4732 1033 4788 Deum
1065 4744 1116 4790 et
1143 4737 1430 4792 observare
1478 4757 1572 4794 vos
1605 4742 1673 4794 ab

97 4831 255 4885 omni
292 4823 658 4882 immunditia
680 4862 695 4885 ,
727 4829 785 4876 ut
823 4825 1062 4893 expulsis
1093 4825 1422 4881 daemonibus
1451 4827 1540 4882 Dei
1570 4831 1669 4882 ba-

98 4924 307 4978 bitatio
345 4919 450 4974 ﬁat
485 4918 541 4968 in
571 4917 741 4970 vobis.
773 4913 942 4970 Simul
968 4929 1020 4972 et
1045 4918 1378 4974 orationibus
1407 4937 1673 4978 commen-

95 5013 228 5068 dare
260 5027 371 5066 vos
423 5007 573 5068 Deo,
605 5011 673 5058 'et
716 5006 1049 5074 interpellate
1089 5023 1208 5061 eum
1251 5009 1534 5063 adversum
1570 5012 1671 5064 im-

96 5102 443 5172 pudentiam
479 5095 778 5148 daemonum
805 5112 820 5160 ;
851 5096 1127 5149 credentes
1155 5097 1297 5148 enim
1331 5115 1670 5169 quazcunque

95 5192 390 5262 petieritis
411 5227 428 5249 ,
463 5186 738 5253 accipietis
761 5186 825 5239 ’°.
854 5185 955 5240 Sed
975 5195 1027 5240 et
1052 5187 1147 5254 ipsi
1175 5187 1444 5243 daemones
1469 5201 1669 5259 quanto

93 5284 349 5338 viderint
386 5277 555 5330 fidem
583 5290 828 5329 crescere
858 5275 910 5328 in
940 5277 1182 5336 homine,
1216 5283 1366 5330 tanto
1396 5279 1462 5331 ab
1493 5293 1556 5330 eo
1581 5293 1668 5335 re-

96 5371 323 5439 fugiunt
355 5369 421 5420 in
449 5379 513 5418 ea
545 5365 714 5418 solum
745 5374 893 5432 parte
922 5365 1248 5426 residentes,
1280 5364 1332 5418 in
1356 5383 1458 5435 qua
1489 5367 1664 5423 adhuc

92 5457 310 5526 aliquid
346 5449 689 5506 infidelitatis
714 5451 999 5518 resederit;
1027 5449 1094 5502 ab
1121 5448 1204 5502 his
1229 5464 1358 5506 vero
1386 5453 1476 5522 qui
1507 5453 1663 5522 plena

205 5633 254 5664 ³⁸
289 5625 498 5683 Matth.
532 5638 643 5684 ut,
673 5621 760 5675 2‘2.

306 5727 592 5783 ΡΑτιιοι..
637 5715 747 5773 Gn.
797 5715 840 5778 1.

1780 4469 1993 4521 nionem
2014 4506 2028 4530 ,
2060 4475 2113 4521 et
2144 4465 2287 4535 quod
2319 4468 2423 4520 sint
2450 4469 2718 4525 daemones
2748 4467 3041 4539 ignoretur.
3076 4463 3177 4521 Sed
3208 4483 3307 4522 nos

1780 4575 1890 4613 non
1918 4560 2111 4621 latent,
2140 4557 2369 4615 scientes
2397 4563 2708 4629 mysterium
2739 4567 2999 4614 creaturze
3017 4599 3032 4621 ,
3065 4565 3117 4613 et
3146 4568 3306 4628 quam

1780 4651 1849 4703 ob
1877 4664 2094 4703 causam
2126 4651 2456 4703 dmmonibus
2486 4650 2598 4704 haec
2625 4666 2782 4720 agere
2823 4651 2876 4702 in
2919 4651 3166 4718 prmsenti
3207 4663 3308 4704 sa:-

1779 4739 1903 4791 culo
1929 4738 2288 4806 permittatur,
2323 4743 2380 4789 ut
2411 4739 2492 4790 vel
2523 4736 2898 4790 transformari
2927 4736 3006 4788 eis
3051 4736 3207 4787 liceat
3249 4735 3307 4787 in

1776 4836 1912 4896 quas
1933 4827 2122 4880 volunt
2143 4827 2402 4895 imagines
2421 4865 2436 4889 ,
2467 4826 2552 4879 vel
2580 4837 2861 4895 suggerere
2885 4837 3076 4892 pravas
3097 4823 3304 4892 cogita-

1770 4919 1943 4974 tiones
1962 4958 1977 4979 ,
2005 4918 2087 4972 vel
2113 4919 2348 4972 inserere
2378 4929 2435 4971 se
2465 4931 2558 4985 per
2585 4917 2734 4971 cibos
2760 4922 2813 4970 ct
2837 4922 3020 4984 potum
3049 4913 3151 4969 sibi
3177 4931 3307 4968 con-

1769 5019 2038 5063 secratum
2074 5009 2348 5062 mentibus
2374 5009 2458 5061 vel
2489 5008 2809 5076 corporibus
2843 5021 3031 5060 eorum
3056 5047 3072 5072 ,
3104 5006 3195 5074 qui
3237 5021 3307 5059 ex

1767 5116 1832 5154 eo
1861 5099 2186 5169 sumpserint
2207 5134 2221 5159 ,
2253 5098 2336 5150 vel
2363 5097 2428 5150 ad
2463 5096 2602 5150 idoli
2636 5092 2868 5163 alicujus
2907 5097 3306 5149 venerationem

1771 5193 1977 5246 somnia
2003 5199 2138 5244 vana
2166 5188 2490 5257 confingere.

1842 5279 1956 5337 XX.
1999 5281 2060 5334 Et
2087 5287 2262 5334 tamen
2292 5279 2414 5347 quis
2444 5281 2516 5333 ita
2551 5280 2667 5334 sine
2701 5291 2866 5333 sensu
2896 5275 3197 5331 invenitur.
3223 5273 3314 5326 cui

1768 5371 2082 5440 persuaderi
2117 5369 2336 5429 debeat,
2372 5376 2432 5421 ut
2464 5369 2663 5422 idolum
2694 5367 2874 5428 colat,
2908 5363 3033 5418 sive
3077 5361 3209 5418 illud
3248 5373 3317 5414 ex

1768 5471 1900 5513 auro
1930 5463 2041 5514 sive
2067 5473 2130 5512 ex
2162 5455 2399 5526 quolibet
2431 5457 2645 5511 metallo
2675 5454 2877 5509 factum
2910 5451 2982 5504 sit
3005 5451 3036 5504 ἲ
3068 5450 3173 5506 Cui
3211 5461 3323 5502 non

2927 5712 3012 5768 ΕΞ
