3904 6404
499 309 653 366 1525

1419 314 1474 368 S.
1512 308 1912 367 CLEMENTIS
1947 309 1969 365 1
2000 309 2165 368 ROM.
2205 310 2407 366 ΡΟΝΤ,
2447 308 2673 364 OPERA
2710 308 2933 364 DUBIA.

3617 310 3735 364 ιῖᾱι

494 431 678 503 palam
707 438 792 486 est
818 430 873 484 id
896 448 1016 488 esse
1048 432 1181 486 illud
1213 431 1494 485 metallum
1515 472 1528 492 ,
1562 429 1709 500 quod
1742 427 1938 483 artifex
1974 445 2067 480 vo-
2099 435 2142 487 Λ
2171 426 2364 497 agendi
2415 434 2628 479 tantum
2677 426 2968 481 adversum
3018 442 3120 480 nos
3144 468 3159 491 ,
3212 435 3267 481 et
3310 425 3452 480 nihil
3492 426 3739 495 loquendi

385 517 389 521 ζ
437 559 469 583 τ,
496 521 640 577 luit?
679 520 966 590 Quomodo
1012 518 1140 592 ergo
1184 522 1367 577 inesse
1411 521 1483 574 ibi
1525 521 1787 574 divinitas
1830 518 2085 589 putanda

496 622 620 679 est,
652 614 800 685 quod
838 614 884 668 si
919 613 1190 667 noluisset
1221 612 1417 667 artifex
1438 651 1453 677 ,
1488 612 1715 667 omnino
1747 626 1855 665 non
1885 612 2073 667 esset?

496 712 592 758 aut
634 704 908 777 quomodo
953 702 1079 758 inde
1115 703 1300 757 futura
1335 703 1439 759 sibi
1470 703 1786 757 annuntiari
1818 710 2069 772 sperent,

497 795 595 851 ubi
625 812 727 853 nec
758 793 1111 866 praesentium
1146 794 1348 864 aliquis
1384 794 1696 848 intellectus
1727 794 1851 848 est?
1877 792 2075 859 Quam-

504 890 590 943 vis
631 886 850 942 etiamsi
899 884 1106 955 aliquid
1151 883 1494 947 divinarem,
1540 899 1648 939 non
1690 886 1952 938 continuo
1994 883 2073 938 dii

497 977 686 1031 haberi
718 989 971 1047 possent;
998 977 1129 1047 quia
1155 977 1300 1031 aliud
1328 984 1412 1031 est
1434 977 1730 1039 divinatio,
1758 977 1904 1031 aliud
1930 974 2073 1030 divi-

499 1070 661 1121 nitas.
696 1064 836 1119 Nam
867 1073 923 1119 et
951 1064 1231 1137 Pythones
1264 1065 1512 1119 divinare
1544 1064 1822 1128 videntur,
1862 1072 1919 1119 et
1963 1079 2074 1118 non

496 1162 760 1213 continuo
792 1157 870 1211 dii
902 1165 1068 1220 sunt,
1112 1158 1347 1227 denique
1395 1172 1426 1210 a
1467 1156 1797 1212 Christianis
1839 1155 2075 1211 homini-

494 1253 601 1308 bus
630 1252 947 1322 elfugantur
980 1251 1056 1321 (5)
1082 1269 1098 1318 ;
1125 1260 1179 1305 et
1207 1250 1482 1321 quomodo
1516 1249 1661 1305 Deus
1701 1256 1818 1313 est,
1852 1250 1946 1319 qui
1990 1248 2076 1302 fu-

496 1352 659 1414 gatur
688 1344 759 1399 ab
789 1342 1055 1397 homine?
1087 1341 1194 1397 Sed
1239 1343 1380 1398 dicis
1430 1343 1663 1397 fortasse
1692 1361 1704 1398 :
1750 1341 1886 1410 quid
1924 1341 2072 1411 quod

496 1437 762 1493 sanitates
793 1434 1036 1490 efliciunt
1055 1475 1071 1499 ,
1103 1443 1159 1490 et
1191 1436 1463 1504 quomodo
1494 1437 1617 1506 quis
1643 1443 1865 1490 curetur
1890 1444 2075 1490 osten-

495 1527 680 1580 dunt?
710 1525 823 1580 Hac
867 1526 1083 1581 ratione
1126 1526 1343 1580 colendi
1387 1534 1518 1581 sunt
1558 1526 1725 1581 etiam
1770 1524 1965 1583 medici
2018 1534 2076 1580 ut

496 1616 605 1679 dii,
634 1616 836 1670 multos
865 1616 1009 1671 enim
1054 1623 1286 1682 sanant,
1333 1622 1387 1669 et
1431 1625 1636 1687 quanto
1678 1615 1803 1686 quis
1844 1616 2075 1686 peritior

496 1706 698 1769 fuerit,
734 1714 889 1761 tanto
921 1709 1108 1777 plures
1147 1708 1386 1762 sanabit.

2174 518 2406 574 facultas
2435 519 2517 573 eis
2560 533 2825 573 concessa
2871 519 3166 573 videretur.
3217 518 3376 572 Nunc
3428 525 3614 571 autem
3661 520 3743 573 ubi

2172 604 2466 676 aliquando
2514 622 2673 671 vera,
2723 607 3016 678 aliquando
3063 608 3199 664 falsa
3246 609 3537 672 dicuntur,
3590 608 3749 663 debe-

2172 713 2296 754 mus
2320 713 2647 769 agnoscere,
2675 706 2733 753 ut
2758 701 3012 769 superius
3037 700 3151 755 dixi
3170 739 3186 765 ,
3213 701 3526 755 dannonum
3558 707 3615 755 et
3646 717 3750 756 non

2176 788 2271 846 Dei
2315 806 2439 846 esse
2487 806 2780 860 responsa,
2833 793 2976 861 apud
3016 808 3178 863 quem
3222 791 3575 847 mendacium
3614 809 3751 847 nun.

2175 897 2341 953 quam
2372 892 2479 938 est.

2245 973 2434 1031 XXIII.
2469 976 2625 1042 Quod
2655 977 2698 1032 si
2728 978 3002 1032 curiosius
3029 978 3157 1048 quis
3181 979 3547 1049 progrediens
3572 978 3715 1032 dicat
3738 997 3753 1032 :

2174 1065 2319 1134 Quid
2349 1069 2496 1123 enim
2530 1086 2668 1139 opus
2698 1078 2817 1125 erat
2848 1070 3166 1139 hujusmodi
3199 1073 3341 1124 mala
3380 1087 3412 1125 a
3447 1070 3563 1125 Deo
3597 1073 3713 1125 fieri
3736 1111 3753 1133 ,

2175 1156 2377 1231 quibus
2401 1160 2468 1214 ad
2499 1162 2895 1217 subvertendas
2921 1172 3132 1217 mentes
3149 1163 3420 1219 humanas
3436 1173 3595 1217 tanta
3612 1174 3756 1218 esset

2176 1252 2453 1308 intentio?
2488 1253 2612 1309 Haec
2643 1255 2967 1326 proponenti
3016 1258 3479 1325 respondebimus
3512 1276 3526 1309 :
3576 1259 3756 1325 requi~

2174 1344 2406 1400 rendum
2450 1362 2575 1402 esse
2625 1348 2802 1416 primo
2854 1349 3139 1412 omnium,
3192 1352 3239 1402 si
3290 1357 3376 1402 est
3435 1348 3654 1418 aliquid
3704 1350 3759 1401 in

2177 1437 2487 1492 substantia
2522 1440 2748 1495 malum.
2781 1439 2846 1492 Et
2880 1440 3133 1510 quamvis
3163 1440 3438 1495 sufﬁceret
3469 1440 3662 1495 dicere
3692 1440 3758 1492 ad

2176 1542 2332 1591 euut,
2365 1527 2494 1597 quia
2526 1544 2632 1581 non
2665 1538 2749 1583 est
2789 1530 3124 1584 conveniens
3155 1538 3214 1583 ut
3246 1537 3507 1583 creatura
3550 1528 3761 1598 iudicet

2167 1618 2479 1673 Creatorem
2501 1659 2514 1682 ,
2552 1620 2647 1675 sed
2674 1620 2822 1675 illius
2850 1631 2933 1675 est
2955 1620 3203 1688 judicare
3230 1636 3370 1690 opus
3394 1622 3637 1675 alienum
3669 1622 3761 1690 qui

2180 1718 2273 1765 aut
2300 1710 2497 1765 similis
2534 1710 2751 1765 artificii
2781 1720 2876 1765 aut
2897 1712 3093 1767 similis
3128 1712 3383 1781 potentia:
3411 1720 3501 1765 est
3530 1729 3544 1776 ;
3581 1717 3761 1764 tamen

570 1797 708 1852 XXI.
750 1798 906 1853 Unde
928 1806 1181 1862 constat,
1210 1799 1344 1854 istos
1370 1815 1494 1853 cum
1523 1800 1634 1854 sint
1654 1799 1939 1855 daemonici
1962 1801 2074 1872 spi~
2106 1771 2150 1831 Β
2176 1816 2245 1855 ne
2275 1801 2695 1856 circuitionibus
2727 1809 2967 1865 utamur,
2998 1803 3248 1857 absolute
3278 1802 3524 1858 dicimus
3555 1804 3612 1856 in
3643 1804 3765 1857 sub-

496 1890 643 1944 ritus
669 1928 685 1954 ,
720 1898 775 1943 et
809 1889 982 1943 multo
1014 1890 1181 1943 citius
1212 1889 1354 1944 scire
1386 1890 1567 1961 aliqua
1604 1897 1658 1946 et
1687 1892 1862 1945 multo
1891 1894 2072 1962 perfe-

496 1986 643 2035 cttus
670 1999 684 2049 ;
716 1998 825 2036 non
858 1984 1004 2037 enim
1052 1981 1118 2034 ad
1162 1981 1483 2036 discendum
1525 1982 1783 2039 tarditate
1825 1984 2074 2053 corporis

495 2075 885 2145 degravantur.
920 2076 982 2132 Et
1013 2078 1136 2134 ideo
1164 2094 1285 2149 quae
1312 2078 1510 2134 medici
1541 2080 1707 2148 longo
1738 2088 1991 2149 tempore
2020 2085 2074 2132 et

494 2165 684 2222 labore
717 2168 952 2237 plurimo
980 2179 1334 2240 assequuntur,
1367 2170 1483 2225 haec
1528 2171 1606 2237 illi
1649 2180 1909 2240 tanquam
1956 2171 2073 2241 spi-

495 2257 641 2313 ritus
661 2300 677 2324 ,
708 2260 917 2330 absque
950 2276 1104 2316 mora
1134 2264 1242 2317 ulla
1271 2273 1326 2319 et
1371 2264 1578 2334 absque
1621 2262 1939 2318 dillicultate
1981 2278 2075 2318 co-

497 2359 795 2419 gnoscunt.
830 2350 948 2405 Non
991 2369 1122 2424 ergo
1164 2355 1364 2409 mirum
1411 2362 1533 2418 est,
1586 2354 1633 2410 si
1693 2354 1818 2425 plus
1868 2354 2073 2424 aliquid

493 2455 659 2512 quam
709 2441 958 2497 homines
1005 2446 1227 2509 sciunt;
1283 2444 1380 2501 sed
1421 2443 1527 2503 hoc
1573 2444 1900 2499 intuendum
1951 2453 2070 2510 est,

499 2532 649 2601 quod
681 2550 744 2587 ea
779 2549 900 2604 qua:
946 2536 1170 2600 sciunt,
1220 2553 1328 2591 non
1363 2537 1429 2591 ad
1464 2537 1695 2591 salutem
1729 2538 1822 2593 sed
1867 2538 1935 2592 ad
1980 2541 2076 2595 de-

492 2622 801 2690 Ceptiouem
837 2625 1123 2694 proferunt
1174 2628 1483 2680 animarum
1515 2666 1530 2689 ,
1580 2638 1640 2682 ut
1684 2643 1780 2698 per
1824 2628 1939 2683 haec
1982 2645 2077 2686 eas

499 2713 711 2766 cultum
761 2713 913 2770 falsa:
962 2716 1243 2787 religionis
1292 2718 1575 2775 edoceant.
1630 2720 1737 2774 Sed
1786 2719 1964 2785 Deus,
2010 2736 2079 2777 ne

497 2811 668 2858 tantae
697 2803 1039 2877 deceptionis
1067 2824 1222 2864 error
1256 2810 1449 2865 lateret
1492 2820 1546 2866 et
1593 2812 1913 2868 errantibus
1963 2813 2079 2881 ipse

497 2910 668 2951 causa
692 2897 971 2953 videretur
996 2900 1267 2967 existere,
1292 2903 1385 2973 qui
1419 2910 1628 2957 tantum
1654 2903 1734 2959 eis
1761 2903 1926 2958 licere
1956 2919 2080 2975 per-

502 2987 695 3053 misit,
733 2997 794 3043 ut
822 3005 920 3060 per
945 2990 1350 3059 divinationes,
1383 3010 1481 3064 per
1524 2994 1845 3050 curationes
1884 3004 1937 3049 et
1985 3010 2082 3065 per

498 3078 713 3131 somnia
743 3078 993 3150 decipere
1026 3082 1281 3138 homines
1330 3085 1585 3154 possint,
1620 3086 1925 3141 clementia:
1969 3103 2081 3142 sua:

497 3169 799 3224 remedium
826 3172 1061 3241 providit
1080 3172 1416 3239 hominibus,
1444 3186 1496 3229 et
1521 3175 1934 3231 distinctionem
1958 3176 2080 3231 falsi

500 3259 727 3331 verique
784 3262 930 3316 scire
987 3264 1338 3333 cupientibus
1399 3268 1455 3322 in
1520 3269 1812 3339 propatulo
1877 3269 2078 3340 posuit.

506 3348 604 3405 Est
636 3368 768 3422 ergo
802 3354 908 3409 ista
940 3355 1224 3411 distinctio
1260 3358 1336 3427 (4)
1368 3377 1382 3414 :
1418 3358 1575 3425 Quod
1622 3378 1652 3415 a
1695 3376 1827 3416 vero
1861 3362 1970 3417 Deo
2000 3362 2084 3417 di-

500 3444 654 3499 (itur
684 3447 797 3502 sive
825 3464 923 3518 per
955 3450 1250 3519 pr0phetas
1270 3492 1286 3517 ,
1318 3453 1433 3507 sive
1479 3469 1578 3523 per
1622 3456 1865 3511 visiones
1901 3457 2084 3512 diver-

506 3551 600 3590 sas
622 3577 637 3601 ,
669 3554 886 3610 semper
916 3557 1104 3596 verum
1136 3551 1219 3597 est
1245 3562 1259 3600 :
1293 3544 1441 3613 quod
1472 3556 1652 3601 autem
1683 3562 1711 3599 a
1743 3548 2085 3605 daemonibus

502 3631 839 3699 praedicitur.
872 3650 981 3689 non
1023 3650 1237 3705 semper
1281 3648 1470 3693 verum
1512 3650 1615 3695 est.
1665 3641 1759 3697 Est
1800 3660 1931 3714 ergo
1970 3645 2084 3699 evi-

503 3727 685 3782 dentis
720 3728 908 3783 indicii
931 3770 944 3794 ,
982 3746 1090 3785 non
1123 3748 1152 3784 a
1182 3748 1312 3788 vero
1342 3732 1596 3790 Deoidici
1630 3751 1725 3801 ea,
1778 3738 1833 3791 in
1881 3740 2083 3808 quibus

506 3819 806 3888 aliquando
837 3821 1183 3875 mendacium
1215 3832 1329 3889 est,
1378 3824 1433 3877 in
1486 3826 1716 3880 veritate
1759 3827 1904 3880 enim
1942 3844 2085 3881 nun-

505 3925 673 3979 quam
705 3912 1051 3967 mendacium
1087 3921 1203 3977 est,
1237 3914 1290 3968 in
1327 3915 1411 3969 his
1441 3924 1625 3971 autem
1662 3917 1756 3987 qui
1800 3921 2085 3973 mentiun-

504 4009 616 4066 tur,
652 4011 832 4072 potest
884 4006 1181 4077 aliquando
1225 4016 1281 4063 et
1330 4008 1579 4064 veritatis
1620 4010 1829 4080 aliquid
1881 4011 2087 4066 admiso

505 4094 619 4150 ceri
640 4135 653 4156 ,
689 4111 785 4165 per
813 4099 960 4166 quod
993 4099 1283 4154 mendacia
1315 4100 1665 4155 condiantur.

546 4184 743 4263 *XXII.
784 4188 940 4254 Quod
982 4190 1027 4246 si
1071 4191 1219 4245 dicat
1269 4193 1508 4263 aliquis:
1556 4192 1697 4259 Quid
1744 4194 1889 4249 enim
1948 4212 2087 4267 opus

506 4286 629 4332 erat
663 4278 768 4333 hoc
800 4280 979 4350 ipsum
1003 4322 1018 4346 ,
1048 4289 1107 4336 ut
1139 4282 1220 4338 eis
1246 4283 1656 4353 permitteretur
1680 4286 1762 4339 vel
1792 4287 2087 4357 aliquando

507 4385 701 4424 verum
733 4371 945 4434 dicere.
979 4381 1034 4427 ct
1067 4389 1164 4443 per
1197 4374 1298 4429 hoc
1340 4383 1552 4429 tantum
1597 4392 1840 4432 errorem
1884 4392 2087 4435 morta-

2175 1893 2376 1949 stantia
2410 1893 2545 1947 nihil
2577 1909 2702 1948 esse
2733 1893 2883 1948 mali.
2929 1892 3084 1959 Quod
3130 1894 3175 1948 si
3222 1892 3297 1948 ita
3343 1902 3466 1955 est,
3502 1894 3763 1948 substan‘

2174 1986 2373 2039 tiarutn
2405 1985 2664 2040 conditor
2694 1985 2900 2041 frustra
2930 1986 3228 2056 culpatur?

2237 2077 2429 2134 XXIV.
2502 2078 2610 2133 Sed
2641 2093 2903 2133 occurres
2934 2079 3066 2133 mihi
3100 2088 3155 2135 et
3185 2079 3339 2133 dices
3368 2097 3384 2133 :
3425 2076 3663 2132 Etiamsi
3698 2092 3765 2134 es

2175 2169 2389 2223 arbitrii
2421 2170 2671 2225 libertate
2703 2170 2756 2224 in
2789 2172 2892 2225 hoc
2919 2182 3139 2225 ventum
3171 2178 3290 2235 est,
3325 2172 3582 2242 nunquid
3614 2172 3765 2242 igno-

2175 2262 2333 2316 rabat
2361 2262 2450 2316 ille
2474 2263 2566 2332 qui
2594 2264 2816 2317 creabat
2846 2280 2941 2318 eos
2960 2305 2977 2330 ,
3009 2264 3155 2333 quod
3188 2264 3242 2317 in
3276 2264 3484 2318 malum
3518 2264 3769 2318 declinav

2174 2354 2284 2407 turi
2317 2362 2503 2409 essent
2534 2369 2674 2424 quos
2704 2356 2975 2410 creabat?
3006 2355 3260 2426 Oportuit
3288 2372 3423 2428 ergo
3453 2371 3562 2410 nec
3590 2360 3766 2411 creari

2174 2461 2271 2503 eos
2289 2485 2305 2510 ,
2331 2462 2470 2518 quos
2495 2446 2812 2504 deviaturos
2840 2448 2908 2504 ab
2934 2450 3125 2506 itinere
3148 2449 3380 2520 iustitia:
3408 2448 3763 2518 prwtidebat.

2176 2543 2415 2597 Audiaut
2446 2545 2513 2597 ad
2544 2545 2659 2599 haec
2686 2546 2779 2615 qui
2813 2546 2891 2600 ita
2937 2555 3287 2615 pr0ponunt,
3322 2546 3472 2616 quod
3507 2544 3764 2614 hujusce-

2177 2635 2327 2690 modi
2359 2635 2760 2690 assertionibus
2792 2635 2926 2689 illud
2959 2636 3129 2690 voluit
3156 2636 3452 2691 ostendere
3472 2677 3488 2699 ,
3526 2652 3629 2690 cur
3656 2652 3761 2690 non

2178 2728 2386 2782 tnalitia
2418 2743 2612 2782 eorum
2648 2728 2743 2799 qui
2780 2728 3023 2783 nondum
3054 2736 3246 2793 erant,
3282 2729 3589 2782 bonitatem
3621 2728 3763 2782 vice—

2180 2820 2252 2875 rit
2286 2818 2589 2876 Creatoris.
2626 2818 2685 2874 Si
2717 2835 2864 2876 enim
2901 2820 3088 2877 volens
3118 2820 3344 2890 implere
3374 2836 3671 2874 numerum
3711 2828 3764 2871 ct

2179 2926 2496 2966 mensuram
2528 2913 2830 2966 creationis
2864 2928 2978 2968 sua:
2998 2952 3012 2975 ,
3049 2912 3401 2967 extimuisset
3428 2927 3625 2966 eorum
3670 2912 3766 2982 qui

2182 3003 2353 3059 futuri
2382 3013 2539 3061 erant
2568 3006 2864 3070 malitiam,
2895 3015 2947 3060 et
2994 3008 3153 3076 quasi
3194 3005 3286 3076 qui
3339 3005 3508 3058 aliam
3552 3006 3763 3058 nullam

2106 3117 2149 3173 ρ
2184 3098 2430 3152 invenire
2458 3099 2603 3152 viam
2642 3099 2867 3153 remedii
2900 3114 2963 3152 ac
2995 3098 3282 3153 medicina:
3312 3098 3591 3168 potuisset
3614 3139 3628 3161 ,
3658 3098 3770 3151 nisi

2185 3188 2291 3242 hoc
2321 3189 2499 3243 solum
2532 3197 2590 3242 ut
2617 3189 2920 3243 retraheret
2951 3204 3011 3243 se
3040 3204 3070 3241 a
3102 3187 3383 3258 proposito
3408 3188 3636 3242 creandi
3656 3176 3769 3244 Ine

2184 3277 2289 3332 sibi
2325 3277 2694 3332 ascriberetur
2724 3276 2930 3330 malitia
2971 3292 3159 3332 eorum
3206 3275 3302 3346 qui
3345 3274 3521 3327 futuri
3567 3282 3764 3339 erant;

2184 3369 2317 3440 quid
2345 3369 2494 3424 aliud
2524 3385 2622 3439 per
2654 3369 2770 3422 haec
2798 3368 3111 3430 doceretur,
3157 3367 3265 3421 nisi
3313 3364 3545 3435 indigna
3588 3364 3767 3433 passio

2184 3469 2239 3518 et
2283 3461 2542 3516 indecora
2586 3460 2858 3532 fragilitas
2904 3458 3255 3524 Conditoris,
3306 3459 3403 3527 qui
3462 3458 3539 3511 ita
3598 3456 3767 3526 perti-

2184 3554 2386 3609 muerit
2418 3569 2609 3609 eorum
2646 3561 2805 3608 actus
2838 3553 2931 3623 qui
2963 3550 3208 3606 nondum
3252 3558 3445 3612 erant,
3482 3555 3546 3604 ut
3579 3563 3611 3601 a
3640 3563 3767 3619 pro—

2185 3646 2361 3716 posita
2392 3644 2707 3700 conditione
2735 3645 3015 3699 cessaret?

2258 3736 2423 3792 XXV.
2464 3737 2569 3792 Sed
2597 3735 2684 3790 his
2710 3734 2903 3805 procul
2930 3733 3129 3787 amotis
3158 3730 3291 3785 illud
3317 3730 3511 3783 animo
3536 3735 3773 3781 conteru-

2185 3810 2420 3898 pleinur,
2457 3827 2587 3896 quia
2625 3825 2769 3880 Deus
2801 3812 3180 3878 universitatis
3211 3819 3470 3875 conditor
3502 3815 3772 3871 conditio.

2186 3921 2274 3974 nis
2316 3934 2430 3975 suae
2472 3918 2688 3973 futuras
2733 3915 3071 3971 differentias
3099 3912 3440 3983 praevidens,
3476 3908 3775 3976 unicuique

2185 4021 2453 4067 creaturae
2484 4009 2785 4065 secundum
2816 4007 3069 4076 proprios
3103 4013 3316 4066 motus,
3350 4018 3495 4072 quos
3526 4017 3595 4055 ex
3626 4000 3774 4053 arbi-

2186 4103 2278 4157 trii
2313 4103 2566 4157 libertate
2598 4099 2941 4172 proferebat,
2977 4097 3255 4168 prospexit
3284 4104 3337 4149 et
3394 4094 3653 4164 praevidit
3692 4091 3778 4143 di-

2184 4208 2376 4249 versos
2399 4193 2621 4248 ordines
2648 4199 2811 4262 atque
2834 4189 3010 4244 ollicia
3033 4188 3361 4250 ditl’erentia,
3381 4195 3440 4239 ut
3464 4201 3593 4239 cum
3615 4185 3776 4237 unius

2185 4292 2373 4339 essent
2417 4284 2739 4339 substantia
2780 4296 2971 4334 omnes
3013 4277 3316 4333 secundum
3365 4286 3644 4330 creatum
3689 4290 3777 4326 ra-

2186 4376 2427 4441 tionem,
2480 4384 2626 4437 esset
2678 4382 2861 4427 tamen
2929 4372 3222 4425 diversitas
3274 4369 3327 4422 in
3384 4367 3680 4421 ordinibus
3725 4373 3775 4419 et

509 4461 658 4518 libus
687 4462 1001 4526 introduci,
1037 4465 1224 4519 audiat
1265 4466 1333 4521 ad
1373 4467 1529 4522 haec:
1579 4466 1637 4522 Si
1678 4469 1759 4524 eis
1802 4486 2083 4541 nunquam
2115 4456 2380 4524 Dolliciis
2423 4465 2724 4523 secundum
2774 4464 3028 4535 proprios
3076 4462 3385 4515 animorum
3434 4468 3665 4522 motus,
3712 4473 3777 4510 ex

512 4558 709 4613 fuisset
735 4557 1007 4613 indultum
1049 4560 1416 4633 verialiquid
1461 4562 1680 4629 dicere,
1722 4564 1947 4619 omnino
1989 4580 2089 4620 nec

511 4648 874 4718 praedicerent
903 4651 1149 4721 aliquid;
1179 4666 1286 4705 non
1326 4652 1687 4720 prmdicentes
1729 4660 1944 4720 autem,
1989 4670 2099 4711 nec.

512 4742 660 4812 quod
716 4751 903 4800 essent
953 4744 1229 4800 dtetnones
1273 4755 1768 4816 cognoscerentur.
1826 4745 1984 4812 Quod
2042 4746 2088 4801 si

513 4835 903 4906 ignorarentur
934 4852 1059 4892 esse
1090 4837 1368 4893 daemones
1401 4838 1455 4893 in
1489 4837 1593 4893 hoc
1626 4839 1861 4902 mundo,
1896 4839 2089 4909 agonis

514 4926 693 4984 nostri
721 4934 777 4983 et
805 4927 1126 4982 certaminis
1156 4944 1259 4985 nos
1302 4943 1469 4984 causa
1514 4928 1797 4991 latuisset,
1842 4936 1897 4983 et
1937 4936 2087 4998 pate.

514 5035 702 5076 remur
732 5020 910 5091 palam
944 5037 1066 5091 quae
1095 5031 1360 5091 geruntur
1390 5022 1446 5075 in
1490 5021 1707 5076 occulto
1745 5035 1758 5070 :
1796 5021 1998 5092 quippe
2041 5019 2088 5074 si

2189 4561 2400 4616 arbitrii
2437 4558 2693 4613 libertate
2728 4555 3107 4628 proferendos.
3139 4551 3485 4608 Prtevidebat
3517 4565 3654 4620 ergo
3696 4547 3781 4601 fu—

2191 4658 2340 4707 turas
2390 4651 2446 4705 in
2493 4650 2768 4705 creaturis
2810 4649 3037 4718 culpas,
3082 4656 3136 4700 et
3172 4645 3409 4715 justitize
3454 4644 3582 4712 ejus
3639 4645 3781 4695 ratio

2190 4742 2482 4814 poscebat,
2518 4750 2575 4795 ut
2606 4739 3007 4795 emendationis
3042 4753 3210 4792 causa
3248 4738 3441 4805 culpas
3486 4750 3655 4806 poma
3696 4751 3779 4787 sc-

2191 4843 2469 4906 queretur.
2516 4832 2771 4903 Oportuit
2811 4846 2942 4903 ergo
2989 4846 3111 4885 esse
3154 4837 3209 4883 et
3259 4843 3553 4898 pinnarum
3609 4828 3775 4880 mini-

2193 4936 2376 4989 stros,
2411 4940 2551 4995 quos
2601 4934 2783 4978 tamen
2823 4924 3048 4977 libertas
3093 4920 3307 4975 arbitrii
3351 4921 3407 4974 in
3453 4918 3608 4974 hunc
3633 4917 3777 4973 ordi-

2194 5034 2319 5074 nem
2373 5016 2650 5082 traheret;
2704 5023 2901 5086 przeter
2949 5013 3066 5068 haec
3121 5021 3303 5066 autem
3356 5020 3411 5064 et
3466 5010 3775 5064 debuerunt

1826 5173 2194 5230 COTELERII
2233 5173 2468 5229 NOTAE.

591 5341 666 5397 (5i
704 5339 744 5391 Α
778 5338 1097 5392 Christianis
1127 5336 1423 5391 hominibus
1454 5337 1773 5407 eﬂ'ugantur.
1806 5335 1949 5407 Lege
1984 5330 2090 5385 Αε-

521 5420 700 5467 torum
736 5426 847 5471 xvl,
883 5410 948 5463 lii
975 5418 1029 5464 et
1059 5424 1198 5477 seq.,
1233 5408 1417 5476 ibique
1445 5409 1787 5475 interpretes.

590 5483 668 5548 (Δ)
710 5479 803 5534 Est
825 5497 944 5550 ergo
974 5476 1393 5550 istaidistinctio,
1425 5488 1531 5533 etc.
1567 5478 1704 5550 Hinc
1731 5476 2089 5550 auctor_0pe-

521 5546 608 5604 ris
634 5546 922 5619 imperfecti
950 5552 1005 5604 in
1041 5549 1376 5615 Matthwum,
1415 5552 1555 5604 alius
1589 5566 1617 5603 a
1668 5546 1876 5619 Joanne
1917 5547 2092 5619 Chry-

523 5617 964 5685 sostomo,‘hom.
1000 5621 1087 5681 I9.
1118 5620 1185 5673 ad
1240 5636 1361 5689 cap.
1421 5636 1522 5682 vn,
1579 5636 1722 5675 vers.
1766 5618 1838 5672 22
1884 5638 1896 5672 :
1954 5617 2093 5688 Ergo

522 5691 832 5759 prophetarit
860 5694 912 5744 in
939 5693 1148 5744 nomine
1189 5689 1410 5755 Christi,
1451 5692 1504 5743 in
1542 5692 1728 5759 spiritu
1760 5699 1932 5743 autem
1977 5689 2098 5741 dia-

530 5762 654 5817 boli.
689 5762 881 5828 Quales
915 5771 1035 5815 sunt
1061 5762 1401 5815 divinatores.
1445 5760 1545 5814 Sed
1583 5763 1660 5815 sic
1683 5760 2050 5815 discernuntur
2082 5774 2097 5810 :

2192 5335 2440 5405 quoniam
2462 5332 2705 5387 diabolus
2739 5329 3001 5405 interdum
3030 5344 3206 5405 rerum
3237 5328 3391 5405 dicit,
3419 5335 3641 5405 sanctus
3681 5341 3778 5375 ιιι-ο

2195 5395 2299 5459 iam
2340 5404 2573 5473 Spiritus
2613 5417 2876 5473 nunquam
2924 5400 3188 5473 interdum
3227 5400 3507 5473 mentitur.
3551 5395 3776 5473 Conces-

2193 5492 2312 5530 sum
2337 5466 2415 5529 est
2443 5484 2620 5526 autem
2654 5466 2868 5525 didbola
2901 5482 2948 5525 et
2989 5469 3251 5524 interdum
3282 5469 3560 5522 veritatem
3582 5466 3773 5527 dicere,

2195 5556 2254 5599 ut
2280 5544 2607 5600 mendacium
2628 5559 2781 5597 suum
2807 5559 2934 5595 rara
2967 5542 3182 5594 veritate
3203 5538 3554 5592 commendet.
3590 5536 3651 5588 Si
3680 5551 3771 5587 au-

2197 5626 2301 5670 tem
2329 5630 2593 5682 nunquam
2623 5614 3040 5682 dicerct‘vernm,
3067 5608 3651 5682 neadd-tentatioaem
3679 5622 3769 5673 po-

2194 5690 2325 5733 terat
2345 5672 2589 5746 sul/icere,
2617 5686 2698 5733 vel
2714 5678 2969 5744 proﬁcere
2986 5676 3222 5729 seductio
3242 5674 3379 5741 eius.
3405 5672 3542 5728 Vide
3563 5672 3766 5725 Herum

2194 5751 2507 5804 mandatum
2533 5748 2618 5806 l0.
