  <div class='ocr_page' id='page_1' title='image "/cluster/home/n/w/nwhite01/storage/ocr_20150623/1 (St. Clemens; pt. 1)/nyp.33433019854052/673.png"; bbox 0 0 3904 6390; ppageno 0'>
   <div class='ocr_carea' id='block_1_1' title="bbox 516 312 651 365">
    <p class='ocr_par' dir='ltr' id='par_1_1' title="bbox 516 312 651 365">
     <span class='ocr_line' id='line_1_1' title="bbox 516 312 651 365; baseline 0 -1"><span class='ocrx_word' id='word_1_1' title='bbox 516 312 651 365; x_wconf 70' lang='grc'><strong>1527</strong></span> 
     </span>
    </p>
   </div>
   <div class='ocr_carea' id='block_1_2' title="bbox 1330 312 2851 371">
    <p class='ocr_par' dir='ltr' id='par_1_2' title="bbox 1330 312 2851 371">
     <span class='ocr_line' id='line_1_2' title="bbox 1330 312 2851 371; baseline 0.001 -2"><span class='ocrx_word' id='word_1_2' title='bbox 1330 316 1384 371; x_wconf 90' lang='lat' dir='ltr'><strong>S.</strong></span> <span class='ocrx_word' id='word_1_3' title='bbox 1424 315 1817 371; x_wconf 78' lang='lat' dir='ltr'><strong>CLEMENTIS</strong></span> <span class='ocrx_word' id='word_1_4' title='bbox 1851 315 2076 371; x_wconf 62' lang='grc' dir='ltr'><strong>111οΜ.</strong></span> <span class='ocrx_word' id='word_1_5' title='bbox 2114 314 2317 371; x_wconf 72' lang='lat' dir='ltr'><strong>PONT.</strong></span> <span class='ocrx_word' id='word_1_6' title='bbox 2357 314 2585 369; x_wconf 76' lang='lat' dir='ltr'><strong>OPEBA</strong></span> <span class='ocrx_word' id='word_1_7' title='bbox 2625 312 2851 371; x_wconf 75' lang='lat' dir='ltr'><strong>DUBIA.</strong></span> 
     </span>
    </p>
   </div>
   <div class='ocr_carea' id='block_1_3' title="bbox 3620 315 3751 372">
    <p class='ocr_par' dir='ltr' id='par_1_3' title="bbox 3620 315 3751 372">
     <span class='ocr_line' id='line_1_3' title="bbox 3620 315 3751 372; baseline 0.015 -2"><span class='ocrx_word' id='word_1_8' title='bbox 3620 315 3751 372; x_wconf 68' lang='lat' dir='ltr'><strong>i328</strong></span> 
     </span>
    </p>
   </div>
   <div class='ocr_carea' id='block_1_4' title="bbox 514 433 3755 506">
    <p class='ocr_par' dir='ltr' id='par_1_4' title="bbox 514 433 3755 506">
     <span class='ocr_line' id='line_1_4' title="bbox 514 433 3755 506; baseline 0.002 -21"><span class='ocrx_word' id='word_1_9' title='bbox 514 442 745 502; x_wconf 78' lang='lat' dir='ltr'><strong>quenter</strong></span> <span class='ocrx_word' id='word_1_10' title='bbox 772 433 1015 488; x_wconf 76' lang='lat' dir='ltr'><strong>intentus</strong></span> <span class='ocrx_word' id='word_1_11' title='bbox 1038 435 1135 506; x_wconf 88' lang='lat'><strong>(9).</strong></span> <span class='ocrx_word' id='word_1_12' title='bbox 1170 444 1222 488; x_wconf 90' lang='lat' dir='ltr'><strong>et</strong></span> <span class='ocrx_word' id='word_1_13' title='bbox 1246 436 1435 491; x_wconf 86' lang='lat' dir='ltr'><strong>volens</strong></span> <span class='ocrx_word' id='word_1_14' title='bbox 1464 436 1608 504; x_wconf 89' lang='lat' dir='ltr'><strong>apud</strong></span> <span class='ocrx_word' id='word_1_15' title='bbox 1639 436 1889 491; x_wconf 76' lang='lat' dir='ltr'><strong>homines</strong></span> <span class='ocrx_word' id='word_1_16' title='bbox 1913 434 2084 491; x_wconf 79' lang='lat' dir='ltr'><strong>videri</strong></span> <span class='ocrx_word' id='word_1_17' title='bbox 2112 441 2161 496; x_wconf 73' lang='grc' dir='ltr'><strong>Δ</strong></span> <span class='ocrx_word' id='word_1_18' title='bbox 2186 434 2441 503; x_wconf 87' lang='lat' dir='ltr'><strong>quoniam</strong></span> <span class='ocrx_word' id='word_1_19' title='bbox 2492 433 2707 489; x_wconf 76' lang='lat' dir='ltr'><strong>difﬁcile</strong></span> <span class='ocrx_word' id='word_1_20' title='bbox 2740 440 2859 487; x_wconf 87' lang='lat' dir='ltr'><strong>erat</strong></span> <span class='ocrx_word' id='word_1_21' title='bbox 2908 433 3203 489; x_wconf 82' lang='lat' dir='ltr'><strong>humanum</strong></span> <span class='ocrx_word' id='word_1_22' title='bbox 3246 451 3419 506; x_wconf 81' lang='lat' dir='ltr'><strong>genus</strong></span> <span class='ocrx_word' id='word_1_23' title='bbox 3458 436 3530 491; x_wconf 85' lang='lat' dir='ltr'><strong>ab</strong></span> <span class='ocrx_word' id='word_1_24' title='bbox 3575 451 3755 492; x_wconf 72' lang='lat' dir='ltr'><strong>amore</strong></span> 
     </span>
    </p>
   </div>
   <div class='ocr_carea' id='block_1_5' title="bbox 514 525 2086 597">
    <p class='ocr_par' dir='ltr' id='par_1_5' title="bbox 514 525 2086 597">
     <span class='ocr_line' id='line_1_5' title="bbox 514 525 2086 597; baseline 0.003 -18"><span class='ocrx_word' id='word_1_25' title='bbox 514 525 680 592; x_wconf 86' lang='lat' dir='ltr'><strong>Deus,</strong></span> <span class='ocrx_word' id='word_1_26' title='bbox 702 528 850 581; x_wconf 90' lang='lat' dir='ltr'><strong>velut</strong></span> <span class='ocrx_word' id='word_1_27' title='bbox 882 527 1150 583; x_wconf 76' lang='lat' dir='ltr'><strong>scintillas</strong></span> <span class='ocrx_word' id='word_1_28' title='bbox 1180 527 1448 597; x_wconf 86' lang='lat' dir='ltr'><strong>quasdam</strong></span> <span class='ocrx_word' id='word_1_29' title='bbox 1472 543 1540 583; x_wconf 87' lang='lat' dir='ltr'><strong>ex</strong></span> <span class='ocrx_word' id='word_1_30' title='bbox 1577 528 1754 583; x_wconf 78' lang='lat' dir='ltr'><strong>stellis</strong></span> <span class='ocrx_word' id='word_1_31' title='bbox 1785 528 2086 597; x_wconf 83' lang='lat' dir='ltr'><strong>producere</strong></span> 
     </span>
    </p>
   </div>
   <div class='ocr_carea' id='block_1_6' title="bbox 510 618 2086 689">
    <p class='ocr_par' dir='ltr' id='par_1_6' title="bbox 510 618 2086 689">
     <span class='ocr_line' id='line_1_6' title="bbox 510 618 2086 689; baseline 0 -15"><span class='ocrx_word' id='word_1_32' title='bbox 510 626 568 674; x_wconf 77' lang='lat' dir='ltr'><strong>et</strong></span> <span class='ocrx_word' id='word_1_33' title='bbox 616 618 933 674; x_wconf 88' lang='lat' dir='ltr'><strong>hominibus</strong></span> <span class='ocrx_word' id='word_1_34' title='bbox 979 627 1259 673; x_wconf 72' lang='lat' dir='ltr'><strong>ostentare</strong></span> <span class='ocrx_word' id='word_1_35' title='bbox 1308 622 1497 689; x_wconf 68' lang='lat' dir='ltr'><strong>etrapit,</strong></span> <span class='ocrx_word' id='word_1_36' title='bbox 1557 633 1667 689; x_wconf 85' lang='lat' dir='ltr'><strong>quo</strong></span> <span class='ocrx_word' id='word_1_37' title='bbox 1727 620 1892 674; x_wconf 88' lang='lat' dir='ltr'><strong>rudes</strong></span> <span class='ocrx_word' id='word_1_38' title='bbox 1922 627 2086 688; x_wconf 89' lang='lat' dir='ltr'><strong>atque</strong></span> 
     </span>
    </p>
   </div>
   <div class='ocr_carea' id='block_1_7' title="bbox 514 709 2085 780">
    <p class='ocr_par' dir='ltr' id='par_1_7' title="bbox 514 709 2085 780">
     <span class='ocr_line' id='line_1_7' title="bbox 514 709 2085 780; baseline 0.001 -16"><span class='ocrx_word' id='word_1_39' title='bbox 514 709 690 779; x_wconf 82' lang='lat' dir='ltr'><strong>ignari</strong></span> <span class='ocrx_word' id='word_1_40' title='bbox 724 711 779 763; x_wconf 93' lang='lat' dir='ltr'><strong>in</strong></span> <span class='ocrx_word' id='word_1_41' title='bbox 804 718 1084 779; x_wconf 80' lang='lat' dir='ltr'><strong>stuporem</strong></span> <span class='ocrx_word' id='word_1_42' title='bbox 1135 710 1384 764; x_wconf 82' lang='lat' dir='ltr'><strong>miraculi</strong></span> <span class='ocrx_word' id='word_1_43' title='bbox 1418 710 1793 773; x_wconf 78' lang='lat' dir='ltr'><strong>traherentur,</strong></span> <span class='ocrx_word' id='word_1_44' title='bbox 1826 711 2085 780; x_wconf 87' lang='lat' dir='ltr'><strong>cupiens-</strong></span> 
     </span>
    </p>
   </div>
   <div class='ocr_carea' id='block_1_8' title="bbox 514 800 2083 874">
    <p class='ocr_par' dir='ltr' id='par_1_8' title="bbox 514 800 2083 874">
     <span class='ocr_line' id='line_1_8' title="bbox 514 800 2083 874; baseline -0.001 -17"><span class='ocrx_word' id='word_1_45' title='bbox 514 819 621 872; x_wconf 90' lang='lat' dir='ltr'><strong>que</strong></span> <span class='ocrx_word' id='word_1_46' title='bbox 649 817 847 872; x_wconf 85' lang='lat' dir='ltr'><strong>augere</strong></span> <span class='ocrx_word' id='word_1_47' title='bbox 869 800 937 856; x_wconf 93' lang='lat' dir='ltr'><strong>de</strong></span> <span class='ocrx_word' id='word_1_48' title='bbox 960 816 1019 856; x_wconf 90' lang='lat' dir='ltr'><strong>se</strong></span> <span class='ocrx_word' id='word_1_49' title='bbox 1043 801 1361 871; x_wconf 87' lang='lat' dir='ltr'><strong>hujusmodi</strong></span> <span class='ocrx_word' id='word_1_50' title='bbox 1381 803 1723 872; x_wconf 86' lang='lat' dir='ltr'><strong>opinionem,</strong></span> <span class='ocrx_word' id='word_1_51' title='bbox 1750 803 1952 874; x_wconf 73' lang='lat' dir='ltr'><strong>saepius</strong></span> <span class='ocrx_word' id='word_1_52' title='bbox 1979 804 2083 859; x_wconf 89' lang='lat' dir='ltr'><strong>ista</strong></span> 
     </span>
    </p>
   </div>
   <div class='ocr_carea' id='block_1_9' title="bbox 513 892 2086 963">
    <p class='ocr_par' dir='ltr' id='par_1_9' title="bbox 513 892 2086 963">
     <span class='ocr_line' id='line_1_9' title="bbox 513 892 2086 963; baseline -0.001 -16"><span class='ocrx_word' id='word_1_53' title='bbox 513 893 841 948; x_wconf 86' lang='lat' dir='ltr'><strong>moliebatur</strong></span> <span class='ocrx_word' id='word_1_54' title='bbox 896 907 1185 962; x_wconf 88' lang='lat' dir='ltr'><strong>usquequo</strong></span> <span class='ocrx_word' id='word_1_55' title='bbox 1222 892 1289 946; x_wconf 90' lang='lat' dir='ltr'><strong>ab</strong></span> <span class='ocrx_word' id='word_1_56' title='bbox 1330 892 1452 963; x_wconf 91' lang='lat' dir='ltr'><strong>ipso</strong></span> <span class='ocrx_word' id='word_1_57' title='bbox 1501 893 1767 956; x_wconf 68' lang='lat' dir='ltr'><strong>daemone,</strong></span> <span class='ocrx_word' id='word_1_58' title='bbox 1798 908 1958 963; x_wconf 89' lang='lat' dir='ltr'><strong>quem</strong></span> <span class='ocrx_word' id='word_1_59' title='bbox 1990 894 2086 947; x_wconf 89' lang='lat' dir='ltr'><strong>im-</strong></span> 
     </span>
    </p>
   </div>
   <div class='ocr_carea' id='block_1_10' title="bbox 514 982 2084 1056">
    <p class='ocr_par' dir='ltr' id='par_1_10' title="bbox 514 982 2084 1056">
     <span class='ocr_line' id='line_1_10' title="bbox 514 982 2084 1056; baseline 0.001 -18"><span class='ocrx_word' id='word_1_60' title='bbox 514 984 803 1056; x_wconf 88' lang='lat' dir='ltr'><strong>portunius</strong></span> <span class='ocrx_word' id='word_1_61' title='bbox 852 982 1251 1054; x_wconf 77' lang='lat' dir='ltr'><strong>frequentabat,</strong></span> <span class='ocrx_word' id='word_1_62' title='bbox 1333 984 1445 1055; x_wconf 92' lang='lat' dir='ltr'><strong>igni</strong></span> <span class='ocrx_word' id='word_1_63' title='bbox 1503 1000 1805 1041; x_wconf 90' lang='lat' dir='ltr'><strong>succensus</strong></span> <span class='ocrx_word' id='word_1_64' title='bbox 1856 1000 2084 1039; x_wconf 85' lang='lat' dir='ltr'><strong>concre-</strong></span> 
     </span>
    </p>
   </div>
   <div class='ocr_carea' id='block_1_11' title="bbox 511 1088 776 1131">
    <p class='ocr_par' dir='ltr' id='par_1_11' title="bbox 511 1088 776 1131">
     <span class='ocr_line' id='line_1_11' title="bbox 511 1088 776 1131; baseline 0.004 -2"><span class='ocrx_word' id='word_1_65' title='bbox 511 1088 776 1131; x_wconf 85' lang='lat' dir='ltr'><strong>marctur.</strong></span> 
     </span>
    </p>
   </div>
   <div class='ocr_carea' id='block_1_12' title="bbox 582 1164 2085 1238">
    <p class='ocr_par' dir='ltr' id='par_1_12' title="bbox 582 1164 2085 1238">
     <span class='ocr_line' id='line_1_12' title="bbox 582 1164 2085 1238; baseline 0.003 -20"><span class='ocrx_word' id='word_1_66' title='bbox 582 1164 819 1221; x_wconf 68' lang='lat' dir='ltr'><strong>XXVIII.</strong></span> <span class='ocrx_word' id='word_1_67' title='bbox 863 1165 971 1222; x_wconf 87' lang='lat' dir='ltr'><strong>Sed</strong></span> <span class='ocrx_word' id='word_1_68' title='bbox 1015 1167 1171 1223; x_wconf 86' lang='lat' dir='ltr'><strong>stulti</strong></span> <span class='ocrx_word' id='word_1_69' title='bbox 1201 1167 1451 1223; x_wconf 82' lang='lat' dir='ltr'><strong>homines</strong></span> <span class='ocrx_word' id='word_1_70' title='bbox 1478 1169 1570 1238; x_wconf 91' lang='lat' dir='ltr'><strong>qui</strong></span> <span class='ocrx_word' id='word_1_71' title='bbox 1604 1176 1735 1223; x_wconf 90' lang='lat' dir='ltr'><strong>tunc</strong></span> <span class='ocrx_word' id='word_1_72' title='bbox 1755 1177 1935 1232; x_wconf 86' lang='lat' dir='ltr'><strong>erant,</strong></span> <span class='ocrx_word' id='word_1_73' title='bbox 1959 1184 2085 1222; x_wconf 89' lang='lat' dir='ltr'><strong>cum</strong></span> 
     </span>
    </p>
   </div>
   <div class='ocr_carea' id='block_1_13' title="bbox 509 1253 2087 1326">
    <p class='ocr_par' dir='ltr' id='par_1_13' title="bbox 509 1253 2087 1326">
     <span class='ocr_line' id='line_1_13' title="bbox 509 1253 2087 1326; baseline 0.001 -14"><span class='ocrx_word' id='word_1_74' title='bbox 509 1253 835 1312; x_wconf 77' lang='lat' dir='ltr'><strong>debuissent</strong></span> <span class='ocrx_word' id='word_1_75' title='bbox 879 1255 1070 1325; x_wconf 84' lang='lat' dir='ltr'><strong>utique</strong></span> <span class='ocrx_word' id='word_1_76' title='bbox 1125 1256 1463 1325; x_wconf 89' lang='lat' dir='ltr'><strong>opinionem,</strong></span> <span class='ocrx_word' id='word_1_77' title='bbox 1506 1272 1670 1326; x_wconf 87' lang='lat' dir='ltr'><strong>quam</strong></span> <span class='ocrx_word' id='word_1_78' title='bbox 1726 1257 1794 1312; x_wconf 89' lang='lat' dir='ltr'><strong>de</strong></span> <span class='ocrx_word' id='word_1_79' title='bbox 1832 1274 1898 1312; x_wconf 92' lang='lat' dir='ltr'><strong>eo</strong></span> <span class='ocrx_word' id='word_1_80' title='bbox 1952 1274 2087 1313; x_wconf 86' lang='lat' dir='ltr'><strong>con-</strong></span> 
     </span>
    </p>
   </div>
   <div class='ocr_carea' id='block_1_14' title="bbox 506 1346 2088 1418">
    <p class='ocr_par' dir='ltr' id='par_1_14' title="bbox 506 1346 2088 1418">
     <span class='ocr_line' id='line_1_14' title="bbox 506 1346 2088 1418; baseline 0.002 -16"><span class='ocrx_word' id='word_1_81' title='bbox 506 1355 767 1415; x_wconf 86' lang='lat' dir='ltr'><strong>ceperant</strong></span> <span class='ocrx_word' id='word_1_82' title='bbox 809 1346 1067 1415; x_wconf 83' lang='lat' dir='ltr'><strong>abjicere,</strong></span> <span class='ocrx_word' id='word_1_83' title='bbox 1100 1347 1301 1417; x_wconf 85' lang='lat' dir='ltr'><strong>quippe</strong></span> <span class='ocrx_word' id='word_1_84' title='bbox 1339 1363 1501 1418; x_wconf 88' lang='lat' dir='ltr'><strong>quam</strong></span> <span class='ocrx_word' id='word_1_85' title='bbox 1536 1350 1736 1418; x_wconf 67' lang='lat' dir='ltr'><strong>poenali</strong></span> <span class='ocrx_word' id='word_1_86' title='bbox 1767 1359 1940 1405; x_wconf 85' lang='lat' dir='ltr'><strong>morte</strong></span> <span class='ocrx_word' id='word_1_87' title='bbox 1966 1350 2088 1418; x_wconf 87' lang='lat' dir='ltr'><strong>ejus</strong></span> 
     </span>
    </p>
   </div>
   <div class='ocr_carea' id='block_1_15' title="bbox 505 1439 2087 1509">
    <p class='ocr_par' dir='ltr' id='par_1_15' title="bbox 505 1439 2087 1509">
     <span class='ocr_line' id='line_1_15' title="bbox 505 1439 2087 1509; baseline 0.001 -16"><span class='ocrx_word' id='word_1_88' title='bbox 505 1440 755 1493; x_wconf 81' lang='lat' dir='ltr'><strong>viderant</strong></span> <span class='ocrx_word' id='word_1_89' title='bbox 802 1439 1165 1505; x_wconf 78' lang='lat' dir='ltr'><strong>confutatam,</strong></span> <span class='ocrx_word' id='word_1_90' title='bbox 1201 1440 1257 1494; x_wconf 91' lang='lat' dir='ltr'><strong>in</strong></span> <span class='ocrx_word' id='word_1_91' title='bbox 1288 1440 1465 1509; x_wconf 84' lang='lat' dir='ltr'><strong>majus</strong></span> <span class='ocrx_word' id='word_1_92' title='bbox 1494 1456 1620 1494; x_wconf 91' lang='lat' dir='ltr'><strong>cum</strong></span> <span class='ocrx_word' id='word_1_93' title='bbox 1659 1443 1952 1497; x_wconf 78' lang='lat' dir='ltr'><strong>extollunt.</strong></span> <span class='ocrx_word' id='word_1_94' title='bbox 1978 1442 2087 1496; x_wconf 76' lang='lat' dir='ltr'><strong>Ex-</strong></span> 
     </span>
    </p>
   </div>
   <div class='ocr_carea' id='block_1_16' title="bbox 505 1528 2084 1601">
    <p class='ocr_par' dir='ltr' id='par_1_16' title="bbox 505 1528 2084 1601">
     <span class='ocr_line' id='line_1_16' title="bbox 505 1528 2084 1601; baseline 0.004 -20"><span class='ocrx_word' id='word_1_95' title='bbox 505 1536 719 1583; x_wconf 81' lang='lat' dir='ltr'><strong>structo</strong></span> <span class='ocrx_word' id='word_1_96' title='bbox 750 1529 897 1584; x_wconf 89' lang='lat' dir='ltr'><strong>enim</strong></span> <span class='ocrx_word' id='word_1_97' title='bbox 946 1530 1199 1597; x_wconf 85' lang='lat' dir='ltr'><strong>sepulcro</strong></span> <span class='ocrx_word' id='word_1_98' title='bbox 1240 1528 1306 1584; x_wconf 89' lang='lat' dir='ltr'><strong>ad</strong></span> <span class='ocrx_word' id='word_1_99' title='bbox 1348 1531 1610 1586; x_wconf 85' lang='lat' dir='ltr'><strong>honorem</strong></span> <span class='ocrx_word' id='word_1_100' title='bbox 1640 1531 1785 1601; x_wconf 90' lang='lat' dir='ltr'><strong>ejus.</strong></span> <span class='ocrx_word' id='word_1_101' title='bbox 1823 1540 2084 1601; x_wconf 89' lang='lat' dir='ltr'><strong>tanquam</strong></span> 
     </span>
    </p>
   </div>
   <div class='ocr_carea' id='block_1_17' title="bbox 506 1620 2087 1678">
    <p class='ocr_par' dir='ltr' id='par_1_17' title="bbox 506 1620 2087 1678">
     <span class='ocr_line' id='line_1_17' title="bbox 506 1620 2087 1678; baseline 0.004 -6"><span class='ocrx_word' id='word_1_102' title='bbox 506 1620 745 1674; x_wconf 83' lang='lat' dir='ltr'><strong>amicum</strong></span> <span class='ocrx_word' id='word_1_103' title='bbox 788 1620 880 1676; x_wconf 87' lang='lat' dir='ltr'><strong>Dei</strong></span> <span class='ocrx_word' id='word_1_104' title='bbox 909 1635 974 1676; x_wconf 90' lang='lat' dir='ltr'><strong>ac</strong></span> <span class='ocrx_word' id='word_1_105' title='bbox 1006 1620 1253 1677; x_wconf 80' lang='lat' dir='ltr'><strong>fulminis</strong></span> <span class='ocrx_word' id='word_1_106' title='bbox 1300 1622 1367 1676; x_wconf 83' lang='lat' dir='ltr'><strong>ad</strong></span> <span class='ocrx_word' id='word_1_107' title='bbox 1424 1624 1625 1677; x_wconf 75' lang='lat' dir='ltr'><strong>cmlum</strong></span> <span class='ocrx_word' id='word_1_108' title='bbox 1654 1623 1906 1678; x_wconf 86' lang='lat' dir='ltr'><strong>vehiculo</strong></span> <span class='ocrx_word' id='word_1_109' title='bbox 1955 1623 2087 1678; x_wconf 86' lang='lat' dir='ltr'><strong>sub-</strong></span> 
     </span>
    </p>
   </div>
   <div class='ocr_carea' id='block_1_18' title="bbox 504 1710 2088 1782">
    <p class='ocr_par' dir='ltr' id='par_1_18' title="bbox 504 1710 2088 1782">
     <span class='ocr_line' id='line_1_18' title="bbox 504 1710 2088 1782; baseline 0.004 -17"><span class='ocrx_word' id='word_1_110' title='bbox 504 1710 787 1776; x_wconf 87' lang='lat' dir='ltr'><strong>levatum,</strong></span> <span class='ocrx_word' id='word_1_111' title='bbox 862 1710 1093 1768; x_wconf 89' lang='lat' dir='ltr'><strong>adorare</strong></span> <span class='ocrx_word' id='word_1_112' title='bbox 1159 1713 1280 1768; x_wconf 87' lang='lat' dir='ltr'><strong>ausi</strong></span> <span class='ocrx_word' id='word_1_113' title='bbox 1362 1721 1493 1768; x_wconf 76' lang='lat' dir='ltr'><strong>sunt</strong></span> <span class='ocrx_word' id='word_1_114' title='bbox 1568 1722 1623 1769; x_wconf 87' lang='lat' dir='ltr'><strong>et</strong></span> <span class='ocrx_word' id='word_1_115' title='bbox 1679 1715 1838 1782; x_wconf 86' lang='lat' dir='ltr'><strong>quasi</strong></span> <span class='ocrx_word' id='word_1_116' title='bbox 1895 1714 2088 1771; x_wconf 78' lang='lat' dir='ltr'><strong>vivens</strong></span> 
     </span>
    </p>
   </div>
   <div class='ocr_carea' id='block_1_19' title="bbox 2186 524 3753 595">
    <p class='ocr_par' dir='ltr' id='par_1_19' title="bbox 2186 524 3753 595">
     <span class='ocr_line' id='line_1_19' title="bbox 2186 524 3753 595; baseline 0.001 -15"><span class='ocrx_word' id='word_1_117' title='bbox 2186 526 2279 580; x_wconf 88' lang='lat' dir='ltr'><strong>Dei</strong></span> <span class='ocrx_word' id='word_1_118' title='bbox 2314 525 2578 590; x_wconf 84' lang='lat' dir='ltr'><strong>abstrahi,</strong></span> <span class='ocrx_word' id='word_1_119' title='bbox 2607 534 2662 580; x_wconf 92' lang='lat' dir='ltr'><strong>et</strong></span> <span class='ocrx_word' id='word_1_120' title='bbox 2689 525 2756 578; x_wconf 86' lang='lat' dir='ltr'><strong>ad</strong></span> <span class='ocrx_word' id='word_1_121' title='bbox 2784 524 2951 579; x_wconf 89' lang='lat' dir='ltr'><strong>surda</strong></span> <span class='ocrx_word' id='word_1_122' title='bbox 2977 534 3137 595; x_wconf 84' lang='lat' dir='ltr'><strong>atque</strong></span> <span class='ocrx_word' id='word_1_123' title='bbox 3164 529 3418 580; x_wconf 79' lang='lat' dir='ltr'><strong>exanima</strong></span> <span class='ocrx_word' id='word_1_124' title='bbox 3462 529 3753 584; x_wconf 87' lang='lat' dir='ltr'><strong>simulacra</strong></span> 
     </span>
    </p>
   </div>
   <div class='ocr_carea' id='block_1_20' title="bbox 2184 616 3756 688">
    <p class='ocr_par' dir='ltr' id='par_1_20' title="bbox 2184 616 3756 688">
     <span class='ocr_line' id='line_1_20' title="bbox 2184 616 3756 688; baseline 0.001 -17"><span class='ocrx_word' id='word_1_125' title='bbox 2184 616 2401 681; x_wconf 84' lang='lat' dir='ltr'><strong>deduci,</strong></span> <span class='ocrx_word' id='word_1_126' title='bbox 2446 616 2651 671; x_wconf 84' lang='lat' dir='ltr'><strong>idcirco</strong></span> <span class='ocrx_word' id='word_1_127' title='bbox 2698 616 3092 672; x_wconf 77' lang='lat' dir='ltr'><strong>excelsioribus</strong></span> <span class='ocrx_word' id='word_1_128' title='bbox 3129 618 3213 673; x_wconf 91' lang='lat' dir='ltr'><strong>usi</strong></span> <span class='ocrx_word' id='word_1_129' title='bbox 3248 626 3377 672; x_wconf 89' lang='lat' dir='ltr'><strong>sunt</strong></span> <span class='ocrx_word' id='word_1_130' title='bbox 3427 618 3571 688; x_wconf 87' lang='lat' dir='ltr'><strong>magi</strong></span> <span class='ocrx_word' id='word_1_131' title='bbox 3596 620 3756 672; x_wconf 83' lang='lat' dir='ltr'><strong>moli-</strong></span> 
     </span>
    </p>
   </div>
   <div class='ocr_carea' id='block_1_21' title="bbox 2186 706 3757 779">
    <p class='ocr_par' dir='ltr' id='par_1_21' title="bbox 2186 706 3757 779">
     <span class='ocr_line' id='line_1_21' title="bbox 2186 706 3757 779; baseline 0.003 -20"><span class='ocrx_word' id='word_1_132' title='bbox 2186 706 2447 771; x_wconf 88' lang='lat' dir='ltr'><strong>tionibus,</strong></span> <span class='ocrx_word' id='word_1_133' title='bbox 2479 717 2537 762; x_wconf 91' lang='lat' dir='ltr'><strong>ut</strong></span> <span class='ocrx_word' id='word_1_134' title='bbox 2565 716 2839 763; x_wconf 89' lang='lat' dir='ltr'><strong>astrorum</strong></span> <span class='ocrx_word' id='word_1_135' title='bbox 2897 707 3069 778; x_wconf 88' lang='lat' dir='ltr'><strong>signis</strong></span> <span class='ocrx_word' id='word_1_136' title='bbox 3098 723 3161 777; x_wconf 86' lang='lat' dir='ltr'><strong>ac</strong></span> <span class='ocrx_word' id='word_1_137' title='bbox 3199 709 3439 763; x_wconf 89' lang='lat' dir='ltr'><strong>motibus</strong></span> <span class='ocrx_word' id='word_1_138' title='bbox 3498 717 3757 779; x_wconf 83' lang='lat' dir='ltr'><strong>tanquam</strong></span> 
     </span>
    </p>
   </div>
   <div class='ocr_carea' id='block_1_22' title="bbox 2184 794 3760 859">
    <p class='ocr_par' dir='ltr' id='par_1_22' title="bbox 2184 794 3760 859">
     <span class='ocr_line' id='line_1_22' title="bbox 2184 794 3760 859; baseline 0.001 -8"><span class='ocrx_word' id='word_1_139' title='bbox 2184 797 2401 851; x_wconf 66' lang='lat' dir='ltr'><strong>coalitus</strong></span> <span class='ocrx_word' id='word_1_140' title='bbox 2455 803 2510 850; x_wconf 86' lang='lat' dir='ltr'><strong>et</strong></span> <span class='ocrx_word' id='word_1_141' title='bbox 2563 797 2841 851; x_wconf 89' lang='lat' dir='ltr'><strong>voluntate</strong></span> <span class='ocrx_word' id='word_1_142' title='bbox 2884 794 2979 850; x_wconf 88' lang='lat' dir='ltr'><strong>Dei</strong></span> <span class='ocrx_word' id='word_1_143' title='bbox 3036 794 3253 859; x_wconf 87' lang='lat' dir='ltr'><strong>delatis,</strong></span> <span class='ocrx_word' id='word_1_144' title='bbox 3313 797 3381 850; x_wconf 90' lang='lat' dir='ltr'><strong>ad</strong></span> <span class='ocrx_word' id='word_1_145' title='bbox 3443 797 3760 854; x_wconf 81' lang='lat' dir='ltr'><strong>suadendos</strong></span> 
     </span>
    </p>
   </div>
   <div class='ocr_carea' id='block_1_23' title="bbox 2184 885 3760 959">
    <p class='ocr_par' dir='ltr' id='par_1_23' title="bbox 2184 885 3760 959">
     <span class='ocr_line' id='line_1_23' title="bbox 2184 885 3760 959; baseline 0.001 -18"><span class='ocrx_word' id='word_1_146' title='bbox 2184 888 2366 942; x_wconf 90' lang='lat' dir='ltr'><strong>cultus</strong></span> <span class='ocrx_word' id='word_1_147' title='bbox 2406 888 2672 942; x_wconf 83' lang='lat' dir='ltr'><strong>erraticas</strong></span> <span class='ocrx_word' id='word_1_148' title='bbox 2737 895 3100 941; x_wconf 88' lang='lat' dir='ltr'><strong>verterentur.</strong></span> <span class='ocrx_word' id='word_1_149' title='bbox 3134 885 3200 940; x_wconf 81' lang='lat' dir='ltr'><strong>Et</strong></span> <span class='ocrx_word' id='word_1_150' title='bbox 3232 888 3352 957; x_wconf 85' lang='lat' dir='ltr'><strong>ejus</strong></span> <span class='ocrx_word' id='word_1_151' title='bbox 3381 904 3548 957; x_wconf 87' lang='lat' dir='ltr'><strong>quem</strong></span> <span class='ocrx_word' id='word_1_152' title='bbox 3595 904 3760 959; x_wconf 85' lang='lat' dir='ltr'><strong>supra</strong></span> 
     </span>
    </p>
   </div>
   <div class='ocr_carea' id='block_1_24' title="bbox 2185 974 3762 1044">
    <p class='ocr_par' dir='ltr' id='par_1_24' title="bbox 2185 974 3762 1044">
     <span class='ocr_line' id='line_1_24' title="bbox 2185 974 3762 1044; baseline 0.004 -17"><span class='ocrx_word' id='word_1_153' title='bbox 2185 974 2423 1028; x_wconf 81' lang='lat' dir='ltr'><strong>diximus</strong></span> <span class='ocrx_word' id='word_1_154' title='bbox 2449 974 2825 1044; x_wconf 80' lang='lat' dir='ltr'><strong>indignatione</strong></span> <span class='ocrx_word' id='word_1_155' title='bbox 2869 976 3153 1039; x_wconf 59' lang='lat' dir='ltr'><strong>damonis,</strong></span> <span class='ocrx_word' id='word_1_156' title='bbox 3186 978 3271 1031; x_wconf 91' lang='lat' dir='ltr'><strong>cui</strong></span> <span class='ocrx_word' id='word_1_157' title='bbox 3302 978 3466 1033; x_wconf 89' lang='lat' dir='ltr'><strong>nimis</strong></span> <span class='ocrx_word' id='word_1_158' title='bbox 3498 979 3762 1033; x_wconf 86' lang='lat' dir='ltr'><strong>molestus</strong></span> 
     </span>
    </p>
   </div>
   <div class='ocr_carea' id='block_1_25' title="bbox 2186 1064 3762 1139">
    <p class='ocr_par' dir='ltr' id='par_1_25' title="bbox 2186 1064 3762 1139">
     <span class='ocr_line' id='line_1_25' title="bbox 2186 1064 3762 1139; baseline 0.003 -20"><span class='ocrx_word' id='word_1_159' title='bbox 2186 1065 2364 1120; x_wconf 89' lang='lat' dir='ltr'><strong>fuerat</strong></span> <span class='ocrx_word' id='word_1_160' title='bbox 2406 1064 2793 1136; x_wconf 75' lang='lat' dir='ltr'><strong>conflagrasse,</strong></span> <span class='ocrx_word' id='word_1_161' title='bbox 2858 1067 3001 1122; x_wconf 86' lang='lat' dir='ltr'><strong>busti</strong></span> <span class='ocrx_word' id='word_1_162' title='bbox 3050 1069 3267 1124; x_wconf 90' lang='lat' dir='ltr'><strong>cineres</strong></span> <span class='ocrx_word' id='word_1_163' title='bbox 3308 1070 3449 1139; x_wconf 79' lang='lat' dir='ltr'><strong>(l3),</strong></span> <span class='ocrx_word' id='word_1_164' title='bbox 3497 1078 3762 1139; x_wconf 85' lang='lat' dir='ltr'><strong>tanquam</strong></span> 
     </span>
    </p>
   </div>
   <div class='ocr_carea' id='block_1_26' title="bbox 2184 1156 3767 1233">
    <p class='ocr_par' dir='ltr' id='par_1_26' title="bbox 2184 1156 3767 1233">
     <span class='ocr_line' id='line_1_26' title="bbox 2184 1156 3767 1233; baseline 0.004 -22"><span class='ocrx_word' id='word_1_165' title='bbox 2184 1156 2430 1212; x_wconf 86' lang='lat' dir='ltr'><strong>fulminei</strong></span> <span class='ocrx_word' id='word_1_166' title='bbox 2492 1157 2631 1228; x_wconf 90' lang='lat' dir='ltr'><strong>ignis</strong></span> <span class='ocrx_word' id='word_1_167' title='bbox 2663 1158 2946 1229; x_wconf 81' lang='lat' dir='ltr'><strong>reliquias</strong></span> <span class='ocrx_word' id='word_1_168' title='bbox 2994 1161 3313 1231; x_wconf 80' lang='lat' dir='ltr'><strong>colligentes</strong></span> <span class='ocrx_word' id='word_1_169' title='bbox 3352 1163 3428 1226; x_wconf 89' lang='lat' dir='ltr'><strong>hi,</strong></span> <span class='ocrx_word' id='word_1_170' title='bbox 3476 1163 3575 1233; x_wconf 89' lang='lat' dir='ltr'><strong>qui</strong></span> <span class='ocrx_word' id='word_1_171' title='bbox 3604 1170 3767 1217; x_wconf 83' lang='lat' dir='ltr'><strong>erant</strong></span> 
     </span>
    </p>
   </div>
   <div class='ocr_carea' id='block_1_27' title="bbox 2184 1250 3766 1321">
    <p class='ocr_par' dir='ltr' id='par_1_27' title="bbox 2184 1250 3766 1321">
     <span class='ocr_line' id='line_1_27' title="bbox 2184 1250 3766 1321; baseline 0.004 -17"><span class='ocrx_word' id='word_1_172' title='bbox 2184 1250 2437 1321; x_wconf 86' lang='lat' dir='ltr'><strong>primitus</strong></span> <span class='ocrx_word' id='word_1_173' title='bbox 2484 1250 2723 1321; x_wconf 83' lang='lat' dir='ltr'><strong>decepti,</strong></span> <span class='ocrx_word' id='word_1_174' title='bbox 2777 1252 3031 1308; x_wconf 84' lang='lat' dir='ltr'><strong>deferunt</strong></span> <span class='ocrx_word' id='word_1_175' title='bbox 3073 1254 3138 1307; x_wconf 89' lang='lat' dir='ltr'><strong>ad</strong></span> <span class='ocrx_word' id='word_1_176' title='bbox 3182 1252 3399 1317; x_wconf 87' lang='lat' dir='ltr'><strong>Persas,</strong></span> <span class='ocrx_word' id='word_1_177' title='bbox 3455 1264 3519 1307; x_wconf 91' lang='lat' dir='ltr'><strong>ut</strong></span> <span class='ocrx_word' id='word_1_178' title='bbox 3561 1255 3637 1308; x_wconf 82' lang='lat' dir='ltr'><strong>ab</strong></span> <span class='ocrx_word' id='word_1_179' title='bbox 3685 1257 3766 1311; x_wconf 79' lang='lat' dir='ltr'><strong>eis</strong></span> 
     </span>
    </p>
   </div>
   <div class='ocr_carea' id='block_1_28' title="bbox 2186 1340 3767 1415">
    <p class='ocr_par' dir='ltr' id='par_1_28' title="bbox 2186 1340 3767 1415">
     <span class='ocr_line' id='line_1_28' title="bbox 2186 1340 3767 1415; baseline 0.005 -22"><span class='ocrx_word' id='word_1_180' title='bbox 2186 1348 2442 1410; x_wconf 86' lang='lat' dir='ltr'><strong>tanquam</strong></span> <span class='ocrx_word' id='word_1_181' title='bbox 2494 1340 2713 1396; x_wconf 90' lang='lat' dir='ltr'><strong>divinus</strong></span> <span class='ocrx_word' id='word_1_182' title='bbox 2755 1357 2787 1399; x_wconf 91' lang='lat' dir='ltr'><strong>e</strong></span> <span class='ocrx_word' id='word_1_183' title='bbox 2833 1343 2974 1398; x_wconf 84' lang='lat' dir='ltr'><strong>coelo</strong></span> <span class='ocrx_word' id='word_1_184' title='bbox 3020 1344 3207 1414; x_wconf 87' lang='lat' dir='ltr'><strong>lapsus</strong></span> <span class='ocrx_word' id='word_1_185' title='bbox 3264 1345 3427 1415; x_wconf 86' lang='lat' dir='ltr'><strong>ignis,</strong></span> <span class='ocrx_word' id='word_1_186' title='bbox 3481 1346 3767 1414; x_wconf 83' lang='lat' dir='ltr'><strong>perpetuis</strong></span> 
     </span>
    </p>
   </div>
   <div class='ocr_carea' id='block_1_29' title="bbox 2185 1435 3769 1506">
    <p class='ocr_par' dir='ltr' id='par_1_29' title="bbox 2185 1435 3769 1506">
     <span class='ocr_line' id='line_1_29' title="bbox 2185 1435 3769 1506; baseline 0.003 -22"><span class='ocrx_word' id='word_1_187' title='bbox 2185 1440 2602 1487; x_wconf 83' lang='lat' dir='ltr'><strong>conservaretur</strong></span> <span class='ocrx_word' id='word_1_188' title='bbox 2624 1435 2891 1500; x_wconf 81' lang='lat' dir='ltr'><strong>excubiis,</strong></span> <span class='ocrx_word' id='word_1_189' title='bbox 2921 1444 3087 1506; x_wconf 86' lang='lat' dir='ltr'><strong>atque</strong></span> <span class='ocrx_word' id='word_1_190' title='bbox 3114 1444 3172 1490; x_wconf 89' lang='lat' dir='ltr'><strong>ut</strong></span> <span class='ocrx_word' id='word_1_191' title='bbox 3204 1436 3448 1491; x_wconf 68' lang='lat' dir='ltr'><strong>cmlestis</strong></span> <span class='ocrx_word' id='word_1_192' title='bbox 3487 1435 3640 1491; x_wconf 88' lang='lat' dir='ltr'><strong>Deus</strong></span> <span class='ocrx_word' id='word_1_193' title='bbox 3674 1451 3769 1489; x_wconf 78' lang='lat' dir='ltr'><strong>co-</strong></span> 
     </span>
    </p>
   </div>
   <div class='ocr_carea' id='block_1_30' title="bbox 2186 1521 2409 1577">
    <p class='ocr_par' dir='ltr' id='par_1_30' title="bbox 2186 1521 2409 1577">
     <span class='ocr_line' id='line_1_30' title="bbox 2186 1521 2409 1577; baseline -0.009 0"><span class='ocrx_word' id='word_1_194' title='bbox 2186 1521 2409 1577; x_wconf 69' lang='lat' dir='ltr'><strong>letatur.</strong></span> 
     </span>
    </p>
   </div>
   <div class='ocr_carea' id='block_1_31' title="bbox 2254 1612 3769 1689">
    <p class='ocr_par' dir='ltr' id='par_1_31' title="bbox 2254 1612 3769 1689">
     <span class='ocr_line' id='line_1_31' title="bbox 2254 1612 3769 1689; baseline 0.006 -23"><span class='ocrx_word' id='word_1_195' title='bbox 2254 1612 2422 1669; x_wconf 75' lang='lat' dir='ltr'><strong>XXX.</strong></span> <span class='ocrx_word' id='word_1_196' title='bbox 2466 1616 2641 1670; x_wconf 83' lang='lat' dir='ltr'><strong>Simili</strong></span> <span class='ocrx_word' id='word_1_197' title='bbox 2668 1617 2917 1688; x_wconf 81' lang='lat' dir='ltr'><strong>exemplo</strong></span> <span class='ocrx_word' id='word_1_198' title='bbox 2948 1618 3060 1688; x_wconf 68' lang='grc'><strong>(14)</strong></span> <span class='ocrx_word' id='word_1_199' title='bbox 3088 1618 3253 1672; x_wconf 87' lang='lat' dir='ltr'><strong>etiam</strong></span> <span class='ocrx_word' id='word_1_200' title='bbox 3285 1634 3382 1689; x_wconf 89' lang='lat' dir='ltr'><strong>per</strong></span> <span class='ocrx_word' id='word_1_201' title='bbox 3410 1628 3617 1675; x_wconf 61' lang='lat' dir='ltr'><strong>cetera</strong></span> <span class='ocrx_word' id='word_1_202' title='bbox 3650 1620 3769 1675; x_wconf 83' lang='lat' dir='ltr'><strong>loca</strong></span> 
     </span>
    </p>
   </div>
   <div class='ocr_carea' id='block_1_32' title="bbox 2187 1706 3769 1782">
    <p class='ocr_par' dir='ltr' id='par_1_32' title="bbox 2187 1706 3769 1782">
     <span class='ocr_line' id='line_1_32' title="bbox 2187 1706 3769 1782; baseline 0.008 -26"><span class='ocrx_word' id='word_1_203' title='bbox 2187 1706 2382 1776; x_wconf 88' lang='lat' dir='ltr'><strong>reliqui</strong></span> <span class='ocrx_word' id='word_1_204' title='bbox 2429 1707 2679 1763; x_wconf 87' lang='lat' dir='ltr'><strong>homines</strong></span> <span class='ocrx_word' id='word_1_205' title='bbox 2729 1708 2837 1768; x_wconf 89' lang='lat' dir='ltr'><strong>his.</strong></span> <span class='ocrx_word' id='word_1_206' title='bbox 2868 1726 3008 1779; x_wconf 89' lang='lat' dir='ltr'><strong>quos</strong></span> <span class='ocrx_word' id='word_1_207' title='bbox 3039 1711 3121 1765; x_wconf 86' lang='lat' dir='ltr'><strong>vel</strong></span> <span class='ocrx_word' id='word_1_208' title='bbox 3152 1710 3207 1764; x_wconf 86' lang='lat' dir='ltr'><strong>in</strong></span> <span class='ocrx_word' id='word_1_209' title='bbox 3235 1712 3447 1765; x_wconf 88' lang='lat' dir='ltr'><strong>artibus</strong></span> <span class='ocrx_word' id='word_1_210' title='bbox 3484 1712 3769 1782; x_wconf 87' lang='lat' dir='ltr'><strong>aliquibus</strong></span> 
     </span>
    </p>
   </div>
   <div class='ocr_carea' id='block_1_33' title="bbox 506 1797 3771 1874">
    <p class='ocr_par' dir='ltr' id='par_1_33' title="bbox 506 1797 3771 1874">
     <span class='ocr_line' id='line_1_33' title="bbox 506 1797 3771 1874; baseline 0.002 -20"><span class='ocrx_word' id='word_1_211' title='bbox 506 1810 717 1858; x_wconf 86' lang='lat' dir='ltr'><strong>astrum</strong></span> <span class='ocrx_word' id='word_1_212' title='bbox 772 1803 977 1861; x_wconf 83' lang='lat' dir='ltr'><strong>colere.</strong></span> <span class='ocrx_word' id='word_1_213' title='bbox 1013 1803 1152 1859; x_wconf 82' lang='lat' dir='ltr'><strong>Hinc</strong></span> <span class='ocrx_word' id='word_1_214' title='bbox 1186 1805 1333 1862; x_wconf 83' lang='lat' dir='ltr'><strong>enim</strong></span> <span class='ocrx_word' id='word_1_215' title='bbox 1381 1813 1436 1860; x_wconf 81' lang='lat' dir='ltr'><strong>et</strong></span> <span class='ocrx_word' id='word_1_216' title='bbox 1481 1821 1681 1860; x_wconf 82' lang='lat' dir='ltr'><strong>nomen</strong></span> <span class='ocrx_word' id='word_1_217' title='bbox 1704 1815 1827 1874; x_wconf 78' lang='lat' dir='ltr'><strong>post</strong></span> <span class='ocrx_word' id='word_1_218' title='bbox 1850 1814 2082 1860; x_wconf 73' lang='lat' dir='ltr'><strong>mortem</strong></span> <span class='ocrx_word' id='word_1_219' title='bbox 2113 1797 2156 1852; x_wconf 83' lang='grc' dir='ltr'><strong>Β</strong></span> <span class='ocrx_word' id='word_1_220' title='bbox 2183 1797 2267 1850; x_wconf 88' lang='lat' dir='ltr'><strong>vel</strong></span> <span class='ocrx_word' id='word_1_221' title='bbox 2304 1797 2360 1850; x_wconf 93' lang='lat' dir='ltr'><strong>in</strong></span> <span class='ocrx_word' id='word_1_222' title='bbox 2387 1806 2587 1852; x_wconf 79' lang='lat' dir='ltr'><strong>Virtute</strong></span> <span class='ocrx_word' id='word_1_223' title='bbox 2613 1798 2830 1855; x_wconf 85' lang='lat' dir='ltr'><strong>fuerant</strong></span> <span class='ocrx_word' id='word_1_224' title='bbox 2869 1801 3147 1866; x_wconf 83' lang='lat' dir='ltr'><strong>admirati,</strong></span> <span class='ocrx_word' id='word_1_225' title='bbox 3190 1802 3272 1857; x_wconf 89' lang='lat' dir='ltr'><strong>vel</strong></span> <span class='ocrx_word' id='word_1_226' title='bbox 3312 1810 3465 1857; x_wconf 82' lang='lat' dir='ltr'><strong>certe</strong></span> <span class='ocrx_word' id='word_1_227' title='bbox 3493 1803 3553 1857; x_wconf 94' lang='lat' dir='ltr'><strong>in</strong></span> <span class='ocrx_word' id='word_1_228' title='bbox 3584 1818 3771 1859; x_wconf 67' lang='lat' dir='ltr'><strong>amitre</strong></span> 
     </span>
    </p>
   </div>
   <div class='ocr_carea' id='block_1_34' title="bbox 498 1890 2081 1965">
    <p class='ocr_par' dir='ltr' id='par_1_34' title="bbox 498 1890 2081 1965">
     <span class='ocr_line' id='line_1_34' title="bbox 498 1890 2081 1965; baseline 0.001 -20"><span class='ocrx_word' id='word_1_229' title='bbox 498 1890 624 1958; x_wconf 81' lang='lat' dir='ltr'><strong>ejus</strong></span> <span class='ocrx_word' id='word_1_230' title='bbox 664 1890 976 1956; x_wconf 86' lang='lat' dir='ltr'><strong>Zoroaster,</strong></span> <span class='ocrx_word' id='word_1_231' title='bbox 1009 1893 1112 1949; x_wconf 91' lang='lat' dir='ltr'><strong>hoc</strong></span> <span class='ocrx_word' id='word_1_232' title='bbox 1149 1902 1234 1950; x_wconf 85' lang='lat' dir='ltr'><strong>est</strong></span> <span class='ocrx_word' id='word_1_233' title='bbox 1267 1894 1450 1949; x_wconf 89' lang='lat' dir='ltr'><strong>vivum</strong></span> <span class='ocrx_word' id='word_1_234' title='bbox 1482 1895 1636 1951; x_wconf 87' lang='lat' dir='ltr'><strong>sidus</strong></span> <span class='ocrx_word' id='word_1_235' title='bbox 1667 1896 1808 1964; x_wconf 87' lang='grc'><strong>(10),</strong></span> <span class='ocrx_word' id='word_1_236' title='bbox 1836 1895 2081 1965; x_wconf 86' lang='lat' dir='ltr'><strong>appella-</strong></span> 
     </span>
    </p>
   </div>
   <div class='ocr_carea' id='block_1_35' title="bbox 503 1985 2085 2057">
    <p class='ocr_par' dir='ltr' id='par_1_35' title="bbox 503 1985 2085 2057">
     <span class='ocr_line' id='line_1_35' title="bbox 503 1985 2085 2057; baseline 0.003 -20"><span class='ocrx_word' id='word_1_237' title='bbox 503 1991 620 2037; x_wconf 90' lang='lat' dir='ltr'><strong>tum</strong></span> <span class='ocrx_word' id='word_1_238' title='bbox 650 1992 734 2039; x_wconf 85' lang='lat' dir='ltr'><strong>est</strong></span> <span class='ocrx_word' id='word_1_239' title='bbox 756 1985 825 2040; x_wconf 89' lang='lat' dir='ltr'><strong>ab</strong></span> <span class='ocrx_word' id='word_1_240' title='bbox 850 1985 958 2049; x_wconf 88' lang='lat' dir='ltr'><strong>his,</strong></span> <span class='ocrx_word' id='word_1_241' title='bbox 980 1986 1073 2057; x_wconf 91' lang='lat' dir='ltr'><strong>qui</strong></span> <span class='ocrx_word' id='word_1_242' title='bbox 1103 1994 1227 2056; x_wconf 86' lang='lat' dir='ltr'><strong>post</strong></span> <span class='ocrx_word' id='word_1_243' title='bbox 1250 2002 1415 2041; x_wconf 90' lang='lat' dir='ltr'><strong>unam</strong></span> <span class='ocrx_word' id='word_1_244' title='bbox 1444 1988 1850 2057; x_wconf 81' lang='lat' dir='ltr'><strong>generationem</strong></span> <span class='ocrx_word' id='word_1_245' title='bbox 1884 1986 2085 2041; x_wconf 57' lang='lat' dir='ltr'><strong>Grates:</strong></span> 
     </span>
    </p>
   </div>
   <div class='ocr_carea' id='block_1_36' title="bbox 502 2072 2084 2148">
    <p class='ocr_par' dir='ltr' id='par_1_36' title="bbox 502 2072 2084 2148">
     <span class='ocr_line' id='line_1_36' title="bbox 502 2072 2084 2148; baseline 0.004 -23"><span class='ocrx_word' id='word_1_246' title='bbox 502 2072 704 2144; x_wconf 70' lang='lat' dir='ltr'><strong>lingua:</strong></span> <span class='ocrx_word' id='word_1_247' title='bbox 728 2075 941 2145; x_wconf 84' lang='lat' dir='ltr'><strong>loquela</strong></span> <span class='ocrx_word' id='word_1_248' title='bbox 979 2076 1197 2132; x_wconf 88' lang='lat' dir='ltr'><strong>fuerant</strong></span> <span class='ocrx_word' id='word_1_249' title='bbox 1225 2078 1438 2148; x_wconf 86' lang='lat' dir='ltr'><strong>repleti.</strong></span> <span class='ocrx_word' id='word_1_250' title='bbox 1499 2079 1609 2133; x_wconf 88' lang='lat' dir='ltr'><strong>Hoc</strong></span> <span class='ocrx_word' id='word_1_251' title='bbox 1640 2078 1878 2148; x_wconf 85' lang='lat' dir='ltr'><strong>denique</strong></span> <span class='ocrx_word' id='word_1_252' title='bbox 1895 2093 2084 2131; x_wconf 80' lang='lat' dir='ltr'><strong>exem-</strong></span> 
     </span>
    </p>
   </div>
   <div class='ocr_carea' id='block_1_37' title="bbox 501 2166 2083 2241">
    <p class='ocr_par' dir='ltr' id='par_1_37' title="bbox 501 2166 2083 2241">
     <span class='ocr_line' id='line_1_37' title="bbox 501 2166 2083 2241; baseline 0.003 -22"><span class='ocrx_word' id='word_1_253' title='bbox 501 2166 594 2236; x_wconf 93' lang='lat' dir='ltr'><strong>plo</strong></span> <span class='ocrx_word' id='word_1_254' title='bbox 628 2166 792 2221; x_wconf 87' lang='lat' dir='ltr'><strong>etiam</strong></span> <span class='ocrx_word' id='word_1_255' title='bbox 817 2183 964 2223; x_wconf 90' lang='lat' dir='ltr'><strong>nunc</strong></span> <span class='ocrx_word' id='word_1_256' title='bbox 1000 2170 1153 2224; x_wconf 90' lang='lat' dir='ltr'><strong>multi</strong></span> <span class='ocrx_word' id='word_1_257' title='bbox 1184 2185 1279 2224; x_wconf 91' lang='lat' dir='ltr'><strong>eos</strong></span> <span class='ocrx_word' id='word_1_258' title='bbox 1326 2170 1417 2241; x_wconf 91' lang='lat' dir='ltr'><strong>qui</strong></span> <span class='ocrx_word' id='word_1_259' title='bbox 1448 2170 1675 2224; x_wconf 89' lang='lat' dir='ltr'><strong>fulmine</strong></span> <span class='ocrx_word' id='word_1_260' title='bbox 1704 2169 1961 2233; x_wconf 91' lang='lat' dir='ltr'><strong>obierint,</strong></span> <span class='ocrx_word' id='word_1_261' title='bbox 1995 2185 2083 2224; x_wconf 89' lang='lat' dir='ltr'><strong>se-</strong></span> 
     </span>
    </p>
   </div>
   <div class='ocr_carea' id='block_1_38' title="bbox 502 2257 2078 2331">
    <p class='ocr_par' dir='ltr' id='par_1_38' title="bbox 502 2257 2078 2331">
     <span class='ocr_line' id='line_1_38' title="bbox 502 2257 2078 2331; baseline 0.003 -21"><span class='ocrx_word' id='word_1_262' title='bbox 502 2257 710 2325; x_wconf 89' lang='lat' dir='ltr'><strong>pulcris</strong></span> <span class='ocrx_word' id='word_1_263' title='bbox 745 2258 1044 2315; x_wconf 90' lang='lat' dir='ltr'><strong>honoratos</strong></span> <span class='ocrx_word' id='word_1_264' title='bbox 1066 2267 1326 2331; x_wconf 85' lang='lat' dir='ltr'><strong>tanquam</strong></span> <span class='ocrx_word' id='word_1_265' title='bbox 1357 2261 1566 2316; x_wconf 89' lang='lat' dir='ltr'><strong>amicos</strong></span> <span class='ocrx_word' id='word_1_266' title='bbox 1605 2260 1698 2315; x_wconf 89' lang='lat' dir='ltr'><strong>Dei</strong></span> <span class='ocrx_word' id='word_1_267' title='bbox 1728 2260 1916 2314; x_wconf 75' lang='lat' dir='ltr'><strong>mlunt</strong></span> <span class='ocrx_word' id='word_1_268' title='bbox 1942 2259 2078 2331; x_wconf 85' lang='lat' dir='ltr'><strong>(ll).</strong></span> 
     </span>
    </p>
   </div>
   <div class='ocr_carea' id='block_1_39' title="bbox 504 2347 2078 2422">
    <p class='ocr_par' dir='ltr' id='par_1_39' title="bbox 504 2347 2078 2422">
     <span class='ocr_line' id='line_1_39' title="bbox 504 2347 2078 2422; baseline 0.003 -23"><span class='ocrx_word' id='word_1_269' title='bbox 504 2347 604 2403; x_wconf 86' lang='lat' dir='ltr'><strong>llic</strong></span> <span class='ocrx_word' id='word_1_270' title='bbox 631 2364 764 2419; x_wconf 89' lang='lat' dir='ltr'><strong>ergo</strong></span> <span class='ocrx_word' id='word_1_271' title='bbox 786 2365 908 2403; x_wconf 90' lang='lat' dir='ltr'><strong>cum</strong></span> <span class='ocrx_word' id='word_1_272' title='bbox 938 2350 1347 2420; x_wconf 88' lang='lat' dir='ltr'><strong>quartadecima</strong></span> <span class='ocrx_word' id='word_1_273' title='bbox 1404 2353 1755 2422; x_wconf 90' lang='lat' dir='ltr'><strong>generatione</strong></span> <span class='ocrx_word' id='word_1_274' title='bbox 1799 2351 2078 2422; x_wconf 71' lang='lat' dir='ltr'><strong>cmpisset,</strong></span> 
     </span>
    </p>
   </div>
   <div class='ocr_carea' id='block_1_40' title="bbox 501 2438 2083 2514">
    <p class='ocr_par' dir='ltr' id='par_1_40' title="bbox 501 2438 2083 2514">
     <span class='ocr_line' id='line_1_40' title="bbox 501 2438 2083 2514; baseline 0.004 -23"><span class='ocrx_word' id='word_1_275' title='bbox 501 2438 906 2509; x_wconf 88' lang='lat' dir='ltr'><strong>quintadecima</strong></span> <span class='ocrx_word' id='word_1_276' title='bbox 960 2440 1253 2500; x_wconf 88' lang='lat' dir='ltr'><strong>defunctus</strong></span> <span class='ocrx_word' id='word_1_277' title='bbox 1285 2451 1391 2507; x_wconf 84' lang='lat' dir='ltr'><strong>est,</strong></span> <span class='ocrx_word' id='word_1_278' title='bbox 1437 2443 1493 2499; x_wconf 91' lang='lat' dir='ltr'><strong>in</strong></span> <span class='ocrx_word' id='word_1_279' title='bbox 1544 2459 1652 2514; x_wconf 90' lang='lat' dir='ltr'><strong>qua</strong></span> <span class='ocrx_word' id='word_1_280' title='bbox 1690 2443 1859 2498; x_wconf 84' lang='lat' dir='ltr'><strong>turris</strong></span> <span class='ocrx_word' id='word_1_281' title='bbox 1910 2442 2083 2497; x_wconf 61' lang='lat' dir='ltr'><strong>aedili-</strong></span> 
     </span>
    </p>
   </div>
   <div class='ocr_carea' id='block_1_41' title="bbox 502 2532 2084 2606">
    <p class='ocr_par' dir='ltr' id='par_1_41' title="bbox 502 2532 2084 2606">
     <span class='ocr_line' id='line_1_41' title="bbox 502 2532 2084 2606; baseline 0.005 -22"><span class='ocrx_word' id='word_1_282' title='bbox 502 2537 624 2585; x_wconf 82' lang='lat' dir='ltr'><strong>cata</strong></span> <span class='ocrx_word' id='word_1_283' title='bbox 652 2540 757 2597; x_wconf 91' lang='lat' dir='ltr'><strong>est,</strong></span> <span class='ocrx_word' id='word_1_284' title='bbox 780 2539 837 2587; x_wconf 91' lang='lat' dir='ltr'><strong>et</strong></span> <span class='ocrx_word' id='word_1_285' title='bbox 886 2533 1084 2604; x_wconf 67' lang='lat' dir='ltr'><strong>lingua</strong></span> <span class='ocrx_word' id='word_1_286' title='bbox 1138 2532 1418 2589; x_wconf 86' lang='lat' dir='ltr'><strong>hominum</strong></span> <span class='ocrx_word' id='word_1_287' title='bbox 1475 2536 1847 2606; x_wconf 82' lang='lat' dir='ltr'><strong>multipliciter</strong></span> <span class='ocrx_word' id='word_1_288' title='bbox 1893 2536 2084 2592; x_wconf 65' lang='lat' dir='ltr'><strong>divisae</strong></span> 
     </span>
    </p>
   </div>
   <div class='ocr_carea' id='block_1_42' title="bbox 503 2628 658 2676">
    <p class='ocr_par' dir='ltr' id='par_1_42' title="bbox 503 2628 658 2676">
     <span class='ocr_line' id='line_1_42' title="bbox 503 2628 658 2676; baseline 0.006 -1"><span class='ocrx_word' id='word_1_289' title='bbox 503 2628 658 2676; x_wconf 90' lang='lat' dir='ltr'><strong>sunt.</strong></span> 
     </span>
    </p>
   </div>
   <div class='ocr_carea' id='block_1_43' title="bbox 571 2711 2081 2788">
    <p class='ocr_par' dir='ltr' id='par_1_43' title="bbox 571 2711 2081 2788">
     <span class='ocr_line' id='line_1_43' title="bbox 571 2711 2081 2788; baseline 0.006 -22"><span class='ocrx_word' id='word_1_290' title='bbox 571 2711 767 2769; x_wconf 79' lang='lat' dir='ltr'><strong>XXIX.</strong></span> <span class='ocrx_word' id='word_1_291' title='bbox 805 2712 953 2770; x_wconf 83' lang='lat' dir='ltr'><strong>Inter</strong></span> <span class='ocrx_word' id='word_1_292' title='bbox 996 2731 1137 2787; x_wconf 91' lang='lat' dir='ltr'><strong>quos</strong></span> <span class='ocrx_word' id='word_1_293' title='bbox 1182 2717 1393 2787; x_wconf 86' lang='lat' dir='ltr'><strong>primus</strong></span> <span class='ocrx_word' id='word_1_294' title='bbox 1439 2718 1650 2788; x_wconf 86' lang='lat' dir='ltr'><strong>magica</strong></span> <span class='ocrx_word' id='word_1_295' title='bbox 1721 2717 2081 2775; x_wconf 83' lang='lat' dir='ltr'><strong>nihilominus</strong></span> 
     </span>
    </p>
   </div>
   <div class='ocr_carea' id='block_1_44' title="bbox 501 2806 2083 2879">
    <p class='ocr_par' dir='ltr' id='par_1_44' title="bbox 501 2806 2083 2879">
     <span class='ocr_line' id='line_1_44' title="bbox 501 2806 2083 2879; baseline 0.004 -20"><span class='ocrx_word' id='word_1_296' title='bbox 501 2812 618 2860; x_wconf 86' lang='lat' dir='ltr'><strong>arte</strong></span> <span class='ocrx_word' id='word_1_297' title='bbox 656 2806 819 2876; x_wconf 88' lang='lat' dir='ltr'><strong>quasi</strong></span> <span class='ocrx_word' id='word_1_298' title='bbox 856 2821 1089 2863; x_wconf 89' lang='lat' dir='ltr'><strong>corusco</strong></span> <span class='ocrx_word' id='word_1_299' title='bbox 1124 2807 1191 2861; x_wconf 85' lang='lat' dir='ltr'><strong>ad</strong></span> <span class='ocrx_word' id='word_1_300' title='bbox 1227 2824 1352 2863; x_wconf 92' lang='lat' dir='ltr'><strong>eum</strong></span> <span class='ocrx_word' id='word_1_301' title='bbox 1400 2806 1599 2871; x_wconf 89' lang='lat' dir='ltr'><strong>delata,</strong></span> <span class='ocrx_word' id='word_1_302' title='bbox 1637 2824 1732 2863; x_wconf 81' lang='lat' dir='ltr'><strong>rex</strong></span> <span class='ocrx_word' id='word_1_303' title='bbox 1778 2811 2083 2879; x_wconf 86' lang='lat' dir='ltr'><strong>appellatur</strong></span> 
     </span>
    </p>
   </div>
   <div class='ocr_carea' id='block_1_45' title="bbox 503 2896 2084 2970">
    <p class='ocr_par' dir='ltr' id='par_1_45' title="bbox 503 2896 2084 2970">
     <span class='ocr_line' id='line_1_45' title="bbox 503 2896 2084 2970; baseline 0.004 -20"><span class='ocrx_word' id='word_1_304' title='bbox 503 2897 725 2966; x_wconf 86' lang='lat' dir='ltr'><strong>quidam</strong></span> <span class='ocrx_word' id='word_1_305' title='bbox 749 2896 1008 2962; x_wconf 87' lang='lat' dir='ltr'><strong>Nemrod,</strong></span> <span class='ocrx_word' id='word_1_306' title='bbox 1036 2914 1197 2969; x_wconf 81' lang='lat' dir='ltr'><strong>quem</strong></span> <span class='ocrx_word' id='word_1_307' title='bbox 1223 2907 1277 2953; x_wconf 92' lang='lat' dir='ltr'><strong>et</strong></span> <span class='ocrx_word' id='word_1_308' title='bbox 1306 2899 1484 2970; x_wconf 88' lang='lat' dir='ltr'><strong>ipsum</strong></span> <span class='ocrx_word' id='word_1_309' title='bbox 1516 2898 1688 2954; x_wconf 65' lang='lat' dir='ltr'><strong>Graeci</strong></span> <span class='ocrx_word' id='word_1_310' title='bbox 1708 2899 1906 2954; x_wconf 87' lang='lat' dir='ltr'><strong>Ninum</strong></span> <span class='ocrx_word' id='word_1_311' title='bbox 1929 2917 2084 2956; x_wconf 82' lang='lat' dir='ltr'><strong>voca-</strong></span> 
     </span>
    </p>
   </div>
   <div class='ocr_carea' id='block_1_46' title="bbox 497 2989 2079 3060">
    <p class='ocr_par' dir='ltr' id='par_1_46' title="bbox 497 2989 2079 3060">
     <span class='ocr_line' id='line_1_46' title="bbox 497 2989 2079 3060; baseline 0.002 -16"><span class='ocrx_word' id='word_1_312' title='bbox 497 2997 714 3053; x_wconf 80' lang='lat' dir='ltr'><strong>verunt,</strong></span> <span class='ocrx_word' id='word_1_313' title='bbox 740 3005 806 3044; x_wconf 80' lang='lat' dir='ltr'><strong>ex</strong></span> <span class='ocrx_word' id='word_1_314' title='bbox 842 2991 1001 3060; x_wconf 89' lang='lat' dir='ltr'><strong>cujus</strong></span> <span class='ocrx_word' id='word_1_315' title='bbox 1028 2992 1248 3046; x_wconf 86' lang='lat' dir='ltr'><strong>nomine</strong></span> <span class='ocrx_word' id='word_1_316' title='bbox 1291 2989 1487 3046; x_wconf 83' lang='lat' dir='ltr'><strong>Ninive</strong></span> <span class='ocrx_word' id='word_1_317' title='bbox 1526 2991 1722 3048; x_wconf 88' lang='lat' dir='ltr'><strong>civitas</strong></span> <span class='ocrx_word' id='word_1_318' title='bbox 1752 2993 2079 3047; x_wconf 89' lang='lat' dir='ltr'><strong>vocabulum</strong></span> 
     </span>
    </p>
   </div>
   <div class='ocr_carea' id='block_1_47' title="bbox 502 3081 2078 3154">
    <p class='ocr_par' dir='ltr' id='par_1_47' title="bbox 502 3081 2078 3154">
     <span class='ocr_line' id='line_1_47' title="bbox 502 3081 2078 3154; baseline 0.002 -19"><span class='ocrx_word' id='word_1_319' title='bbox 502 3083 736 3150; x_wconf 76' lang='lat' dir='ltr'><strong>sumpsit</strong></span> <span class='ocrx_word' id='word_1_320' title='bbox 758 3081 892 3151; x_wconf 72' lang='grc'><strong>(12).</strong></span> <span class='ocrx_word' id='word_1_321' title='bbox 946 3081 1038 3137; x_wconf 90' lang='lat' dir='ltr'><strong>Sic</strong></span> <span class='ocrx_word' id='word_1_322' title='bbox 1076 3098 1206 3152; x_wconf 87' lang='lat' dir='ltr'><strong>ergo</strong></span> <span class='ocrx_word' id='word_1_323' title='bbox 1252 3083 1481 3138; x_wconf 68' lang='lat' dir='ltr'><strong>diversa:</strong></span> <span class='ocrx_word' id='word_1_324' title='bbox 1507 3091 1561 3138; x_wconf 91' lang='lat' dir='ltr'><strong>et</strong></span> <span class='ocrx_word' id='word_1_325' title='bbox 1588 3084 1839 3139; x_wconf 63' lang='lat' dir='ltr'><strong>erraticas</strong></span> <span class='ocrx_word' id='word_1_326' title='bbox 1883 3100 2078 3154; x_wconf 83' lang='lat' dir='ltr'><strong>super-</strong></span> 
     </span>
    </p>
   </div>
   <div class='ocr_carea' id='block_1_48' title="bbox 2184 1889 3770 1963">
    <p class='ocr_par' dir='ltr' id='par_1_48' title="bbox 2184 1889 3770 1963">
     <span class='ocr_line' id='line_1_48' title="bbox 2184 1889 3770 1963; baseline 0.006 -20"><span class='ocrx_word' id='word_1_327' title='bbox 2184 1889 2420 1956; x_wconf 81' lang='lat' dir='ltr'><strong>plurimo</strong></span> <span class='ocrx_word' id='word_1_328' title='bbox 2466 1890 2787 1954; x_wconf 84' lang='lat' dir='ltr'><strong>habuerant,</strong></span> <span class='ocrx_word' id='word_1_329' title='bbox 2839 1892 3037 1962; x_wconf 89' lang='lat' dir='ltr'><strong>templa</strong></span> <span class='ocrx_word' id='word_1_330' title='bbox 3091 1902 3432 1957; x_wconf 86' lang='lat' dir='ltr'><strong>construere,</strong></span> <span class='ocrx_word' id='word_1_331' title='bbox 3497 1896 3770 1963; x_wconf 73' lang='lat' dir='ltr'><strong>imagines</strong></span> 
     </span>
    </p>
   </div>
   <div class='ocr_carea' id='block_1_49' title="bbox 2182 1981 3772 2055">
    <p class='ocr_par' dir='ltr' id='par_1_49' title="bbox 2182 1981 3772 2055">
     <span class='ocr_line' id='line_1_49' title="bbox 2182 1981 3772 2055; baseline 0.006 -20"><span class='ocrx_word' id='word_1_332' title='bbox 2182 1981 2475 2047; x_wconf 84' lang='lat' dir='ltr'><strong>collocare,</strong></span> <span class='ocrx_word' id='word_1_333' title='bbox 2524 1987 2782 2055; x_wconf 85' lang='lat' dir='ltr'><strong>mysteria</strong></span> <span class='ocrx_word' id='word_1_334' title='bbox 2805 1995 2860 2039; x_wconf 91' lang='lat' dir='ltr'><strong>et</strong></span> <span class='ocrx_word' id='word_1_335' title='bbox 2884 1987 3240 2042; x_wconf 53' lang='lat' dir='ltr'><strong>caeremonias</strong></span> <span class='ocrx_word' id='word_1_336' title='bbox 3277 2002 3341 2041; x_wconf 89' lang='lat' dir='ltr'><strong>ac</strong></span> <span class='ocrx_word' id='word_1_337' title='bbox 3375 1988 3660 2042; x_wconf 84' lang='lat' dir='ltr'><strong>sacrificia</strong></span> <span class='ocrx_word' id='word_1_338' title='bbox 3689 1989 3772 2044; x_wconf 89' lang='lat' dir='ltr'><strong>in-</strong></span> 
     </span>
    </p>
   </div>
   <div class='ocr_carea' id='block_1_50' title="bbox 2184 2074 3767 2145">
    <p class='ocr_par' dir='ltr' id='par_1_50' title="bbox 2184 2074 3767 2145">
     <span class='ocr_line' id='line_1_50' title="bbox 2184 2074 3767 2145; baseline 0.004 -17"><span class='ocrx_word' id='word_1_339' title='bbox 2184 2074 2410 2129; x_wconf 81' lang='lat' dir='ltr'><strong>stituere</strong></span> <span class='ocrx_word' id='word_1_340' title='bbox 2436 2074 2570 2145; x_wconf 81' lang='lat' dir='ltr'><strong>(l5),</strong></span> <span class='ocrx_word' id='word_1_341' title='bbox 2601 2083 2653 2131; x_wconf 91' lang='lat' dir='ltr'><strong>et</strong></span> <span class='ocrx_word' id='word_1_342' title='bbox 2682 2090 2778 2145; x_wconf 87' lang='lat' dir='ltr'><strong>per</strong></span> <span class='ocrx_word' id='word_1_343' title='bbox 2820 2077 3007 2131; x_wconf 85' lang='lat' dir='ltr'><strong>omnia</strong></span> <span class='ocrx_word' id='word_1_344' title='bbox 3045 2077 3269 2133; x_wconf 87' lang='lat' dir='ltr'><strong>deorum</strong></span> <span class='ocrx_word' id='word_1_345' title='bbox 3311 2078 3379 2133; x_wconf 89' lang='lat' dir='ltr'><strong>de</strong></span> <span class='ocrx_word' id='word_1_346' title='bbox 3430 2079 3525 2133; x_wconf 89' lang='lat' dir='ltr'><strong>his</strong></span> <span class='ocrx_word' id='word_1_347' title='bbox 3562 2079 3767 2135; x_wconf 81' lang='lat' dir='ltr'><strong>famam</strong></span> 
     </span>
    </p>
   </div>
   <div class='ocr_carea' id='block_1_51' title="bbox 2183 2168 3772 2240">
    <p class='ocr_par' dir='ltr' id='par_1_51' title="bbox 2183 2168 3772 2240">
     <span class='ocr_line' id='line_1_51' title="bbox 2183 2168 3772 2240; baseline 0.004 -21"><span class='ocrx_word' id='word_1_348' title='bbox 2183 2168 2420 2237; x_wconf 85' lang='lat' dir='ltr'><strong>posteris</strong></span> <span class='ocrx_word' id='word_1_349' title='bbox 2477 2169 2691 2223; x_wconf 83' lang='lat' dir='ltr'><strong>tradere</strong></span> <span class='ocrx_word' id='word_1_350' title='bbox 2742 2171 3069 2238; x_wconf 72' lang='lat' dir='ltr'><strong>gestiet-unt,</strong></span> <span class='ocrx_word' id='word_1_351' title='bbox 3098 2184 3164 2224; x_wconf 91' lang='lat' dir='ltr'><strong>eo</strong></span> <span class='ocrx_word' id='word_1_352' title='bbox 3190 2170 3463 2240; x_wconf 66' lang='lat' dir='ltr'><strong>praecipue</strong></span> <span class='ocrx_word' id='word_1_353' title='bbox 3508 2170 3661 2240; x_wconf 86' lang='lat' dir='ltr'><strong>quod</strong></span> <span class='ocrx_word' id='word_1_354' title='bbox 3712 2178 3772 2225; x_wconf 85' lang='lat' dir='ltr'><strong>ut</strong></span> 
     </span>
    </p>
   </div>
   <div class='ocr_carea' id='block_1_52' title="bbox 2183 2259 3771 2333">
    <p class='ocr_par' dir='ltr' id='par_1_52' title="bbox 2183 2259 3771 2333">
     <span class='ocr_line' id='line_1_52' title="bbox 2183 2259 3771 2333; baseline 0.003 -20"><span class='ocrx_word' id='word_1_355' title='bbox 2183 2274 2351 2328; x_wconf 86' lang='lat' dir='ltr'><strong>supra</strong></span> <span class='ocrx_word' id='word_1_356' title='bbox 2382 2259 2640 2323; x_wconf 85' lang='lat' dir='ltr'><strong>diximus,</strong></span> <span class='ocrx_word' id='word_1_357' title='bbox 2685 2260 2991 2331; x_wconf 87' lang='lat' dir='ltr'><strong>phantasiis</strong></span> <span class='ocrx_word' id='word_1_358' title='bbox 3043 2262 3317 2332; x_wconf 87' lang='lat' dir='ltr'><strong>aliquibus</strong></span> <span class='ocrx_word' id='word_1_359' title='bbox 3374 2265 3609 2333; x_wconf 65' lang='lat' dir='ltr'><strong>magica:</strong></span> <span class='ocrx_word' id='word_1_360' title='bbox 3638 2266 3771 2318; x_wconf 88' lang='lat' dir='ltr'><strong>artis</strong></span> 
     </span>
    </p>
   </div>
   <div class='ocr_carea' id='block_1_53' title="bbox 2185 2346 3771 2425">
    <p class='ocr_par' dir='ltr' id='par_1_53' title="bbox 2185 2346 3771 2425">
     <span class='ocr_line' id='line_1_53' title="bbox 2185 2346 3771 2425; baseline 0.003 -22"><span class='ocrx_word' id='word_1_361' title='bbox 2185 2349 2305 2403; x_wconf 89' lang='lat' dir='ltr'><strong>fulti</strong></span> <span class='ocrx_word' id='word_1_362' title='bbox 2354 2350 2700 2414; x_wconf 88' lang='lat' dir='ltr'><strong>videbantur,</strong></span> <span class='ocrx_word' id='word_1_363' title='bbox 2750 2361 2809 2406; x_wconf 92' lang='lat' dir='ltr'><strong>ut</strong></span> <span class='ocrx_word' id='word_1_364' title='bbox 2849 2346 3197 2408; x_wconf 81' lang='lat' dir='ltr'><strong>invocatione</strong></span> <span class='ocrx_word' id='word_1_365' title='bbox 3239 2353 3559 2408; x_wconf 66' lang='lat' dir='ltr'><strong>daemonum</strong></span> <span class='ocrx_word' id='word_1_366' title='bbox 3591 2354 3677 2425; x_wconf 85' lang='lat' dir='ltr'><strong>agi</strong></span> <span class='ocrx_word' id='word_1_367' title='bbox 3700 2355 3771 2408; x_wconf 88' lang='lat' dir='ltr'><strong>ab</strong></span> 
     </span>
    </p>
   </div>
   <div class='ocr_carea' id='block_1_54' title="bbox 2184 2440 3773 2515">
    <p class='ocr_par' dir='ltr' id='par_1_54' title="bbox 2184 2440 3773 2515">
     <span class='ocr_line' id='line_1_54' title="bbox 2184 2440 3773 2515; baseline 0.004 -21"><span class='ocrx_word' id='word_1_368' title='bbox 2184 2440 2269 2495; x_wconf 88' lang='lat' dir='ltr'><strong>his</strong></span> <span class='ocrx_word' id='word_1_369' title='bbox 2318 2441 2524 2511; x_wconf 90' lang='lat' dir='ltr'><strong>aliquid</strong></span> <span class='ocrx_word' id='word_1_370' title='bbox 2563 2441 2630 2496; x_wconf 87' lang='lat' dir='ltr'><strong>ad</strong></span> <span class='ocrx_word' id='word_1_371' title='bbox 2680 2442 3052 2512; x_wconf 83' lang='lat' dir='ltr'><strong>deceptionem</strong></span> <span class='ocrx_word' id='word_1_372' title='bbox 3110 2445 3393 2498; x_wconf 87' lang='lat' dir='ltr'><strong>hominum</strong></span> <span class='ocrx_word' id='word_1_373' title='bbox 3448 2444 3773 2515; x_wconf 85' lang='lat' dir='ltr'><strong>moverique</strong></span> 
     </span>
    </p>
   </div>
   <div class='ocr_carea' id='block_1_55' title="bbox 2182 2533 3773 2608">
    <p class='ocr_par' dir='ltr' id='par_1_55' title="bbox 2182 2533 3773 2608">
     <span class='ocr_line' id='line_1_55' title="bbox 2182 2533 3773 2608; baseline 0.004 -22"><span class='ocrx_word' id='word_1_374' title='bbox 2182 2533 2477 2589; x_wconf 90' lang='lat' dir='ltr'><strong>videretur.</strong></span> <span class='ocrx_word' id='word_1_375' title='bbox 2532 2534 2631 2590; x_wconf 85' lang='lat' dir='ltr'><strong>His</strong></span> <span class='ocrx_word' id='word_1_376' title='bbox 2688 2536 2956 2605; x_wconf 88' lang='lat' dir='ltr'><strong>adjiciunt</strong></span> <span class='ocrx_word' id='word_1_377' title='bbox 2981 2543 3035 2591; x_wconf 87' lang='lat' dir='ltr'><strong>et</strong></span> <span class='ocrx_word' id='word_1_378' title='bbox 3065 2536 3447 2593; x_wconf 86' lang='lat' dir='ltr'><strong>solemnitates</strong></span> <span class='ocrx_word' id='word_1_379' title='bbox 3499 2538 3773 2608; x_wconf 82' lang='lat' dir='ltr'><strong>quasdam</strong></span> 
     </span>
    </p>
   </div>
   <div class='ocr_carea' id='block_1_56' title="bbox 2183 2624 3768 2696">
    <p class='ocr_par' dir='ltr' id='par_1_56' title="bbox 2183 2624 3768 2696">
     <span class='ocr_line' id='line_1_56' title="bbox 2183 2624 3768 2696; baseline 0.005 -20"><span class='ocrx_word' id='word_1_380' title='bbox 2183 2637 2247 2676; x_wconf 90' lang='lat' dir='ltr'><strong>ac</strong></span> <span class='ocrx_word' id='word_1_381' title='bbox 2273 2624 2567 2678; x_wconf 88' lang='lat' dir='ltr'><strong>temulenta</strong></span> <span class='ocrx_word' id='word_1_382' title='bbox 2606 2625 2878 2689; x_wconf 86' lang='lat' dir='ltr'><strong>convivia,</strong></span> <span class='ocrx_word' id='word_1_383' title='bbox 2910 2626 3111 2696; x_wconf 89' lang='lat' dir='ltr'><strong>quibus</strong></span> <span class='ocrx_word' id='word_1_384' title='bbox 3146 2634 3201 2681; x_wconf 89' lang='lat' dir='ltr'><strong>et</strong></span> <span class='ocrx_word' id='word_1_385' title='bbox 3229 2627 3483 2683; x_wconf 86' lang='lat' dir='ltr'><strong>homines</strong></span> <span class='ocrx_word' id='word_1_386' title='bbox 3505 2630 3768 2685; x_wconf 86' lang='lat' dir='ltr'><strong>libentius</strong></span> 
     </span>
    </p>
   </div>
   <div class='ocr_carea' id='block_1_57' title="bbox 2183 2714 3766 2790">
    <p class='ocr_par' dir='ltr' id='par_1_57' title="bbox 2183 2714 3766 2790">
     <span class='ocr_line' id='line_1_57' title="bbox 2183 2714 3766 2790; baseline 0.004 -22"><span class='ocrx_word' id='word_1_387' title='bbox 2183 2714 2549 2785; x_wconf 83' lang='lat' dir='ltr'><strong>indulgerent,</strong></span> <span class='ocrx_word' id='word_1_388' title='bbox 2593 2726 2646 2772; x_wconf 89' lang='lat' dir='ltr'><strong>et</strong></span> <span class='ocrx_word' id='word_1_389' title='bbox 2685 2717 2964 2773; x_wconf 70' lang='lat' dir='ltr'><strong>diemones</strong></span> <span class='ocrx_word' id='word_1_390' title='bbox 2999 2718 3241 2788; x_wconf 87' lang='lat' dir='ltr'><strong>crapulis</strong></span> <span class='ocrx_word' id='word_1_391' title='bbox 3285 2729 3553 2790; x_wconf 86' lang='lat' dir='ltr'><strong>tanquam</strong></span> <span class='ocrx_word' id='word_1_392' title='bbox 3611 2721 3766 2776; x_wconf 83' lang='lat' dir='ltr'><strong>vehi-</strong></span> 
     </span>
    </p>
   </div>
   <div class='ocr_carea' id='block_1_58' title="bbox 2181 2807 3771 2877">
    <p class='ocr_par' dir='ltr' id='par_1_58' title="bbox 2181 2807 3771 2877">
     <span class='ocr_line' id='line_1_58' title="bbox 2181 2807 3771 2877; baseline 0.003 -15"><span class='ocrx_word' id='word_1_393' title='bbox 2181 2808 2323 2862; x_wconf 86' lang='lat' dir='ltr'><strong>culis</strong></span> <span class='ocrx_word' id='word_1_394' title='bbox 2354 2807 2515 2873; x_wconf 84' lang='lat' dir='ltr'><strong>illati,</strong></span> <span class='ocrx_word' id='word_1_395' title='bbox 2542 2807 2675 2877; x_wconf 89' lang='lat' dir='ltr'><strong>ipsis</strong></span> <span class='ocrx_word' id='word_1_396' title='bbox 2717 2824 2905 2863; x_wconf 89' lang='lat' dir='ltr'><strong>eorum</strong></span> <span class='ocrx_word' id='word_1_397' title='bbox 2943 2810 3252 2865; x_wconf 88' lang='lat' dir='ltr'><strong>visceribus</strong></span> <span class='ocrx_word' id='word_1_398' title='bbox 3280 2814 3678 2874; x_wconf 83' lang='lat' dir='ltr'><strong>miscerentur,</strong></span> <span class='ocrx_word' id='word_1_399' title='bbox 3711 2812 3771 2868; x_wconf 88' lang='lat' dir='ltr'><strong>in</strong></span> 
     </span>
    </p>
   </div>
   <div class='ocr_carea' id='block_1_59' title="bbox 2182 2896 3773 2965">
    <p class='ocr_par' dir='ltr' id='par_1_59' title="bbox 2182 2896 3773 2965">
     <span class='ocr_line' id='line_1_59' title="bbox 2182 2896 3773 2965; baseline 0.003 -16"><span class='ocrx_word' id='word_1_400' title='bbox 2182 2896 2383 2965; x_wconf 86' lang='lat' dir='ltr'><strong>quibus</strong></span> <span class='ocrx_word' id='word_1_401' title='bbox 2400 2898 2653 2951; x_wconf 85' lang='lat' dir='ltr'><strong>collocati</strong></span> <span class='ocrx_word' id='word_1_402' title='bbox 2686 2898 2753 2952; x_wconf 89' lang='lat' dir='ltr'><strong>ad</strong></span> <span class='ocrx_word' id='word_1_403' title='bbox 2788 2913 3007 2954; x_wconf 89' lang='lat' dir='ltr'><strong>omnem</strong></span> <span class='ocrx_word' id='word_1_404' title='bbox 3054 2899 3388 2954; x_wconf 84' lang='lat' dir='ltr'><strong>voluntatem</strong></span> <span class='ocrx_word' id='word_1_405' title='bbox 3421 2916 3581 2954; x_wconf 88' lang='lat' dir='ltr'><strong>suam</strong></span> <span class='ocrx_word' id='word_1_406' title='bbox 3611 2910 3773 2955; x_wconf 86' lang='lat' dir='ltr'><strong>actus</strong></span> 
     </span>
    </p>
   </div>
   <div class='ocr_carea' id='block_1_60' title="bbox 2183 2986 3774 3061">
    <p class='ocr_par' dir='ltr' id='par_1_60' title="bbox 2183 2986 3774 3061">
     <span class='ocr_line' id='line_1_60' title="bbox 2183 2986 3774 3061; baseline 0.005 -22"><span class='ocrx_word' id='word_1_407' title='bbox 2183 2986 2965 3059; x_wconf 85' lang='lat' dir='ltr'><strong>hominum-cogitationesque</strong></span> <span class='ocrx_word' id='word_1_408' title='bbox 3012 2988 3385 3046; x_wconf 83' lang='lat' dir='ltr'><strong>deflecterent.</strong></span> <span class='ocrx_word' id='word_1_409' title='bbox 3435 2991 3774 3061; x_wconf 83' lang='lat' dir='ltr'><strong>llujusmodi</strong></span> 
     </span>
    </p>
   </div>
   <div class='ocr_carea' id='block_1_61' title="bbox 2183 3079 3778 3155">
    <p class='ocr_par' dir='ltr' id='par_1_61' title="bbox 2183 3079 3778 3155">
     <span class='ocr_line' id='line_1_61' title="bbox 2183 3079 3778 3155; baseline 0.004 -21"><span class='ocrx_word' id='word_1_410' title='bbox 2183 3079 2348 3149; x_wconf 79' lang='lat' dir='ltr'><strong>igitur</strong></span> <span class='ocrx_word' id='word_1_411' title='bbox 2368 3095 2431 3135; x_wconf 81' lang='lat' dir='ltr'><strong>ex</strong></span> <span class='ocrx_word' id='word_1_412' title='bbox 2460 3081 2615 3136; x_wconf 91' lang='lat' dir='ltr'><strong>initio</strong></span> <span class='ocrx_word' id='word_1_413' title='bbox 2641 3082 2920 3138; x_wconf 85' lang='lat' dir='ltr'><strong>erroribus</strong></span> <span class='ocrx_word' id='word_1_414' title='bbox 2942 3083 3288 3147; x_wconf 85' lang='lat' dir='ltr'><strong>introductis,</strong></span> <span class='ocrx_word' id='word_1_415' title='bbox 3321 3085 3515 3155; x_wconf 80' lang='lat' dir='ltr'><strong>eisque</strong></span> <span class='ocrx_word' id='word_1_416' title='bbox 3539 3086 3778 3141; x_wconf 81' lang='lat' dir='ltr'><strong>libidine</strong></span> 
     </span>
    </p>
   </div>
   <div class='ocr_carea' id='block_1_62' title="bbox 502 3168 3780 3244">
    <p class='ocr_par' dir='ltr' id='par_1_62' title="bbox 502 3168 3780 3244">
     <span class='ocr_line' id='line_1_62' title="bbox 502 3168 3780 3244; baseline 0.003 -21"><span class='ocrx_word' id='word_1_417' title='bbox 502 3168 751 3225; x_wconf 82' lang='lat' dir='ltr'><strong>stiliones</strong></span> <span class='ocrx_word' id='word_1_418' title='bbox 772 3171 842 3225; x_wconf 89' lang='lat' dir='ltr'><strong>ab</strong></span> <span class='ocrx_word' id='word_1_419' title='bbox 874 3178 994 3226; x_wconf 90' lang='lat' dir='ltr'><strong>arte</strong></span> <span class='ocrx_word' id='word_1_420' title='bbox 1024 3172 1233 3241; x_wconf 89' lang='lat' dir='ltr'><strong>magica</strong></span> <span class='ocrx_word' id='word_1_421' title='bbox 1281 3171 1495 3225; x_wconf 82' lang='lat' dir='ltr'><strong>initium</strong></span> <span class='ocrx_word' id='word_1_422' title='bbox 1526 3186 1829 3241; x_wconf 88' lang='lat' dir='ltr'><strong>sumpsere.</strong></span> <span class='ocrx_word' id='word_1_423' title='bbox 1865 3171 2078 3228; x_wconf 84' lang='lat' dir='ltr'><strong>Etenim</strong></span> <span class='ocrx_word' id='word_1_424' title='bbox 2109 3176 2154 3234; x_wconf 72' lang='grc' dir='ltr'><strong>(ἶ</strong></span> <span class='ocrx_word' id='word_1_425' title='bbox 2186 3181 2239 3226; x_wconf 89' lang='lat' dir='ltr'><strong>et</strong></span> <span class='ocrx_word' id='word_1_426' title='bbox 2274 3172 2612 3238; x_wconf 74' lang='lat' dir='ltr'><strong>temulentis,</strong></span> <span class='ocrx_word' id='word_1_427' title='bbox 2637 3188 2745 3244; x_wconf 86' lang='lat' dir='ltr'><strong>qua</strong></span> <span class='ocrx_word' id='word_1_428' title='bbox 2786 3176 3037 3230; x_wconf 88' lang='lat' dir='ltr'><strong>carnales</strong></span> <span class='ocrx_word' id='word_1_429' title='bbox 3068 3176 3319 3232; x_wconf 87' lang='lat' dir='ltr'><strong>homines</strong></span> <span class='ocrx_word' id='word_1_430' title='bbox 3347 3179 3593 3234; x_wconf 77' lang='lat' dir='ltr'><strong>maxime</strong></span> <span class='ocrx_word' id='word_1_431' title='bbox 3622 3178 3780 3233; x_wconf 83' lang='lat' dir='ltr'><strong>dele—</strong></span> 
     </span>
    </p>
   </div>
   <div class='ocr_carea' id='block_1_63' title="bbox 1831 3359 2441 3419">
    <p class='ocr_par' dir='ltr' id='par_1_63' title="bbox 1831 3359 2441 3419">
     <span class='ocr_line' id='line_1_63' title="bbox 1831 3359 2441 3419; baseline 0.005 -3"><span class='ocrx_word' id='word_1_432' title='bbox 1831 3359 2199 3416; x_wconf 81' lang='lat' dir='ltr'><strong>COTELERII</strong></span> <span class='ocrx_word' id='word_1_433' title='bbox 2231 3362 2441 3419; x_wconf 62' lang='lat' dir='ltr'><strong>NOTAE</strong></span> 
     </span>
    </p>
   </div>
   <div class='ocr_carea' id='block_1_64' title="bbox 500 3515 2078 3587">
    <p class='ocr_par' dir='ltr' id='par_1_64' title="bbox 500 3515 2078 3587">
     <span class='ocr_line' id='line_1_64' title="bbox 500 3515 2078 3587; baseline 0.003 -16"><span class='ocrx_word' id='word_1_434' title='bbox 500 3516 736 3580; x_wconf 86' lang='lat' dir='ltr'><strong>Prodici,</strong></span> <span class='ocrx_word' id='word_1_435' title='bbox 760 3531 884 3587; x_wconf 78' lang='lat' dir='ltr'><strong>cum</strong></span> <span class='ocrx_word' id='word_1_436' title='bbox 904 3516 1023 3570; x_wconf 92' lang='lat' dir='ltr'><strong>loco</strong></span> <span class='ocrx_word' id='word_1_437' title='bbox 1049 3515 1336 3587; x_wconf 83' lang='lat' dir='ltr'><strong>Porphyrii</strong></span> <span class='ocrx_word' id='word_1_438' title='bbox 1365 3518 1419 3570; x_wconf 91' lang='lat' dir='ltr'><strong>in</strong></span> <span class='ocrx_word' id='word_1_439' title='bbox 1458 3516 1580 3571; x_wconf 83' lang='lat' dir='ltr'><strong>Vita</strong></span> <span class='ocrx_word' id='word_1_440' title='bbox 1619 3515 1817 3571; x_wconf 87' lang='lat' dir='ltr'><strong>Plotini</strong></span> <span class='ocrx_word' id='word_1_441' title='bbox 1845 3516 1912 3572; x_wconf 89' lang='lat' dir='ltr'><strong>de</strong></span> <span class='ocrx_word' id='word_1_442' title='bbox 1937 3519 2078 3575; x_wconf 90' lang='lat' dir='ltr'><strong>libro</strong></span> 
     </span>
    </p>
   </div>
   <div class='ocr_carea' id='block_1_65' title="bbox 500 3585 2078 3657">
    <p class='ocr_par' dir='ltr' id='par_1_65' title="bbox 500 3585 2078 3657">
     <span class='ocr_line' id='line_1_65' title="bbox 500 3585 2078 3657; baseline 0.002 -17"><span class='ocrx_word' id='word_1_443' title='bbox 500 3588 807 3641; x_wconf 85' lang='lat' dir='ltr'><strong>adulterino</strong></span> <span class='ocrx_word' id='word_1_444' title='bbox 837 3585 1397 3642; x_wconf 27' lang='lat' dir='ltr'><strong>Zoroastris’nomine</strong></span> <span class='ocrx_word' id='word_1_445' title='bbox 1430 3588 1696 3656; x_wconf 91' lang='lat' dir='ltr'><strong>inscripto</strong></span> <span class='ocrx_word' id='word_1_446' title='bbox 1746 3588 1890 3657; x_wconf 90' lang='lat' dir='ltr'><strong>apud</strong></span> <span class='ocrx_word' id='word_1_447' title='bbox 1929 3587 2078 3643; x_wconf 87' lang='lat' dir='ltr'><strong>Gno-</strong></span> 
     </span>
    </p>
   </div>
   <div class='ocr_carea' id='block_1_66' title="bbox 500 3657 2076 3725">
    <p class='ocr_par' dir='ltr' id='par_1_66' title="bbox 500 3657 2076 3725">
     <span class='ocr_line' id='line_1_66' title="bbox 500 3657 2076 3725; baseline 0.002 -14"><span class='ocrx_word' id='word_1_448' title='bbox 500 3660 691 3711; x_wconf 85' lang='lat' dir='ltr'><strong>sticos.</strong></span> <span class='ocrx_word' id='word_1_449' title='bbox 745 3657 897 3711; x_wconf 84' lang='lat' dir='ltr'><strong>Addo</strong></span> <span class='ocrx_word' id='word_1_450' title='bbox 942 3673 1008 3711; x_wconf 80' lang='lat' dir='ltr'><strong>ex</strong></span> <span class='ocrx_word' id='word_1_451' title='bbox 1058 3658 1266 3711; x_wconf 88' lang='lat' dir='ltr'><strong>recenti</strong></span> <span class='ocrx_word' id='word_1_452' title='bbox 1324 3657 1578 3725; x_wconf 88' lang='lat' dir='ltr'><strong>lectione,</strong></span> <span class='ocrx_word' id='word_1_453' title='bbox 1630 3658 1685 3711; x_wconf 88' lang='lat' dir='ltr'><strong>in</strong></span> <span class='ocrx_word' id='word_1_454' title='bbox 1738 3657 2076 3714; x_wconf 83' lang='lat' dir='ltr'><strong>Dictionario</strong></span> 
     </span>
    </p>
   </div>
   <div class='ocr_carea' id='block_1_67' title="bbox 498 3726 2077 3800">
    <p class='ocr_par' dir='ltr' id='par_1_67' title="bbox 498 3726 2077 3800">
     <span class='ocr_line' id='line_1_67' title="bbox 498 3726 2077 3800; baseline 0.004 -21"><span class='ocrx_word' id='word_1_455' title='bbox 498 3726 951 3800; x_wconf 54' lang='lat' dir='ltr'><strong>Latino-Persico,</strong></span> <span class='ocrx_word' id='word_1_456' title='bbox 978 3743 1032 3796; x_wconf 91' lang='lat' dir='ltr'><strong>p.</strong></span> <span class='ocrx_word' id='word_1_457' title='bbox 1094 3728 1149 3788; x_wconf 87' lang='lat'><strong>6,</strong></span> <span class='ocrx_word' id='word_1_458' title='bbox 1208 3729 1538 3800; x_wconf 80' lang='lat' dir='ltr'><strong>mentionem</strong></span> <span class='ocrx_word' id='word_1_459' title='bbox 1597 3726 1726 3800; x_wconf 73' lang='lat' dir='ltr'><strong>ﬁeri</strong></span> <span class='ocrx_word' id='word_1_460' title='bbox 1770 3727 2077 3800; x_wconf 80' lang='lat' dir='ltr'><strong>Exegeseos</strong></span> 
     </span>
    </p>
   </div>
   <div class='ocr_carea' id='block_1_68' title="bbox 500 3797 2076 3867">
    <p class='ocr_par' dir='ltr' id='par_1_68' title="bbox 500 3797 2076 3867">
     <span class='ocr_line' id='line_1_68' title="bbox 500 3797 2076 3867; baseline 0.003 -17"><span class='ocrx_word' id='word_1_461' title='bbox 500 3798 625 3853; x_wconf 88' lang='lat' dir='ltr'><strong>libri</strong></span> <span class='ocrx_word' id='word_1_462' title='bbox 655 3797 791 3852; x_wconf 88' lang='lat' dir='ltr'><strong>Zind</strong></span> <span class='ocrx_word' id='word_1_463' title='bbox 821 3798 975 3858; x_wconf 89' lang='lat' dir='ltr'><strong>dicti,</strong></span> <span class='ocrx_word' id='word_1_464' title='bbox 1012 3812 1122 3867; x_wconf 85' lang='lat' dir='ltr'><strong>quo</strong></span> <span class='ocrx_word' id='word_1_465' title='bbox 1151 3798 1429 3867; x_wconf 69' lang='lat' dir='ltr'><strong>religionis</strong></span> <span class='ocrx_word' id='word_1_466' title='bbox 1470 3797 1692 3867; x_wconf 65' lang='lat' dir='ltr'><strong>magicae</strong></span> <span class='ocrx_word' id='word_1_467' title='bbox 1729 3813 1827 3852; x_wconf 78' lang='lat' dir='ltr'><strong>seu</strong></span> <span class='ocrx_word' id='word_1_468' title='bbox 1859 3797 2076 3854; x_wconf 78' lang='lat' dir='ltr'><strong>colendi</strong></span> 
     </span>
    </p>
   </div>
   <div class='ocr_carea' id='block_1_69' title="bbox 498 3866 1577 3939">
    <p class='ocr_par' dir='ltr' id='par_1_69' title="bbox 498 3866 1577 3939">
     <span class='ocr_line' id='line_1_69' title="bbox 498 3866 1577 3939; baseline -0.001 -17"><span class='ocrx_word' id='word_1_469' title='bbox 498 3868 643 3939; x_wconf 83' lang='lat' dir='ltr'><strong>ignis</strong></span> <span class='ocrx_word' id='word_1_470' title='bbox 676 3877 947 3939; x_wconf 59' lang='lat' dir='ltr'><strong>praecepta</strong></span> <span class='ocrx_word' id='word_1_471' title='bbox 980 3866 1204 3939; x_wconf 83' lang='lat' dir='ltr'><strong>tradidit</strong></span> <span class='ocrx_word' id='word_1_472' title='bbox 1236 3866 1577 3939; x_wconf 68' lang='lat' dir='ltr'><strong>Zoroastres;</strong></span> 
     </span>
    </p>
   </div>
   <div class='ocr_carea' id='block_1_70' title="bbox 573 3937 2078 4007">
    <p class='ocr_par' dir='ltr' id='par_1_70' title="bbox 573 3937 2078 4007">
     <span class='ocr_line' id='line_1_70' title="bbox 573 3937 2078 4007; baseline 0.001 -15"><span class='ocrx_word' id='word_1_473' title='bbox 573 3938 650 4007; x_wconf 92' lang='lat'><strong>(9)</strong></span> <span class='ocrx_word' id='word_1_474' title='bbox 677 3937 797 3992; x_wconf 80' lang='grc' dir='ltr'><strong>Ἡὶσ</strong></span> <span class='ocrx_word' id='word_1_475' title='bbox 839 3954 964 4007; x_wconf 87' lang='lat' dir='ltr'><strong>ergo</strong></span> <span class='ocrx_word' id='word_1_476' title='bbox 1014 3938 1173 3991; x_wconf 85' lang='lat' dir='ltr'><strong>astris</strong></span> <span class='ocrx_word' id='word_1_477' title='bbox 1220 3938 1445 3991; x_wconf 85' lang='lat' dir='ltr'><strong>multum</strong></span> <span class='ocrx_word' id='word_1_478' title='bbox 1475 3952 1538 3989; x_wconf 86' lang='lat' dir='ltr'><strong>ac</strong></span> <span class='ocrx_word' id='word_1_479' title='bbox 1574 3937 1870 4007; x_wconf 80' lang='lat' dir='ltr'><strong>frequenter</strong></span> <span class='ocrx_word' id='word_1_480' title='bbox 1910 3940 2078 3993; x_wconf 87' lang='lat' dir='ltr'><strong>inten-</strong></span> 
     </span>
    </p>
   </div>
   <div class='ocr_carea' id='block_1_71' title="bbox 501 4007 2079 4093">
    <p class='ocr_par' dir='ltr' id='par_1_71' title="bbox 501 4007 2079 4093">
     <span class='ocr_line' id='line_1_71' title="bbox 501 4007 2079 4093; baseline 0 -30"><span class='ocrx_word' id='word_1_481' title='bbox 501 4018 611 4093; x_wconf 68' lang='lat' dir='ltr'><strong>tus,</strong></span> <span class='ocrx_word' id='word_1_482' title='bbox 639 4017 747 4064; x_wconf 88' lang='lat' dir='ltr'><strong>etc.</strong></span> <span class='ocrx_word' id='word_1_483' title='bbox 785 4008 859 4065; x_wconf 90' lang='lat' dir='ltr'><strong>De</strong></span> <span class='ocrx_word' id='word_1_484' title='bbox 888 4007 1214 4093; x_wconf 60' lang='lat' dir='ltr'><strong>Zoroastren</strong></span> <span class='ocrx_word' id='word_1_485' title='bbox 1240 4009 1363 4093; x_wconf 55' lang='lat' dir='ltr'><strong>igne</strong></span> <span class='ocrx_word' id='word_1_486' title='bbox 1389 4007 1529 4093; x_wconf 72' lang='lat' dir='ltr'><strong>varii</strong></span> <span class='ocrx_word' id='word_1_487' title='bbox 1555 4011 1729 4093; x_wconf 65' lang='lat' dir='ltr'><strong>varia.</strong></span> <span class='ocrx_word' id='word_1_488' title='bbox 1770 4008 1870 4065; x_wconf 86' lang='lat' dir='ltr'><strong>Dio</strong></span> <span class='ocrx_word' id='word_1_489' title='bbox 1897 4009 2079 4093; x_wconf 69' lang='lat' dir='ltr'><strong>Chry-</strong></span> 
     </span>
    </p>
   </div>
   <div class='ocr_carea' id='block_1_72' title="bbox 500 4076 2079 4143">
    <p class='ocr_par' dir='ltr' id='par_1_72' title="bbox 500 4076 2079 4143">
     <span class='ocr_line' id='line_1_72' title="bbox 500 4076 2079 4143; baseline -0.001 -8"><span class='ocrx_word' id='word_1_490' title='bbox 500 4086 800 4143; x_wconf 71' lang='lat' dir='ltr'><strong>SOStomus,</strong></span> <span class='ocrx_word' id='word_1_491' title='bbox 863 4086 1007 4135; x_wconf 82' lang='lat' dir='ltr'><strong>orat.</strong></span> <span class='ocrx_word' id='word_1_492' title='bbox 1088 4078 1200 4143; x_wconf 78' lang='lat'><strong>36;</strong></span> <span class='ocrx_word' id='word_1_493' title='bbox 1266 4076 1544 4131; x_wconf 59' lang='lat' dir='ltr'><strong>&#39;Nicolaus</strong></span> <span class='ocrx_word' id='word_1_494' title='bbox 1602 4076 1973 4136; x_wconf 90' lang='lat' dir='ltr'><strong>Damascenus</strong></span> <span class='ocrx_word' id='word_1_495' title='bbox 2016 4076 2079 4134; x_wconf 84' lang='lat' dir='ltr'><strong>in</strong></span> 
     </span>
    </p>
   </div>
   <div class='ocr_carea' id='block_1_73' title="bbox 500 4147 2080 4218">
    <p class='ocr_par' dir='ltr' id='par_1_73' title="bbox 500 4147 2080 4218">
     <span class='ocr_line' id='line_1_73' title="bbox 500 4147 2080 4218; baseline -0.001 -13"><span class='ocrx_word' id='word_1_496' title='bbox 500 4149 850 4205; x_wconf 84' lang='lat' dir='ltr'><strong>Collectaneis</strong></span> <span class='ocrx_word' id='word_1_497' title='bbox 895 4148 1243 4204; x_wconf 87' lang='lat' dir='ltr'><strong>Constantini</strong></span> <span class='ocrx_word' id='word_1_498' title='bbox 1281 4147 1801 4218; x_wconf 69' lang='lat' dir='ltr'><strong>Porphyrogenetze;</strong></span> <span class='ocrx_word' id='word_1_499' title='bbox 1840 4150 2080 4204; x_wconf 83' lang='lat' dir='ltr'><strong>Ammia-</strong></span> 
     </span>
    </p>
   </div>
   <div class='ocr_carea' id='block_1_74' title="bbox 498 4217 2077 4285">
    <p class='ocr_par' dir='ltr' id='par_1_74' title="bbox 498 4217 2077 4285">
     <span class='ocr_line' id='line_1_74' title="bbox 498 4217 2077 4285; baseline -0.001 -11"><span class='ocrx_word' id='word_1_500' title='bbox 498 4234 606 4278; x_wconf 89' lang='lat' dir='ltr'><strong>nus</strong></span> <span class='ocrx_word' id='word_1_501' title='bbox 648 4219 993 4276; x_wconf 75' lang='lat' dir='ltr'><strong>Marcellinus</strong></span> <span class='ocrx_word' id='word_1_502' title='bbox 1024 4219 1118 4275; x_wconf 92' lang='lat' dir='ltr'><strong>lib.</strong></span> <span class='ocrx_word' id='word_1_503' title='bbox 1160 4233 1329 4285; x_wconf 78' lang='lat' dir='ltr'><strong>xxm;</strong></span> <span class='ocrx_word' id='word_1_504' title='bbox 1374 4217 1568 4271; x_wconf 81' lang='lat' dir='ltr'><strong>anetor</strong></span> <span class='ocrx_word' id='word_1_505' title='bbox 1602 4217 2077 4283; x_wconf 84' lang='lat' dir='ltr'><strong>Clementinorum,</strong></span> 
     </span>
    </p>
   </div>
   <div class='ocr_carea' id='block_1_75' title="bbox 498 4287 2081 4360">
    <p class='ocr_par' dir='ltr' id='par_1_75' title="bbox 498 4287 2081 4360">
     <span class='ocr_line' id='line_1_75' title="bbox 498 4287 2081 4360; baseline -0.001 -15"><span class='ocrx_word' id='word_1_506' title='bbox 498 4292 648 4345; x_wconf 88' lang='lat' dir='ltr'><strong>hom.</strong></span> <span class='ocrx_word' id='word_1_507' title='bbox 682 4291 735 4351; x_wconf 91' lang='lat'><strong>9,</strong></span> <span class='ocrx_word' id='word_1_508' title='bbox 772 4306 894 4360; x_wconf 91' lang='lat' dir='ltr'><strong>cap.</strong></span> <span class='ocrx_word' id='word_1_509' title='bbox 927 4291 981 4354; x_wconf 82' lang='grc'><strong>5,</strong></span> <span class='ocrx_word' id='word_1_510' title='bbox 1008 4304 1164 4360; x_wconf 90' lang='lat' dir='ltr'><strong>seq.;</strong></span> <span class='ocrx_word' id='word_1_511' title='bbox 1201 4288 1485 4360; x_wconf 81' lang='lat' dir='ltr'><strong>Arnobius</strong></span> <span class='ocrx_word' id='word_1_512' title='bbox 1501 4289 1598 4344; x_wconf 91' lang='lat' dir='ltr'><strong>lib.</strong></span> <span class='ocrx_word' id='word_1_513' title='bbox 1629 4303 1676 4347; x_wconf 73' lang='grc' dir='ltr'><strong>ις</strong></span> <span class='ocrx_word' id='word_1_514' title='bbox 1717 4287 1817 4360; x_wconf 75' lang='lat' dir='ltr'><strong>qui</strong></span> <span class='ocrx_word' id='word_1_515' title='bbox 1843 4289 2081 4345; x_wconf 89' lang='lat' dir='ltr'><strong>Chroni-</strong></span> 
     </span>
    </p>
   </div>
   <div class='ocr_carea' id='block_1_76' title="bbox 497 4359 2082 4430">
    <p class='ocr_par' dir='ltr' id='par_1_76' title="bbox 497 4359 2082 4430">
     <span class='ocr_line' id='line_1_76' title="bbox 497 4359 2082 4430; baseline -0.002 -14"><span class='ocrx_word' id='word_1_516' title='bbox 497 4375 623 4416; x_wconf 88' lang='lat' dir='ltr'><strong>cum</strong></span> <span class='ocrx_word' id='word_1_517' title='bbox 651 4376 681 4414; x_wconf 89' lang='lat' dir='ltr'><strong>a</strong></span> <span class='ocrx_word' id='word_1_518' title='bbox 710 4359 929 4430; x_wconf 66' lang='lat' dir='ltr'><strong>Radere</strong></span> <span class='ocrx_word' id='word_1_519' title='bbox 956 4359 1163 4414; x_wconf 89' lang='lat' dir='ltr'><strong>editum</strong></span> <span class='ocrx_word' id='word_1_520' title='bbox 1204 4359 1517 4429; x_wconf 79' lang='lat' dir='ltr'><strong>composuit</strong></span> <span class='ocrx_word' id='word_1_521' title='bbox 1547 4374 1601 4428; x_wconf 85' lang='grc' dir='ltr'><strong>ι).</strong></span> <span class='ocrx_word' id='word_1_522' title='bbox 1637 4360 1738 4430; x_wconf 71' lang='lat'><strong>88;</strong></span> <span class='ocrx_word' id='word_1_523' title='bbox 1782 4359 2082 4430; x_wconf 67' lang='lat' dir='ltr'><strong>Gregorius</strong></span> 
     </span>
    </p>
   </div>
   <div class='ocr_carea' id='block_1_77' title="bbox 2180 3521 3779 3594">
    <p class='ocr_par' dir='ltr' id='par_1_77' title="bbox 2180 3521 3779 3594">
     <span class='ocr_line' id='line_1_77' title="bbox 2180 3521 3779 3594; baseline 0.005 -20"><span class='ocrx_word' id='word_1_524' title='bbox 2180 3522 2321 3594; x_wconf 78' lang='lat' dir='ltr'><strong>natis</strong></span> <span class='ocrx_word' id='word_1_525' title='bbox 2348 3536 2368 3572; x_wconf 83' lang='lat'><strong>.&#39;</strong></span> <span class='ocrx_word' id='word_1_526' title='bbox 2397 3521 2642 3594; x_wconf 71' lang='grc' dir='ltr'><strong>Λαμπρά</strong></span> <span class='ocrx_word' id='word_1_527' title='bbox 2668 3522 2723 3574; x_wconf 82' lang='grc' dir='ltr'><strong>δὲ</strong></span> <span class='ocrx_word' id='word_1_528' title='bbox 2757 3523 2947 3594; x_wconf 62' lang='lat' dir='ltr'><strong>ina-cia.</strong></span> <span class='ocrx_word' id='word_1_529' title='bbox 2973 3524 3156 3588; x_wconf 78' lang='grc' dir='ltr'><strong>αὐτοῖς</strong></span> <span class='ocrx_word' id='word_1_530' title='bbox 3183 3524 3551 3594; x_wconf 80' lang='grc' dir='ltr'><strong>περιτίθεται,</strong></span> <span class='ocrx_word' id='word_1_531' title='bbox 3570 3529 3649 3591; x_wconf 84' lang='grc' dir='ltr'><strong>ὡς</strong></span> <span class='ocrx_word' id='word_1_532' title='bbox 3674 3529 3779 3582; x_wconf 74' lang='grc' dir='ltr'><strong>ὑπὸ</strong></span> 
     </span>
    </p>
   </div>
   <div class='ocr_carea' id='block_1_78' title="bbox 2179 3592 3778 3662">
    <p class='ocr_par' dir='ltr' id='par_1_78' title="bbox 2179 3592 3778 3662">
     <span class='ocr_line' id='line_1_78' title="bbox 2179 3592 3778 3662; baseline 0.006 -20"><span class='ocrx_word' id='word_1_533' title='bbox 2179 3592 2302 3654; x_wconf 83' lang='grc' dir='ltr'><strong>Διὸς</strong></span> <span class='ocrx_word' id='word_1_534' title='bbox 2344 3592 2745 3662; x_wconf 72' lang='grc' dir='ltr'><strong>τετιμημένοις.</strong></span> <span class='ocrx_word' id='word_1_535' title='bbox 2784 3592 3099 3661; x_wconf 76' lang='lat' dir='ltr'><strong>Splendida</strong></span> <span class='ocrx_word' id='word_1_536' title='bbox 3131 3592 3305 3648; x_wconf 75' lang='lat' dir='ltr'><strong>autem</strong></span> <span class='ocrx_word' id='word_1_537' title='bbox 3348 3598 3665 3650; x_wconf 70' lang='lat' dir='ltr'><strong>vestimenta</strong></span> <span class='ocrx_word' id='word_1_538' title='bbox 3698 3599 3778 3651; x_wconf 82' lang='lat' dir='ltr'><strong>eis</strong></span> 
     </span>
    </p>
   </div>
   <div class='ocr_carea' id='block_1_79' title="bbox 2179 3662 3779 3733">
    <p class='ocr_par' dir='ltr' id='par_1_79' title="bbox 2179 3662 3779 3733">
     <span class='ocr_line' id='line_1_79' title="bbox 2179 3662 3779 3733; baseline 0.007 -21"><span class='ocrx_word' id='word_1_539' title='bbox 2179 3662 2598 3733; x_wconf 72' lang='lat' dir='ltr'><strong>circumdantur,</strong></span> <span class='ocrx_word' id='word_1_540' title='bbox 2627 3662 2760 3716; x_wconf 81' lang='lat' dir='ltr'><strong>velut</strong></span> <span class='ocrx_word' id='word_1_541' title='bbox 2783 3663 2976 3718; x_wconf 82' lang='lat' dir='ltr'><strong>honore</strong></span> <span class='ocrx_word' id='word_1_542' title='bbox 3000 3682 3032 3717; x_wconf 90' lang='lat' dir='ltr'><strong>a</strong></span> <span class='ocrx_word' id='word_1_543' title='bbox 3061 3664 3190 3718; x_wconf 79' lang='lat' dir='ltr'><strong>Jove</strong></span> <span class='ocrx_word' id='word_1_544' title='bbox 3219 3666 3459 3733; x_wconf 68' lang='lat' dir='ltr'><strong>affectis;</strong></span> <span class='ocrx_word' id='word_1_545' title='bbox 3498 3675 3554 3721; x_wconf 89' lang='lat' dir='ltr'><strong>et</strong></span> <span class='ocrx_word' id='word_1_546' title='bbox 3582 3670 3779 3723; x_wconf 79' lang='lat' dir='ltr'><strong>multis</strong></span> 
     </span>
    </p>
   </div>
   <div class='ocr_carea' id='block_1_80' title="bbox 2181 3731 3779 3805">
    <p class='ocr_par' dir='ltr' id='par_1_80' title="bbox 2181 3731 3779 3805">
     <span class='ocr_line' id='line_1_80' title="bbox 2181 3731 3779 3805; baseline 0.004 -21"><span class='ocrx_word' id='word_1_547' title='bbox 2181 3731 2520 3805; x_wconf 79' lang='lat' dir='ltr'><strong>interpositis</strong></span> <span class='ocrx_word' id='word_1_548' title='bbox 2548 3748 2569 3805; x_wconf 85' lang='lat'><strong>:_</strong></span> <span class='ocrx_word' id='word_1_549' title='bbox 2588 3733 2770 3795; x_wconf 80' lang='grc' dir='ltr'><strong>Οὐδεὶς</strong></span> <span class='ocrx_word' id='word_1_550' title='bbox 2808 3734 3171 3805; x_wconf 65' lang='lat' dir='ltr'><strong>aspauvwes‘tg</strong></span> <span class='ocrx_word' id='word_1_551' title='bbox 3203 3731 3400 3805; x_wconf 71' lang='grc' dir='ltr'><strong>ἄτιμός</strong></span> <span class='ocrx_word' id='word_1_552' title='bbox 3432 3738 3606 3789; x_wconf 75' lang='grc' dir='ltr'><strong>ἐστιν·</strong></span> <span class='ocrx_word' id='word_1_553' title='bbox 3652 3738 3779 3790; x_wconf 78' lang='grc' dir='ltr'><strong>ὅθεν</strong></span> 
     </span>
    </p>
   </div>
   <div class='ocr_carea' id='block_1_81' title="bbox 2180 3801 3778 3875">
    <p class='ocr_par' dir='ltr' id='par_1_81' title="bbox 2180 3801 3778 3875">
     <span class='ocr_line' id='line_1_81' title="bbox 2180 3801 3778 3875; baseline 0.004 -23"><span class='ocrx_word' id='word_1_554' title='bbox 2180 3817 2243 3868; x_wconf 84' lang='grc' dir='ltr'><strong>γε</strong></span> <span class='ocrx_word' id='word_1_555' title='bbox 2268 3803 2364 3875; x_wconf 78' lang='grc' dir='ltr'><strong>καὶ</strong></span> <span class='ocrx_word' id='word_1_556' title='bbox 2390 3801 2468 3875; x_wconf 71' lang='grc' dir='ltr'><strong>ὡς</strong></span> <span class='ocrx_word' id='word_1_557' title='bbox 2495 3801 2615 3875; x_wconf 66' lang='grc' dir='ltr'><strong>θεὸς</strong></span> <span class='ocrx_word' id='word_1_558' title='bbox 2634 3801 2886 3875; x_wconf 60' lang='grc' dir='ltr'><strong>τιμᾶται.</strong></span> <span class='ocrx_word' id='word_1_559' title='bbox 2910 3802 3110 3875; x_wconf 79' lang='lat' dir='ltr'><strong>Nullus</strong></span> <span class='ocrx_word' id='word_1_560' title='bbox 3131 3801 3351 3873; x_wconf 71' lang='lat' dir='ltr'><strong>fulmine</strong></span> <span class='ocrx_word' id='word_1_561' title='bbox 3381 3807 3523 3859; x_wconf 83' lang='lat' dir='ltr'><strong>ictus</strong></span> <span class='ocrx_word' id='word_1_562' title='bbox 3552 3807 3778 3875; x_wconf 76' lang='lat' dir='ltr'><strong>infamis</strong></span> 
     </span>
    </p>
   </div>
   <div class='ocr_carea' id='block_1_82' title="bbox 2180 3873 3779 3940">
    <p class='ocr_par' dir='ltr' id='par_1_82' title="bbox 2180 3873 3779 3940">
     <span class='ocr_line' id='line_1_82' title="bbox 2180 3873 3779 3940; baseline 0.004 -17"><span class='ocrx_word' id='word_1_563' title='bbox 2180 3880 2232 3924; x_wconf 84' lang='lat' dir='ltr'><strong>et</strong></span> <span class='ocrx_word' id='word_1_564' title='bbox 2266 3873 2648 3940; x_wconf 75' lang='lat' dir='ltr'><strong>ignominiosus</strong></span> <span class='ocrx_word' id='word_1_565' title='bbox 2677 3873 2925 3926; x_wconf 59' lang='lat' dir='ltr'><strong>exsistit:</strong></span> <span class='ocrx_word' id='word_1_566' title='bbox 2948 3874 3084 3928; x_wconf 73' lang='lat' dir='ltr'><strong>unde</strong></span> <span class='ocrx_word' id='word_1_567' title='bbox 3107 3877 3264 3929; x_wconf 81' lang='lat' dir='ltr'><strong>etiam</strong></span> <span class='ocrx_word' id='word_1_568' title='bbox 3296 3876 3437 3929; x_wconf 73' lang='lat' dir='ltr'><strong>velut</strong></span> <span class='ocrx_word' id='word_1_569' title='bbox 3474 3873 3618 3929; x_wconf 65' lang='lat' dir='ltr'><strong>deus</strong></span> <span class='ocrx_word' id='word_1_570' title='bbox 3638 3878 3779 3929; x_wconf 85' lang='lat' dir='ltr'><strong>coli-</strong></span> 
     </span>
    </p>
   </div>
   <div class='ocr_carea' id='block_1_83' title="bbox 2186 3940 3776 4012">
    <p class='ocr_par' dir='ltr' id='par_1_83' title="bbox 2186 3940 3776 4012">
     <span class='ocr_line' id='line_1_83' title="bbox 2186 3940 3776 4012; baseline 0.004 -19"><span class='ocrx_word' id='word_1_571' title='bbox 2186 3950 2291 4012; x_wconf 66' lang='lat' dir='ltr'><strong>tur.</strong></span> <span class='ocrx_word' id='word_1_572' title='bbox 2321 3940 2517 3996; x_wconf 88' lang='lat' dir='ltr'><strong>Festus</strong></span> <span class='ocrx_word' id='word_1_573' title='bbox 2551 3962 2563 3996; x_wconf 94' lang='lat'>:</span> <span class='ocrx_word' id='word_1_574' title='bbox 2605 3941 2795 3995; x_wconf 83' lang='lat' dir='ltr'><strong>Pullus</strong></span> <span class='ocrx_word' id='word_1_575' title='bbox 2821 3942 2969 3997; x_wconf 77' lang='lat' dir='ltr'><strong>lovis</strong></span> <span class='ocrx_word' id='word_1_576' title='bbox 3011 3944 3285 3999; x_wconf 78' lang='lat' dir='ltr'><strong>dicebatur</strong></span> <span class='ocrx_word' id='word_1_577' title='bbox 3319 3946 3386 4012; x_wconf 81' lang='grc' dir='ltr'><strong>ο.</strong></span> <span class='ocrx_word' id='word_1_578' title='bbox 3422 3944 3655 4009; x_wconf 77' lang='lat' dir='ltr'><strong>Fabius,</strong></span> <span class='ocrx_word' id='word_1_579' title='bbox 3686 3948 3776 4000; x_wconf 81' lang='lat' dir='ltr'><strong>cui</strong></span> 
     </span>
    </p>
   </div>
   <div class='ocr_carea' id='block_1_84' title="bbox 2186 4010 3777 4085">
    <p class='ocr_par' dir='ltr' id='par_1_84' title="bbox 2186 4010 3777 4085">
     <span class='ocr_line' id='line_1_84' title="bbox 2186 4010 3777 4085; baseline 0.003 -20"><span class='ocrx_word' id='word_1_580' title='bbox 2186 4010 2404 4085; x_wconf 78' lang='lat' dir='ltr'><strong>Ebumo</strong></span> <span class='ocrx_word' id='word_1_581' title='bbox 2432 4028 2715 4085; x_wconf 68' lang='lat' dir='ltr'><strong>cognomen</strong></span> <span class='ocrx_word' id='word_1_582' title='bbox 2742 4012 2857 4066; x_wconf 74' lang='lat' dir='ltr'><strong>erat</strong></span> <span class='ocrx_word' id='word_1_583' title='bbox 2885 4024 3096 4082; x_wconf 78' lang='lat' dir='ltr'><strong>propter</strong></span> <span class='ocrx_word' id='word_1_584' title='bbox 3135 4010 3438 4079; x_wconf 68' lang='lat' dir='ltr'><strong>candorem,</strong></span> <span class='ocrx_word' id='word_1_585' title='bbox 3472 4016 3615 4085; x_wconf 69' lang='lat' dir='ltr'><strong>quod</strong></span> <span class='ocrx_word' id='word_1_586' title='bbox 3656 4018 3777 4083; x_wconf 74' lang='lat' dir='ltr'><strong>ejus</strong></span> 
     </span>
    </p>
   </div>
   <div class='ocr_carea' id='block_1_85' title="bbox 2187 4082 3779 4157">
    <p class='ocr_par' dir='ltr' id='par_1_85' title="bbox 2187 4082 3779 4157">
     <span class='ocr_line' id='line_1_85' title="bbox 2187 4082 3779 4157; baseline 0.003 -22"><span class='ocrx_word' id='word_1_587' title='bbox 2187 4085 2327 4157; x_wconf 75' lang='lat' dir='ltr'><strong>natis</strong></span> <span class='ocrx_word' id='word_1_588' title='bbox 2360 4082 2581 4157; x_wconf 77' lang='lat' dir='ltr'><strong>fulmine</strong></span> <span class='ocrx_word' id='word_1_589' title='bbox 2606 4086 2714 4157; x_wconf 78' lang='lat' dir='ltr'><strong>icta</strong></span> <span class='ocrx_word' id='word_1_590' title='bbox 2737 4093 2876 4157; x_wconf 66' lang='lat' dir='ltr'><strong>erat.</strong></span> <span class='ocrx_word' id='word_1_591' title='bbox 2902 4085 3121 4157; x_wconf 74' lang='lat' dir='ltr'><strong>Antiqui</strong></span> <span class='ocrx_word' id='word_1_592' title='bbox 3144 4095 3316 4139; x_wconf 82' lang='lat' dir='ltr'><strong>autem</strong></span> <span class='ocrx_word' id='word_1_593' title='bbox 3341 4082 3587 4157; x_wconf 70' lang='lat' dir='ltr'><strong>puerum,</strong></span> 
     </span>
    </p>
   </div>
   <div class='ocr_carea' id='block_1_86' title="bbox 2186 4152 3237 4222">
    <p class='ocr_par' dir='ltr' id='par_1_86' title="bbox 2186 4152 3237 4222">
     <span class='ocr_line' id='line_1_86' title="bbox 2186 4152 3237 4222; baseline 0.006 -18"><span class='ocrx_word' id='word_1_594' title='bbox 2186 4152 2302 4222; x_wconf 86' lang='lat' dir='ltr'><strong>quis</strong></span> <span class='ocrx_word' id='word_1_595' title='bbox 2330 4152 2565 4222; x_wconf 73' lang='lat' dir='ltr'><strong>amabat,</strong></span> <span class='ocrx_word' id='word_1_596' title='bbox 2598 4153 2801 4222; x_wconf 84' lang='lat' dir='ltr'><strong>pullum</strong></span> <span class='ocrx_word' id='word_1_597' title='bbox 2830 4155 2943 4222; x_wconf 85' lang='lat' dir='ltr'><strong>ejus</strong></span> <span class='ocrx_word' id='word_1_598' title='bbox 2972 4152 3237 4210; x_wconf 81' lang='lat' dir='ltr'><strong>dicebant.</strong></span> 
     </span>
    </p>
   </div>
   <div class='ocr_carea' id='block_1_87' title="bbox 2260 4221 3781 4345">
    <p class='ocr_par' dir='ltr' id='par_1_87' title="bbox 2260 4221 3781 4345">
     <span class='ocr_line' id='line_1_87' title="bbox 2260 4221 3781 4345; baseline 0.003 -70"><span class='ocrx_word' id='word_1_599' title='bbox 2260 4221 2374 4345; x_wconf 48' lang='lat'><strong>(122</strong></span> <span class='ocrx_word' id='word_1_600' title='bbox 2417 4221 2586 4277; x_wconf 68' lang='grc' dir='ltr'><strong>(ἓνωεὶ</strong></span> <span class='ocrx_word' id='word_1_601' title='bbox 2645 4221 2860 4305; x_wconf 67' lang='lat' dir='ltr'><strong>Ninum</strong></span> <span class='ocrx_word' id='word_1_602' title='bbox 2888 4235 3218 4307; x_wconf 74' lang='lat' dir='ltr'><strong>vocaverunt,</strong></span> <span class='ocrx_word' id='word_1_603' title='bbox 3254 4233 3363 4280; x_wconf 89' lang='lat' dir='ltr'><strong>etc.</strong></span> <span class='ocrx_word' id='word_1_604' title='bbox 3408 4223 3468 4279; x_wconf 91' lang='lat' dir='ltr'><strong>Si</strong></span> <span class='ocrx_word' id='word_1_605' title='bbox 3503 4226 3781 4307; x_wconf 71' lang='lat' dir='ltr'><strong>jungatur</strong></span> 
     </span>
     <span class='ocr_line' id='line_1_88' title="bbox 2263 4293 3779 4345; baseline 0 0"><span class='ocrx_word' id='word_1_606' title='bbox 2263 4308 2293 4345; x_wconf 90' lang='lat' dir='ltr'><strong>e</strong></span> <span class='ocrx_word' id='word_1_607' title='bbox 2374 4307 2507 4345; x_wconf 84' lang='lat' dir='ltr'><strong>ocus</strong></span> <span class='ocrx_word' id='word_1_608' title='bbox 2551 4309 2676 4345; x_wconf 88' lang='lat' dir='ltr'><strong>cum</strong></span> <span class='ocrx_word' id='word_1_609' title='bbox 2748 4295 2842 4345; x_wconf 81' lang='lat' dir='ltr'><strong>illo</strong></span> <span class='ocrx_word' id='word_1_610' title='bbox 2901 4293 3346 4345; x_wconf 81' lang='lat' dir='ltr'><strong>Clementmomm</strong></span> <span class='ocrx_word' id='word_1_611' title='bbox 3408 4298 3465 4345; x_wconf 90' lang='lat' dir='ltr'><strong>in</strong></span> <span class='ocrx_word' id='word_1_612' title='bbox 3522 4295 3779 4345; x_wconf 74' lang='grc' dir='ltr'><strong>ειποηια</strong></span> 
     </span>
    </p>
   </div>
   <div class='ocr_carea' id='block_1_88' title="bbox 2189 4291 3779 4351">
    <p class='ocr_par' dir='ltr' id='par_1_88' title="bbox 2189 4291 3779 4351">
     <span class='ocr_line' id='line_1_89' title="bbox 2189 4291 3779 4351; baseline 0.002 -6"><span class='ocrx_word' id='word_1_613' title='bbox 2189 4291 2293 4346; x_wconf 89' lang='lat' dir='ltr'><strong>iste</strong></span> <span class='ocrx_word' id='word_1_614' title='bbox 2354 4291 2507 4348; x_wconf 84' lang='lat' dir='ltr'><strong>locus</strong></span> <span class='ocrx_word' id='word_1_615' title='bbox 2551 4309 2676 4347; x_wconf 88' lang='lat' dir='ltr'><strong>cum</strong></span> <span class='ocrx_word' id='word_1_616' title='bbox 2748 4294 2842 4348; x_wconf 90' lang='lat' dir='ltr'><strong>illo</strong></span> <span class='ocrx_word' id='word_1_617' title='bbox 2901 4293 3346 4349; x_wconf 83' lang='lat' dir='ltr'><strong>Clementinorum</strong></span> <span class='ocrx_word' id='word_1_618' title='bbox 3408 4298 3465 4351; x_wconf 92' lang='lat' dir='ltr'><strong>in</strong></span> <span class='ocrx_word' id='word_1_619' title='bbox 3505 4291 3779 4350; x_wconf 48' lang='lat' dir='ltr'><strong>&#39;Chr&#39;onici</strong></span> 
     </span>
    </p>
   </div>
   <div class='ocr_carea' id='block_1_89' title="bbox 2189 4361 3781 4436">
    <p class='ocr_par' dir='ltr' id='par_1_89' title="bbox 2189 4361 3781 4436">
     <span class='ocr_line' id='line_1_90' title="bbox 2189 4361 3781 4436; baseline 0.001 -21"><span class='ocrx_word' id='word_1_620' title='bbox 2189 4363 2540 4436; x_wconf 54' lang='lat' dir='ltr'><strong>ékxandrini</strong></span> <span class='ocrx_word' id='word_1_621' title='bbox 2589 4380 2644 4432; x_wconf 85' lang='lat' dir='ltr'><strong>p.</strong></span> <span class='ocrx_word' id='word_1_622' title='bbox 2679 4361 2805 4436; x_wconf 57' lang='lat' dir='ltr'><strong>lii,</strong></span> <span class='ocrx_word' id='word_1_623' title='bbox 2852 4364 3411 4436; x_wconf 41' lang='lat' dir='ltr'><strong>diceturLAssyrios,</strong></span> <span class='ocrx_word' id='word_1_624' title='bbox 3465 4382 3533 4420; x_wconf 86' lang='lat' dir='ltr'><strong>ac</strong></span> <span class='ocrx_word' id='word_1_625' title='bbox 3582 4377 3781 4436; x_wconf 81' lang='lat' dir='ltr'><strong>postea</strong></span> 
     </span>
    </p>
   </div>
   <div class='ocr_carea' id='block_1_90' title="bbox 498 4428 3784 4506">
    <p class='ocr_par' dir='ltr' id='par_1_90' title="bbox 498 4428 3784 4506">
     <span class='ocr_line' id='line_1_91' title="bbox 498 4428 3784 4506; baseline 0.001 -22"><span class='ocrx_word' id='word_1_626' title='bbox 498 4431 840 4506; x_wconf 58' lang='lat' dir='ltr'><strong>Iuronensis</strong></span> <span class='ocrx_word' id='word_1_627' title='bbox 854 4428 1250 4506; x_wconf 76' lang='lat' dir='ltr'><strong>_Histortarum</strong></span> <span class='ocrx_word' id='word_1_628' title='bbox 1440 4443 1643 4506; x_wconf 39' lang='lat' dir='ltr'><strong>hut-33p.</strong></span> <span class='ocrx_word' id='word_1_629' title='bbox 1675 4429 1733 4497; x_wconf 86' lang='lat'><strong>5;</strong></span> <span class='ocrx_word' id='word_1_630' title='bbox 1777 4428 1978 4506; x_wconf 69' lang='lat' dir='ltr'><strong>Suidas</strong></span> <span class='ocrx_word' id='word_1_631' title='bbox 2027 4431 2083 4484; x_wconf 92' lang='lat' dir='ltr'><strong>in</strong></span> <span class='ocrx_word' id='word_1_632' title='bbox 2115 4436 2159 4491; x_wconf 89' lang='lat' dir='ltr'><strong>D</strong></span> <span class='ocrx_word' id='word_1_633' title='bbox 2190 4432 2427 4495; x_wconf 67' lang='lat' dir='ltr'><strong>Gnaeos,</strong></span> <span class='ocrx_word' id='word_1_634' title='bbox 2456 4428 2790 4506; x_wconf 75' lang='lat' dir='ltr'><strong>Nemrodum</strong></span> <span class='ocrx_word' id='word_1_635' title='bbox 2819 4434 3038 4506; x_wconf 86' lang='lat' dir='ltr'><strong>nomine</strong></span> <span class='ocrx_word' id='word_1_636' title='bbox 3070 4433 3193 4487; x_wconf 88' lang='lat' dir='ltr'><strong>Nini</strong></span> <span class='ocrx_word' id='word_1_637' title='bbox 3223 4428 3533 4506; x_wconf 74' lang='lat' dir='ltr'><strong>appellasse</strong></span> <span class='ocrx_word' id='word_1_638' title='bbox 3559 4428 3671 4499; x_wconf 55' lang='lat' dir='ltr'><strong>fex</strong></span> <span class='ocrx_word' id='word_1_639' title='bbox 3713 4451 3784 4491; x_wconf 85' lang='lat' dir='ltr'><strong>eo</strong></span> 
     </span>
    </p>
   </div>
   <div class='ocr_carea' id='block_1_91' title="bbox 498 4495 1937 4570">
    <p class='ocr_par' dir='ltr' id='par_1_91' title="bbox 498 4495 1937 4570">
     <span class='ocr_line' id='line_1_92' title="bbox 498 4495 1937 4570; baseline 0.004 -21"><span class='ocrx_word' id='word_1_640' title='bbox 498 4495 812 4562; x_wconf 83' lang='lat' dir='ltr'><strong>Zoroastre;</strong></span> <span class='ocrx_word' id='word_1_641' title='bbox 846 4500 1157 4560; x_wconf 86' lang='lat' dir='ltr'><strong>Cedrenus,</strong></span> <span class='ocrx_word' id='word_1_642' title='bbox 1192 4515 1245 4569; x_wconf 92' lang='lat' dir='ltr'><strong>p.</strong></span> <span class='ocrx_word' id='word_1_643' title='bbox 1282 4500 1370 4562; x_wconf 77' lang='grc'><strong>15,</strong></span> <span class='ocrx_word' id='word_1_644' title='bbox 1401 4508 1455 4552; x_wconf 89' lang='lat' dir='ltr'><strong>et</strong></span> <span class='ocrx_word' id='word_1_645' title='bbox 1483 4495 1700 4569; x_wconf 67' lang='lat' dir='ltr'><strong>Glyi-as,</strong></span> <span class='ocrx_word' id='word_1_646' title='bbox 1722 4495 1785 4570; x_wconf 24' lang='lat' dir='ltr'><strong>’p.</strong></span> <span class='ocrx_word' id='word_1_647' title='bbox 1815 4500 1937 4555; x_wconf 73' lang='lat'><strong>129.</strong></span> 
     </span>
    </p>
   </div>
   <div class='ocr_carea' id='block_1_92' title="bbox 574 4570 2080 4642">
    <p class='ocr_par' dir='ltr' id='par_1_92' title="bbox 574 4570 2080 4642">
     <span class='ocr_line' id='line_1_93' title="bbox 574 4570 2080 4642; baseline 0.002 -18"><span class='ocrx_word' id='word_1_648' title='bbox 574 4571 686 4642; x_wconf 86' lang='grc'><strong>(10)</strong></span> <span class='ocrx_word' id='word_1_649' title='bbox 726 4571 1034 4642; x_wconf 86' lang='lat' dir='ltr'><strong>Zoroaster,</strong></span> <span class='ocrx_word' id='word_1_650' title='bbox 1078 4570 1175 4642; x_wconf 86' lang='lat' dir='ltr'><strong>hoc</strong></span> <span class='ocrx_word' id='word_1_651' title='bbox 1218 4580 1296 4642; x_wconf 78' lang='lat' dir='ltr'><strong>est</strong></span> <span class='ocrx_word' id='word_1_652' title='bbox 1352 4572 1522 4624; x_wconf 83' lang='lat' dir='ltr'><strong>vivum</strong></span> <span class='ocrx_word' id='word_1_653' title='bbox 1571 4570 1740 4625; x_wconf 82' lang='lat' dir='ltr'><strong>sidus.</strong></span> <span class='ocrx_word' id='word_1_654' title='bbox 1781 4570 2080 4641; x_wconf 86' lang='lat' dir='ltr'><strong>Gregorius</strong></span> 
     </span>
    </p>
   </div>
   <div class='ocr_carea' id='block_1_93' title="bbox 501 4640 2085 4711">
    <p class='ocr_par' dir='ltr' id='par_1_93' title="bbox 501 4640 2085 4711">
     <span class='ocr_line' id='line_1_94' title="bbox 501 4640 2085 4711; baseline 0.001 -16"><span class='ocrx_word' id='word_1_655' title='bbox 501 4640 845 4697; x_wconf 84' lang='lat' dir='ltr'><strong>Turonensis</strong></span> <span class='ocrx_word' id='word_1_656' title='bbox 871 4641 988 4711; x_wconf 87' lang='lat' dir='ltr'><strong>pari</strong></span> <span class='ocrx_word' id='word_1_657' title='bbox 1018 4641 1180 4693; x_wconf 89' lang='lat' dir='ltr'><strong>modo</strong></span> <span class='ocrx_word' id='word_1_658' title='bbox 1215 4640 1629 4711; x_wconf 89' lang='lat' dir='ltr'><strong>iuterpretatu_r,</strong></span> <span class='ocrx_word' id='word_1_659' title='bbox 1678 4640 1925 4694; x_wconf 82' lang='lat' dir='ltr'><strong>viventem</strong></span> <span class='ocrx_word' id='word_1_660' title='bbox 1958 4644 2085 4696; x_wconf 86' lang='lat' dir='ltr'><strong>stel-</strong></span> 
     </span>
    </p>
   </div>
   <div class='ocr_carea' id='block_1_94' title="bbox 501 4709 2084 4782">
    <p class='ocr_par' dir='ltr' id='par_1_94' title="bbox 501 4709 2084 4782">
     <span class='ocr_line' id='line_1_95' title="bbox 501 4709 2084 4782; baseline 0.001 -16"><span class='ocrx_word' id='word_1_661' title='bbox 501 4712 631 4767; x_wconf 92' lang='lat' dir='ltr'><strong>lam.</strong></span> <span class='ocrx_word' id='word_1_662' title='bbox 687 4712 843 4782; x_wconf 83' lang='lat' dir='ltr'><strong>Apud</strong></span> <span class='ocrx_word' id='word_1_663' title='bbox 877 4709 1178 4765; x_wconf 53' lang='lat' dir='ltr'><strong>&#39;Laertium</strong></span> <span class='ocrx_word' id='word_1_664' title='bbox 1228 4719 1424 4782; x_wconf 77' lang='lat' dir='ltr'><strong>autem</strong></span> <span class='ocrx_word' id='word_1_665' title='bbox 1460 4712 1517 4764; x_wconf 92' lang='lat' dir='ltr'><strong>in</strong></span> <span class='ocrx_word' id='word_1_666' title='bbox 1563 4709 1856 4775; x_wconf 71' lang='lat' dir='ltr'><strong>Prommio,</strong></span> <span class='ocrx_word' id='word_1_667' title='bbox 1907 4711 2084 4767; x_wconf 90' lang='lat' dir='ltr'><strong>Dinon</strong></span> 
     </span>
    </p>
   </div>
   <div class='ocr_carea' id='block_1_95' title="bbox 501 4780 2086 4852">
    <p class='ocr_par' dir='ltr' id='par_1_95' title="bbox 501 4780 2086 4852">
     <span class='ocr_line' id='line_1_96' title="bbox 501 4780 2086 4852; baseline -0.001 -15"><span class='ocrx_word' id='word_1_668' title='bbox 501 4780 886 4852; x_wconf 69' lang='lat' dir='ltr'><strong>Historiarum</strong></span> <span class='ocrx_word' id='word_1_669' title='bbox 904 4782 997 4836; x_wconf 89' lang='lat' dir='ltr'><strong>lib.</strong></span> <span class='ocrx_word' id='word_1_670' title='bbox 1030 4798 1062 4835; x_wconf 88' lang='lat' dir='ltr'><strong>v</strong></span> <span class='ocrx_word' id='word_1_671' title='bbox 1101 4800 1113 4834; x_wconf 90' lang='lat'><strong>:</strong></span> <span class='ocrx_word' id='word_1_672' title='bbox 1172 4780 1556 4852; x_wconf 75' lang='grc' dir='ltr'><strong>Ἀστροθύτην,</strong></span> <span class='ocrx_word' id='word_1_673' title='bbox 1608 4794 1877 4852; x_wconf 84' lang='lat' dir='ltr'><strong>astrorum</strong></span> <span class='ocrx_word' id='word_1_674' title='bbox 1916 4785 2086 4836; x_wconf 84' lang='lat' dir='ltr'><strong>sacri-</strong></span> 
     </span>
    </p>
   </div>
   <div class='ocr_carea' id='block_1_96' title="bbox 499 4850 2087 4925">
    <p class='ocr_par' dir='ltr' id='par_1_96' title="bbox 499 4850 2087 4925">
     <span class='ocr_line' id='line_1_97' title="bbox 499 4850 2087 4925; baseline -0.001 -19"><span class='ocrx_word' id='word_1_675' title='bbox 499 4855 749 4925; x_wconf 72' lang='lat' dir='ltr'><strong>ﬁculum.</strong></span> <span class='ocrx_word' id='word_1_676' title='bbox 770 4852 827 4904; x_wconf 83' lang='lat' dir='ltr'><strong>lu</strong></span> <span class='ocrx_word' id='word_1_677' title='bbox 849 4850 1213 4925; x_wconf 79' lang='lat' dir='ltr'><strong>Clemeut_inis_,</strong></span> <span class='ocrx_word' id='word_1_678' title='bbox 1228 4850 1312 4925; x_wconf 33' lang='lat' dir='ltr'><strong>ix,</strong></span> <span class='ocrx_word' id='word_1_679' title='bbox 1336 4851 1369 4905; x_wconf 84' lang='lat'><strong>5</strong></span> <span class='ocrx_word' id='word_1_680' title='bbox 1402 4871 1415 4904; x_wconf 91' lang='lat'>:</span> <span class='ocrx_word' id='word_1_681' title='bbox 1440 4850 1837 4925; x_wconf 48' lang='lat' dir='ltr'><strong>Zoippus-.9139</strong></span> <span class='ocrx_word' id='word_1_682' title='bbox 1860 4852 1952 4925; x_wconf 63' lang='grc' dir='ltr'><strong>διὸι</strong></span> <span class='ocrx_word' id='word_1_683' title='bbox 1966 4855 2087 4925; x_wconf 35' lang='grc' dir='ltr'><strong>’τὴν</strong></span> 
     </span>
    </p>
   </div>
   <div class='ocr_carea' id='block_1_97' title="bbox 497 4920 2086 4994">
    <p class='ocr_par' dir='ltr' id='par_1_97' title="bbox 497 4920 2086 4994">
     <span class='ocr_line' id='line_1_98' title="bbox 497 4920 2086 4994; baseline 0.001 -17"><span class='ocrx_word' id='word_1_684' title='bbox 497 4920 592 4977; x_wconf 57' lang='grc' dir='ltr'><strong>ἑοῦ</strong></span> <span class='ocrx_word' id='word_1_685' title='bbox 624 4923 853 4994; x_wconf 77' lang='grc' dir='ltr'><strong>ἀστέρος</strong></span> <span class='ocrx_word' id='word_1_686' title='bbox 886 4925 1006 4994; x_wconf 61' lang='grc' dir='ltr'><strong>κατ’</strong></span> <span class='ocrx_word' id='word_1_687' title='bbox 1037 4922 1201 4975; x_wconf 83' lang='grc' dir='ltr'><strong>αὐτοῦ</strong></span> <span class='ocrx_word' id='word_1_688' title='bbox 1224 4920 1405 4994; x_wconf 54' lang='lat' dir='ltr'><strong>eam;</strong></span> <span class='ocrx_word' id='word_1_689' title='bbox 1435 4920 1723 4994; x_wconf 65' lang='grc' dir='ltr'><strong>ἐνεχθῆναι</strong></span> <span class='ocrx_word' id='word_1_690' title='bbox 1753 4920 2086 4994; x_wconf 33' lang='grc' dir='ltr'><strong>ῥοήνηΜὶιιο</strong></span> 
     </span>
    </p>
   </div>
   <div class='ocr_carea' id='block_1_98' title="bbox 498 4992 2079 5062">
    <p class='ocr_par' dir='ltr' id='par_1_98' title="bbox 498 4992 2079 5062">
     <span class='ocr_line' id='line_1_99' title="bbox 498 4992 2079 5062; baseline -0.002 -13"><span class='ocrx_word' id='word_1_691' title='bbox 498 4992 857 5049; x_wconf 81' lang='lat' dir='ltr'><strong>recentiores.</strong></span> <span class='ocrx_word' id='word_1_692' title='bbox 897 4993 990 5062; x_wconf 91' lang='lat' dir='ltr'><strong>qui</strong></span> <span class='ocrx_word' id='word_1_693' title='bbox 1036 5007 1187 5046; x_wconf 91' lang='lat' dir='ltr'><strong>more</strong></span> <span class='ocrx_word' id='word_1_694' title='bbox 1220 4992 1490 5061; x_wconf 66' lang='lat' dir='ltr'><strong>majorum</strong></span> <span class='ocrx_word' id='word_1_695' title='bbox 1525 4994 1581 5044; x_wconf 89' lang='lat' dir='ltr'><strong>in</strong></span> <span class='ocrx_word' id='word_1_696' title='bbox 1621 4992 1934 5059; x_wconf 88' lang='lat' dir='ltr'><strong>hujusmodi</strong></span> <span class='ocrx_word' id='word_1_697' title='bbox 1984 5008 2079 5046; x_wconf 87' lang='lat' dir='ltr'><strong>no-</strong></span> 
     </span>
    </p>
   </div>
   <div class='ocr_carea' id='block_1_99' title="bbox 500 5062 2086 5132">
    <p class='ocr_par' dir='ltr' id='par_1_99' title="bbox 500 5062 2086 5132">
     <span class='ocr_line' id='line_1_100' title="bbox 500 5062 2086 5132; baseline -0.001 -15"><span class='ocrx_word' id='word_1_698' title='bbox 500 5064 709 5119; x_wconf 89' lang='lat' dir='ltr'><strong>minum</strong></span> <span class='ocrx_word' id='word_1_699' title='bbox 748 5062 1231 5132; x_wconf 81' lang='lat' dir='ltr'><strong>explicationibus,</strong></span> <span class='ocrx_word' id='word_1_700' title='bbox 1273 5062 1593 5132; x_wconf 10' lang='lat' dir='ltr'><strong>reromnino</strong></span> <span class='ocrx_word' id='word_1_701' title='bbox 1623 5062 2086 5132; x_wconf 81' lang='lat' dir='ltr'><strong>incerta,mirum</strong></span> 
     </span>
    </p>
   </div>
   <div class='ocr_carea' id='block_1_100' title="bbox 498 5131 2090 5204">
    <p class='ocr_par' dir='ltr' id='par_1_100' title="bbox 498 5131 2090 5204">
     <span class='ocr_line' id='line_1_101' title="bbox 498 5131 2090 5204; baseline 0 -17"><span class='ocrx_word' id='word_1_702' title='bbox 498 5142 765 5204; x_wconf 88' lang='lat' dir='ltr'><strong>quantum</strong></span> <span class='ocrx_word' id='word_1_703' title='bbox 802 5131 907 5204; x_wconf 79' lang='lat' dir='ltr'><strong>sibi</strong></span> <span class='ocrx_word' id='word_1_704' title='bbox 937 5134 1274 5201; x_wconf 82' lang='lat' dir='ltr'><strong>indulgeant.</strong></span> <span class='ocrx_word' id='word_1_705' title='bbox 1320 5131 1623 5204; x_wconf 78' lang='lat' dir='ltr'><strong>consulere</strong></span> <span class='ocrx_word' id='word_1_706' title='bbox 1660 5141 1813 5204; x_wconf 62' lang='lat' dir='ltr'><strong>potes</strong></span> <span class='ocrx_word' id='word_1_707' title='bbox 1849 5131 2090 5203; x_wconf 83' lang='lat' dir='ltr'><strong>Scalige-</strong></span> 
     </span>
    </p>
   </div>
   <div class='ocr_carea' id='block_1_101' title="bbox 500 5200 2087 5272">
    <p class='ocr_par' dir='ltr' id='par_1_101' title="bbox 500 5200 2087 5272">
     <span class='ocr_line' id='line_1_102' title="bbox 500 5200 2087 5272; baseline 0.001 -16"><span class='ocrx_word' id='word_1_708' title='bbox 500 5200 623 5259; x_wconf 72' lang='lat' dir='ltr'><strong>rum</strong></span> <span class='ocrx_word' id='word_1_709' title='bbox 673 5206 741 5259; x_wconf 91' lang='lat' dir='ltr'><strong>ad</strong></span> <span class='ocrx_word' id='word_1_710' title='bbox 782 5203 1005 5259; x_wconf 88' lang='lat' dir='ltr'><strong>Eusebii</strong></span> <span class='ocrx_word' id='word_1_711' title='bbox 1060 5200 1484 5272; x_wconf 81' lang='lat' dir='ltr'><strong>Chronologica,</strong></span> <span class='ocrx_word' id='word_1_712' title='bbox 1529 5202 1635 5272; x_wconf 19' lang='lat' dir='ltr'><strong>ubi,</strong></span> <span class='ocrx_word' id='word_1_713' title='bbox 1657 5203 1724 5255; x_wconf 88' lang='lat' dir='ltr'><strong>de</strong></span> <span class='ocrx_word' id='word_1_714' title='bbox 1756 5200 2087 5272; x_wconf 73' lang='lat' dir='ltr'><strong>Zoroastre;</strong></span> 
     </span>
    </p>
   </div>
   <div class='ocr_carea' id='block_1_102' title="bbox 498 5271 2091 5345">
    <p class='ocr_par' dir='ltr' id='par_1_102' title="bbox 498 5271 2091 5345">
     <span class='ocr_line' id='line_1_103' title="bbox 498 5271 2091 5345; baseline 0.003 -21"><span class='ocrx_word' id='word_1_715' title='bbox 498 5276 722 5329; x_wconf 73' lang='lat' dir='ltr'><strong>(lroium</strong></span> <span class='ocrx_word' id='word_1_716' title='bbox 758 5278 811 5329; x_wconf 87' lang='lat' dir='ltr'><strong>in</strong></span> <span class='ocrx_word' id='word_1_717' title='bbox 855 5274 1104 5345; x_wconf 60' lang='lat' dir='ltr'><strong>quaedam</strong></span> <span class='ocrx_word' id='word_1_718' title='bbox 1139 5271 1583 5345; x_wconf 19' lang='lat' dir='ltr'><strong>locaWOrigenis,</strong></span> <span class='ocrx_word' id='word_1_719' title='bbox 1619 5271 1829 5337; x_wconf 78' lang='lat' dir='ltr'><strong>lrenaei,</strong></span> <span class='ocrx_word' id='word_1_720' title='bbox 1872 5271 2091 5345; x_wconf 87' lang='lat' dir='ltr'><strong>Tertul-</strong></span> 
     </span>
    </p>
   </div>
   <div class='ocr_carea' id='block_1_103' title="bbox 501 5344 2087 5415">
    <p class='ocr_par' dir='ltr' id='par_1_103' title="bbox 501 5344 2087 5415">
     <span class='ocr_line' id='line_1_104' title="bbox 501 5344 2087 5415; baseline 0.001 -19"><span class='ocrx_word' id='word_1_721' title='bbox 501 5346 631 5415; x_wconf 75' lang='lat' dir='ltr'><strong>liani</strong></span> <span class='ocrx_word' id='word_1_722' title='bbox 668 5356 723 5401; x_wconf 88' lang='lat' dir='ltr'><strong>et</strong></span> <span class='ocrx_word' id='word_1_723' title='bbox 776 5344 1086 5415; x_wconf 83' lang='lat' dir='ltr'><strong>Epiphanii,</strong></span> <span class='ocrx_word' id='word_1_724' title='bbox 1132 5360 1187 5415; x_wconf 88' lang='lat' dir='ltr'><strong>p.</strong></span> <span class='ocrx_word' id='word_1_725' title='bbox 1232 5344 1339 5415; x_wconf 49' lang='grc' dir='ltr'><strong>51ζ</strong></span> <span class='ocrx_word' id='word_1_726' title='bbox 1375 5344 1633 5412; x_wconf 91' lang='lat' dir='ltr'><strong>illiusque</strong></span> <span class='ocrx_word' id='word_1_727' title='bbox 1684 5344 2087 5415; x_wconf 86' lang='lat' dir='ltr'><strong>antagonistam</strong></span> 
     </span>
    </p>
   </div>
   <div class='ocr_carea' id='block_1_104' title="bbox 502 5413 2089 5486">
    <p class='ocr_par' dir='ltr' id='par_1_104' title="bbox 502 5413 2089 5486">
     <span class='ocr_line' id='line_1_105' title="bbox 502 5413 2089 5486; baseline -0.001 -17"><span class='ocrx_word' id='word_1_728' title='bbox 502 5413 782 5486; x_wconf 72' lang='lat' dir='ltr'><strong>Petaviqu</strong></span> <span class='ocrx_word' id='word_1_729' title='bbox 816 5413 1148 5486; x_wconf 42' lang='lat' dir='ltr'><strong>Appendicis&#39;</strong></span> <span class='ocrx_word' id='word_1_730' title='bbox 1178 5413 1265 5486; x_wconf 49' lang='lat' dir='ltr'><strong>ad</strong></span> <span class='ocrx_word' id='word_1_731' title='bbox 1302 5414 1627 5486; x_wconf 83' lang='lat' dir='ltr'><strong>Synesianas</strong></span> <span class='ocrx_word' id='word_1_732' title='bbox 1663 5424 1817 5486; x_wconf 77' lang='lat' dir='ltr'><strong>notas</strong></span> <span class='ocrx_word' id='word_1_733' title='bbox 1862 5414 2089 5486; x_wconf 66' lang='lat' dir='ltr'><strong>cap._4;</strong></span> 
     </span>
    </p>
   </div>
   <div class='ocr_carea' id='block_1_105' title="bbox 503 5480 2088 5557">
    <p class='ocr_par' dir='ltr' id='par_1_105' title="bbox 503 5480 2088 5557">
     <span class='ocr_line' id='line_1_106' title="bbox 503 5480 2088 5557; baseline -0.001 -19"><span class='ocrx_word' id='word_1_734' title='bbox 503 5480 943 5557; x_wconf 28' lang='lat' dir='ltr'><strong>SalmasiumA&#39;De</strong></span> <span class='ocrx_word' id='word_1_735' title='bbox 984 5486 1169 5557; x_wconf 76' lang='lat' dir='ltr'><strong>lingua</strong></span> <span class='ocrx_word' id='word_1_736' title='bbox 1218 5480 1564 5538; x_wconf 75' lang='lat' dir='ltr'><strong>Hellénistica</strong></span> <span class='ocrx_word' id='word_1_737' title='bbox 1604 5480 1834 5557; x_wconf 47' lang='lat' dir='ltr'><strong>p.568;</strong></span> <span class='ocrx_word' id='word_1_738' title='bbox 1883 5480 1951 5537; x_wconf 70' lang='lat' dir='ltr'><strong>ef</strong></span> <span class='ocrx_word' id='word_1_739' title='bbox 1986 5480 2088 5557; x_wconf 51' lang='lat' dir='ltr'><strong>Bo;</strong></span> 
     </span>
    </p>
   </div>
   <div class='ocr_carea' id='block_1_106' title="bbox 502 5554 2087 5628">
    <p class='ocr_par' dir='ltr' id='par_1_106' title="bbox 502 5554 2087 5628">
     <span class='ocr_line' id='line_1_107' title="bbox 502 5554 2087 5628; baseline -0.001 -19"><span class='ocrx_word' id='word_1_740' title='bbox 502 5556 786 5628; x_wconf 65' lang='lat' dir='ltr'><strong>chartam,</strong></span> <span class='ocrx_word' id='word_1_741' title='bbox 811 5554 1158 5628; x_wconf 51' lang='lat' dir='ltr'><strong>Geograpbia;</strong></span> <span class='ocrx_word' id='word_1_742' title='bbox 1185 5563 1537 5628; x_wconf 73' lang='lat' dir='ltr'><strong>sacrw__parte</strong></span> <span class='ocrx_word' id='word_1_743' title='bbox 1570 5570 1610 5617; x_wconf 88' lang='grc' dir='ltr'><strong>ι,</strong></span> <span class='ocrx_word' id='word_1_744' title='bbox 1646 5554 1742 5628; x_wconf 78' lang='lat' dir='ltr'><strong>li_b.</strong></span> <span class='ocrx_word' id='word_1_745' title='bbox 1776 5570 1849 5613; x_wconf 81' lang='lat' dir='ltr'><strong>iv,</strong></span> <span class='ocrx_word' id='word_1_746' title='bbox 1874 5569 1997 5628; x_wconf 79' lang='lat' dir='ltr'><strong>cap.</strong></span> <span class='ocrx_word' id='word_1_747' title='bbox 2035 5554 2087 5608; x_wconf 89' lang='grc'><strong>1.</strong></span> 
     </span>
    </p>
   </div>
   <div class='ocr_carea' id='block_1_107' title="bbox 507 5623 2087 5699">
    <p class='ocr_par' dir='ltr' id='par_1_107' title="bbox 507 5623 2087 5699">
     <span class='ocr_line' id='line_1_108' title="bbox 507 5623 2087 5699; baseline -0.001 -19"><span class='ocrx_word' id='word_1_748' title='bbox 507 5623 1025 5699; x_wconf 21' lang='grc' dir='ltr'><strong>Υἱόμηβῑμτιιυιηὲιιή</strong></span> <span class='ocrx_word' id='word_1_749' title='bbox 1048 5627 1199 5699; x_wconf 84' lang='lat' dir='ltr'><strong>Hyde</strong></span> <span class='ocrx_word' id='word_1_750' title='bbox 1241 5627 1299 5699; x_wconf 78' lang='lat' dir='ltr'><strong>in</strong></span> <span class='ocrx_word' id='word_1_751' title='bbox 1329 5623 1479 5699; x_wconf 80' lang='lat' dir='ltr'><strong>Hist.</strong></span> <span class='ocrx_word' id='word_1_752' title='bbox 1530 5624 1886 5699; x_wconf 63' lang='lat' dir='ltr'><strong>cet._Per_sar.</strong></span> <span class='ocrx_word' id='word_1_753' title='bbox 1917 5624 2087 5699; x_wconf 60' lang='lat' dir='ltr'><strong>Grati.</strong></span> 
     </span>
    </p>
   </div>
   <div class='ocr_carea' id='block_1_108' title="bbox 576 5694 2087 5769">
    <p class='ocr_par' dir='ltr' id='par_1_108' title="bbox 576 5694 2087 5769">
     <span class='ocr_line' id='line_1_109' title="bbox 576 5694 2087 5769; baseline -0.001 -20"><span class='ocrx_word' id='word_1_754' title='bbox 576 5696 689 5769; x_wconf 73' lang='grc'><strong>(11)</strong></span> <span class='ocrx_word' id='word_1_755' title='bbox 728 5696 1004 5769; x_wconf 84' lang='lat' dir='ltr'><strong>Tanquam</strong></span> <span class='ocrx_word' id='word_1_756' title='bbox 1033 5694 1232 5769; x_wconf 77' lang='lat' dir='ltr'><strong>amicos</strong></span> <span class='ocrx_word' id='word_1_757' title='bbox 1266 5696 1598 5769; x_wconf 56' lang='lat' dir='ltr'><strong>Deiectum.</strong></span> <span class='ocrx_word' id='word_1_758' title='bbox 1634 5694 1690 5747; x_wconf 89' lang='lat' dir='ltr'><strong>In</strong></span> <span class='ocrx_word' id='word_1_759' title='bbox 1722 5694 2087 5769; x_wconf 29' lang='lat' dir='ltr'><strong>plenteuti‘nis.</strong></span> 
     </span>
    </p>
   </div>
   <div class='ocr_carea' id='block_1_109' title="bbox 506 5764 2091 5839">
    <p class='ocr_par' dir='ltr' id='par_1_109' title="bbox 506 5764 2091 5839">
     <span class='ocr_line' id='line_1_110' title="bbox 506 5764 2091 5839; baseline 0 -20"><span class='ocrx_word' id='word_1_760' title='bbox 506 5764 899 5839; x_wconf 58' lang='grc' dir='ltr'><strong>ὡξθεὸφιλεῖξ.</strong></span> <span class='ocrx_word' id='word_1_761' title='bbox 932 5768 1312 5824; x_wconf 80' lang='lat' dir='ltr'><strong>Artemidorus</strong></span> <span class='ocrx_word' id='word_1_762' title='bbox 1339 5767 1433 5821; x_wconf 92' lang='lat' dir='ltr'><strong>lib.</strong></span> <span class='ocrx_word' id='word_1_763' title='bbox 1472 5783 1531 5831; x_wconf 83' lang='grc' dir='ltr'><strong>ιι,</strong></span> <span class='ocrx_word' id='word_1_764' title='bbox 1568 5781 1691 5837; x_wconf 82' lang='lat' dir='ltr'><strong>cap.</strong></span> <span class='ocrx_word' id='word_1_765' title='bbox 1716 5765 1773 5833; x_wconf 88' lang='lat'><strong>8,</strong></span> <span class='ocrx_word' id='word_1_766' title='bbox 1808 5765 1880 5818; x_wconf 86' lang='lat' dir='ltr'><strong>0e</strong></span> <span class='ocrx_word' id='word_1_767' title='bbox 1907 5764 2091 5831; x_wconf 78' lang='lat' dir='ltr'><strong>{ulmi-</strong></span> 
     </span>
    </p>
   </div>
   <div class='ocr_carea' id='block_1_110' title="bbox 2189 4504 3783 4574">
    <p class='ocr_par' dir='ltr' id='par_1_110' title="bbox 2189 4504 3783 4574">
     <span class='ocr_line' id='line_1_111' title="bbox 2189 4504 3783 4574; baseline 0.002 -19"><span class='ocrx_word' id='word_1_768' title='bbox 2189 4511 2370 4574; x_wconf 84' lang='lat' dir='ltr'><strong>autem</strong></span> <span class='ocrx_word' id='word_1_769' title='bbox 2399 4506 2617 4574; x_wconf 87' lang='lat' dir='ltr'><strong>nomine</strong></span> <span class='ocrx_word' id='word_1_770' title='bbox 2645 4504 2852 4557; x_wconf 84' lang='lat' dir='ltr'><strong>dictam</strong></span> <span class='ocrx_word' id='word_1_771' title='bbox 2878 4505 3047 4558; x_wconf 82' lang='lat' dir='ltr'><strong>fuisse</strong></span> <span class='ocrx_word' id='word_1_772' title='bbox 3088 4506 3277 4558; x_wconf 86' lang='lat' dir='ltr'><strong>urbem</strong></span> <span class='ocrx_word' id='word_1_773' title='bbox 3296 4504 3577 4568; x_wconf 43' lang='lat' dir='ltr'><strong>“Niniven,</strong></span> <span class='ocrx_word' id='word_1_774' title='bbox 3610 4521 3783 4574; x_wconf 87' lang='lat' dir='ltr'><strong>quam</strong></span> 
     </span>
    </p>
   </div>
   <div class='ocr_carea' id='block_1_111' title="bbox 2190 4573 2650 4628">
    <p class='ocr_par' dir='ltr' id='par_1_111' title="bbox 2190 4573 2650 4628">
     <span class='ocr_line' id='line_1_112' title="bbox 2190 4573 2650 4628; baseline 0 -2"><span class='ocrx_word' id='word_1_775' title='bbox 2190 4573 2363 4628; x_wconf 83' lang='lat' dir='ltr'><strong>Assur</strong></span> <span class='ocrx_word' id='word_1_776' title='bbox 2388 4573 2650 4628; x_wconf 90' lang='lat' dir='ltr'><strong>condidit.</strong></span> 
     </span>
    </p>
   </div>
   <div class='ocr_carea' id='block_1_112' title="bbox 2263 4643 3787 4714">
    <p class='ocr_par' dir='ltr' id='par_1_112' title="bbox 2263 4643 3787 4714">
     <span class='ocr_line' id='line_1_113' title="bbox 2263 4643 3787 4714; baseline 0.001 -17"><span class='ocrx_word' id='word_1_777' title='bbox 2263 4643 2377 4714; x_wconf 80' lang='grc'><strong>(15)</strong></span> <span class='ocrx_word' id='word_1_778' title='bbox 2416 4643 2574 4714; x_wconf 83' lang='lat' dir='ltr'><strong>Busti</strong></span> <span class='ocrx_word' id='word_1_779' title='bbox 2615 4647 2833 4706; x_wconf 84' lang='lat' dir='ltr'><strong>cineres,</strong></span> <span class='ocrx_word' id='word_1_780' title='bbox 2891 4655 3142 4714; x_wconf 83' lang='lat' dir='ltr'><strong>tanquam</strong></span> <span class='ocrx_word' id='word_1_781' title='bbox 3189 4645 3433 4713; x_wconf 72' lang='lat' dir='ltr'><strong>fulminei</strong></span> <span class='ocrx_word' id='word_1_782' title='bbox 3480 4645 3624 4713; x_wconf 82' lang='lat' dir='ltr'><strong>ignis</strong></span> <span class='ocrx_word' id='word_1_783' title='bbox 3655 4645 3787 4699; x_wconf 83' lang='lat' dir='ltr'><strong>reli-</strong></span> 
     </span>
    </p>
   </div>
   <div class='ocr_carea' id='block_1_113' title="bbox 2189 4713 3785 4785">
    <p class='ocr_par' dir='ltr' id='par_1_113' title="bbox 2189 4713 3785 4785">
     <span class='ocr_line' id='line_1_114' title="bbox 2189 4713 3785 4785; baseline 0.001 -18"><span class='ocrx_word' id='word_1_784' title='bbox 2189 4715 2365 4783; x_wconf 85' lang='lat' dir='ltr'><strong>quias,</strong></span> <span class='ocrx_word' id='word_1_785' title='bbox 2402 4722 2509 4785; x_wconf 80' lang='lat' dir='ltr'><strong>etc.</strong></span> <span class='ocrx_word' id='word_1_786' title='bbox 2542 4713 2617 4769; x_wconf 90' lang='lat' dir='ltr'><strong>De</strong></span> <span class='ocrx_word' id='word_1_787' title='bbox 2650 4713 3043 4785; x_wconf 82' lang='lat' dir='ltr'><strong>superstitione</strong></span> <span class='ocrx_word' id='word_1_788' title='bbox 3081 4715 3374 4770; x_wconf 87' lang='lat' dir='ltr'><strong>Persarum</strong></span> <span class='ocrx_word' id='word_1_789' title='bbox 3405 4730 3538 4783; x_wconf 79' lang='lat' dir='ltr'><strong>erga</strong></span> <span class='ocrx_word' id='word_1_790' title='bbox 3569 4714 3785 4785; x_wconf 71' lang='lat' dir='ltr'><strong>Zoroa-</strong></span> 
     </span>
    </p>
   </div>
   <div class='ocr_carea' id='block_1_114' title="bbox 2191 4784 3789 4855">
    <p class='ocr_par' dir='ltr' id='par_1_114' title="bbox 2191 4784 3789 4855">
     <span class='ocr_line' id='line_1_115' title="bbox 2191 4784 3789 4855; baseline 0 -17"><span class='ocrx_word' id='word_1_791' title='bbox 2191 4785 2325 4838; x_wconf 88' lang='lat' dir='ltr'><strong>stris</strong></span> <span class='ocrx_word' id='word_1_792' title='bbox 2351 4784 2611 4853; x_wconf 82' lang='lat' dir='ltr'><strong>reliquias</strong></span> <span class='ocrx_word' id='word_1_793' title='bbox 2641 4794 2693 4839; x_wconf 86' lang='lat' dir='ltr'><strong>et</strong></span> <span class='ocrx_word' id='word_1_794' title='bbox 2718 4789 2895 4855; x_wconf 88' lang='lat' dir='ltr'><strong>ignem</strong></span> <span class='ocrx_word' id='word_1_795' title='bbox 2929 4801 2959 4839; x_wconf 90' lang='lat' dir='ltr'><strong>e</strong></span> <span class='ocrx_word' id='word_1_796' title='bbox 2994 4788 3137 4839; x_wconf 66' lang='lat' dir='ltr'><strong>caelo</strong></span> <span class='ocrx_word' id='word_1_797' title='bbox 3164 4786 3401 4855; x_wconf 85' lang='lat' dir='ltr'><strong>lapsum,</strong></span> <span class='ocrx_word' id='word_1_798' title='bbox 3441 4793 3646 4854; x_wconf 58' lang='lat' dir='ltr'><strong>prater</strong></span> <span class='ocrx_word' id='word_1_799' title='bbox 3684 4784 3789 4838; x_wconf 73' lang='lat' dir='ltr'><strong>Ite-</strong></span> 
     </span>
    </p>
   </div>
   <div class='ocr_carea' id='block_1_115' title="bbox 2191 4855 3788 4925">
    <p class='ocr_par' dir='ltr' id='par_1_115' title="bbox 2191 4855 3788 4925">
     <span class='ocr_line' id='line_1_116' title="bbox 2191 4855 3788 4925; baseline 0 -19"><span class='ocrx_word' id='word_1_800' title='bbox 2191 4855 2512 4925; x_wconf 74' lang='lat' dir='ltr'><strong>cognitiones</strong></span> <span class='ocrx_word' id='word_1_801' title='bbox 2556 4865 2623 4925; x_wconf 76' lang='lat' dir='ltr'><strong>ct</strong></span> <span class='ocrx_word' id='word_1_802' title='bbox 2679 4855 3024 4918; x_wconf 82' lang='lat' dir='ltr'><strong>Clementina,</strong></span> <span class='ocrx_word' id='word_1_803' title='bbox 3067 4855 3387 4911; x_wconf 88' lang='lat' dir='ltr'><strong>Chronicum</strong></span> <span class='ocrx_word' id='word_1_804' title='bbox 3451 4855 3788 4917; x_wconf 61' lang='grc' dir='ltr'><strong>Αιεωηάινη</strong></span> 
     </span>
    </p>
   </div>
   <div class='ocr_carea' id='block_1_116' title="bbox 2194 4924 3784 4994">
    <p class='ocr_par' dir='ltr' id='par_1_116' title="bbox 2194 4924 3784 4994">
     <span class='ocr_line' id='line_1_117' title="bbox 2194 4924 3784 4994; baseline -0.001 -15"><span class='ocrx_word' id='word_1_805' title='bbox 2194 4924 2365 4994; x_wconf 27' lang='grc' dir='ltr'><strong>ι).ί88,</strong></span> <span class='ocrx_word' id='word_1_806' title='bbox 2397 4924 2497 4989; x_wconf 76' lang='grc'><strong>9.1;</strong></span> <span class='ocrx_word' id='word_1_807' title='bbox 2547 4924 2745 4980; x_wconf 88' lang='lat' dir='ltr'><strong>Suidas</strong></span> <span class='ocrx_word' id='word_1_808' title='bbox 2787 4927 2840 4979; x_wconf 90' lang='lat' dir='ltr'><strong>in</strong></span> <span class='ocrx_word' id='word_1_809' title='bbox 2886 4925 3206 4989; x_wconf 83' lang='lat' dir='ltr'><strong>Zoroastre;</strong></span> <span class='ocrx_word' id='word_1_810' title='bbox 3237 4926 3550 4985; x_wconf 80' lang='lat' dir='ltr'><strong>Cedrenus,</strong></span> <span class='ocrx_word' id='word_1_811' title='bbox 3585 4941 3640 4994; x_wconf 85' lang='lat' dir='ltr'><strong>p.</strong></span> <span class='ocrx_word' id='word_1_812' title='bbox 3689 4925 3784 4988; x_wconf 75' lang='grc'><strong>15,</strong></span> 
     </span>
    </p>
   </div>
   <div class='ocr_carea' id='block_1_117' title="bbox 2192 4994 3784 5065">
    <p class='ocr_par' dir='ltr' id='par_1_117' title="bbox 2192 4994 3784 5065">
     <span class='ocr_line' id='line_1_118' title="bbox 2192 4994 3784 5065; baseline -0.001 -17"><span class='ocrx_word' id='word_1_813' title='bbox 2192 4997 2295 5061; x_wconf 87' lang='grc'><strong>18;</strong></span> <span class='ocrx_word' id='word_1_814' title='bbox 2329 4995 2547 5065; x_wconf 75' lang='lat' dir='ltr'><strong>Glycas,</strong></span> <span class='ocrx_word' id='word_1_815' title='bbox 2577 5013 2629 5065; x_wconf 89' lang='lat' dir='ltr'><strong>p.</strong></span> <span class='ocrx_word' id='word_1_816' title='bbox 2658 4996 2781 5058; x_wconf 72' lang='lat'><strong>19.9,</strong></span> <span class='ocrx_word' id='word_1_817' title='bbox 2818 4997 2957 5063; x_wconf 69' lang='lat' dir='ltr'><strong>Ml);</strong></span> <span class='ocrx_word' id='word_1_818' title='bbox 2992 4996 3239 5063; x_wconf 85' lang='lat' dir='ltr'><strong>Tzetzes,</strong></span> <span class='ocrx_word' id='word_1_819' title='bbox 3286 4995 3493 5049; x_wconf 86' lang='lat' dir='ltr'><strong>Histor.</strong></span> <span class='ocrx_word' id='word_1_820' title='bbox 3526 4994 3666 5050; x_wconf 75' lang='lat' dir='ltr'><strong>Cliil.</strong></span> <span class='ocrx_word' id='word_1_821' title='bbox 3694 5010 3784 5057; x_wconf 78' lang='grc' dir='ltr'><strong>ιιι,</strong></span> 
     </span>
    </p>
   </div>
   <div class='ocr_carea' id='block_1_118' title="bbox 2193 5065 3789 5136">
    <p class='ocr_par' dir='ltr' id='par_1_118' title="bbox 2193 5065 3789 5136">
     <span class='ocr_line' id='line_1_119' title="bbox 2193 5065 3789 5136; baseline -0.001 -19"><span class='ocrx_word' id='word_1_822' title='bbox 2193 5065 2439 5135; x_wconf 70' lang='grc' dir='ltr'><strong>σειρ.]66;</strong></span> <span class='ocrx_word' id='word_1_823' title='bbox 2465 5074 2519 5119; x_wconf 89' lang='lat' dir='ltr'><strong>et</strong></span> <span class='ocrx_word' id='word_1_824' title='bbox 2551 5068 2870 5121; x_wconf 82' lang='lat' dir='ltr'><strong>Ammianus</strong></span> <span class='ocrx_word' id='word_1_825' title='bbox 2894 5066 3263 5130; x_wconf 79' lang='lat' dir='ltr'><strong>Marcellinus,</strong></span> <span class='ocrx_word' id='word_1_826' title='bbox 3287 5066 3481 5121; x_wconf 78' lang='lat' dir='ltr'><strong>Rerum</strong></span> <span class='ocrx_word' id='word_1_827' title='bbox 3512 5075 3789 5136; x_wconf 71' lang='lat' dir='ltr'><strong>gestarum</strong></span> 
     </span>
    </p>
   </div>
   <div class='ocr_carea' id='block_1_119' title="bbox 2195 5136 3135 5206">
    <p class='ocr_par' dir='ltr' id='par_1_119' title="bbox 2195 5136 3135 5206">
     <span class='ocr_line' id='line_1_120' title="bbox 2195 5136 3135 5206; baseline 0.002 -17"><span class='ocrx_word' id='word_1_828' title='bbox 2195 5137 2291 5190; x_wconf 89' lang='lat' dir='ltr'><strong>lib.</strong></span> <span class='ocrx_word' id='word_1_829' title='bbox 2317 5153 2475 5200; x_wconf 67' lang='grc' dir='ltr'><strong>χχιιι,</strong></span> <span class='ocrx_word' id='word_1_830' title='bbox 2508 5138 2641 5191; x_wconf 87' lang='lat' dir='ltr'><strong>edit.</strong></span> <span class='ocrx_word' id='word_1_831' title='bbox 2676 5136 2887 5197; x_wconf 82' lang='lat' dir='ltr'><strong>Vales.,</strong></span> <span class='ocrx_word' id='word_1_832' title='bbox 2923 5152 2977 5206; x_wconf 87' lang='lat' dir='ltr'><strong>p.</strong></span> <span class='ocrx_word' id='word_1_833' title='bbox 3009 5136 3135 5206; x_wconf 69' lang='grc'><strong>255.</strong></span> 
     </span>
    </p>
   </div>
   <div class='ocr_carea' id='block_1_120' title="bbox 2268 5205 3783 5277">
    <p class='ocr_par' dir='ltr' id='par_1_120' title="bbox 2268 5205 3783 5277">
     <span class='ocr_line' id='line_1_121' title="bbox 2268 5205 3783 5277; baseline -0.001 -18"><span class='ocrx_word' id='word_1_834' title='bbox 2268 5206 2378 5277; x_wconf 64' lang='grc'><strong>(14)</strong></span> <span class='ocrx_word' id='word_1_835' title='bbox 2421 5207 2597 5277; x_wconf 61' lang='lat' dir='ltr'><strong>Simili</strong></span> <span class='ocrx_word' id='word_1_836' title='bbox 2626 5208 2881 5274; x_wconf 75' lang='lat' dir='ltr'><strong>exemplo,</strong></span> <span class='ocrx_word' id='word_1_837' title='bbox 2911 5205 3016 5261; x_wconf 85' lang='lat' dir='ltr'><strong>etc.</strong></span> <span class='ocrx_word' id='word_1_838' title='bbox 3041 5205 3351 5277; x_wconf 73' lang='lat' dir='ltr'><strong>Victorinus</strong></span> <span class='ocrx_word' id='word_1_839' title='bbox 3383 5206 3783 5267; x_wconf 81' lang='lat' dir='ltr'><strong>Massiliensis,</strong></span> 
     </span>
    </p>
   </div>
   <div class='ocr_carea' id='block_1_121' title="bbox 2195 5275 3791 5338">
    <p class='ocr_par' dir='ltr' id='par_1_121' title="bbox 2195 5275 3791 5338">
     <span class='ocr_line' id='line_1_122' title="bbox 2195 5275 3791 5338; baseline 0 -9"><span class='ocrx_word' id='word_1_840' title='bbox 2195 5277 2290 5330; x_wconf 89' lang='lat' dir='ltr'><strong>lih.</strong></span> <span class='ocrx_word' id='word_1_841' title='bbox 2356 5275 2413 5329; x_wconf 82' lang='grc' dir='ltr'><strong>ιιι</strong></span> <span class='ocrx_word' id='word_1_842' title='bbox 2457 5275 2968 5330; x_wconf 86' lang='lat' dir='ltr'><strong>Commentariorum</strong></span> <span class='ocrx_word' id='word_1_843' title='bbox 3007 5279 3061 5329; x_wconf 87' lang='lat' dir='ltr'><strong>in</strong></span> <span class='ocrx_word' id='word_1_844' title='bbox 3107 5275 3367 5338; x_wconf 76' lang='lat' dir='ltr'><strong>Genesim,</strong></span> <span class='ocrx_word' id='word_1_845' title='bbox 3425 5293 3454 5329; x_wconf 93' lang='lat' dir='ltr'><strong>a</strong></span> <span class='ocrx_word' id='word_1_846' title='bbox 3510 5276 3791 5330; x_wconf 80' lang='lat' dir='ltr'><strong>Nemrodo</strong></span> 
     </span>
    </p>
   </div>
   <div class='ocr_carea' id='block_1_122' title="bbox 2198 5346 3789 5412">
    <p class='ocr_par' dir='ltr' id='par_1_122' title="bbox 2198 5346 3789 5412">
     <span class='ocr_line' id='line_1_123' title="bbox 2198 5346 3789 5412; baseline 0 -13"><span class='ocrx_word' id='word_1_847' title='bbox 2198 5346 2369 5400; x_wconf 84' lang='lat' dir='ltr'><strong>lilium</strong></span> <span class='ocrx_word' id='word_1_848' title='bbox 2394 5348 2615 5399; x_wconf 90' lang='lat' dir='ltr'><strong>unicum</strong></span> <span class='ocrx_word' id='word_1_849' title='bbox 2648 5349 2934 5409; x_wconf 85' lang='lat' dir='ltr'><strong>amissum,</strong></span> <span class='ocrx_word' id='word_1_850' title='bbox 2978 5355 3182 5412; x_wconf 85' lang='lat' dir='ltr'><strong>statua,</strong></span> <span class='ocrx_word' id='word_1_851' title='bbox 3213 5348 3326 5400; x_wconf 88' lang='lat' dir='ltr'><strong>aris</strong></span> <span class='ocrx_word' id='word_1_852' title='bbox 3357 5355 3415 5401; x_wconf 90' lang='lat' dir='ltr'><strong>et</strong></span> <span class='ocrx_word' id='word_1_853' title='bbox 3439 5347 3649 5401; x_wconf 80' lang='lat' dir='ltr'><strong>divinis</strong></span> <span class='ocrx_word' id='word_1_854' title='bbox 3680 5348 3789 5399; x_wconf 52' lang='lat' dir='ltr'><strong>ho.</strong></span> 
     </span>
    </p>
   </div>
   <div class='ocr_carea' id='block_1_123' title="bbox 2197 5417 3111 5472">
    <p class='ocr_par' dir='ltr' id='par_1_123' title="bbox 2197 5417 3111 5472">
     <span class='ocr_line' id='line_1_124' title="bbox 2197 5417 3111 5472; baseline 0.001 -2"><span class='ocrx_word' id='word_1_855' title='bbox 2197 5418 2425 5471; x_wconf 80' lang='lat' dir='ltr'><strong>nuribus</strong></span> <span class='ocrx_word' id='word_1_856' title='bbox 2451 5417 2714 5470; x_wconf 87' lang='lat' dir='ltr'><strong>donatum</strong></span> <span class='ocrx_word' id='word_1_857' title='bbox 2742 5418 2912 5472; x_wconf 86' lang='lat' dir='ltr'><strong>fuisse</strong></span> <span class='ocrx_word' id='word_1_858' title='bbox 2941 5419 3111 5472; x_wconf 89' lang='lat' dir='ltr'><strong>canit.</strong></span> 
     </span>
    </p>
   </div>
   <div class='ocr_carea' id='block_1_124' title="bbox 2269 5485 3791 5556">
    <p class='ocr_par' dir='ltr' id='par_1_124' title="bbox 2269 5485 3791 5556">
     <span class='ocr_line' id='line_1_125' title="bbox 2269 5485 3791 5556; baseline -0.001 -15"><span class='ocrx_word' id='word_1_859' title='bbox 2269 5488 2381 5556; x_wconf 82' lang='grc'><strong>(15)</strong></span> <span class='ocrx_word' id='word_1_860' title='bbox 2420 5487 2702 5555; x_wconf 78' lang='lat' dir='ltr'><strong>Sacriﬁcia</strong></span> <span class='ocrx_word' id='word_1_861' title='bbox 2752 5488 3045 5541; x_wconf 84' lang='lat' dir='ltr'><strong>instituere.</strong></span> <span class='ocrx_word' id='word_1_862' title='bbox 3068 5486 3344 5556; x_wconf 72' lang='lat' dir='ltr'><strong>_Bidicule</strong></span> <span class='ocrx_word' id='word_1_863' title='bbox 3399 5487 3455 5540; x_wconf 91' lang='lat' dir='ltr'><strong>in</strong></span> <span class='ocrx_word' id='word_1_864' title='bbox 3509 5485 3791 5556; x_wconf 81' lang='lat' dir='ltr'><strong>Cedreno.</strong></span> 
     </span>
    </p>
   </div>
   <div class='ocr_carea' id='block_1_125' title="bbox 2196 5551 3795 5627">
    <p class='ocr_par' dir='ltr' id='par_1_125' title="bbox 2196 5551 3795 5627">
     <span class='ocr_line' id='line_1_126' title="bbox 2196 5551 3795 5627; baseline -0.001 -16"><span class='ocrx_word' id='word_1_865' title='bbox 2196 5551 2288 5611; x_wconf 87' lang='lat' dir='ltr'><strong>ubi</strong></span> <span class='ocrx_word' id='word_1_866' title='bbox 2316 5551 2382 5612; x_wconf 83' lang='lat' dir='ltr'><strong>de</strong></span> <span class='ocrx_word' id='word_1_867' title='bbox 2407 5551 2669 5626; x_wconf 70' lang='lat' dir='ltr'><strong>Cecrope.</strong></span> <span class='ocrx_word' id='word_1_868' title='bbox 2690 5557 3006 5619; x_wconf 86' lang='lat' dir='ltr'><strong>ediderunt,</strong></span> <span class='ocrx_word' id='word_1_869' title='bbox 3037 5551 3190 5619; x_wconf 72' lang='grc' dir='ltr'>οὗτος</span> <span class='ocrx_word' id='word_1_870' title='bbox 3219 5557 3436 5627; x_wconf 77' lang='grc' dir='ltr'>πρῶτος</span> <span class='ocrx_word' id='word_1_871' title='bbox 3467 5556 3599 5627; x_wconf 74' lang='grc' dir='ltr'><strong>βοῦν</strong></span> <span class='ocrx_word' id='word_1_872' title='bbox 3624 5555 3795 5627; x_wconf 55' lang='grc' dir='ltr'><strong>ἐθαύ-</strong></span> 
     </span>
    </p>
   </div>
   <div class='ocr_carea' id='block_1_126' title="bbox 2200 5625 3794 5751">
    <p class='ocr_par' dir='ltr' id='par_1_126' title="bbox 2200 5625 3794 5751">
     <span class='ocr_line' id='line_1_127' title="bbox 2200 5625 3794 5751; baseline 0.001 -72"><span class='ocrx_word' id='word_1_873' title='bbox 2200 5645 2361 5751; x_wconf 54' lang='grc' dir='ltr'><strong>ξιμσε,</strong></span> <span class='ocrx_word' id='word_1_874' title='bbox 2394 5644 2492 5751; x_wconf 62' lang='grc' dir='ltr'><strong>ρὸο</strong></span> <span class='ocrx_word' id='word_1_875' title='bbox 2519 5625 2794 5692; x_wconf 65' lang='lat' dir='ltr'><strong>sonuisse,</strong></span> <span class='ocrx_word' id='word_1_876' title='bbox 2825 5628 2914 5684; x_wconf 85' lang='lat' dir='ltr'><strong>vel</strong></span> <span class='ocrx_word' id='word_1_877' title='bbox 2943 5625 3404 5698; x_wconf 85' lang='lat' dir='ltr'><strong>quemadmodum</strong></span> <span class='ocrx_word' id='word_1_878' title='bbox 3436 5625 3585 5698; x_wconf 84' lang='lat' dir='ltr'><strong>apud</strong></span> <span class='ocrx_word' id='word_1_879' title='bbox 3621 5625 3794 5681; x_wconf 80' lang='lat' dir='ltr'><strong>Euse-</strong></span> 
     </span>
     <span class='ocr_line' id='line_1_128' title="bbox 2221 5714 2569 5751; baseline -0.003 0"><span class='ocrx_word' id='word_1_880' title='bbox 2221 5714 2369 5751; x_wconf 84' lang='lat' dir='ltr'><strong>num.</strong></span> <span class='ocrx_word' id='word_1_881' title='bbox 2394 5715 2419 5750; x_wconf 84' lang='grc' dir='ltr'>ε</span> <span class='ocrx_word' id='word_1_882' title='bbox 2456 5715 2569 5751; x_wconf 79' lang='grc' dir='ltr'><strong>υσε.</strong></span> 
     </span>
    </p>
   </div>
   <div class='ocr_carea' id='block_1_127' title="bbox 2199 5699 2569 5762">
    <p class='ocr_par' dir='ltr' id='par_1_127' title="bbox 2199 5699 2569 5762">
     <span class='ocr_line' id='line_1_129' title="bbox 2199 5699 2569 5762; baseline -0.005 -10"><span class='ocrx_word' id='word_1_883' title='bbox 2199 5701 2369 5762; x_wconf 83' lang='lat' dir='ltr'><strong>bium,</strong></span> <span class='ocrx_word' id='word_1_884' title='bbox 2394 5699 2569 5751; x_wconf 78' lang='grc' dir='ltr'>ἔθυσε.</span> 
     </span>
    </p>
   </div>
  </div>
