3848 6286
191 343 309 398 1529

190 461 403 517 cuntur,
441 451 655 519 adjutis,
693 450 884 519 religio
914 448 1005 502 Dei
1045 463 1161 516 quae
1185 462 1277 517 per
1306 449 1682 501 continentiam
1712 454 1754 509 Α

190 542 609 606 sobrietatemque
645 542 945 600 constabat,
977 552 1249 592 rarescere
1280 537 1417 591 inter
1440 537 1681 591 homines

188 641 330 700 atque
350 629 543 682 aboleri
570 628 944 696 propemodum
977 628 1154 693 cmpit.

247 716 420 771 XXXI.
458 715 589 770 Nam
631 731 751 769 cum
792 732 856 769 ex
905 716 1060 769 initio
1100 716 1363 776 homines,
1403 723 1583 785 utpote
1604 716 1687 784 ju-

187 817 312 864 stum
338 813 388 859 et
413 804 589 858 omnia
642 811 980 857 contuentem
1025 804 1185 857 Deum
1232 806 1488 867 colentes,
1514 822 1686 875 neque

186 910 385 965 peccare
415 894 671 946 auderent
704 908 876 960 neque
920 894 1165 961 injuriam
1225 892 1398 947 facere
1431 895 1686 962 proximis

184 981 304 1041 suis,
356 979 486 1033 certi
533 980 673 1046 quod
732 981 1151 1047 uniuscujusque
1195 989 1348 1036 actus
1403 989 1456 1035 et
1510 990 1686 1037 motus

181 1069 427 1136 aspiceret
454 1067 593 1121 Deus
624 1086 638 1122 :
665 1070 753 1122 ubi
785 1070 1055 1138 religionis
1100 1071 1275 1124 cultus
1310 1072 1374 1124 ad
1400 1072 1685 1126 simulacra

181 1158 404 1211 exanima
446 1172 738 1213 conversus
779 1168 882 1222 est,
926 1168 1178 1228 tanquam
1214 1160 1281 1214 de
1324 1162 1519 1230 quibus
1556 1166 1686 1217 certi

180 1254 362 1308 essent,
392 1246 534 1314 quod
565 1262 740 1314 neque
775 1247 1015 1301 viderent
1051 1265 1223 1317 neque
1250 1252 1491 1304 audirent
1518 1268 1689 1321 neque

181 1342 505 1387 moverentur
538 1336 591 1387 in
619 1336 821 1404 aliquo,
861 1336 1083 1390 licenter
1125 1352 1343 1405 peccare
1371 1346 1423 1391 et
1449 1339 1499 1391 in
1533 1355 1688 1394 omne

180 1424 370 1479 facinus
406 1426 653 1493 progredi
699 1440 927 1493 carpere,
960 1427 1154 1495 quippe
1181 1428 1271 1495 qui
1302 1429 1434 1480 nihil
1472 1432 1576 1497 pati
1601 1446 1689 1483 ve-

179 1523 407 1569 rerentur
431 1515 497 1567 ab
530 1515 615 1568 his
644 1529 783 1581 quos
821 1514 1064 1568 colebant
1096 1522 1155 1567 ut
1177 1516 1326 1570 deos.
1364 1516 1502 1569 Hinc
1523 1518 1689 1571 bello-

180 1621 287 1659 rum
337 1605 511 1658 rabies
556 1604 779 1665 exarsit,
827 1603 950 1657 hinc
981 1604 1190 1671 praedm.
1219 1606 1434 1673 rapina),
1466 1608 1686 1675 captivi-

177 1699 320 1753 tates,
345 1700 394 1745 et
418 1691 636 1745 libertas
666 1690 720 1743 in
742 1690 1054 1745 servitutem
1088 1692 1323 1755 redacta,
1357 1702 1516 1762 prout
1543 1696 1689 1763 quis-

177 1796 268 1848 que
304 1780 473 1849 potuit
540 1779 753 1832 libidini
800 1788 854 1832 et
899 1780 1175 1848 cupiditati
1235 1798 1346 1835 sum
1401 1785 1685 1848 satisfecit,

176 1869 403 1936 quamvis
420 1867 734 1922 satisfacere
764 1870 1038 1937 cupiditati
1075 1870 1218 1922 nulla
1248 1872 1328 1924 vis
1357 1874 1543 1939 possit.
1573 1874 1690 1927 Sic-

177 1965 227 2010 ut
254 1958 388 2011 enim
425 1958 566 2027 ignis
593 1967 795 2025 quanto
818 1960 985 2026 magis
1028 1959 1170 2028 ligna
1223 1963 1509 2030 acceperit,
1540 1971 1690 2017 tanto

175 2050 391 2117 amplius
437 2050 755 2103 accenditur
782 2059 834 2103 et
854 2050 1159 2113 invalescit,
1198 2053 1269 2105 ita
1296 2061 1349 2106 et
1382 2055 1689 2122 cupiditatis

174 2139 354 2201 rabies,
388 2155 482 2207 per
508 2154 571 2193 ea
608 2154 730 2208 quae
757 2139 1084 2207 adipiscitur,
1115 2144 1319 2196 auctior
1338 2151 1392 2197 et
1411 2144 1690 2198 vehemen~

174 2228 268 2281 tior
293 2226 534 2281 efﬁcitur.

233 2314 434 2371 XXXII.
473 2315 705 2385 Propter
727 2314 866 2385 quod
886 2314 1103 2383 incipite
1120 2315 1230 2384 jam
1251 2317 1468 2371 meliore
1490 2317 1690 2372 intelle-

174 2410 255 2456 ctu
302 2405 697 2474 vobismetipsis
742 2406 992 2459 resistere
1038 2407 1091 2458 in
1126 2405 1208 2458 his
1250 2421 1367 2472 quae
1398 2421 1505 2459 non
1544 2414 1689 2461 recte

176 2492 378 2559 cupitis,
407 2494 451 2547 si
476 2509 583 2562 quo
614 2495 753 2547 forte
780 2495 938 2546 modo
987 2508 1235 2562 reparare
1260 2494 1311 2546 in
1336 2495 1489 2549 vobis
1518 2509 1580 2548 ac
1605 2510 1697 2552 rec

176 2582 383 2638 stituere
428 2583 648 2653 possitis
694 2584 859 2647 illam,
891 2598 1008 2654 qua:
1045 2598 1110 2638 ex
1134 2584 1285 2637 initio
1316 2587 1628 2641 mortalibus
1658 2602 1687 2641 a

175 2671 273 2726 Deo
304 2674 491 2727 tradita
520 2683 622 2737 est,
670 2675 942 2743 religionis
976 2675 1258 2742 puritatem
1290 2684 1341 2728 et
1371 2677 1688 2729 inocentiam

175 2762 304 2826 vitae,
329 2772 384 2815 ut
420 2779 517 2832 per
557 2779 675 2817 eam
722 2765 874 2817 vobis
910 2766 1068 2818 etiam
1111 2779 1232 2832 spes
1283 2766 1541 2819 bonorum
1589 2766 1689 2817 im-

174 2852 467 2905 mortalium
521 2860 849 2922 reparetur;
895 2860 949 2907 et
989 2853 1159 2921 agatis
1208 2853 1404 2922 gratias
1451 2854 1687 2922 largitori

175 2940 397 2993 omnium
434 2943 592 3010 patri,
619 2957 715 3010 per
728 2957 848 2995 eum
875 2957 1030 3011 quem
1058 2943 1237 3011 posuit
1262 2958 1435 3010 regem
1460 2943 1605 3011 pacis
1634 2950 1687 2997 et

174 3028 466 3082 thesaurum
518 3030 865 3084 ineffabilium
917 3030 1199 3090 bonorum,
1238 3038 1295 3082 ut
1338 3031 1391 3082 in
1439 3030 1683 3097 praesenti
1713 3054 1753 3109 ο

170 3116 370 3182 quidem
455 3126 700 3188 tempore
764 3119 1036 3171 diluantur
1095 3126 1309 3186 peccata
1364 3128 1540 3172 vestra
1597 3134 1691 3186 per

169 3216 347 3271 aquam
401 3205 587 3267 fontis,
646 3214 737 3258 aut
782 3205 1036 3267 fluminis,
1071 3213 1161 3258 aut
1198 3207 1354 3259 etiam
1394 3205 1574 3270 maris,
1609 3206 1692 3258 in-

170 3302 349 3347 vocato
382 3311 542 3363 super
571 3311 673 3349 vos
695 3295 833 3348 trino
860 3295 1203 3351 beatitudinis
1249 3296 1481 3358 nomine,
1512 3306 1569 3349 ut
1598 3312 1694 3365 per

170 3382 261 3436 hoc
292 3400 397 3437 non
428 3387 605 3438 solum
640 3385 904 3453 fugentur,
937 3386 982 3439 si
1019 3386 1158 3439 intra
1192 3402 1286 3441 vos
1317 3387 1556 3440 habitant
1584 3389 1692 3456 Spi-

170 3473 297 3527 ritus
360 3474 604 3541 maligni,
670 3490 851 3527 verum
905 3475 1064 3528 etiam
1112 3491 1233 3529 cum
1289 3478 1605 3531 destiteritis
1661 3492 1691 3530 a

169 3562 416 3627 peccatis,
443 3572 497 3615 et
529 3571 641 3615 tota
682 3561 781 3616 fide
817 3570 1033 3632 totaque
1079 3567 1271 3620 mentis
1323 3568 1555 3634 puritate
1582 3567 1693 3620 Deo

170 3650 522 3714 credideritis,
554 3650 717 3703 etiam
745 3666 807 3703 ex
847 3652 965 3705 aliis
991 3668 1086 3705 vos
1115 3654 1375 3722 malignos
1402 3656 1621 3722 spiritus
1641 3662 1695 3709 et‘

168 3734 429 3792 daemones
471 3737 739 3806 ell‘ugctis.
791 3745 949 3805 atque
978 3754 1007 3790 a
1041 3742 1378 3807 passionibus
1398 3750 1451 3794 et
1481 3743 1696 3811 languo-

170 3829 309 3884 ribus
356 3831 496 3882 alios
550 3828 780 3880 liberare
830 3829 1066 3895 possitis.
1122 3831 1224 3900 Ipsi
1260 3833 1399 3884 enim
1429 3833 1693 3887 daemones

166 3918 338 3971 sciunt
367 3926 422 3972 et
451 3926 752 3987 agnoscunt
796 3932 887 3970 eos
918 3918 1007 3985 qui
1039 3934 1096 3971 se
1128 3920 1446 3973 tradiderint
1474 3920 1609 3988 Deo,
1641 3933 1694 3977 et

165 4005 430 4061 interdum
463 4008 579 4061 sola
613 4020 794 4057 eorum
824 4008 1103 4073 praesentia
1141 4011 1525 4077 propelluntur.
1554 4012 1693 4065 sicut

162 4096 318 4161 paulo
365 4104 493 4150 ante
536 4094 769 4156 vidistis,
809 4097 1076 4163 quomodo
1125 4112 1245 4150 cum
1277 4114 1457 4152 vocem
1488 4108 1693 4153 tantum

162 4186 511 4238 salutationis
560 4182 873 4237 fecissemus
907 4184 971 4237 ad
998 4201 1112 4248 vos,
1147 4189 1400 4242 continuo
1428 4190 1693 4245 daemones

159 4282 378 4341 prOptcr
406 4274 670 4326 honorem
703 4274 972 4342 religionis
1010 4284 1209 4329 nostra:
1255 4278 1556 4333 exclamare
1584 4295 1694 4333 ca:-

1327 333 1874 391 RECOGNITIONUM
1912 336 2037 391 LIB.
2077 335 2165 390 Π.

3174 333 3309 389 I350

1784 450 2005 511 viribus,
2037 458 2212 501 tamen
2233 447 2363 501 dicit
2386 448 2505 500 huic
2530 445 2676 507 vade,
2716 456 2767 497 et
2804 442 2964 509 vadit,
2990 453 3039 498 et
3057 446 3151 498 alii
3171 447 3307 509 veni,

1779 550 1827 590 et
1862 540 2015 599 venit,
2043 547 2090 590 et
2121 537 2212 590 alii
2233 537 2317 605 fac
2345 541 2458 598 hoc,
2492 546 2541 590 et
2572 537 2699 603 facit
2718 537 2783 599 ",
2823 536 2924 589 hoc
2979 544 3157 589 autem
3206 551 3314 604 pom

1780 633 1883 679 test
1912 641 2016 678 non
2050 626 2260 693 propria
2287 625 2500 689 virtute,
2537 625 2631 678 sed
2658 623 2887 678 Caesaris
2909 631 3050 677 metu
3085 642 3099 676 :
3134 625 3207 677 ita
3243 626 3308 678 fl-

1779 711 1912 764 delis
1939 713 2163 779 quisque
2188 713 2518 766 daemonibus
2569 711 2812 781 imperat,
2840 712 3052 766 etiamsi
3079 713 3307 767 videam

1782 804 1871 849 tur
1896 799 1971 851 illi
1996 801 2158 853 multo
2185 814 2307 853 esse
2330 799 2635 853 hominibus
2665 799 2931 862 fortiores,
2962 814 3067 852 non
3092 808 3309 869 propter

1783 901 1933 940 suam
1982 888 2254 950 virtutem,
2313 888 2406 941 sed
2450 896 2666 958 propter
2711 888 2800 942 Dei
2827 890 2920 957 qui
2954 903 3047 942 eos
3078 889 3311 957 subjecit

1782 983 2116 1045 potestatem.
2164 976 2294 1029 Nam
2324 985 2377 1030 et
2406 978 2547 1046 quod
2588 978 2838 1041 diximus,
2863 986 2922 1031 ut
2943 977 3123 1032 Caesar
3165 980 3313 1047 apud

1783 1084 1968 1123 omnes
2020 1069 2214 1123 milites
2250 1075 2303 1123 et
2329 1071 2381 1123 in
2405 1070 2651 1124 omnibus
2678 1071 2873 1125 castris
2900 1081 3057 1139 atque
3083 1071 3137 1123 in
3165 1072 3313 1124 omni

1783 1172 1946 1227 regno
1991 1159 2262 1221 timeatur,
2316 1174 2437 1212 cum
2467 1160 2538 1212 sit
2566 1172 2706 1214 unus
2728 1168 2782 1212 et
2818 1159 3064 1213 fortassis
3085 1158 3315 1227 exiguus

1782 1248 2008 1313 viribus,
2033 1249 2245 1301 nonnisi
2284 1257 2544 1316 potestate
2579 1249 2671 1302 Dei
2717 1251 2910 1319 agitur,
2940 1250 3031 1319 qui
3057 1250 3313 1303 timorem

1784 1336 1873 1389 dat
1901 1336 2148 1389 omnibus
2175 1343 2233 1388 ut
2256 1336 2348 1388 uni
2370 1336 2753 1405 obtemperent.

1852 1425 2085 1479 XXXIV.
2129 1424 2242 1481 Iloc
2265 1443 2393 1483 sane
2427 1428 2566 1481 scire
2590 1440 2688 1479 vos
2718 1426 2965 1480 volumus
3018 1426 3159 1494 quod
3205 1425 3313 1479 dae-

1788 1531 1935 1579 mon,
1968 1518 2070 1570 nisi
2106 1518 2226 1586 quis
2272 1517 2635 1572 voluntatibus
2664 1516 2782 1585 ejus
2809 1530 2869 1570 se
2902 1522 3095 1584 sponte
3130 1515 3317 1570 subdi-

1786 1604 1940 1668 derit,
1971 1613 2285 1674 potestatem
2332 1606 2615 1660 adversum
2657 1605 2924 1658 hominem
2980 1619 3087 1657 non
3130 1604 3308 1660 habet.

1788 1695 1937 1751 Unde
1974 1705 2026 1751 et
2065 1697 2179 1766 ipse
2222 1698 2313 1767 qui
2352 1706 2436 1751 est
2475 1699 2722 1766 princeps
2758 1698 2992 1762 malitiae,
3043 1698 3110 1752 ad
3166 1698 3309 1751 hunc

1787 1802 1943 1856 quem
1997 1786 2228 1863 dirimus
2266 1802 2295 1840 a
2330 1787 2439 1840 Deo
2481 1789 2804 1842 destinatum
2840 1804 3017 1859 regem
3045 1790 3194 1858 pacis
3218 1803 3315 1841 acu

1786 1877 1947 1931 cessit
1975 1884 2205 1939 tentans,
2248 1883 2301 1930 et
2330 1876 2567 1945 polliceri
2596 1878 2642 1929 ei
2656 1878 2816 1946 οωρῆ
2844 1892 3056 1930 omnem
3088 1877 3311 1946 gloriam

1790 1963 1995 2025 mundi,
2032 1964 2173 2032 quod
2197 1978 2317 2017 cum
2347 1964 2466 2017 aliis
2487 1965 2768 2018 obtulisset
2802 1965 3094 2033 decipiendi
3126 1979 3311 2027 causa,

1787 2052 2061 2106 adoratum
2092 2067 2149 2106 se
2178 2061 2414 2106 noverat.
2446 2052 2643 2121 Impius
2664 2061 2716 2105 et
2743 2053 3020 2106 immemor
3048 2054 3150 2119 sui,
3173 2054 3314 2121 quod

1785 2147 1864 2195 est
1897 2140 2168 2209 proprium
2193 2148 2247 2193 et
2274 2140 2506 2208 speciale
2534 2141 2765 2202 malitias,
2806 2141 3135 2195 adorandum
3163 2158 3221 2195 se
3248 2142 3320 2195 ab

1784 2242 1850 2280 eo
1890 2226 2258 2295 praesumebat,
2304 2242 2332 2279 a
2369 2241 2475 2293 quo
2531 2241 2589 2279 se
2641 2234 2861 2279 noverat
2910 2226 3313 2282 destruendum.

1786 2311 2040 2366 Dominus
2068 2328 2194 2385 ergo
2221 2322 2403 2369 noster
2433 2314 2592 2366 unius
2622 2311 2715 2365 Dei
2741 2314 2940 2367 cultum
2964 2316 3317 2377 confirmans,

1784 2403 2056 2472 respondit
2079 2405 2127 2458 ei
2167 2424 2180 2456 :
2209 2404 2468 2471 Scriptum
2496 2414 2571 2457 est
2597 2417 2615 2455 :
2648 2402 2922 2457 Dominum
2980 2404 3139 2457 Deum
3171 2414 3316 2457 tuum

1786 2491 2032 2546 adorabis
2079 2502 2128 2545 et
2179 2493 2260 2545 illi
2308 2494 2407 2546 soli
2460 2495 2642 2547 servies
2666 2495 2755 2555 ης
2807 2509 2912 2562 qua
2966 2494 3316 2562 responsione

1787 2582 2096 2646 deterritus,
2120 2592 2171 2637 et
2205 2589 2446 2636 metuens
2471 2598 2537 2637 ne
2562 2583 2724 2637 unius
2752 2590 2803 2636 et
2832 2584 2941 2638 veri
2972 2583 3063 2637 Dei
3093 2598 3315 2652 repara-

1785 2682 1935 2726 retur
1983 2687 2108 2725 vera
2151 2672 2355 2742 religio,
2410 2671 2626 2726 festinat
2669 2672 2925 2726 continuo
2968 2675 3211 2727 emittere
3260 2672 3316 2725 in

1787 2762 1931 2816 htmc
1970 2762 2225 2815 mundum
2276 2762 2761 2830 pscudoprophetas
2798 2769 2852 2816 et
2893 2762 3317 2832 pseudoaposto-

1786 2848 1864 2903 los
1882 2848 2147 2917 falsosque
2162 2850 2429 2914 doctores,
2461 2850 2551 2918 qui
2568 2850 2668 2903 sub
2690 2850 2903 2905 nomine
2921 2851 3133 2920 quidem
3161 2849 3319 2903 Chri-

1784 2938 1852 2991 sti
1901 2938 2261 3007 loquerentur,
2307 2937 2565 2994 daemonis
2618 2946 2797 2992 autem
2845 2937 3083 2993 facerent
3123 2938 3313 2992 volun-

1785 3035 1969 3081 tatem.

1855 3114 2065 3171 XXXV.
2102 3115 2324 3185 Propter
2344 3116 2485 3187 quod
2515 3118 2792 3173 observate
2819 3119 3050 3181 cautius,
3077 3127 3136 3172 ut
3182 3117 3315 3172 nulli

1788 3206 2068 3259 doctorum
2117 3208 2367 3270 credatis,
2415 3207 2519 3261 nisi
2551 3209 2641 3275 qui
2666 3204 2849 3261 Jacobi
2895 3207 3075 3260 fratris
3105 3205 3315 3261 Domini

1787 3310 1853 3348 ex
1884 3293 2214 3349 Hierusalem
2252 3295 2500 3349 detulerit
2547 3298 2933 3359 testimonium,
2955 3297 3039 3351 vel
3062 3298 3179 3365 ejus
3201 3296 3321 3365 qui-

1788 3399 1997 3452 cunque
2045 3392 2166 3452 post
2217 3385 2391 3452 ipsum
2441 3384 2619 3437 fuerit.
2666 3383 2778 3438 Nisi
2824 3385 2967 3437 enim
3018 3387 3140 3453 quis
3189 3385 3321 3438 illuc

1789 3472 2114 3534 ascenderit,
2155 3481 2207 3524 et
2244 3472 2316 3523 ibi
2370 3471 2529 3525 fuerit
2578 3473 2837 3539 probatus
2869 3472 3010 3541 quod
3042 3475 3109 3527 sit
3134 3473 3325 3528 doctor

1786 3560 2012 3612 idoneus
2039 3568 2090 3611 et
2122 3558 2288 3611 ﬁdelis
2320 3559 2384 3611 ad
2413 3554 2808 3626 prasdicandum
2830 3559 3031 3613 Christi
3060 3562 3276 3615 verbum
3300 3579 3319 3626 ;

1789 3647 1914 3712 nisi,
1940 3647 2176 3715 inquam,
2208 3647 2330 3700 inde
2358 3647 2606 3701 detulerit
2632 3649 3016 3710 testimonium,
3054 3651 3321 3720 recipit-n-

1790 3740 1891 3791 dus
1940 3738 2157 3790 omnino
2183 3752 2290 3789 non
2320 3745 2402 3790 est
2428 3754 2443 3800 ;
2473 3736 2566 3790 sed
2602 3754 2775 3807 neque
2816 3739 3096 3808 pr0pbeta,
3147 3755 3319 3809 neque

1791 3827 2061 3895 apostolus
2083 3827 2137 3879 in
2172 3826 2275 3880 hoc
2313 3834 2553 3895 tempore
2605 3836 2850 3897 speretur
2875 3844 2905 3881 a
2934 3829 3083 3883 vobis
3124 3829 3317 3898 aliquis

1791 3912 1927 3966 alius
1974 3921 2165 3980 praeter
2202 3927 2322 3967 nos.
2358 3911 2504 3966 Unus
2559 3915 2700 3967 enim
2736 3922 2819 3969 est
2846 3930 3002 3970 verus
3037 3916 3314 3985 pr0pbeta,

1790 4003 1945 4071 cujus
1994 4019 2092 4057 nos
2134 4002 2413 4057 duodecim
2461 4004 2687 4073 apostoli
2739 4005 2899 4058 verba
2943 4006 3314 4073 praedicamus.

1791 4094 1907 4162 Ipse
1942 4094 2081 4147 enim
2110 4100 2190 4148 est
2228 4106 2399 4146 annus
2450 4092 2542 4147 Dei
2593 4100 2865 4162 acceptus,
2921 4109 3020 4148 nos
3050 4095 3319 4163 apostolos

1790 4184 1993 4237 habens
2040 4182 2319 4236 duodecim
2352 4199 2563 4238 menses
2584 4185 2648 4238 ”.
2694 4183 2806 4248 Qua
2846 4190 3022 4238 autem
3052 4198 3212 4237 causa
3235 4186 3320 4237 vel

1793 4273 2024 4326 mundus
2073 4274 2187 4340 ipse
2226 4271 2398 4326 factus
2454 4273 2542 4338 sit,
2566 4274 2644 4327 vel
2679 4273 3018 4328 diversitates
3050 4289 3166 4344 quae
3194 4283 3319 4327 sunt

160 4370 375 4425 perunt,
407 4368 463 4414 et
500 4376 572 4413 ne
605 4376 790 4429 parttm
838 4363 1050 4431 quidem
1107 4364 1362 4432 temporis
1408 4373 1695 4433 potuerunt
1725 4346 1767 4401 Ῐ)
1795 4363 1849 4415 in
1893 4375 1960 4418 eo
1994 4360 2302 4419 acciderint,
2345 4367 2397 4413 et
2437 4374 2534 4413 cur
2561 4360 2625 4413 ad
2657 4362 3042 4430 reparationem
3078 4361 3195 4428 ejus
3224 4376 3317 4413 ve-

159 4445 299 4502 ferre
330 4449 677 4518 praesentiam
712 4457 972 4503 nostram.

229 4538 470 4595 XXXIII.
514 4537 763 4606 Nunquid
793 4554 893 4592 nos
921 4541 1140 4594 alterius
1168 4556 1355 4595 sumus
1384 4551 1589 4597 natura;
1614 4559 1698 4596 su-

158 4629 388 4693 perioris
438 4627 692 4694 alicujus,
743 4634 796 4681 et
852 4637 1128 4697 propterea
1184 4646 1283 4683 nos
1328 4629 1595 4687 diemones
1632 4634 1700 4685 ti-

156 4717 355 4769 ment?
387 4716 562 4770 Unius
612 4714 848 4781 ejusdem
902 4717 1176 4770 vobiscum
1226 4725 1428 4770 natura:
1488 4736 1697 4782 sumus,

157 4806 251 4859 sed
282 4808 546 4875 religione
576 4804 886 4858 dill‘erimus.
929 4806 1079 4869 Quod
1108 4815 1159 4860 et
1180 4808 1223 4861 si
1247 4823 1340 4861 vos
1369 4823 1490 4862 esse
1513 4812 1693 4873 vultis,

158 4911 265 4947 non
305 4896 638 4957 invidemus,
675 4894 802 4962 quin
834 4895 1011 4961 potius
1035 4905 1087 4949 et
1108 4897 1385 4949 hortamur
1413 4906 1697 4968 certosque

157 4998 279 5037 esse
298 4999 399 5037 vos
439 4984 563 5035 volu
591 4999 707 5044 rus,
739 4983 880 5051 quod
916 4998 1037 5036 eum
1069 4985 1227 5036 fuerit
1258 4986 1311 5036 in
1337 4985 1489 5038 vobis
1511 4990 1695 5041 eadem

157 5089 278 5140 qua:
309 5074 365 5126 in
398 5074 555 5126 nobis
585 5080 667 5126 est
695 5072 825 5127 ﬁdes
854 5081 907 5125 ct
943 5074 1125 5141 religio
1160 5090 1223 5127 ac
1266 5074 1387 5128 vita:
1435 5075 1698 5131 innocen-

160 5163 261 5222 tia,
314 5169 696 5215 remunerante
748 5160 855 5214 Deo
908 5161 1059 5215 fidem
1138 5170 1387 5224 vestram,
1446 5165 1552 5216 erit
1605 5182 1699 5234 par

160 5249 313 5301 vobis
338 5255 503 5315 atque
541 5247 723 5301 eadem
769 5248 925 5300 etiam
951 5256 1134 5300 contra
1159 5250 1427 5301 dzemones
1456 5261 1701 5315 potestas

157 5345 210 5387 et
254 5337 455 5389 virtus.
514 5335 663 5388 Sicut
700 5336 839 5389 enim
876 5336 917 5386 is
951 5338 1038 5403 qui
1084 5341 1348 5403 accrpcrit
1379 5340 1479 5390 sub
1504 5355 1564 5393 se
1600 5342 1702 5393 mi-

160 5424 298 5489 lites,
336 5424 552 5478 etlamsi
595 5424 706 5491 ipse
751 5424 985 5483 inferior,
1020 5435 1069 5476 ct
1112 5424 1183 5476 illi
1234 5427 1540 5492 superiores
1588 5427 1705 5484 sint,

1796 4449 1951 4501 niens
1982 4446 2236 4499 Dominus
2265 4452 2471 4510 noster,
2523 4449 2740 4516 elegerit
2766 4462 2866 4501 nos
2887 4447 3165 4500 duodecim
3192 4462 3321 4515 apo-

1797 4538 1963 4591 stolos
2007 4544 2061 4590 et
2113 4536 2340 4598 miserit,
2392 4537 2524 4591 alias
2570 4536 2731 4591 latius
2781 4538 3169 4604 explanabitur.
3232 4535 3319 4589 ln-

1798 4627 1951 4679 tcrim
1982 4625 2258 4692 nosjussit
2284 4625 2430 4678 exire
2472 4626 2535 4678 ad
2567 4624 2957 4694 praedicandum
3002 4631 3055 4677 et
3096 4625 3321 4678 invitare

1799 4733 1891 4771 vos
1923 4717 1986 4770 ad
2040 4731 2247 4769 comam
2276 4717 2433 4784 Regis
2481 4719 2738 4779 caelestis,
2789 4731 2946 4786 quam
3005 4717 3321 4785 pra‘paravit

1795 4815 1948 4869 Pater
1980 4807 2031 4859 in
2059 4808 2259 4875 nuptiis
2274 4805 2390 4859 Filii
2432 4806 2534 4871 sui,
2564 4814 2617 4861 et
2644 4816 2699 4860 ut
2729 4806 2916 4860 demus
2961 4806 3111 4858 vobis
3165 4790 3333 4857 indn—'

1802 4905 1976 4950 menta
2008 4896 2263 4964 nuptialia
2286 4895 2351 4960 “,
2373 4897 2515 4963 quod
2545 4904 2627 4950 est
2669 4897 2835 4966 gratia
2864 4894 3137 4962 baptismi,
3162 4911 3323 4963 quam

1800 4987 1889 5054 qui
1911 4986 2069 5039 fuerit
2097 4994 2437 5045 consecutus,
2469 4993 2721 5054 tanquam
2764 4985 3135 5039 vestimentum
3164 4998 3323 5036 mun-

1802 5079 1948 5140 dum,
2004 5091 2266 5144 cumquo
2319 5076 2365 5127 ci
2422 5075 2819 5144 ingrediendum
2872 5079 2955 5126 cst
3009 5070 3074 5122 ad
3115 5085 3326 5125 ctenam

1804 5167 1961 5235 regis,
2011 5164 2293 5217 observare
2330 5162 2504 5224 debet,
2529 5178 2595 5216 ne
2628 5169 2849 5230 peccato
2884 5158 3058 5225 aliqua
3088 5173 3155 5211 ex
3178 5169 3331 5225 parte

1801 5255 2111 5314 maculetur,
2135 5261 2187 5305 ct
2211 5253 2280 5305 ob
2301 5252 2402 5304 hoc
2430 5259 2678 5319 tanquam
2713 5250 2962 5317 indignus
2988 5255 3041 5300 et
3069 5248 3341 5315 reprobus:

1800 5343 2096 5408 abjiciatur.
2787 5330 2797 5339 ’
3339 5351 3343 5356 ‘

1873 5429 2103 5483 XXXVI.
2143 5430 2328 5484 Causa:
2373 5439 2544 5486 autem
2582 5431 2777 5498 quibus
2830 5427 3134 5481 maculctur
3189 5410 3341 5475 istud

236 5602 275 5631 ²¹
312 5598 500 5653 Matth.
536 5614 645 5660 vin,
678 5597 727 5651 9.
803 5599 843 5628 "
867 5595 1040 5650 Matth.
1078 5610 1144 5657 tv,
1188 5597 1269 5649 I0.
1347 5600 1387 5627 ’³
1420 5597 1557 5653 Luc.
1599 5617 1673 5667 tv,
1708 5604 1801 5664 I9.
1870 5607 1910 5638 "’
1940 5605 2124 5660 Matth.
2160 5604 2462 5669 “H.244.
