3904 6356
488 326 618 381 1331

1338 328 1393 382 S.
1435 326 1830 383 CLEMENTIS
1868 328 1886 381 l
1922 328 2088 385 ROM.
2127 330 2329 386 PONT.
2372 330 2600 417 OPERA
2634 330 2862 388 DL'BIA.

3615 332 3748 386 £33!

486 441 863 503 indumentum
914 443 997 498 ha
1049 450 1179 497 sunt
1209 461 1221 496 ι
1252 443 1298 497 si
1351 444 1476 512 quis
1519 445 1739 499 recedat
1765 462 1794 499 a
1828 450 1980 515 patre
2008 456 2065 501 et
2095 455 2139 511 Α
2171 451 2473 520 sexaginta,
2506 450 2703 504 tertius
2744 450 2837 521 qui
2881 457 3123 512 centum,
3150 448 3290 503 sicut
3330 447 3464 503 alias
3503 446 3662 502 vobis
3688 450 3749 505 de

485 536 768 590 conditore
796 536 1045 590 omnium
1076 534 1206 597 Deo,
1241 535 1405 590 alium
1466 538 1738 607 recipiens
1780 539 2060 593 doctorem

483 635 681 694 praeter
706 625 1007 686 Christum,
1039 625 1132 695 qui
1161 635 1248 679 est
1270 628 1423 683 solus
1459 630 1634 683 ﬁdelis
1659 644 1722 683 ac
1750 646 1912 684 verus
1946 646 2065 699 pro-

485 719 667 786 pheta,
724 718 927 786 quique
978 733 1079 773 nos
1130 719 1417 773 duodecim
1469 721 1749 789 aposmlos
1808 722 1954 775 misit
1995 722 2063 775 ad

486 808 894 878 praedicandum
937 809 1165 863 verbum
1193 828 1206 876 ;
1242 819 1294 864 et
1319 813 1363 863 si
1398 812 1525 880 quis
1555 811 1621 865 de
1653 812 1958 867 substantia
1988 813 2066 866 di—

482 901 730 955 sinitatis
787 915 908 969 quae
966 909 1163 955 cuncta
1212 902 1493 971 praecellit,
1552 903 1711 957 aliter
1764 919 1925 972 quam
1978 904 2064 958 di-

486 1009 649 1063 gnum
682 1000 767 1047 est
798 993 1020 1057 sentiat,
1053 993 1167 1048 haec
1190 1005 1316 1049 sunt
1357 1009 1478 1064 qua:
1508 1012 1680 1064 usque
1722 996 1789 1049 ad
1832 1006 2061 1054 mortem

484 1083 743 1152 baptismi
775 1084 1026 1153 polluunt
1058 1083 1462 1140 indumentum.
1509 1085 1640 1151 Quae
1679 1102 1813 1142 vero
1843 1090 1898 1142 in
1928 1092 2064 1143 aeti-

481 1174 586 1230 bus
611 1174 885 1243 polluunt,
909 1176 1011 1230 ista
1037 1183 1167 1231 sunt
1201 1192 1214 1226 :
1258 1177 1568 1243 homicidia,
1601 1179 1890 1243 adulteria,
1914 1180 2061 1246 odia,

482 1265 732 1327 avaritia,
764 1267 1034 1335 cupiditas
1059 1269 1225 1320 mala.
1256 1267 1388 1332 Qua:
1412 1278 1590 1323 autem
1632 1271 1871 1325 animam
1896 1274 2061 1326 simul

481 1361 537 1407 et
571 1369 770 1424 corpus
810 1356 1081 1425 polluunt,
1142 1357 1245 1411 ista
1272 1368 1401 1411 sunt
1437 1372 1449 1407 :
1502 1359 1830 1429 participare
1862 1362 2063 1415 dieme-

489 1462 617 1499 num
642 1462 864 1512 mensae,
898 1448 1003 1502 hoc
1024 1456 1127 1514 est,
1166 1449 1442 1503 immolata
1478 1450 1787 1521 degustare,
1820 1454 1899 1507 vel
1936 1470 2063 1509 san-

485 1540 726 1607 guinem,
759 1540 843 1594 vel
871 1540 1241 1595 morticinium
1272 1542 1416 1611 quod
1449 1551 1532 1597 est
1560 1544 1907 1610 sutiocatum,
1931 1556 1984 1601 ct
2014 1550 2060 1603 si

483 1628 614 1697 quid
662 1628 811 1682 aliud
839 1636 924 1683 est
954 1629 1099 1699 quod
1148 1631 1486 1689 diemonibus
1532 1634 1771 1689 oblatum
1820 1646 1923 1693 est.
1964 1638 2061 1693 Hic

482 1734 617 1789 ergo
645 1720 800 1774 vobis
832 1720 903 1775 sit
932 1720 1142 1791 primus
1170 1722 1372 1791 gradus
1401 1739 1463 1776 ex
1489 1724 1685 1788 tribus,
1722 1728 1812 1798 qui
1856 1729 2060 1797 gradus

484 1810 707 1881 triginta
735 1827 800 1865 ex
828 1826 888 1866 se
916 1812 1087 1882 gignit
1127 1814 1379 1867 mandata
1412 1814 1478 1877 ",
1510 1817 1784 1872 secundus
1808 1836 1935 1874 vero
1967 1822 2059 1890 qui

556 1944 601 1974 ’⁵
635 1942 825 1998 Matth.
858 1957 992 2008 xm,
1020 1942 1111 1997 25.

2170 537 2255 592 his
2283 539 2499 607 plenius
2523 554 2881 608 exponemus.

2238 628 2502 685 XXXVII.
2545 630 2609 684 Et
2649 631 2763 686 haec
2783 647 2905 685 cum
2933 629 3180 693 dixisset,
3214 646 3278 686 ac
3305 630 3671 701 praecepisset
3698 638 3751 684 ut

2165 722 2253 777 die
2312 732 2524 792 postera
2554 724 2620 776 ad
2650 724 2897 778 eumdem
2941 724 3119 778 locum
3172 725 3442 778 maturius
3491 724 3748 777 conveni-

2166 820 2308 874 rvnt,
2342 814 2531 867 turbas
2572 813 2819 879 dimisit;
2855 813 3054 883 quibus
3102 814 3355 869 recedere
3403 814 3743 877 nolentibus,

2164 903 2238 957 ait
2271 903 2505 958 Petrus:
2550 903 2758 958 Donate
2804 905 2935 957 mihi
2963 904 3105 958 banc
3134 906 3364 975 gratiam
3395 913 3631 974 propter
3656 906 3736 959 he-

2164 993 2334 1047 sterni
2390 993 2601 1047 itineris
2672 993 2919 1057 labores;
2959 1002 3012 1047 et
3062 1008 3207 1046 nunc
3260 993 3617 1048 discedentes
3669 994 3752 1049 die

2164 1084 2404 1139 crastina
2454 1083 2722 1137 maturius
2771 1084 3055 1137 convenite
3092 1101 3106 1150 ;
3138 1091 3191 1138 et
3234 1087 3308 1137 ita
3364 1099 3492 1137 cum
3558 1085 3744 1141 latitia

2164 1178 2490 1234 disurssere.
2528 1179 2595 1232 At
2623 1177 2816 1233 Petrus
2834 1180 3111 1250 paululum
3150 1196 3235 1234 me
3257 1180 3516 1234 secedere
3548 1179 3743 1248 praeci-

2166 1273 2321 1341 piens
2350 1273 2613 1326 orationis
2655 1286 2844 1336 causa,
2877 1270 3033 1340 jubet
3063 1280 3184 1341 post
3215 1272 3329 1325 haec
3364 1271 3418 1324 in
3451 1272 3581 1324 loco
3611 1270 3746 1324 horti

2169 1380 2327 1433 quem
2387 1366 2576 1417 umbra
2647 1366 3006 1434 contegebat,
3054 1366 3364 1418 accubitum
3422 1364 3638 1423 sterni,
3700 1369 3749 1414 et

2166 1456 2541 1525 unusquisque
2563 1471 2628 1509 ex
2660 1470 2809 1509 more
2858 1470 3258 1524 recognoscens
3289 1455 3498 1524 proprii
3534 1453 3747 1507 ordinis

2166 1548 2366 1611 locum,
2423 1547 2606 1601 cibum
2642 1547 2999 1614 sumpsimus.
3048 1544 3186 1599 Tum
3233 1548 3431 1601 deinde
3480 1545 3613 1615 quia
3658 1558 3749 1597 su-

2164 1649 2376 1709 pererat
2434 1639 2613 1693 adhuc
2662 1640 3061 1709 aliquantulum
3108 1639 3237 1700 diei,
3281 1639 3350 1692 de
3395 1634 3749 1690 mirabilibus

2167 1729 2377 1783 Domini
2414 1730 2722 1785 collocutus
2763 1731 3071 1793 nobiscum,
3112 1745 3339 1799 vespere
3370 1726 3750 1796 iactoingreso

2170 1838 2266 1877 sus
2291 1821 2603 1876 cubiculum
2634 1824 2858 1893 quievit.

1594 2225 1953 2314 LIBER
2029 2225 2617 2329 QUINTUS.

553 2527 593 2583 1.
637 2524 895 2593 Sequenti
931 2530 1110 2575 autem
1147 2520 1258 2583 die,
1282 2522 1443 2590 paulo
1465 2522 1627 2577 citius
1656 2536 1821 2591 quam
1842 2523 2051 2579 solebat

484 2630 823 2684 consurgens
872 2612 1087 2673 Petrus,
1130 2612 1334 2667 invenit
1364 2629 1466 2668 nos
1494 2614 1827 2669 dormientes
1859 2632 1875 2681 ;
1904 2616 2051 2684 quod

484 2707 574 2762 ubi
603 2704 796 2766 sensit,
820 2702 978 2772 quasi
1018 2702 1130 2770 ipse
1169 2700 1350 2756 adhuc
1381 2702 1621 2759 dormire
1650 2705 1858 2768 volens,
1880 2705 2019 2761 silen

482 2800 619 2853 tiu'n
660 2796 765 2852 sibi
818 2793 931 2848 ﬁeri
971 2793 1159 2863 jussit,
1193 2802 1251 2846 ut
1278 2794 1436 2848 nobis
1466 2795 1785 2865 quiescendi
1817 2797 2051 2851 faculta-

480 2898 591 2945 tem
622 2888 792 2942 daret.
826 2884 928 2941 Ubi
955 2892 1134 2939 autem
1163 2885 1350 2940 refecti
1386 2902 1579 2941 somno
1612 2890 2045 2955 exsurreximus,

479 2985 789 3041 invenimus
818 2998 941 3038 eum
971 2982 1218 3036 oratione
1246 2980 1540 3038 factaintra
1557 2983 1865 3039 cubiculum
1878 3001 2047 3056 oppe-

479 3078 711 3133 rientem
744 3090 865 3129 nos.
898 3073 1111 3127 Etcum
1137 3074 1247 3142 jam
1278 3082 1423 3128 esset
1457 3076 1866 3145 crepusculum,
1906 3079 2035 3131 salu-

480 3176 603 3220 tans
628 3180 696 3219 ex
724 3178 875 3217 more
914 3161 1149 3216 breviter
1188 3161 1458 3216 allocutus
1483 3170 1590 3227 est,
1623 3174 1676 3218 et
1696 3165 1957 3220 continuo
1987 3166 2055 3220 ad

479 3265 807 3313 consuetum
866 3254 1044 3308 locum
1100 3252 1331 3307 docendi
1404 3254 1577 3324 gratia
1629 3256 1914 3325 procedit,
1964 3257 2056 3311 ubi

479 3364 604 3402 eum
640 3344 866 3399 vidisset
896 3343 963 3397 ad
1014 3343 1344 3397 audiendum
1394 3344 1657 3413 plurimos
1705 3347 2052 3412 convenisse,

479 3440 658 3510 primo
706 3436 993 3505 religionis
1036 3436 1146 3489 ritu
1178 3450 1310 3504 pace
1335 3436 1415 3491 eis
1444 3438 1711 3503 invocata,
1740 3438 1923 3495 dicere
1954 3440 2055 3495 hoc

480 3529 645 3605 modo
667 3528 835 3603 cmpit
869 3546 882 3581 :

551 3619 614 3675 ll.
659 3620 703 3651 ’⁵
744 3618 887 3674 Deus
917 3626 1134 3674 creator
1180 3618 1423 3673 omnimn
1453 3634 1519 3673 ex
1547 3620 1703 3675 initio
1746 3623 1812 3677 ad
1859 3624 2052 3695 imagi-

478 3700 604 3781 nem
669 3725 823 3777 suam
874 3710 1149 3765 hominem
1211 3708 1359 3773 fecit,
1418 3713 1579 3780 eique
1629 3712 2054 3772 dominationem

466 3812 640 3863 terra:
663 3800 940 3871 marisque
968 3812 1021 3857 et
1049 3801 1192 3855 aeris
1228 3802 1403 3870 ipsius
1447 3802 1615 3869 dedit,
1650 3804 1790 3859 sicut
1811 3815 1865 3861 et
1891 3822 2055 3864 verus

477 3892 638 3947 nobis
670 3891 932 3963 propheta
965 3891 1227 3954 narravit,
1250 3898 1304 3945 et
1334 3892 1451 3961 ipsa
1470 3907 1651 3946 rerum
1688 3894 1827 3947 ratio
1848 3894 2006 3949 docet
2036 3913 2052 3962 ;

479 3984 631 4037 solus
675 3970 819 4037 enim
868 3991 953 4037 est
1011 3984 1375 4047 rationabilis.
1413 3992 1467 4038 et
1504 4000 1850 4054 consequens
1884 3994 1968 4042 est
1998 3998 2056 4043 ut

478 4075 620 4143 ratio
643 4075 1114 4149 irrationabilibus
1144 4075 1473 4131 dominetur.
1523 4076 1620 4130 llic
1642 4093 1772 4149 ergo
1802 4080 1869 4132 ab
1900 4080 2055 4133 initio

477 4182 605 4220 cum
633 4166 811 4220 adhuc
837 4166 1022 4241 justus
1048 4174 1215 4230 esset,
1248 4168 1463 4225 cunctis
1487 4168 1633 4223 vitiis
1660 4177 1713 4223 et
1752 4170 1901 4223 omni
1947 4170 2056 4223 fra-

476 4258 683 4335 gilitate
722 4260 973 4328 superior
1016 4266 1177 4325 erat;
1220 4259 1311 4311 ubi
1363 4266 1543 4312 autem
1590 4262 1855 4330 peccavit.
1909 4262 2054 4315 sicut

476 4347 735 4402 hesterno
763 4351 850 4405 die
878 4349 1189 4415 docuimus,
1206 4360 1259 4405 et
1291 4350 1465 4406 factus
1488 4360 1571 4406 est
1602 4369 1794 4408 servus
1821 4355 2050 4424 peccati,

2154 2524 2352 2594 pietate
2411 2523 2700 2591 passibiles
2743 2522 2871 2577 facti
2908 2532 3054 2581 sunt.
3085 2522 3158 2575 ita
3195 2537 3291 2591 per
3325 2521 3589 2590 pietatem
3618 2537 3743 2591 pos-

2156 2622 2287 2675 sunt
2307 2630 2429 2669 esse
2462 2614 2831 2684 impassibiles
2868 2614 3002 2684 (i6),
3033 2621 3219 2668 etnon
3243 2612 3422 2666 solum
3480 2611 3735 2680 impassi-

2157 2706 2311 2765 biles,
2340 2719 2524 2758 verum
2552 2711 2605 2758 et
2633 2720 2798 2774 parva
2830 2704 2886 2763 in
2930 2703 3099 2758 Deum
3124 2701 3224 2755 lide
3251 2702 3490 2754 aliorum
3534 2702 3742 2769 passio—

2154 2812 2252 2851 nes
2280 2803 2559 2853 curantes.
2586 2793 2664 2847 Ita
2695 2796 2837 2847 enim
2878 2809 3041 2848 verus
3097 2792 3360 2867 propheta
3424 2791 3594 2845 nobis
3622 2808 3743 2860 pru-

2157 2888 2308 2947 misit
2362 2888 2551 2943 dicens
2578 2906 2591 2942 :
2618 2890 2785 2940 Amen
2844 2886 2961 2941 dico
3013 2886 3177 2951 vobis,
3211 2885 3334 2955 quia
3370 2885 3419 2938 si
3443 2884 3744 2937 habueritis

2153 2981 2310 3050 [idem
2330 2981 2704 3049 sicutgranum
2727 2979 2948 3047 sinapis,
2975 2978 3157 3035 dicetis
3190 2977 3353 3029 monti
3375 2975 3519 3038 huic,
3556 2973 3747 3039 Transi

2159 3073 2299 3136 hinc,
2358 3081 2407 3126 et
2464 3070 2712 3132 transibit
2765 3072 2831 3125 ’⁷.
2872 3069 3046 3138 llujus
3093 3069 3245 3123 vocis
3292 3068 3457 3122 etiam
3506 3083 3608 3121 vos
3640 3067 3749 3136 ipsi

2162 3165 2489 3221 documenta
2546 3163 2836 3231 accepistis
2866 3180 2881 3229 ;
2935 3163 3191 3218 hesterno
3219 3162 3364 3226 enim
3402 3161 3492 3215 die
3522 3161 3745 3216 vidistis

2160 3254 2432 3326 quomodo
2471 3254 2780 3310 astantibus
2824 3253 3005 3319 nobis,
3048 3253 3320 3311 daemones
3367 3268 3497 3306 cum
3530 3252 3748 3320 passio-

2160 3350 2323 3404 nibus
2368 3363 2504 3418 quas
2554 3346 2867 3403 hominibus
2907 3348 3244 3413 invexerant,
3300 3344 3652 3398 transierunt
3695 3350 3749 3401 ct

2161 3438 2329 3507 fugati
2360 3446 2509 3493 sunt.

2231 3529 2321 3586 Ill.
2348 3530 2485 3597 Quia
2510 3546 2641 3601 ergo
2668 3529 2760 3583 alii
2794 3528 3011 3598 quidem
3041 3528 3289 3582 homines
3316 3526 3629 3597 patiuntur,
3656 3525 3749 3581 alii

2158 3622 2429 3689 patientes
2458 3628 2677 3683 sanant,
2712 3634 2881 3673 causa
2911 3618 3029 3673 sine
3054 3617 3219 3671 dubio
3248 3618 3333 3670 vel
3385 3616 3636 3685 patiendi
3663 3616 3745 3670 vel

2157 3713 2387 3769 curandi
2418 3710 2700 3767 noscenda
2746 3721 2850 3773 est,
2907 3725 3029 3779 quae
3083 3723 3192 3761 non
3235 3707 3341 3760 alia
3400 3722 3550 3768 esse.
3584 3720 3744 3787 quam

2157 3805 2489 3875 patientibus
2547 3802 2765 3873 quidem
2826 3800 3184 3860 infidelitatis,
3238 3798 3572 3868 curantibus
3620 3811 3746 3850 vero

2158 3898 2281 3953 tidei
2310 3897 2739 3951 demonstratur.
2771 3894 3066 3948 lnﬁdclitas
3096 3893 3242 3947 enim
3272 3891 3403 3944 dum
3432 3906 3546 3944 non
3574 3888 3747 3957 credit

2162 3988 2407 4043 futurum
2432 3986 2701 4057 judicium
2762 3984 2880 4049 Dei,
2910 3982 3170 4053 peccandi
3208 3981 3490 4034 licentiam
3520 3977 3744 4048 praebet,

2161 4087 2448 4151 peceatum
2480 4093 2607 4132 vero
2634 4077 2903 4131 hominem
2931 4074 3282 4145 passionibus
3328 4070 3632 4125 obnoxium
3667 4066 3744 4120 l‘a-

2156 4174 2250 4228 cit.
2283 4171 2445 4225 Fides
2475 4181 2655 4225 autem
2703 4168 2949 4223 futurum
2999 4181 3123 4221 esse
3175 4164 3269 4219 Dei
3314 4162 3591 4231 judicium
3625 4174 3742 4211 cre-

2155 4267 2291 4321 dens
2320 4265 2567 4319 continet
2600 4262 2852 4317 homines
2899 4276 2929 4314 a
2978 4266 3239 4329 peccato;
3294 4270 3405 4309 non
3452 4260 3745 4323 peccantes

2156 4372 2285 4411 vero
2317 4371 2425 4409 non
2449 4354 2626 4409 solum
2660 4352 2814 4407 liberi
2840 4358 2967 4407 sunt
3004 4368 3035 4403 a
3064 4346 3406 4403 daemonibus
3439 4352 3496 4397 et
3528 4342 3743 4413 passio-

477 4438 719 4511 simulet
749 4438 1026 4509 iragilitati
1054 4441 1286 4495 edicitur
1332 4443 1625 4505 obnoxius.
1660 4444 1813 4510 Quod
1846 4445 2052 4501 idcirco
2087 4417 2127 4470 θ
2157 4449 2345 4509 nibus,
2373 4462 2563 4500 verum
2594 4455 2649 4500 et
2678 4446 2912 4500 aliorum
2942 4442 3221 4497 daemones
3261 4446 3316 4492 et
3346 4439 3639 4507 passiones
3662 4432 3747 4486 fu-

476 4530 740 4599 scriptum
771 4540 877 4595 est,
919 4540 977 4586 ut
1005 4533 1181 4607 sciant
1223 4533 1473 4600 homines
1519 4536 1648 4606 quia
1696 4539 1839 4593 sicut
1863 4554 1928 4592 ex
1954 4530 2054 4591 im-

2158 4554 2287 4610 gare
2318 4548 2565 4608 possunt.

549 4736 594 4766 "
622 4736 754 4804 Cap.
791 4735 826 4789 ‘3
853 4766 878 4775 -
908 4736 977 4788 53
1030 4736 1229 4792 desunt
1259 4737 1312 4789 in
1364 4736 1524 4790 codd.
1580 4734 1738 4804 Lipss
1818 4734 2107 4791 Cohaerent
2164 4744 2345 4790 autem
2400 4750 2466 4790 ea
2511 4751 2633 4806 quae
2689 4744 2995 4806 sequuntur
3043 4746 3169 4806 cum
3209 4730 3605 4806 superioribus
3643 4729 3748 4781 hoc

476 4806 641 4860 modo
679 4825 691 4859 :

475 4878 581 4932 etc.
695 4877 737 4906 ³⁷
770 4875 960 4930 Matth.
994 4891 1126 4939 svtt,
1168 4878 1250 4934 19.

548 5105 662 5180 (16)
721 5104 1102 5175 Impassibiles.
1176 5108 1432 5162 Ἀπὰθεια
1459 5119 1511 5164 et
1548 5111 1956 5180 ἁναμαρτησία,
1996 5109 2044 5163 si

479 5178 664 5248 stricte
698 5186 1008 5232 sumantur.
1031 5186 1185 5248 sunt
1223 5178 1751 5248 imperturbabilitas
1772 5178 2045 5247 et‘impec-

477 5245 744 5317 cubilitas,
772 5245 1164 5313 imperturbatio
1192 5258 1245 5301 et
1276 5245 1840 5317 intpcccantia.Vertttn
1872 5245 2047 5303 Iasius

479 5316 752 5390 interdum
810 5326 1146 5387 nsurpantur
1191 5335 1219 5372 a
1275 5316 1484 5375 sanctis
1530 5318 1806 5378 Patribus.
1856 5336 2049 5390 projeo

481 5394 624 5465 statu
653 5389 705 5440 in
741 5403 851 5465 quo
904 5391 1235 5465 positusvir
1263 5399 1508 5454 sanctus,
1540 5389 1903 5465 pergratiam
1955 5389 2047 5465 Dei

480 5458 661 5508 minus
682 5458 887 5511 crebris
918 5460 1332 5528 minoribusque
1362 5458 1754 5517 tentationibus
1776 5460 2049 5516 obnoxius

477 5534 583 5604 est,
617 5531 1086 5604 nec_grav101'ibus
1131 5532 1371 5604 peccatis
1397 5534 1710 5604 succumbit,
1736 5529 2047 5604 :‘Aniosta,

478 5594 657 5671 inquit
695 5594 979 5671 Maximus,
1014 5600 1091 5653 De
1110 5594 1385 5666 c'haritate,
1418 5604 1663 5657 centuria
1694 5602 1745 5665 i,
1776 5618 1897 5671 cap.
1940 5601 2007 5653 36
2030 5640 2045 5663 ,

478 5665 628 5717 ἐστὶν
697 5668 939 5745 εἰρηνικὴ
988 5671 1319 5745 κᾳιτάσῖασις
1361 5665 1571 5745 ψυχῆςὲ
1606 5673 1725 5727 καθ’
1769 5665 2055 5745 ᾕν’δυσκί-

479 5750 635 5816 vnto;
666 5735 872 5816 γίνεται
909 5735 1054 5812 ψυχὴ
1097 5741 1230 5812 πρὸς
1272 5735 1619 5816 κακῖαἶᾶίεσζ
1651 5735 1907 5816 ᾁςπάθέια,
1954 5755 2051 5806 Pa-

480 5815 628 5877 ratus
654 5813 844 5863 anima'
877 5820 1065 5871 status.
1107 5813 1384 5867 secundum
1409 5832 1554 5871 quem
1587 5813 1857 5880 di/ﬁrultcr
1886 5827 2051 5869 more-

742 4821 868 4883 p_a_rc
905 4807 1004 4883 _cis
1036 4808 1299 4883 invocata,
1335 4806 1513 4883 aliqua
1543 4799 1660 4877 illis
1684 4808 1746 4865 de
1783 4806 2005 4860 hominis
2038 4807 2299 4859 creatione
2328 4818 2376 4859 et
2409 4799 2559 4874 lapsi:
2586 4799 2845 4875 exposuit.
2880 4804 2949 4859 Et
2975 4814 3094 4873 post
3145 4802 3257 4856 Itazc
3278 4799 3447 4872 jussit
3497 4799 3605 4855 sibi
3627 4816 3744 4862 cos,

1797 4985 2163 5047 COTELERII
2201 4986 2434 5044 ΝΟΤᾸΞ.

2148 5120 2237 5178 tur
2265 5108 2443 5161 anima
2468 5124 2593 5178 erga
2630 5107 2913 5170 malitiam,
2932 5103 3273 5178 euanivqtgg,
3306 5118 3417 5156 non
3444 5100 3740 5178 ditty-1370;.

2152 5177 2324 5232 Reddi
2356 5171 2546 5231 autent
2578 5178 2737 5232 debet
2776 5193 2880 5230 vox
2919 5171 3160 5237 ἀπαθεῑζ
3186 5172 3456 5227 Clementi
3501 5171 3740 5223 Alexan-

2152 5248 2314 5302 drino
2348 5248 2549 5304 Stront.
2592 5264 2690 5313 vlt,
2736 5263 2788 5316 p.
2822 5246 2945 5309 750,
2996 5245 3085 5297 ubi
3138 5241 3741 5316 dastbeiaediderun‘t,

2154 5318 2421 5382 εὐπειθεῖς
2450 5306 2808 5373 οοηθχθὶηιήῐ
2857 5306 2940 5369 π’
2968 5322 3268 5368 verterunt.
3315 5313 3429 5365 Καὶ
3469 5306 3614 5363 εἶναι
3645 5309 3743 5382 ut?

2151 5380 2590 5460 etiivatpotépwy
2635 5390 2761 5460 τοὺς
2804 5383 3393 5460 δευτέρουςῌάμείνους,
3424 5382 3642 5433 οὐδέπω

2154 5448 2400 5529 ἀπαθείνξ,
2432 5448 2497 5529 ἢὸ
2530 5459 2604 5529 μὴ
2633 5448 2998 5529 summam
3042 5448 3223 5529 τέλεὸπ(
3239 5453 3561 5529 ςιένόμξλοοιἶ
3602 5448 3743 5529 {casui

2154 5528 2253 5609 τῂν
2281 5517 2381 5609 seu;
2390 5517 2609 5609 1ςῦρῖρρ
2652 5517 3008 5609 διδαᾶκειλίαιίὶ
3028 5517 3453 5605 προσξρᾇντὰι.
3476 5522 3571 5574 καὶ
3600 5517 3744 5609 ὐῖτέιρ

2155 5589 2265 5669 τῶν
2291 5589 2519 5669 ὲχθρῶν’.
2548 5598 2717 5652 Porro
2740 5606 2935 5650 auctor
2966 5589 3393 5669 Recognitianunt
3434 5589 3743 5669 impossibi-

2159 5668 2231 5721 les
2268 5663 2363 5723 eos
2392 5663 2650 5739 appellat,
2694 5668 2785 5737 qui
2824 5679 3042 5737 propter
3074 5665 3445 5739 innocentiam
3478 5663 3605 5714 vine
3642 5672 3742 5713 nec

2159 5734 2510 5795 incursant-ur
2540 5756 2569 5793 a
2595 5734 2953 5801 daemonibus,
2984 5751 3084 5791 nec
3110 5735 3312 5791 morbis
3341 5734 3673 5807 aﬂliguntur.
