3848 6240
188 324 303 377 1555

1335 306 1879 367 RECOGNlTiONUM
1916 309 2039 363 LIB.
2077 306 2141 360 Ὗ.

3167 307 3328 421 tant.

180 428 183 435 ’
244 430 321 485 ιν.
349 428 421 481 Ex
443 428 527 483 his
571 443 692 499 ergo
720 428 971 482 omnibus
1022 428 1308 497 colligitur,
1360 426 1497 495 quod
1528 423 1674 490 origo
1704 426 1747 478 Α
1776 421 1915 474 latur
1940 423 2200 474 bonorum
2232 419 2332 475 sibi
2356 418 2650 472 doctrinam
2699 416 2867 472 fuisse
2917 416 3164 479 delatam,
3214 432 3299 472 re-

182 521 327 573 totius
354 518 471 570 mali
499 517 565 570 ab
584 516 879 586 ignorantia
902 516 1207 578 descendat,
1241 522 1294 569 et
1326 516 1439 584 ipsa
1473 515 1542 567 sit
1563 528 1675 566 ma-

182 609 335 661 lorum
385 604 615 656 omnium
669 609 879 666 mater,
927 618 1046 672 quae
1097 602 1303 655 incuria
1354 602 1568 670 quidem
1624 610 1676 654 et

182 693 370 761 ignavia
406 692 655 760 gignitur,
684 692 1000 761 negligentia
1029 708 1154 745 vero
1183 692 1344 744 alitur
1372 699 1424 745 et
1453 698 1673 759 augetur

180 790 319 847 atque
338 780 386 832 in
416 780 660 835 sensibus
684 781 957 834 hominum
981 781 1270 842 radicatur,
1297 795 1454 849 quam
1484 782 1527 835 si
1556 781 1675 849 quis

180 870 300 921 forte
326 868 509 923 doceat
541 868 893 937 eﬂ‘ugandam,
918 871 1061 923 velut
1112 870 1345 938 antiquis
1373 878 1425 922 et
1457 870 1675 922 haeredi-

177 959 314 1012 tariis
338 958 550 1011 sedibus
576 960 798 1013 moleste
826 967 879 1012 et
927 959 1264 1028 indignanter
1311 959 1575 1013 avellitur.
1610 958 1676 1012 Et

176 1049 281 1102 ideo
302 1049 565 1117 paululum
597 1049 945 1103 laborandum
970 1050 1121 1102 nobis
1143 1058 1244 1111 est,
1278 1059 1336 1103 ut
1362 1050 1673 1118 indagantes

174 1138 462 1205 iguorantim
515 1139 952 1208 praesumptiones
1004 1140 1239 1194 scientia:
1282 1140 1487 1193 ratione
1525 1156 1675 1194 rese-

176 1243 360 1289 ccmus,
394 1228 445 1281 in
468 1228 551 1281 his
570 1229 832 1296 praecipue
855 1229 943 1297 qui
982 1229 1034 1281 in
1065 1230 1332 1297 aliquibus
1378 1229 1556 1282 minus
1589 1245 1675 1283 re-

175 1317 262 1369 ctis
292 1316 625 1384 Opinionibus
646 1319 897 1385 praaventi
928 1327 1072 1380 sunt,
1107 1334 1203 1387 per
1229 1334 1362 1388 quas
1394 1320 1546 1386 quasi
1576 1320 1675 1374 sub

173 1404 330 1471 specie
358 1404 581 1471 alicujus
599 1406 854 1470 scientiae,
880 1406 1177 1475 ignorantia
1207 1409 1260 1460 in
1282 1408 1361 1461 eis
1388 1408 1675 1463 vehemen-

171 1492 265 1545 tius
297 1492 525 1546 radicata
556 1504 668 1559 est;
720 1496 850 1548 nihil
897 1498 1037 1550 enim
1087 1498 1299 1565 gravius
1332 1499 1568 1566 quamsi
1621 1498 1673 1552 id

170 1581 296 1649 quod
326 1583 532 1650 ignorat
560 1584 703 1652 quis,
737 1585 876 1639 scire
906 1601 963 1639 se
992 1587 1193 1648 credat,
1227 1594 1279 1640 et
1307 1586 1555 1641 defendat
1585 1604 1674 1641 ve-

168 1688 273 1724 rum
296 1688 411 1726 esse
433 1673 575 1741 quod
606 1673 798 1728 falsum
834 1683 936 1737 est,
990 1675 1132 1744 quod
1183 1677 1288 1730 tale
1311 1687 1411 1738 est,
1442 1678 1598 1745 quale
1627 1678 1670 1732 si

1774 512 1939 578 quirit
1970 511 2223 565 intentius
2269 517 2323 562 et
2368 507 2575 562 discere
2622 522 2729 561 non
2762 505 2979 569 desinit,
3019 520 3301 573 usquequo

1774 608 2083 667 cognoscat,
2114 600 2160 654 si
2188 608 2270 653 est
2294 614 2420 653 vere
2448 597 2589 651 aliud
2619 595 2890 658 sarculum,
2922 597 2976 649 in
3008 611 3112 663 quo
3144 595 3301 648 bonis

1773 692 1986 759 praemia
2012 698 2303 760 praeparata
2334 699 2489 753 sunt;
2514 694 2567 741 et
2605 701 2724 739 eum
2756 693 2935 739 certus
2960 686 3026 739 de
3058 687 3158 738 hoc
3187 686 3299 737 fue-

1772 782 1863 842 rit,
1888 781 2090 848 gratias
2136 795 2301 848 agens
2351 778 2478 841 Deo,
2500 776 2643 846 quod
2690 775 2791 829 sibi
2841 775 3077 828 veritatis
3120 775 3299 827 lumen

1773 871 2091 929 ostenderit,
2115 870 2180 923 de
2210 878 2405 923 caetero
2427 868 2610 936 dirigit
2634 872 2787 918 actus
2816 879 2943 918 suos
2978 865 3029 916 in
3052 864 3298 917 omnibus

1773 958 2023 1027 operibus
2048 957 2202 1009 bonis
2221 995 2235 1017 ,
2279 969 2505 1023 quorum
2536 953 2636 1007 sibi
2683 952 2738 1004 in
2791 951 2970 1004 futuro
3001 951 3298 1006 mercedem

1771 1055 1953 1102 certus
1980 1054 2062 1100 est
2087 1054 2459 1115 praeparatam,
2490 1056 2585 1111 per
2612 1040 2790 1094 omnia
2818 1040 3086 1094 demirans
3113 1044 3166 1093 et
3187 1048 3301 1094 stu-

1772 1151 1904 1204 pens
1927 1142 2239 1188 eaeterorum
2296 1132 2571 1185 hominum
2616 1142 2851 1189 errores,
2899 1134 2953 1180 et
3007 1127 3148 1195 quod
3176 1135 3301 1180 ante

1772 1228 1959 1279 oculos
2004 1223 2232 1293 positam
2257 1222 2533 1275 veritatem
2566 1232 2724 1272 nemo
2751 1217 2945 1270 videat.
2972 1216 3091 1284 Ipse
3119 1223 3300 1268 tamen

1775 1314 2010 1383 gaudens
2042 1325 2205 1379 super
2243 1310 2445 1363 divitiis
2490 1306 2763 1376 sapientiae
2799 1319 2933 1373 quas
2963 1304 3182 1365 invenit,
3212 1303 3298 1357 in.

1774 1401 2093 1456 satiabiliter
2126 1402 2207 1454 eis
2250 1398 2453 1468 perfrui
2491 1397 2638 1465 cupit
2667 1402 2720 1448 et
2750 1394 3010 1449 exercitio
3038 1393 3301 1447 bonorum

1771 1506 1990 1559 operum
2021 1490 2334 1553 delectatur,
2366 1487 2627 1541 festinans
2672 1484 2737 1538 ad
2783 1484 3037 1540 saeculum
3060 1482 3301 1537 futurum

1772 1583 1973 1637 mundo
2021 1581 2181 1635 corde
2228 1589 2282 1634 et
2335 1594 2467 1648 pura
2512 1577 2840 1633 conscientia
2881 1577 3177 1646 pervenire,
3210 1577 3297 1630 ubi

1772 1672 1930 1726 etiam
1962 1669 2142 1724 videre
2170 1668 2334 1722 Deum
2361 1682 2536 1735 regem
2559 1667 2795 1719 omnium
2826 1665 3015 1733 possit.

169 1761 276 1827 quis
303 1739 477 1817 ebrius
503 1765 739 1818 sobrium
786 1780 843 1818 se
888 1739 1035 1834 putet
1079 1773 1132 1818 et
1157 1772 1278 1834 agat
1305 1739 1517 1834 quidem
1540 1781 1674 1819 cun-
1701 1739 1744 1794 Β
1844 1756 1973 1812 VIII.
2009 1757 2102 1812 His
2131 1765 2306 1810 autem
2328 1754 2576 1808 omnibus
2619 1766 2805 1807 carere
2832 1767 2931 1805 nos
2955 1761 3008 1805 et
3040 1750 3298 1810 fraudari,

166 1855 242 1901 cta
285 1859 339 1901 ut
364 1852 562 1916 ebrius,
613 1853 852 1906 sobrium
902 1869 960 1907 se
994 1860 1171 1906 tamen
1197 1860 1250 1908 et
1299 1854 1410 1922 ipse
1440 1862 1588 1923 putet
1624 1861 1677 1908 et

164 1938 258 1991 dici
286 1954 313 1992 a
333 1942 536 1994 caeteris
559 1942 709 1996 velit.
742 1941 817 1995 lta
848 1950 973 1997 sunt
996 1959 1121 2012 ergo
1150 1951 1203 1995 et
1232 1942 1283 1996 hi
1313 1945 1405 2012 qui
1435 1944 1679 2012 ignoran-

162 2038 233 2083 tes
260 2031 395 2098 quod
428 2048 610 2085 verum
649 2040 757 2094 est,
794 2033 1024 2101 speciem
1055 2043 1231 2087 tamen
1261 2036 1485 2104 alicujus
1508 2037 1678 2090 scien-

162 2120 241 2172 tiae
271 2128 467 2185 tenent,
499 2130 549 2175 et
578 2122 721 2174 mala
753 2122 904 2190 quasi
954 2122 1091 2175 bona
1142 2132 1353 2191 gerunt,
1400 2133 1560 2195 atque
1608 2130 1675 2181 ad

161 2212 437 2279 perniciem
464 2213 618 2281 quasi
649 2216 720 2265 ad
752 2213 976 2266 salutem
1010 2213 1281 2268 festinant.

223 2298 280 2351 ν.
310 2299 529 2369 Propter
557 2301 703 2369 quod
734 2310 854 2354 ante
882 2302 1057 2354 omnia
1082 2302 1469 2370 properandum
1503 2312 1586 2358 est
1609 2304 1673 2358 ad

160 2389 461 2457 agnitionem
491 2391 755 2454 veritatis,
792 2398 849 2443 ut
875 2392 1141 2459 possimus
1168 2393 1322 2460 quasi
1349 2394 1549 2447 lumine
1577 2409 1676 2448 no-

161 2475 234 2528 bis
282 2478 401 2532 inde
443 2493 732 2541 succenso,
786 2494 1025 2533 errorum
1075 2481 1323 2535 tenebras
1380 2482 1671 2550 depellere;

157 2566 347 2633 grande
373 2567 514 2621 enim
546 2569 746 2621 malum
793 2576 896 2633 est,
934 2575 990 2621 ut
1047 2569 1295 2634 diximus,
1343 2571 1671 2640 ignorantia;

158 2655 243 2707 sed
274 2657 395 2725 quia
427 2656 786 2711 substantiam
820 2673 924 2711 non
956 2658 1134 2721 habet,
1166 2658 1321 2713 facile
1357 2661 1423 2714 ab
1452 2661 1536 2713 bis
1582 2663 1673 2729 qui

157 2747 369 2800 studiosi
399 2757 544 2804 sunt.
571 2747 851 2815 eil‘ugatur.
874 2746 985 2801 Non
1010 2750 1150 2807 enim
1180 2749 1320 2802 aliud
1349 2757 1430 2804 est
1460 2751 1671 2819 quidem

158 2832 464 2901 ignorantia,
496 2838 601 2891 nisi
636 2852 743 2889 non
777 2837 1057 2904 agnovisse
1099 2838 1240 2906 quod
1291 2839 1538 2907 expedit;
1582 2839 1672 2893 ubi

156 2934 320 2978 autem
352 2928 658 2996 agnoveris,
689 2927 825 2996 perit
850 2928 1169 2996 ignorantia.
1201 2929 1376 2993 Quaeri
1406 2944 1531 2998 ergo
1554 2944 1667 2981 ma-

1775 1848 1889 1903 sola
1911 1847 2039 1899 facit
2066 1842 2386 1914 ignorantia.
2436 1841 2567 1894 llum
2608 1841 2749 1895 enim
2774 1842 3019 1909 ignorant
3056 1839 3301 1891 homines

1774 1943 2032 2006 quantum
2045 1932 2169 1987 boni
2184 1931 2373 1986 habeat
2392 1930 2636 1995 scicntia,
2663 1929 2975 1998 ignorantiae
3004 1927 3201 1978 malum
3236 1924 3305 1978 de

1774 2044 1833 2084 se
1858 2043 1965 2081 non
1990 2026 2268 2095 patiuntur
2289 2020 2533 2086 excludi;
2560 2020 2809 2074 nesciunt
2836 2018 2978 2072 enim
3002 2023 3203 2085 quanta
3232 2018 3304 2067 sit

1775 2120 1827 2173 in
1864 2119 2054 2171 horum
2104 2112 2492 2183 permutatione
2540 2109 2847 2161 diversitas.
2890 2106 3113 2175 Propter
3161 2103 3305 2172 quod

1773 2208 2056 2262 Consilium
2112 2204 2182 2257 do
2225 2200 2513 2266 unicuique
2557 2198 2894 2258 discentium,
2924 2197 3150 2248 libenter
3177 2208 3306 2262 pm-

1771 2299 1897 2352 bcre
1923 2309 2103 2349 aurem
2129 2291 2295 2345 verbo
2317 2289 2429 2355 Dei,
2454 2295 2506 2341 et
2542 2301 2665 2339 cum
2719 2300 2899 2339 amore
2940 2285 3178 2338 veritatis
3202 2298 3300 2335 au-

1774 2389 1886 2443 dire
1916 2400 2034 2455 quae
2074 2384 2325 2442 dicimus,
2367 2388 2425 2433 ut
2472 2392 2622 2431 mens
2652 2378 2851 2444 optimo
2889 2376 3089 2428 semine
3114 2388 3301 2428 susce-

1772 2487 1883 2549 pto,
1908 2492 2002 2547 per
2038 2476 2205 2527 honos
2254 2479 2405 2523 actus
2444 2469 2592 2520 lictos
2629 2464 3061 2519 atl'eratfructus.
3094 2462 3224 2516 Nam
3256 2463 3302 2516 si

1773 2582 1858 2623 me
1881 2569 2107 2621 docente
2120 2577 2181 2615 ea
2211 2574 2329 2629 qua:
2369 2558 2434 2611 ad
2488 2556 2712 2609 salutem
2744 2553 3034 2621 pertinent,
3064 2551 3304 2618 recipere

1772 2660 1895 2730 quis
1922 2656 2127 2715 abnuit,
2153 2660 2206 2705 et
2238 2650 2417 2703 animo
2460 2646 2642 2717 pravis
2672 2642 3015 2713 opinionibus
3040 2646 3305 2730 occupato

1772 2729 2036 2802 obsistere
2064 2742 2280 2802 nititur,
2317 2753 2425 2791 non
2456 2751 2519 2788 ex
2556 2734 2742 2795 nobis,
2796 2729 2888 2784 scd
2916 2745 2980 2783 ex
3012 2729 3304 2797 semetipso

1771 2836 1990 2893 habebit
2017 2829 2271 2902 pereundi
2302 2840 2542 2880 causam.
2574 2823 2742 2876 Debet
2769 2820 2909 2874 enim
2929 2819 3077 2887 justo
3100 2818 3306 2883 judicio

1772 2926 2079 2984 examinare
2122 2935 2239 2990 qua:
2259 2918 2508 2977 dicimus,
2560 2923 2614 2967 et
2662 2910 2957 2978 intelligere
2990 2908 3114 2977 quia
3145 2908 3307 2962 verba

155 3029 375 3082 guopere
404 3016 564 3070 debet
590 3016 831 3071 veritatis
880 3017 1099 3085 agnitio,
1133 3034 1290 3086 quam
1344 3034 1500 3072 nemo
1530 3020 1666 3073 alius
1692 3036 1734 3092 ρ
1765 3020 2038 3088 loquimur
2098 3011 2363 3068 veritatis,
2413 3013 2474 3059 ut
2516 3002 2747 3073 cognitis
2800 3000 2884 3092 his
2934 3014 3051 3067 quae
3094 3005 3307 3052 suntut

153 3109 319 3167 potest
345 3105 641 3172 assignare,
696 3105 796 3157 nisi
829 3120 988 3158 verus
1039 3107 1313 3175 propheta.
1366 3105 1487 3160 Haec
1527 3108 1670 3161 enim

153 3199 292 3256 porta
321 3202 403 3247 est
429 3193 555 3247 vitae
597 3193 896 3247 volentibus
945 3194 1167 3263 ingredi,
1219 3203 1271 3250 et
1306 3196 1407 3250 iter
1451 3212 1670 3267 Operum

149 3277 399 3335 bonorum
426 3283 769 3352 pergentibus
800 3285 861 3336 ad
892 3283 1154 3337 civitatem
1177 3285 1383 3340 salutis.

215 3369 296 3426 Vl.
332 3371 387 3426 Si
419 3374 545 3442 quis
602 3388 730 3426 sane
781 3373 1000 3428 audiens
1049 3389 1345 3429 sermonem
1389 3375 1501 3429 veri
1546 3390 1673 3446 pro-

149 3459 332 3526 phetai,
380 3464 509 3515 velit
569 3463 806 3529 recipere
858 3472 949 3514 aut
980 3463 1131 3527 nolit,
1179 3473 1231 3517 et
1262 3465 1506 3532 amplecti
1534 3479 1670 3518 onus

146 3549 275 3614 ejus,
310 3550 360 3602 id
391 3557 477 3604 est
506 3548 757 3601 mandata
789 3549 926 3610 vitm,
960 3551 1117 3605 habet
1156 3551 1207 3605 in
1240 3568 1334 3606 sua
1367 3560 1668 3619 potestate;

147 3635 291 3690 liberi
323 3640 467 3692 enim
495 3654 684 3693 sumus
730 3639 957 3692 arbitrii.
990 3639 1117 3692 Nam
1151 3642 1194 3692 si
1258 3642 1358 3694 hoc
1402 3648 1563 3704 esset,
1614 3648 1671 3693 ut

142 3728 420 3784 audientes
446 3743 572 3783 cum
598 3729 706 3794 jam
735 3744 841 3780 non
873 3728 1125 3782 haberent
1152 3730 1204 3781 in
1239 3736 1500 3796 potestate
1528 3728 1669 3781 aliud

142 3811 311 3867 facere
340 3829 507 3883 quam
537 3812 836 3878 audierant,
891 3814 971 3867 vis
1014 3819 1126 3865 erat
1179 3815 1416 3882 quasdam
1447 3824 1667 3878 naturae,

140 3918 230 3969 per
254 3920 417 3973 quam
452 3903 679 3956 liberum
711 3918 814 3955 non
845 3912 986 3957 esset
1015 3904 1079 3955 ad
1105 3904 1257 3957 aliain
1283 3906 1511 3973 migrare
1547 3922 1671 3961 scn-

141 3995 383 4047 tcntiam.
414 3993 526 4045 Aut
553 3991 597 4045 si
632 4007 818 4045 rursus
848 4007 910 4045 ex
966 3993 1302 4047 audientibus
1332 3995 1509 4048 nullus
1556 4012 1671 4049 om-

135 4082 261 4135 nino
289 4083 582 4151 reciperet,
632 4088 684 4134 et
712 4081 813 4134 hoc
856 4092 1059 4135 naturai
1088 4086 1166 4135 vis
1192 4091 1326 4145 erat,
1360 4100 1476 4152 quae
1506 4101 1668 4138 unum

134 4172 331 4241 aliquid
365 4172 487 4225 fieri
536 4179 769 4239 cogeret,
828 4180 881 4225 et
909 4174 1057 4225 alteri
1106 4175 1243 4242 parti
1273 4190 1378 4227 non
1409 4174 1560 4228 daret
1591 4176 1670 4229 lo-

130 4275 272 4315 cum.
304 4262 465 4315 Nunc
491 4268 669 4314 autem
693 4263 814 4329 quia
839 4263 1061 4316 liberum
1089 4272 1171 4317 est
1201 4265 1399 4327 animo,
1432 4264 1486 4320 in
1509 4282 1665 4335 quam

127 4353 251 4404 velit
279 4362 494 4422 partem
520 4352 785 4406 declinare
810 4352 1064 4420 judicium
1091 4370 1264 4419 suum,
1282 4362 1334 4409 et
1360 4370 1517 4423 quam
1547 4372 1669 4425 pro-
1696 4337 1740 4390 Ῑ)

128 4441 335 4498 bavcrit
359 4445 565 4513 eligere
586 4442 743 4505 viam,
763 4450 974 4497 constat
1002 4443 1273 4498 evidenter
1302 4446 1478 4499 inesse
1500 4445 1671 4499 homi-

123 4532 283 4587 nibus
316 4531 538 4586 arbitrii
578 4531 891 4585 libertatein.

198 4643 306 4696 VII.
337 4639 513 4711 Igitur
544 4639 852 4708 priusquam
907 4640 1088 4694 audiat
1115 4642 1235 4709 quis
1266 4642 1405 4710 quod
1435 4645 1482 4697 ei
1514 4660 1674 4715 expe-

119 4731 221 4791 dit,
254 4742 475 4785 certum
508 4737 591 4781 est
618 4729 740 4797 quia
794 4730 1023 4796 ignorat,
1077 4739 1129 4782 et
1181 4731 1432 4799 ignorans
1477 4735 1589 4787 vult
1619 4743 1673 4788 et

121 4821 402 4876 desiderat
432 4820 578 4889 quod
622 4835 728 4872 non
782 4821 991 4885 expedit
1048 4836 1219 4888 agere,
1276 4832 1493 4890 propter
1530 4826 1672 4894 quod

121 4928 220 4980 pro
255 4915 361 4967 hoc
390 4911 815 4978 noujudieatur.
853 4912 983 4964 Cum
1038 4928 1161 4967 vero
1212 4912 1444 4965 audierit
1477 4930 1671 4971 causas

121 5005 330 5057 erroris
364 5005 479 5065 sui,
513 5010 567 5055 et
596 5002 853 5055 rationem
884 5002 1123 5057 veritatis
1144 5003 1428 5069 acceperit,
1461 5012 1589 5060 tunc
1623 5008 1669 5061 si

121 5093 494 5161 permanserit
528 5092 579 5143 in
611 5090 694 5142 liis
739 5089 1011 5143 erroribus
1039 5091 1229 5158 quibus
1264 5090 1465 5142 dudum
1498 5093 1670 5146 fuerat

122 5190 461 5249 prmventus,
496 5187 639 5233 recte
663 5178 772 5245 jam
799 5179 1071 5230 vocabitur
1097 5179 1159 5231 ad
1176 5178 1444 5245 judicium
1479 5197 1668 5249 pmnas

120 5271 378 5331 daturus,
411 5284 515 5321 cur
541 5269 659 5321 vitm
682 5266 797 5334 ejus
845 5268 1065 5334 spatium
1100 5266 1239 5335 quod
1292 5268 1357 5320 ad
1393 5269 1534 5324 bene
1585 5275 1667 5326 vi-

122 5359 358 5411 vendum
406 5356 634 5423 accepit,
664 5356 716 5408 in
764 5354 1000 5409 ludibriis
1030 5357 1356 5422 consumpsit
1384 5373 1663 5416 errorum.

121 5447 223 5512 Qui
258 5464 391 5501 vero
426 5446 650 5498 audiens
692 5446 800 5498 lucc
856 5445 1066 5501 libenter
1104 5445 1319 5511 accipit,
1376 5456 1431 5500 ct
1472 5463 1665 5518 grai“.

224 5665 271 5695 ³⁸
304 5662 497 5717 Matth.
531 5680 595 5730 Vl,
621 5664 702 5717 21.

1769 3119 1915 3169 sunt.
1950 3117 2003 3162 et
2034 3107 2090 3160 in
2123 3101 2278 3158 bonis
2322 3098 2532 3153 actibus
2571 3094 2811 3162 dirigens
2840 3091 3004 3143 vitam
3033 3104 3207 3150 suam,
3229 3102 3310 3140 re-

1768 3203 1858 3274 gni
1886 3199 2142 3254 caelorum
2172 3190 2345 3261 possit
2394 3184 2663 3256 particeps
2706 3180 2955 3241 inveniri,
3001 3178 3306 3246 subjiciens

1770 3267 1873 3348 sibi
1910 3287 2087 3343 carnis
2118 3279 2405 3338 desideria,
2431 3282 2485 3329 et
2515 3273 2766 3327 dominus
2790 3284 2975 3323 eorum
3005 3267 3199 3327 factus,
3249 3272 3307 3317 ut

1770 3382 1842 3435 ita
1872 3380 2084 3433 demum
2105 3373 2264 3427 etiam
2296 3370 2409 3436 ipse
2438 3364 2528 3416 ﬂat
2575 3358 2929 3415 dominatoris
2962 3356 3200 3409 omnium
3226 3354 3308 3421 ju-

1768 3469 1940 3524 cunda
1969 3460 2258 3533 possessio.

1841 3555 1928 3610 IX.
1950 3532 2080 3606 Nam
2098 3549 2188 3618 qui
2222 3539 2563 3614 perinanetin
2590 3537 2731 3590 malo
2752 3542 2804 3589 et
2834 3549 3024 3588 servus
3054 3538 3134 3586 est
3158 3532 3305 3593 mali,

1770 3663 1875 3701 non
1906 3649 2080 3713 potest
2119 3636 2251 3693 ciliei
2292 3631 2467 3703 portio
2519 3629 2667 3687 boni,
2720 3627 2889 3678 donec
2941 3628 3213 3713 permanet
3251 3621 3305 3673 in

1770 3712 1930 3794 malo,
1961 3732 2085 3800 quia
2114 3728 2182 3781 ab
2220 3724 2393 3784 initio,
2419 3728 2475 3774 ut
2521 3727 2648 3772 ante
2695 3715 2952 3772 diximus,
2999 3712 3106 3763 duo
3134 3725 3303 3800 regna

1768 3824 1957 3879 statuit
1982 3798 2142 3879 Deus,
2183 3823 2236 3870 et
2276 3817 2591 3882 potestatem
2622 3805 2767 3859 dedit
2814 3800 3104 3867 unicuique
3133 3798 3307 3851 homi-

1768 3928 1916 3973 num,
1943 3916 2001 3961 ut
2030 3908 2171 3959 illius
2207 3900 2355 3970 regni
2389 3898 2478 3950 ﬁat
2505 3893 2702 3965 portio,
2741 3890 2826 3942 cui
2873 3903 2930 3940 se
2960 3885 3024 3938 ad
3048 3884 3306 3939 obedien—

1768 4001 1893 4054 dum
1927 3998 2039 4066 ipse
2074 3991 2385 4060 subjecerit.
2438 3985 2502 4039 Et
2534 3983 2658 4052 quia
2706 3978 2981 4031 deﬁnitum
3035 3983 3119 4028 est
3162 3975 3305 4044 apud

1768 4089 1955 4151 Deum,
1987 4103 2091 4141 non
2130 4098 2286 4154 posse
2335 4093 2498 4133 unum
2538 4072 2808 4129 hominem
2842 4068 3120 4135 utriusque
3151 4068 3302 4136 regni

1766 4193 1884 4233 esse
1912 4189 2146 4235 servum,
2173 4172 2316 4225 omni
2363 4166 2539 4221 studio
2576 4164 2697 4216 date
2723 4170 2961 4227 operam,
2988 4156 3042 4209 in
3067 4157 3191 4210 boni
3220 4171 3305 4209 re-

1769 4270 1851 4338 gis
1880 4266 2054 4320 fmdus
2090 4279 2152 4315 ac
2172 4262 2292 4330 jura
2323 4267 2665 4309 concurrere.
2688 4250 2912 4318 Propter
2940 4249 3043 4301 hoc
3069 4245 3304 4313 denique

1771 4336 1928 4408 verus
1976 4351 2230 4420 prOpheta
2277 4361 2399 4399 cum
2448 4353 2591 4398 esset
2644 4354 2878 4410 praesens
2926 4336 3304 4393 nobiscum,et

1771 4441 2030 4512 quosdam
2057 4454 2121 4492 ex
2160 4434 2414 4489 divitibus
2440 4432 2765 4500 negligentes
2818 4440 2942 4493 erga
2967 4424 3056 4478 Dei
3100 4423 3302 4512 cultum

1773 4510 1996 4584 videret.
2048 4527 2210 4594 hujus
2268 4524 2344 4577 rei
2406 4523 2477 4575 ita
2524 4521 2736 4589 aperuit
2763 4519 3078 4571 veritatem:
3138 4510 3302 4562 Nemo

1774 4629 1958 4687 potest,
1991 4618 2180 4685 inquit,
2205 4614 2401 4667 duobus
2444 4611 2665 4663 dominis
2692 4608 2908 4666 servire,
2940 4619 3041 4657 non
3092 4600 3301 4667 potestis

1775 4709 1881 4762 Deo
1909 4707 2094 4760 servire
2122 4714 2167 4757 et
2215 4715 2521 4755 mammona:
2557 4698 2635 4762 ’3;
2685 4706 2985 4749 mammona
3012 4688 3181 4759 patria
3210 4701 3303 4739 co-

1774 4813 1891 4851 rum
1919 4811 2044 4850 voce
2065 4795 2281 4848 divitias
2308 4807 2525 4845 vocans.

1843 4928 1908 4981 Χ.
1939 4927 2035 4980 llic
2078 4939 2204 4994 ergo
2241 4932 2326 4977 est
2370 4937 2530 4976 verus
2568 4920 2847 4990 prepheta,
2884 4918 2974 4986 qui
3032 4916 3085 4968 in
3116 4912 3302 4966 Indica

1775 5017 1927 5070 nobis
1953 5014 2200 5084 apparuit
2221 5020 2281 5064 ut
2313 5011 2571 5073 audistis;
2610 5008 2701 5077 qui
2749 5013 2897 5061 stans
2926 5002 3135 5072 publice
3186 5000 3299 5053 sola

1767 5108 2013 5175 jussione
2064 5103 2292 5156 faciebat
2321 5116 2491 5155 caecos
2520 5099 2718 5160 videre,
2752 5095 2944 5151 surdos
2988 5090 3190 5152 audire,
3224 5090 3301 5143 fu.

1769 5198 1927 5265 gabat
1959 5195 2245 5255 daemones,
2288 5191 2443 5261 mgris
2487 5189 2766 5243 sanitatem
2802 5181 3057 5238 reddebat
3084 5185 3138 5232 et
3163 5193 3301 5231 rnor-

1770 5287 1876 5339 tuis
1901 5285 2080 5338 vitam.
2100 5284 2341 5351 Cumque
2366 5280 2496 5333 nihil
2521 5279 2571 5331 ei
2593 5284 2736 5331 esset
2762 5269 3109 5342 impossibile,
3135 5267 3297 5321 etiam

1771 5375 2118 5443 cogitationes
2150 5370 2427 5424 hominum
2477 5365 2823 5436 pervidehat,
2866 5358 3005 5427 quod
3056 5356 3187 5410 nulli
3215 5361 3299 5407 est

1771 5463 2024 5530 possibile
2081 5458 2184 5514 nisi
2231 5449 2327 5513 soli
2383 5455 2508 5510 Deo.
2546 5453 2641 5508 llic
2686 5447 3022 5505 aununtiavit
3068 5456 3298 5511 regnum
