3904 6354
505 277 650 335 6553

1358 276 1396 331 8
1431 276 1873 339 ςιειιελτιει
1905 276 2072 332 ΗΘΜ.
2114 278 2317 335 ΡΟΝΤ.
2340 274 2566 333 ΟΡΕΕΑ
2607 278 2832 338 ΒΗΒΙΑ.

3630 282 3754 338 i535

503 394 623 457 Dei,
651 395 739 450 cui
762 410 863 455 nos
884 395 954 450 de
972 394 1228 451 omnibus
1256 409 1378 464 quae
1402 394 1636 455 dicebat,
1671 402 1933 464 tanquam
1958 409 2082 450 vero
2112 406 2154 456 Α
2185 396 2304 467 ipse
2320 396 2482 460 dixit,
2522 397 2653 475 quia
2689 395 3068 469 unusquisque
3096 396 3245 455 illius
3273 398 3333 457 ﬁt
3358 412 3558 457 servus
3580 398 3669 451 cui
3705 416 3758 454 se

505 488 784 557 propheta;
807 487 1080 544 credimus
1102 528 1116 553 ,
1149 486 1459 541 ﬁrmitatem
1487 485 1610 543 ﬁdei
1640 495 1841 540 nostrae
1859 502 1966 540 non
1992 501 2079 542 so-

504 580 618 641 lum
641 594 707 635 ex
733 579 912 635 verbis
939 579 1083 647 ejus.
1108 577 1203 635 sed
1232 585 1284 635 et
1313 593 1379 633 ex
1421 578 1685 647 operibus
1710 588 2078 643 assumentes,

504 670 634 741 quia
658 678 713 726 et
748 670 892 725 dicta
923 670 1078 740 legis,
1104 685 1224 741 qtue
1242 677 1367 729 ante
1395 670 1594 723 multas
1616 671 1992 740 generationes
2013 672 2081 731 de

504 763 795 831 praesentia
818 762 939 830 ejus
956 771 1343 831 exposuerant,
1370 761 1427 821 in
1454 762 1573 830 ipso
1596 762 2077 833 consignabantur,

502 862 558 911 et
584 854 845 923 imagines
868 861 1147 923 gestorum
1176 853 1344 925 Moysi
1372 862 1427 911 et
1474 861 1599 907 ante
1636 854 1811 924 ipsum
1844 856 2080 923 patriar-

501 946 618 1001 cha:
641 945 830 1008 Jacob,
861 946 1035 1016 ipsius
1059 962 1154 1015 per
1196 946 1381 1001 omnia
1407 955 1591 1016 typum
1625 946 1893 1007 ferebant.
1924 945 2081 1000 Tem-

504 1051 609 1104 pus
630 1050 849 1105 quoque
880 1036 1149 1097 adventus
1174 1035 1322 1109 ejus,
1371 1034 1473 1089 hoc
1505 1044 1611 1100 est,
1662 1037 1839 1106 ipsum
1883 1037 1939 1090 in
1971 1054 2079 1107 quo

500 1134 746 1190 venerat,
781 1126 1102 1195 “edictum
1134 1127 1202 1191 ab
1226 1127 1307 1181 eis
1345 1134 1583 1186 constat.
1618 1136 1672 1180 et
1702 1143 1867 1197 super
1894 1130 2079 1187 omnia

499 1219 645 1287 quod
669 1227 812 1274 esset
860 1234 888 1271 a
931 1219 1186 1289 gentibus
1208 1218 1645 1289 exspectandus,
1679 1221 1851 1274 sacris
1884 1221 2079 1285 litteris

500 1311 955 1380 comprehensum
985 1316 1093 1375 est,
1126 1324 1249 1380 quae
1266 1310 1327 1364 in
1351 1324 1416 1363 eo
1438 1310 1643 1380 pariter
1670 1310 1921 1365 universa
1935 1327 2079 1365 com-

501 1402 642 1471 pleta
664 1409 812 1456 sunt.

573 1489 664 1551 Xl.
711 1489 869 1556 Quod
911 1498 1094 1549 autem
1148 1487 1460 1543 Iudaeorum
1513 1489 1779 1559 propheta
1825 1487 2077 1557 praedixit

497 1597 622 1641 eum
648 1598 679 1645 a
709 1583 965 1653 gentibus
994 1580 1421 1651 exspectaudtun
1462 1579 1528 1644 ",
1576 1596 1742 1649 supra
1772 1580 1992 1636 modum
2021 1580 2077 1637 in

497 1690 563 1727 eo
594 1673 748 1728 ﬁdem
785 1674 899 1728 veri
927 1671 1236 1727 conﬁrmat.
1265 1670 1322 1724 Si
1370 1671 1513 1727 enim
1561 1671 1791 1729 dixisset
1816 1686 1845 1724 a
1870 1671 2076 1733 Judzeis

497 1766 950 1838 exspectandum,
1007 1780 1115 1821 non
1161 1764 1367 1835 aliquid
1413 1764 1674 1823 eximium
1719 1765 2075 1836 prophetasse
2107 1750 2148 1806 Β

496 1860 801 1928 videretur,
828 1859 978 1930 quod
1022 1874 1051 1915 a
1100 1857 1393 1923 contribuli
1443 1858 1642 1929 populo
1677 1868 1733 1915 et
1782 1875 1815 1917 a
1856 1861 2075 1935 propria

499 1961 665 2023 gente
705 1959 1019 2021 speraretur
1068 1951 1148 2014 is,
1195 1950 1355 2019 cujus
1404 1950 1675 2008 adventus
1727 1952 1795 2007 ad
1842 1953 2074 2011 salutem

497 2044 691 2105 mundi
718 2044 896 2099 fuerat
944 2042 1343 2113 repromissus;
1395 2042 1671 2097 videretur
1716 2044 1860 2101 enim
1904 2044 2078 2115 magis

434 2194 441 2207 ,
495 2135 905 2204 consequentia:
932 2134 1074 2193 ratio
1101 2149 1246 2197 esse,
1273 2141 1331 2187 ut
1349 2133 1451 2187 hoc
1479 2133 1651 2197 ﬁeret,
1678 2150 1843 2203 quam
1865 2136 2078 2209 magni-

497 2226 712 2287 ﬁcentia
746 2225 1104 2295 prophetalis.
1128 2224 1286 2279 Nunc
1310 2235 1489 2279 autem
1516 2239 1640 2280 cum
1673 2226 1951 2298 prophetae
1988 2228 2075 2282 di-

495 2326 650 2382 cunt,
681 2332 898 2372 omnem
946 2317 1094 2379 illam
1140 2332 1290 2388 spem
1318 2333 1440 2387 quae
1486 2317 1554 2375 de
1580 2319 1757 2379 salute
1781 2320 1967 2375 mundi
1998 2338 2076 2377 re.

494 2410 858 2478 promittitur,
888 2415 944 2463 et
965 2408 1261 2463 novitatem
1289 2410 1437 2480 regni
1464 2427 1587 2480 qua:
1618 2410 1953 2471 instituenda
1980 2429 2077 2483 per

492 2502 778 2559 Christum
823 2509 928 2565 est,
956 2510 1120 2571 atque
1168 2502 1354 2556 omnia
1395 2518 1516 2573 quin
1546 2503 1613 2557 de
1640 2518 1705 2558 eo
1742 2504 2070 2569 indicantur,

494 2597 564 2651 ad
593 2605 788 2669 gentes
830 2612 955 2653 esse
1009 2594 1413 2659 transferenda,
1454 2596 1565 2665 jam
1622 2611 1731 2650 non
1773 2595 2074 2652 secundum

494 2688 950 2758 consequentiam
1004 2703 1210 2748 rerum,
1245 2686 1341 2742 sed
1387 2687 1691 2743 incredibili
1719 2687 1954 2758 quodam
1980 2702 2074 2743 va-

494 2782 833 2839 ticinationis
884 2788 1085 2845 eventu
1135 2779 1539 2850 magniﬁcentia
1596 2781 1914 2851 prepbetica
1950 2796 2077 2834 con-

495 2876 762 2931 ﬁrmatur.
792 2871 965 2928 Jude
1011 2888 1249 2941 namque
1279 2888 1346 2926 ex
1382 2872 1537 2926 initio
1567 2872 1755 2929 adfore
1781 2872 2074 2943 aliquando

495 2962 641 3015 hunc
676 2962 852 3015 virum
903 2978 998 3031 per
1046 2977 1208 3031 quem
1257 2969 1455 3014 cuncta
1506 2971 1925 3031 repararentur,
1974 2979 2071 3019 vc-

2184 488 2303 559 ipse
2328 489 2623 557 subjecerit
2647 488 2713 544 ³⁸.

2254 578 2387 635 Xlll.
2418 578 2710 649 Propterea
2739 596 2869 649 ergo
2891 582 3226 655 evigilate.et
3244 580 3542 637 Dominum
3568 579 3761 635 Deum-

2181 685 2287 739 que
2314 677 2563 723 nostrum
2602 670 2757 726 vobis
2790 671 3072 733 ascribite,
3114 670 3403 724 Dominum
3432 672 3531 740 qui
3566 680 3622 724 et
3642 670 3760 723 caeli

2182 777 2245 817 ac.
2265 770 2424 821 terra:
2448 762 2709 823 Dominus
2733 772 2841 827 est,
2872 774 2925 818 et
2948 764 3016 818 ad
3040 763 3214 834 ipsius
3256 779 3356 820 vos
3380 763 3679 832 imaginem
3702 778 3763 816 ac

2181 855 2594 915 similitudinem
2621 856 2936 919 reformato,
2964 856 3109 910 sicut
3138 856 3253 925 ipse
3277 872 3445 910 verus
3495 854 3763 925 prepbeta

2181 949 2363 1012 docet,
2419 947 2647 1003 dicens:
2695 946 2876 1002 Estote
2904 947 3261 1004 misericordes
3306 949 3446 1002 sicut
3486 957 3539 1001 et
3602 946 3767 1003 Pater

2179 1048 2345 1095 vester
2368 1037 2591 1092 cwlestis
2645 1039 2941 1093 misericors
2970 1045 3070 1100 est,
3117 1039 3207 1107 qui
3253 1038 3381 1092 oriri
3418 1037 3553 1106 facit
3600 1037 3764 1091 solent

2179 1147 2329 1186 suum
2358 1146 2514 1199 super
2538 1128 2700 1184 bonos
2729 1140 2778 1184 et
2809 1132 3001 1195 malos,
3032 1142 3082 1186 et
3120 1131 3253 1199 pluit
3294 1148 3453 1199 super
3477 1130 3665 1200 justas
3714 1141 3762 1185 et

2179 1219 2401 1288 injustas
2431 1219 2495 1272 ³¹.
2523 1217 2679 1273 Ηωιο
2706 1234 2834 1293 ergo
2855 1219 3145 1277 imitamini
3166 1232 3218 1275 et
3240 1220 3387 1275 hunc
3416 1221 3637 1286 timete,
3658 1222 3764 1274 sic-

2179 1319 2242 1369 ut
2274 1308 2589 1363 mandatum
2638 1307 2800 1365 datur
2852 1307 3204 1365 hominibus:
3255 1309 3549 1364 Dominum
3595 1308 3762 1363 Deum

2180 1412 2325 1459 tuum
2358 1400 2702 1461 adorabis,et
2732 1400 2832 1468 ipsi
2858 1402 2961 1455 soli
3011 1403 3201 1457 servies
3238 1403 3303 1457 ³³.
3342 1401 3579 1472 Expedit
3617 1404 3761 1456 enim

2178 1496 2334 1551 vobis
2374 1495 2501 1553 huic
2551 1493 2647 1549 uni
2681 1491 2909 1546 Domino
2957 1494 3185 1555 servire,
3233 1500 3292 1546 ut
3321 1508 3419 1563 per
3463 1492 3648 1565 ipsum
3673 1508 3765 1548 eoo

2178 1581 2502 1659 gtiosceiites
2547 1604 2716 1641 unum
2776 1586 2969 1653 Deum,
3005 1602 3036 1639 a
3081 1584 3269 1641 multis
3297 1601 3439 1655 quos
3491 1585 3765 1639 inutiliter

2181 1679 2477 1741 timebatis,
2504 1678 2834 1741 liberemini.
2876 1676 2979 1742 Qui
3002 1677 3148 1735 enim
3184 1689 3495 1733 creatorem
3518 1678 3764 1730 omnium

2178 1786 2286 1827 non
2320 1771 2472 1825 timet
2494 1769 2689 1833 Deum,
2724 1770 2820 1825 sed
2861 1784 2958 1827 eos
2985 1769 3140 1829 timet
3168 1783 3312 1846 quos
3355 1770 3474 1838 ipse
3505 1769 3763 1824 manibus

2179 1864 2297 1920 suis
2342 1862 2501 1927 fecit,
2544 1862 2673 1933 quid
2737 1862 2844 1916 nisi
2889 1877 3031 1916 vano
3077 1871 3133 1918 et
3173 1861 3355 1919 inutili
3397 1859 3763 1931 semetipsum

2177 1955 2474 2011 obnoxium
2499 1954 2628 2009 facit
2665 1952 2883 2008 timori?
2915 1952 3274 2021 vilioremque
3306 1966 3366 2006 se
3413 1958 3465 2004 et
3494 1950 3764 2019 abjectio—

2178 2062 2292 2105 rem
2316 2046 2493 2101 reddit
2518 2061 2681 2115 quam
2712 2052 2840 2099 sunt
2894 2042 2986 2097 illa
3033 2043 3173 2117 ipsa,
3220 2056 3458 2111 quorum
3507 2041 3763 2093 timorem

2177 2146 2358 2199 mente
2381 2139 2647 2208 concepit.
2676 2136 2817 2203 Quin
2849 2135 3032 2206 potius
3060 2150 3155 2204 per
3186 2135 3492 2189 bonitatem
3521 2134 3649 2202 ejus
3671 2130 3764 2201 qui

2176 2230 2503 2292 vosinvitat,
2530 2230 2703 2284 redite
2733 2228 2805 2289 ad
2847 2229 3081 2297 priorem
3110 2227 3455 2281 nobilitatem
3500 2232 3761 2289 vestram,

2176 2330 2230 2378 et
2274 2337 2339 2375 ex
2371 2320 2531 2379 bonis
2574 2319 2812 2382 actibus,
2870 2317 3012 2387 quod
3064 2316 3237 2386 ipsius
3277 2316 3557 2373 creatoris
3596 2315 3762 2371 vestri

2178 2414 2466 2484 imaginem
2489 2414 2739 2484 portetis,
2767 2412 3065 2475 ostendite,
3092 2420 3149 2466 ut
3175 2427 3243 2466 ex
3290 2410 3761 2479 contemplatione

2176 2506 2555 2564 similitudinis
2612 2506 2789 2577 ipsius
2846 2506 3012 2562 etiam
3073 2504 3167 2569 ﬁlii
3222 2505 3348 2579 ejus
3401 2518 3530 2558 esse
3571 2502 3760 2556 creda-

2174 2599 2329 2659 mini.

2246 2688 2385 2753 XIV.
2418 2689 2647 2759 Incipite
2675 2704 2807 2759 ergo
2829 2704 2860 2747 a
2898 2687 3151 2749 sensibus
3171 2687 3372 2744 vestris
3403 2686 3645 2754 abjieere
3667 2702 3758 2741 va-

2174 2800 2276 2840 nas
2302 2782 2571 2841 idolorum
2600 2783 2813 2857 species
2837 2792 3001 2853 atque
3022 2782 3248 2837 inutiles
3289 2792 3344 2841 et
3374 2782 3574 2837 inanes
3606 2782 3760 2835 timo-

2174 2891 2284 2941 res,
2338 2885 2395 2930 ut
2449 2876 2613 2931 simul
2655 2876 2818 2933 etiam
2862 2873 3239 2929 conditionem
3280 2874 3512 2944 possitis
3560 2873 3762 2943 iniqua:

2175 2968 2455 3035 servitutis
2478 2966 2734 3037 eﬁugere.
2762 2965 2975 3021 Domini
3001 2966 3203 3022 etenim
3228 2967 3400 3022 vestri
3422 2966 3607 3021 eﬁ‘ecti
3633 2973 3763 3020 sunt

495 3053 711 3109 rissima
736 3052 1027 3111 tradilione
1057 3062 1437 3124 susceperant,
1463 3064 1517 3108 et
1541 3053 1784 3126 quotidie
1807 3056 2073 3113 meditan-
2099 3086 2142 3143 ς
2176 3064 2274 3126 illi,
2294 3062 2385 3132 qui
2418 3077 2485 3116 ne
2511 3060 2655 3114 servi
2679 3059 2897 3129 quidem
2918 3061 3080 3115 utiles
3105 3061 3260 3115 vobis
3276 3076 3403 3115 esse
3426 3061 3761 3130 potuissent.

497 3150 579 3199 tes
600 3156 661 3194 ac
697 3141 1101 3211 prospicientes
1123 3182 1137 3205 ,
1194 3144 1415 3211 quando
1444 3142 1565 3212 ejus
1600 3143 1749 3203 ﬁeret
1783 3143 2068 3209 adventus,

496 3234 587 3291 ubi
626 3234 820 3293 adesse
848 3249 977 3293 eum
998 3234 1257 3288 viderunt
1282 3243 1336 3289 et
1359 3236 1517 3306 signa
1548 3252 1611 3290 ac
1637 3237 1905 3307 prodigia,
1932 3238 2075 3294 sicut

494 3328 561 3381 de
592 3344 658 3389 eo
681 3328 946 3395 scriptum
974 3327 1153 3381 fuerat
1174 3367 1189 3388 ,
1217 3326 1629 3399 adimplentetn,
1664 3329 1866 3384 invidia
1900 3346 2075 3387 exote-

494 3418 600 3471 t-ati
626 3432 922 3487 agnoscere
940 3420 1307 3489 nequiverunt
1336 3427 1679 3488 praesentem,
1710 3422 1762 3475 in
1794 3422 1953 3491 cujus
1974 3439 2072 3493 spe

496 3510 818 3564 lmtabautur
843 3511 1120 3577 absentis;
1159 3510 1526 3567 intelleximus
1566 3519 1747 3573 tamen
1775 3515 1934 3585 pauci
1970 3532 2071 3575 nos

494 3603 586 3670 qui
632 3603 703 3661 ab
723 3618 791 3654 eo
812 3602 973 3656 electi
1002 3617 1216 3657 sumus.

572 3692 683 3748 λιι.
715 3692 828 3747 Hoc
856 3703 1037 3747 autem
1080 3693 1425 3763 providentia
1489 3693 1585 3748 Dei
1618 3693 1824 3751 factum
1866 3705 1969 3760 est,
2017 3706 2074 3753 ut

498 3784 853 3854 agnitioboni
893 3784 1059 3853 hujus
1092 3786 1258 3838 etiam
1282 3786 1538 3857 gentibus
1568 3786 1901 3853 traderetur,
1933 3796 1986 3845 et
2018 3790 2071 3845 hi

496 3880 591 3949 qui
621 3894 900 3949 nunquam
926 3877 995 3933 de
1028 3894 1093 3932 eo
1119 3878 1408 3935 audierant
1459 3896 1560 3934 nec
1601 3897 1633 3935 a
1682 3882 1965 3952 prophetis
1989 3883 2076 3937 di-

497 3974 766 4035 dic-erant,
794 3981 1153 4043 agnoscerent
1177 3986 1322 4036 eum,
1361 3971 1438 4025 illi
1469 3987 1598 4026 vero
1619 3972 1712 4041 qui
1740 3973 2073 4042 quotidianis

499 4066 953 4122 meditationibus
982 4072 1340 4134 agnoverant,
1382 4064 1720 4134 ignorarent.
1755 4065 1891 4121 Ecce
1925 4068 2072 4122 enim

502 4174 598 4235 per
622 4173 717 4213 vos
739 4172 886 4211 nunc
910 4155 1003 4225 qui
1026 4163 1323 4227 praesentes
1346 4154 1483 4209 estis
1499 4195 1513 4217 ,
1544 4163 1597 4210 et
1623 4156 1950 4213 desideratis
1974 4171 2072 4210 aug

500 4251 620 4306 dire
641 4249 951 4307 doctrinam
974 4247 1093 4301 lidei
1120 4246 1240 4315 ejus
1263 4256 1316 4301 et
1362 4262 1659 4317 agnoscere
1680 4248 1829 4317 quis,
1868 4256 1922 4303 et
1962 4265 2071 4319 quo

502 4342 685 4402 modo,
714 4347 768 4395 et
789 4341 969 4409 qualis
994 4339 1063 4392 sit
1089 4338 1210 4407 ejus
1252 4338 1520 4393 adventus
1539 4378 1553 4401 ,
1585 4339 1903 4408 prophetica
1925 4340 2061 4395 veri-

2173 3153 2459 3227 Qnomodo
2485 3152 2632 3207 enim
2664 3153 2961 3209 simulacra
3004 3152 3259 3208 exanima
3287 3156 3375 3208 vel
3418 3153 3489 3208 ad
3519 3153 3761 3208 servitu-

2174 3254 2280 3303 tem
2316 3242 2473 3301 vobis
2503 3242 2820 3299 viderentur
2858 3241 3078 3305 idonea,
3114 3258 3239 3297 cum
3284 3260 3467 3317 neque
3508 3244 3761 3307 audiant,

2174 3353 2350 3405 neque
2374 3335 2613 3399 videant,
2659 3350 2837 3404 neque
2882 3334 3086 3405 aliquid
3131 3336 3415 3391 sentiant?
3457 3337 3572 3391 nisi
3618 3334 3762 3405 quod

2176 3428 2297 3500 ipsa
2318 3427 2509 3483 saltem
2533 3426 2762 3480 materia
2786 3441 2850 3479 ex
2874 3441 2983 3495 qua
3000 3427 3149 3481 facta
3168 3436 3317 3497 sunt,
3342 3429 3462 3483 sive
3488 3429 3761 3491 auri,sive

2176 3520 2407 3591 argenti,
2433 3519 2515 3575 vel
2562 3520 2727 3577 etiam
2769 3519 2898 3572 aeris
2937 3526 3030 3571 ant
3063 3518 3216 3595 ligni,
3244 3536 3367 3573 cum
3401 3520 3585 3589 possit
3610 3522 3762 3574 vobis

2174 3614 2239 3668 ad
2270 3628 2403 3672 usus
2430 3610 2779 3668 necessarios
2808 3609 3091 3679 prodesse,
3139 3626 3235 3666 vos
3262 3626 3331 3666 ex
3372 3628 3438 3665 ea
3468 3611 3763 3667 formando

2174 3705 2328 3768 deos,
2354 3705 2584 3761 otiosam
2610 3719 2706 3774 per
2726 3706 2911 3758 omnia
2944 3713 3253 3772 cantatque
3288 3702 3547 3758 inutilem
3581 3705 3762 3758 reddi-

2174 3796 2358 3853 distis.
2401 3796 2514 3851 Nos
2561 3810 2692 3865 ergo
2737 3794 3129 3851 annuntiamus
3189 3795 3350 3850 vobis
3416 3811 3616 3849 verum
3665 3794 3759 3849 Dei

2174 3890 2404 3952 cultum,
2439 3890 2710 3960 simulque
2748 3902 3033 3945 "tenemus
3074 3893 3127 3940 et
3181 3886 3473 3941 hortamur
3494 3888 3757 3947 cultores,

2174 3990 2233 4037 ut
2256 3996 2351 4050 per
2380 3982 2552 4036 bonos
2570 3994 2726 4036 actus
2750 3983 3030 4036 imitentur
3050 3994 3173 4034 eum
3196 3993 3367 4049 quem
3384 3979 3599 4038 colunt,
3623 3988 3675 4032 et
3690 3985 3758 4031 ad

2177 4073 2464 4142 imaginem
2494 4089 2557 4128 ac
2584 4073 3008 4127 similitudinem
3033 4071 3179 4141 ejus,
3221 4076 3280 4123 ut
3320 4070 3589 4138 superius
3617 4070 3759 4124 dixi-

2176 4184 2322 4229 mus,
2348 4167 2528 4222 redire
2553 4166 2836 4222 festinent.

2244 4254 2357 4312 XV.
2392 4254 2565 4311 Velim
2592 4263 2772 4312 autem
2797 4256 3049 4316 dicerent
3083 4256 3215 4311 mibi
3256 4254 3313 4308 bi
3362 4254 3461 4323 qui
3484 4253 3635 4308 idola
3660 4270 3757 4307 ro-

2178 4350 2321 4412 lunt,
2339 4348 2385 4402 si
2409 4356 2599 4427 optant
2628 4347 2838 4411 similes
2862 4348 2975 4401 ﬁeri
3008 4347 3092 4401 his
3127 4362 3268 4417 quos
3290 4346 3504 4400 colunt.
3553 4344 3757 4401 \‘ultne

500 4442 586 4489 tas
634 4430 979 4499 adimplezur.
1023 4427 1135 4481 lloc
1177 4436 1262 4483 est
1308 4429 1455 4483 enim
1498 4429 1641 4498 quod
1699 4432 2067 4499 prazdixerunt

2182 4442 2370 4510 aliquis
2396 4423 2633 4495 vestrum
2671 4439 2751 4497 sic
2790 4438 2976 4492 videre
3010 4437 3282 4507 quomodo
3324 4436 3402 4489 illi
3428 4436 3656 4490 vident?
3704 4443 3763 4491 et

500 4525 801 4601 prophetae,
828 4522 958 4591 quia
989 4536 1019 4573 a
1044 4520 1201 4574 vobis
1238 4520 1569 4589 quaerendus
1609 4531 1776 4584 esset,
1799 4525 1891 4592 qui
1917 4524 1982 4578 de
2006 4542 2071 4583 eo

501 4630 780 4683 nunquam
820 4611 1054 4667 audistis
1072 4611 1135 4664 ³⁰.
1171 4609 1236 4667 Et
1261 4610 1383 4664 ideo
1406 4609 1653 4666 videntes
1677 4612 1729 4664 in
1755 4613 1911 4667 vobis
1937 4614 2070 4683 ipsis

502 4699 820 4770 prophetica
852 4699 999 4752 dicta
1029 4698 1312 4767 compleri,
1343 4698 1470 4751 huic
1517 4699 1611 4753 uni
1657 4709 1804 4755 recte
1825 4704 2068 4767 creditis,

501 4792 648 4849 hunc
674 4801 817 4849 recte
864 4790 1217 4860 exspectatis,
1247 4789 1315 4845 de
1369 4790 1473 4843 hoc
1504 4802 1651 4844 recte
1680 4792 1976 4862 inquiritis,
2015 4808 2071 4852 ut

503 4901 611 4939 non
634 4884 809 4937 solum
845 4882 1174 4951 exspectetis
1203 4897 1350 4942 eum,
1382 4882 1476 4939 sed
1507 4890 1561 4937 et
1591 4883 1961 4940 ha:reditatem
1982 4903 2068 4941 re.

504 4978 591 5047 gui
633 4977 754 5047 ejus
776 4976 1062 5030 credentes
1107 4974 1541 5042 conscquamini,
1593 4977 1892 5031 secundum
1926 4982 2071 5047 quod

573 5133 618 5164 ”
645 5131 779 5185 Gen.
808 5148 951 5196 xmx,
979 5132 1066 5186 10.
1143 5133 1187 5164 ³ο
1213 5131 1317 5189 lsa.
1352 5148 1474 5196 va,
1508 5132 1559 5188 l.

502 5202 697 5259 Matth.
734 5218 815 5267 tv,
845 5203 926 5267 litt.

1637 5134 1679 5164 ³¹
1706 5132 1861 5191 lea-tt.
1897 5154 2017 5201 vui,
2047 5140 2134 5195 54.

2272 4532 2461 4588 audire
2495 4532 2769 4606 Quomodo
2800 4531 2878 4589 illi
2902 4530 3166 4587 audiunt?
3190 4531 3271 4585 sic
3300 4528 3511 4585 habere
3534 4544 3761 4584 sensum

2172 4622 2446 4690 quomodo
2473 4623 2548 4675 illi
2580 4622 2825 4676 habent?
2856 4620 3012 4674 Absit
3048 4621 3148 4675 hoc
3167 4620 3235 4674 ab
3284 4635 3627 4690 unoquoque
3663 4634 3759 4671 au-

2172 4713 2468 4778 diculium;
2503 4712 2605 4765 hoc
2626 4711 2771 4766 enim
2798 4711 3144 4767 maledictum
3169 4712 3349 4779 potius
3367 4718 3423 4764 et
3446 4711 3759 4765 convicium

2174 4803 2504 4859 credendum
2535 4814 2620 4858 est
2653 4803 2765 4873 (1³1)
2794 4803 3025 4865 homini,
3053 4803 3146 4871 qui
3180 4802 3475 4873 imaginem
3502 4800 3599 4856 Dei
3625 4803 3679 4855 in
3703 4818 3761 4856 se

2178 4896 2339 4964 gerit,
2387 4895 2599 4949 etiamsi
2635 4894 3047 4949 similitudinem
3099 4894 3358 4963 perdidit.
3391 4892 3605 4959 Quales
3632 4910 3760 4962 ergo

2183 4985 2258 5039 dii
2282 4984 2516 5039 habendi
2545 4995 2673 5038 sunt
2696 4983 2809 5045 isti,
2848 4998 2987 5052 quos
3045 4982 3244 5035 imitari
3297 4983 3648 5037 exsecrabile
3690 4986 3759 5037 sit

2215 5141 2258 5172 "
2290 5140 2420 5195 Luc.
2451 5159 2524 5207 vt,
2554 5143 2663 5209 '56;
2728 5142 2916 5197 Matth.
2946 5160 2997 5207 v,
3049 5142 3140 5198 45.
3251 5141 3296 5174 ³³
3323 5141 3483 5197 Deut.
3534 5159 3613 5205 vr,
3670 5145 3752 5209 i5;

1809 5295 2175 5359 COTELERII
2210 5297 2445 5353 ΝΟΤᾸΞ.

580 5436 687 5504 (l7)
733 5435 845 5490 Hoc
888 5436 1025 5488 enim
1082 5435 1415 5490 maledictum
1460 5436 1630 5503 potius
1692 5445 1739 5487 et
1788 5435 2074 5487 convicium

507 5506 817 5577 credendum
838 5521 934 5560 est.
975 5505 1077 5571 Qui
1108 5510 1244 5560 solet
1280 5509 1538 5577 appellari
1581 5505 2077 5577 Eusebiuslimisc-

509 5592 635 5639 nus,
650 5575 868 5635 homilia
888 5578 1033 5646 quod
1062 5577 1205 5630 idola
1229 5581 1331 5631 coli
1356 5575 1462 5631 non
1495 5577 1725 5631 debeant
1754 5594 1767 5629 :
1799 5575 1896 5633 Dic
1927 5577 2073 5639 mihi,

509 5664 623 5718 cum
661 5647 855 5714 lignum
888 5645 1149 5718 veneraris
1181 5665 1241 5700 ac
1273 5647 1521 5718 lapidem,
1566 5646 1613 5718 si
1652 5645 1743 5697 tibi
1774 5645 2070 5718 diceretur:

515 5717 659 5773 Talis
692 5719 764 5771 sis
802 5718 971 5788 qualis
1012 5717 1135 5772 deus
1181 5715 1335 5782 tuus,‘
1383 5715 1613 5787 nunquid
1652 5733 1751 5770 non
1789 5716 2072 5769 convicium

2178 5440 2450 5494 crederes?
2484 5437 2715 5507 nunquid
2737 5454 2839 5491 non
2861 5438 3084 5502 iniurias
3105 5446 3437 5504 cornputares
3453 5440 3479 5492 .’
3509 5437 3580 5489 Et
3604 5441 3755 5492 illum

2180 5516 2234 5559 te.
2250 5526 2353 5561 non
2377 5509 2533 5576 pudet
2564 5506 2820 5570 uenerari,
2859 5510 3009 5577 cujus
3050 5524 3098 5561 te
3141 5506 3304 5560 nolles
3344 5508 3755 5561 similitudinem

2178 5577 2306 5637 dici,
2330 5580 2413 5632 cui
2436 5588 2481 5632 te
2501 5578 2826 5633 erubesceres
2851 5580 3190 5647 comparari?
3223 5577 3287 5629 Et
3319 5578 3405 5632 illi
3431 5578 3627 5633 tribuis
3662 5580 3757 5633 Dei

2178 5650 2395 5769 cultluzln,
2443 5650 2527 5701 cui
2565 5659 2611 5702 te
2644 5649 2933 5703 assimilcri
2977 5649 3344 5717 gravissimum
3396 5658 3612 5716 putares
3644 5666 3756 5705 esse

2182 5735 2262 5769 nm
2290 5735 2315 5769 ε
2356 5720 2555 5769 iclum?

2182 5720 2511 5773 ntrzlctlictum
2531 5722 2555 5772 Σ)
