3848 6262
167 273 308 336 i357

1345 289 1894 363 RECOGNITIONUM
1926 295 2052 353 LIB.
2093 297 2155 354 ν.

3195 314 3329 370 Ιίὅϐ

161 386 468 442 cultoribus
492 391 629 455 suis,
655 410 880 463 quorum
931 400 1333 458 similitudinem
1368 406 1562 465 habere
1582 421 1704 466 cou-
1729 412 1775 468 Α
1803 412 2037 480 stiones,
2065 414 2156 484 qui
2187 417 2342 484 quasi
2385 431 2478 486 per
2519 419 2851 487 prudentiam
2889 423 3086 498 decipit
3133 442 3246 490 vos,
3276 438 3328 490 et

160 477 386 529 tumelia
417 488 503 534 est
525 482 548 533 ?
569 483 707 548 Quid
738 491 897 557 ergo?
927 488 1126 546 Solvite
1155 493 1444 548 simulacra
1471 497 1699 561 inutilia,

156 571 207 615 et
233 562 401 619 facite
429 583 561 628 vasa
587 573 735 626 utilia
760 575 902 648 (18);
929 579 1116 633 solvite
1142 581 1367 634 otiosam
1390 583 1703 653 pigramque

156 655 468 720 materiam,
497 669 550 712 et
594 660 753 717 facite
799 666 1030 722 humano
1066 671 1185 722 usui
1228 679 1350 740 apta
1383 675 1697 728 ministeria.

158 742 264 797 Sed
297 763 407 800 non
439 750 649 815 sinunt,
679 753 872 823 inquit,
924 758 1063 826 leges
1095 760 1356 816 humanae.
1391 763 1548 827 Bene,
1577 766 1699 832 quia

154 827 409 885 humanae
427 835 596 904 leges,
619 847 673 892 et
697 857 799 893 non
820 842 1053 911 ipsorum
1077 849 1264 903 virtus.
1280 848 1554 913 Quomodo
1575 867 1699 920 ergo

151 917 223 969 dii
252 929 388 974 sunt
437 927 533 992 qui
577 927 824 983 humanis
871 933 1072 1002 legibus
1115 943 1298 990 etnon
1348 941 1460 994 suis
1493 941 1698 996 viribus

150 1004 567 1066 defenduntur?
588 1014 775 1084 sicque
806 1026 859 1071 et
892 1035 920 1072 a
949 1021 1158 1078 furibus
1200 1041 1393 1078 canum
1415 1029 1610 1096 vigiliis
1643 1038 1698 1086 et

147 1095 526 1152 claustrorum
581 1105 962 1161 munitionibus
987 1124 1401 1178 conservantur,
1425 1095 1490 1170 et,
1517 1117 1616 1171 hoc
1648 1119 1695 1172 si

146 1187 350 1244 fuerint
375 1203 641 1262 argentea
671 1199 752 1252 vel
784 1215 944 1256 aurea
965 1205 1047 1257 vel
1071 1207 1230 1260 etiam
1256 1225 1432 1274 terea;
1464 1228 1583 1265 nam
1621 1214 1696 1266 la-

144 1276 300 1344 pidea
326 1290 382 1333 et
411 1283 604 1338 ﬁctilia
638 1288 752 1355 ipsa
802 1291 882 1343 sui
917 1294 1120 1350 vilitate
1161 1300 1497 1364 muniuntur,
1537 1317 1694 1356 nemo

141 1367 285 1418 enim
327 1369 608 1437 lapideum
663 1387 752 1431 aut
811 1381 1022 1437 ﬁctilem
1063 1385 1219 1440 deum
1270 1388 1494 1444 furatur.
1541 1390 1692 1448 Unde

141 1457 584 1521 miserabiliores
627 1468 872 1526 \identur
903 1473 976 1534 hi,
1029 1477 1225 1543 quibus
1269 1481 1558 1546 pretiosius
1590 1499 1693 1538 nie-

140 1549 329 1602 tallum
361 1555 610 1620 pericula
638 1559 896 1614 viciniora
920 1567 1206 1633 conquirit.
1246 1567 1346 1633 Qui
1372 1586 1500 1640 ergo
1524 1573 1689 1630 furari

137 1652 398 1706 possunt,
424 1647 519 1713 qui
553 1648 623 1702 ab.
642 1649 944 1708 hominibus
966 1656 1246 1719 custodiri,
1267 1660 1358 1729 qui
1386 1661 1603 1716 conﬁari
1637 1671 1690 1717 et

135 1734 372 1800 appendi
405 1742 462 1787 et
496 1738 700 1794 malleis
724 1741 880 1809 caedi,
910 1743 998 1798 isti
1020 1745 1325 1804 hominibus
1351 1767 1566 1810 sensum
1589 1757 1686 1811 ha-

133 1821 400 1878 bcntibus
426 1825 508 1878 dii
535 1827 732 1885 debent
755 1831 963 1888 videri?

198 1911 348 1967 XVI.
389 1912 435 1967 Ο
468 1915 529 1970 in
566 1929 822 1985 quantam
851 1923 1120 1979 miseriam
1152 1931 1458 1986 mortalium
1489 1934 1685 1992 decidit

129 2000 532 2072 intelligentia!
560 2006 693 2060 Nam
725 2012 770 2064 si
800 2021 1040 2070 mortuos
1068 2016 1254 2073 timere
1298 2035 1520 2078 summa:
1552 2028 1686 2081 stulo

126 2093 258 2146 titize
286 2093 542 2159 ducitur,
586 2100 712 2165 quid
745 2101 1044 2170 judicemus
1093 2108 1158 2161 de
1196 2109 1278 2164 his
1320 2115 1412 2180 qui
1449 2115 1683 2174 deterius

125 2179 358 2247 aliquid,
387 2199 559 2250 quam
589 2197 713 2239 sunt
743 2193 958 2253 mortui,
981 2194 1203 2247 timent?
1226 2197 1324 2250 ista
1338 2179 1490 2254 enim
1515 2205 1682 2260 simu-

124 2268 271 2322 lacra
295 2287 409 2324 nec
432 2273 492 2326 in
512 2284 844 2332 mortuorum
874 2295 1094 2335 numero
1113 2283 1354 2344 habenda
1382 2299 1529 2354 sunt,
1555 2295 1679 2360 quia

120 2375 413 2429 nunquam
439 2363 706 2420 vixerunt.
757 2366 1088 2426 Prteferenda
1126 2384 1252 2429 sunt
1290 2379 1370 2434 eis
1404 2381 1563 2434 etiam
1591 2399 1678 2440 se-

119 2450 311 2515 pulcra
338 2462 708 2520 mortuorum,
723 2462 994 2527 quoniam,
1018 2465 1143 2521 licet
1159 2483 1299 2522 nunc
1315 2473 1506 2526 mortui
1529 2482 1676 2539 sunt,

118 2539 445 2595 habuerunt
476 2551 651 2599 tamen
676 2549 962 2616 aliquando
981 2553 1184 2622 vitam;
1222 2556 1312 2612 isti
1333 2571 1506 2614 autem
1540 2579 1675 2631 quos

113 2629 318 2692 colitis,
345 2645 457 2684 nec
489 2647 605 2685 eam
631 2635 845 2703 quidem
897 2655 1014 2707 qua:
1057 2651 1138 2696 est
1162 2644 1214 2697 in
1238 2649 1487 2705 omnibus
1514 2629 1675 2708 teter-

114 2716 276 2780 rima,
308 2735 583 2774 ranarum
607 2738 668 2777 ac
688 2725 961 2780 bubonem
989 2732 1152 2786 vitam
1190 2735 1474 2803 aliquando
1491 2755 1672 2809 gesse-

112 2815 261 2862 runt.
279 2805 401 2862 Sed
418 2810 554 2878 quid
579 2827 712 2880 opus
735 2823 815 2868 est
841 2817 907 2870 de
927 2817 1010 2874 his
1039 2822 1194 2889 plura
1215 2805 1536 2893 memorare,
1547 2843 1674 2888 Cum

109 2896 353 2951 suﬁieiat
385 2898 573 2955 dicere
611 2902 662 2956 ei
700 2905 790 2972 qui
837 2906 1023 2962 adorat
1059 2925 1122 2964 ea
1167 2931 1184 2964 δ
1219 2911 1334 2968 Non
1372 2915 1521 2973 vides
1543 2919 1672 2987 quia

1799 501 1944 554 velut
1993 504 2198 560 ratione
2245 507 2472 574 quadam
2513 511 2678 578 serpit
2725 527 2820 579 per
2861 529 3051 570 sensus
3093 525 3324 582 vestros,

1800 595 1958 656 atque
1979 590 2044 642 ab
2074 591 2189 659 ipso
2215 594 2414 648 vertice
2451 595 2712 664 incipiens
2752 613 2846 667 per
2886 599 3164 657 interiores
3191 604 3326 658 dila-

1796 678 1940 732 bitur
1967 682 2242 743 medullas,
2276 685 2480 738 lucrum
2518 702 2765 756 magnum
2811 699 3124 759 computans
3163 694 3323 749 dece-

1797 770 2028 836 ptionem
2074 780 2325 827 vestram.
2365 773 2640 830 interserit
2687 793 2814 848 ergo
2859 782 3102 838 sensibus
3130 786 3323 840 vestris

1795 861 2074 928 Opinioncs
2111 879 2553 936 quorumcunque
2594 869 2845 934 deorum,
2883 879 3086 928 tantum
3131 884 3189 929 ut
3226 893 3321 933 vos

1795 951 1860 1004 ab
1889 954 2048 1007 unius
2068 953 2156 1009 Dei
2190 965 2399 1011 revocet
2431 959 2551 1023 ﬁde,
2583 961 2760 1016 sciens
2785 974 3061 1032 peccatum
3085 976 3319 1022 vestrum

1793 1057 1946 1094 suum
1981 1058 2096 1098 esse
2123 1046 2390 1100 solatimn.
2431 1047 2522 1102 ille
2548 1051 2688 1104 enim
2719 1067 2817 1122 pro
2856 1056 3090 1124 nequitia
3126 1073 3222 1110 sua
3251 1059 3322 1114 ab

1793 1130 1944 1190 initio
1973 1143 2164 1188 terram
2195 1135 2350 1192 edere
2395 1138 2778 1196 condemnatus
2817 1153 2915 1203 est.
2956 1153 3170 1214 propter
3195 1163 3318 1202 eum

1790 1236 1949 1291 quem
1976 1223 2042 1276 de
2080 1232 2224 1278 terra
2269 1237 2625 1298 assumptum,
2659 1232 2849 1286 iterum
2880 1236 3071 1290 resolvi
3107 1237 3234 1290 fecit
3262 1239 3318 1294 in

1789 1319 2006 1375 terram,
2046 1331 2215 1383 usque
2263 1318 2327 1370 ad
2368 1326 2578 1388 tempus
2615 1337 2722 1390 quo
2763 1324 2954 1378 anima:
2995 1337 3182 1382 vestrae
3222 1347 3318 1399 per

1789 1403 1960 1470 ignem
1993 1406 2250 1461 traducta:
2275 1421 2605 1477 reparentur,
2635 1413 2773 1468 sicut
2799 1416 2932 1470 alias
2967 1415 3033 1471 de
3060 1418 3160 1472 hoc
3198 1421 3314 1488 ple-

1788 1489 1909 1544 nius
1938 1491 2301 1550 edombimus.
2323 1494 2401 1548 Ex
2430 1499 2544 1565 ipso
2571 1515 2697 1568 ergo
2737 1511 2862 1555 sunt
2889 1519 3075 1564 omnes
3103 1521 3313 1564 errores

1786 1587 1838 1632 et
1858 1581 2254 1648 ambiguitates,
2278 1585 2474 1652 quibus
2498 1587 2566 1644 ab
2602 1589 2760 1646 unius
2788 1589 2879 1644 Dei
2912 1593 3013 1646 ﬁde
3039 1604 3092 1648 et
3118 1595 3312 1650 credu-

1787 1667 1934 1725 litate
1952 1671 2368 1726 conturbamini.

1855 1754 2036 1810 XVIII.
2069 1757 2131 1809 Et
2159 1759 2331 1828 primo
2361 1762 2598 1816 omnium
2644 1765 2858 1833 subjicit
2898 1767 3310 1836 cogitationibus

1781 1844 2079 1910 hominum,
2112 1856 2170 1900 ut
2201 1864 2268 1904 ne
2297 1850 2519 1911 audiant
2561 1853 2719 1907 verba
2760 1857 3019 1918 veritatis,
3059 1873 3151 1926 per
3189 1875 3310 1928 quae

1780 1933 2041 1988 malorum
2083 1936 2438 2004 ignorantiam
2488 1939 2690 2010 fugent.
2735 1942 2799 1996 Et
2840 1945 2942 1998 hoc
2988 1947 3112 2000 facit
3152 1949 3306 2016 quasi

1778 2023 2057 2078 occasione
2099 2025 2324 2079 alterius
2367 2029 2624 2093 scientiae,
2671 2047 2984 2088 asseverans
3029 2035 3112 2089 eis
3162 2036 3304 2092 illam

1777 2111 2080 2178 Opinionem
2109 2101 2211 2181 qua
2241 2122 2464 2168 utuntur
2495 2119 2732 2185 plurimi,
2776 2130 2834 2174 ut
2875 2130 3060 2190 putent
3088 2138 3146 2177 se
3185 2140 3306 2182 reos

1776 2199 1986 2257 futuros
2006 2217 2112 2255 non
2134 2219 2254 2257 esse
2281 2205 2326 2258 si
2355 2205 2408 2262 in
2437 2208 2733 2275 ignarantia
2765 2211 2980 2275 fuerint,
3011 2228 3107 2268 nec
3135 2213 3308 2268 reddi-

1775 2296 1925 2344 turos
1951 2300 2070 2348 esSe
2093 2293 2353 2354 rationem
2391 2309 2488 2362 pro
2521 2295 2605 2351 bis
2637 2313 2754 2366 qua:
2799 2314 2904 2352 non
2935 2301 3226 2367 audierint,
3252 2311 3307 2357 et

1774 2376 1896 2431 ideo
1920 2392 1950 2430 a
1974 2379 2138 2433 verbo
2159 2381 2426 2436 declinare
2453 2399 2547 2438 eos
2578 2387 2764 2440 suadet
2785 2389 3042 2442 auditum.
3077 2390 3179 2444 Sed
3213 2408 3305 2446 ac-

1771 2466 1930 2536 cipite
1955 2477 2138 2522 contra
2164 2471 2274 2526 hanc
2304 2491 2316 2525 :
2347 2474 2462 2541 ipsa
2490 2490 2584 2543 per
2622 2479 2962 2545 semctipsam
2996 2480 3301 2549 ignorantia

1769 2555 2152 2612 validissimum
2185 2577 2444 2618 venenum
2473 2570 2582 2625 est,
2615 2565 2756 2632 quod
2781 2566 3007 2620 suﬁiciat
3045 2571 3297 2633 animam,

1769 2645 1913 2698 nulla
1941 2647 2272 2702 extrinsecus
2298 2651 2520 2717 quaesita
2549 2651 2847 2720 adjectione
2867 2692 2882 2715 ,
2922 2656 3202 2722 perimere.
3237 2659 3300 2712 Et

1767 2734 1888 2790 ideo
1915 2751 2078 2790 nemo.
2101 2747 2182 2792 est
2207 2739 2298 2806 qui
2323 2740 2599 2808 ignorans,
2632 2758 2726 2810 per
2760 2743 2860 2798 hoc
2886 2745 3027 2814 quod
3064 2747 3294 2816 ignorat,

1765 2816 1978 2888 evadat,
2017 2826 2110 2880 sed
2139 2835 2342 2880 certum
2374 2837 2456 2883 est
2493 2832 2636 2900 quod
2683 2833 2930 2888 intereat.
2974 2835 3298 2892 Naturaliter

1764 2913 1905 2968 enim
1956 2924 2294 2984 peccatorum
2339 2919 2420 2974 vis
2465 2921 2722 2975 interimit
2782 2933 3138 2993 peccatorem.
3192 2927 3296 2982 Sed

108 3001 271 3052 quem
299 2989 541 3053 adoras,
585 3007 691 3045 non
719 2993 890 3048 videt?
929 2997 1051 3050 audi
1089 3001 1212 3067 quia
1251 3019 1408 3071 quem
1449 3007 1666 3077 adoras,
1691 3030 1741 3095 α
1764 3004 2020 3076 quoniam
2039 3006 2302 3073 judicium
2328 3011 2645 3067 rationabile
2665 2989 2801 3077 erit;
2820 3022 2929 3070 tam
2957 3017 3290 3087 ignorantia,

104 3093 212 3131 non
249 3080 449 3138 audit.
499 3089 553 3135 et
599 3083 830 3154 intellige
877 3088 1002 3156 quia
1044 3106 1150 3146 non
1201 3093 1478 3165 intelligit;
1529 3115 1670 3168 opus
1697 3080 1741 3095 “
1763 3110 1926 3162 quam
1953 3097 2375 3168 uniuscujusque
2396 3103 2600 3169 peccati
2625 3119 2787 3160 causa
2811 3115 2860 3160 et
2883 3107 3032 3177 origo
3056 3110 3293 3178 require-

103 3168 249 3219 cnim
281 3169 550 3224 mortalis
581 3187 778 3228 manus.
817 3183 919 3236 est,
950 3183 1002 3229 et
1046 3183 1353 3238 necessario
1381 3199 1539 3242 sensu
1574 3203 1665 3244 ca—

101 3267 200 3309 ret.
231 3256 318 3310 Tu
341 3272 487 3325 ergo
510 3257 703 3314 adoras
737 3261 1099 3320 insensibilem
1117 3307 1131 3331 ,
1155 3284 1276 3322 cum
1301 3277 1668 3346 unusquisque

100 3344 314 3400 habens
351 3363 605 3410 sensum,
647 3365 745 3402 nec
798 3366 860 3405 ea
887 3354 1099 3421 quidem
1153 3359 1336 3413 credat
1373 3344 1663 3427 adoranda,

95 3453 218 3504 qua:
241 3454 273 3491 a
325 3437 452 3491 Deo
484 3437 618 3496 facta
647 3448 771 3492 sunt
792 3449 844 3496 et
876 3443 1071 3499 habent
1101 3463 1313 3504 sensum
1346 3453 1476 3522 (19),
1502 3456 1552 3509 id
1581 3467 1664 3511 est

94 3525 269 3581 solem
320 3535 390 3582 ct
423 3527 626 3592 limam,
655 3529 738 3582 vel
768 3531 968 3594 stellas,
999 3537 1283 3606 omniaque
1310 3555 1430 3607 qua:
1449 3543 1502 3595 in
1528 3547 1664 3600 ccelo

1763 3191 1871 3239 tur.
1905 3183 1954 3240 Is
1979 3201 2110 3256 ergo
2133 3189 2222 3256 qui
2257 3189 2398 3244 scire
2423 3190 2593 3244 noluit
2623 3195 2885 3262 quomodo
2915 3199 3085 3268 possit
3112 3201 3292 3254 venire

1762 3272 1826 3326 ad
1852 3272 2035 3338 vitam,
2067 3275 2157 3328 sed
2190 3276 2373 3330 maluit
2395 3278 2640 3346 ignorare
2672 3295 2740 3332 ne
2773 3296 2868 3348 per
2900 3282 2998 3335 hoc
3026 3297 3150 3337 reus
3179 3285 3292 3339 ﬁeri

1760 3361 2048 3424 videretur,
2073 3378 2139 3416 ex
2160 3363 2259 3418 hoc
2287 3365 2402 3431 ipso
2426 3365 2561 3432 jam,
2594 3367 2749 3435 quasi
2782 3368 2872 3436 qui
2897 3369 3076 3422 scierit
3105 3380 3156 3423 et
3195 3372 3293 3424 ha-

1758 3450 1932 3506 buerit
1957 3452 2255 3515 scientiam,
2273 3453 2564 3521 judicatur.
2585 3457 2811 3525 Agnovit
2832 3455 2973 3510 enim
2995 3459 3121 3527 quid
3146 3468 3289 3514 esset

1757 3541 1896 3608 quod
1921 3543 2132 3596 nolebat
2155 3543 2358 3608 audire,
2383 3552 2441 3598 et
2462 3545 2595 3597 nihil
2631 3545 2677 3598 ei
2702 3544 2936 3599 conferet
2967 3547 3032 3599 ad
3063 3563 3288 3602 excusa-

90 3627 223 3672 sunt
261 3632 322 3674 et
349 3633 526 3685 super
550 3626 765 3673 terram.
803 3619 1015 3680 Justum
1060 3628 1206 3680 enim
1233 3639 1444 3697 putant,
1474 3648 1578 3687 non
1599 3650 1663 3689 ea

90 3727 212 3777 quae
243 3724 363 3779 pro
395 3708 585 3760 mundi
637 3712 930 3767 ministerio
963 3714 1103 3770 facta
1130 3726 1275 3780 sunt,
1313 3721 1403 3774 sed
1427 3721 1664 3788 ipsorum

84 3810 137 3854 et
179 3800 397 3854 mundi
454 3799 622 3852 totius
651 3801 956 3857 Creatorem
990 3807 1187 3862 debere
1213 3813 1493 3878 venerari;
1531 3830 1660 3881 gau-

82 3889 216 3944 dent
250 3892 421 3944 enim
457 3888 615 3940 etiam
664 3889 797 3952 haec,
826 3907 946 3946 cum
969 3895 1056 3949 ille
1089 3897 1344 3951 aduratur
1371 3908 1423 3954 et
1444 3903 1658 3968 colitur,

78 3993 183 4032 nec
217 3980 480 4034 libenter
512 3979 803 4046 accipiunt,
823 3990 882 4034 ut
911 3983 1084 4038 honor
1103 3987 1376 4043 Creatoris
1398 4000 1664 4046 creatum

77 4070 416 4126 deferatur.
473 4066 738 4135 Exceptus
783 4073 923 4124 enim
965 4082 1048 4128 est
1097 4074 1188 4129 Dei
1233 4078 1400 4132 solius
1457 4082 1659 4144 cultus,

71 4165 168 4229 qui
207 4165 390 4218 solus
415 4162 691 4212 increatus
713 4168 814 4222 est,
834 4163 1012 4216 omnia
1042 4173 1217 4218 autem
1245 4175 1432 4220 caetera
1455 4167 1656 4222 factura

71 4256 200 4319 ejus
232 4259 410 4308 sunt.
450 4249 748 4318 Sicutergo
793 4254 1067 4321 proprium
1113 4265 1195 4308 est
1236 4256 1352 4324 ejus
1379 4259 1468 4324 qui
1507 4261 1654 4316 solus

69 4359 185 4396 non
222 4351 323 4398 est
364 4339 567 4398 factus,
600 4337 764 4392 Deum
803 4356 943 4406 esse,
986 4343 1060 4396 ita
1082 4359 1238 4399 omne
1280 4347 1424 4412 quod
1454 4350 1654 4406 factum
1681 4343 1725 4396 Ῑ)

65 4446 180 4498 est,
211 4433 384 4486 Deus
419 4443 546 4480 vere
574 4443 680 4480 non
701 4439 804 4483 est.

1757 3633 1954 3708 tionem
2002 3634 2266 3702 serpentis
2310 3635 2535 3694 artiﬁcio
2565 3636 2789 3704 quaesita
2830 3638 3122 3703 calliditas;
3164 3654 3286 3694 cum

1756 3736 1821 3776 eo
1850 3726 1988 3774 enim
2013 3723 2116 3777 erit
2143 3723 2192 3776 ei
2219 3723 2358 3776 ratio
2388 3739 2542 3790 quem
2581 3740 2685 3776 neu
2717 3725 2843 3779 latet
2866 3741 2976 3780 cor.
3011 3725 3080 3779 Ut
3109 3737 3285 3784 autem

1756 3807 1894 3862 scias
1918 3809 2042 3875 quia
2071 3807 2366 3876 ignorantia
2394 3825 2488 3878 per
2517 3812 2849 3878 semetipsam
2866 3822 3083 3881 generat
3116 3816 3286 3868 inter-

1755 3896 1910 3956 itum,
1955 3897 2132 3948 anima
2177 3911 2298 3949 eum
2341 3897 2648 3951 discesserit
2693 3914 2720 3950 a
2763 3915 3018 3968 corpore,
3081 3903 3126 3956 si
3162 3903 3285 3959 talis

1752 3995 1904 4038 exeat
1931 4001 2050 4052 qua:
2077 3984 2279 4054 ignoret
2301 4001 2421 4040 eum
2463 4001 2490 4039 a
2536 4004 2649 4056 quo
2679 3997 2859 4043 creata
2895 4001 2997 4054 est,
3032 4007 3063 4044 a
3093 4008 3198 4061 quo
3227 3994 3282 4050 in

1750 4073 1852 4128 hoc
1881 4073 2078 4128 mundo
2102 4075 2280 4127 omnia
2314 4091 2432 4143 qua:
2461 4076 2646 4130 usibus
2671 4078 2784 4131 suis
2807 4087 2956 4131 erant
2981 4081 3279 4134 necessaria

1751 4171 2036 4216 consecuta
2085 4170 2201 4224 est,
2234 4169 2483 4231 tanquam
2511 4166 2716 4235 ingrata
2752 4175 2803 4221 et
2823 4168 3048 4224 inﬁdelis
3074 4184 3105 4221 a
3130 4173 3280 4240 regni

1751 4253 1869 4321 ejus
1892 4253 2007 4305 luce
2041 4254 2342 4321 projicitur.

1818 4382 1954 4436 XIX.
1987 4382 2213 4452 Subjicit
2244 4385 2433 4439 iterum
2465 4389 2823 4457 nequissimus
2856 4406 3076 4460 serpens
3118 4393 3276 4447 aliam

1751 4473 2055 4530 hominibus
2087 4476 2412 4542 opinionem,
2450 4493 2607 4546 quam
2646 4481 2824 4547 plures
2870 4490 3102 4535 vestrum
3152 4498 3276 4549 pro-

1750 4567 1887 4619 ierre
1917 4567 2086 4619 solent
2110 4581 2124 4616 :
2159 4565 2330 4618 Unum
2358 4583 2477 4621 esse
2505 4578 2558 4623 et
2585 4586 2682 4624 nos
2718 4571 2943 4624 dicimus
2970 4571 3158 4634 Deum,
3181 4573 3274 4640 qui

1747 4663 1828 4708 est
1872 4654 2112 4707 omnium
2155 4654 2446 4722 Dominus;
2491 4659 2582 4712 sed
2627 4669 2680 4712 et
2725 4658 2852 4722 isti,
2901 4659 3168 4728 inquiunt.
3197 4661 3273 4714 dii

143 4566 332 4623 XVII.
369 4564 513 4616 Ante
554 4564 729 4615 omnia
773 4580 898 4633 ergo
941 4567 1236 4634 intelligere
1263 4565 1470 4622 debetis
1494 4570 1652 4632 ἀερθε-

61 4662 340 4728 ptinnem
392 4654 658 4720 serpentis
701 4654 902 4722 antiqui
943 4663 995 4707 et
1035 4655 1254 4707 callidas
1294 4655 1410 4722 ejus
1460 4673 1652 4728 sugge-

1379 4787 1737 4844 COTEIJERII
1773 4788 2001 4844 NOTAE.

1742 4942 1916 5015 bemus
1939 4960 2064 4996 sane
2087 4944 2285 5015 libella}
2311 4960 2400 4997 sea:
2430 4947 2598 5015 sancti
2629 4946 2823 5000 Hilarii
2847 4949 3064 5015 episcopi
3092 4948 3270 5002 Picta-

1741 5011 1947 5084 viensis,
1977 5029 2103 5081 quos
2136 5013 2198 5065 de
2227 5012 2402 5066 erco
2436 5014 2672 5084 Origenis
2703 5019 2756 5069 in
2796 5011 3038 5068 Latinum
3079 5023 3267 5082 vertit;

1740 5079 1827 5131 sed
1863 5097 1960 5131 non
1990 5079 2176 5134 omnia
2208 5084 2484 5134 secundum
2528 5079 2758 5137 ordinem
2792 5084 2910 5135 libri
2953 5086 3120 5137 sancti
3165 5079 3266 5141 Job

1738 5149 1989 5215 exposuit.
2045 5150 2110 5202 Et
2153 5151 2284 5203 satis
2339 5151 2499 5203 miror
2537 5152 2789 5206 hominem
2825 5151 3176 5206 doctissimum
3218 5165 3270 5211 ct

1738 5224 1992 5289 sanctum,
2036 5229 2092 5289 ut
2120 5219 2180 5289 de
2219 5219 2380 5289 stellis
2422 5223 2617 5274 namias
2664 5221 2898 5289 Origenis
2939 5223 3266 5289 transferret.

1742 5282 1892 5346 Mihi,
1925 5287 2246 5358 sanctissime
2278 5286 2455 5358 Pater,
2483 5291 2624 5341 nullo
2659 5282 2806 5358 ραεῐο
2838 5288 3045 5340 suaderi
3078 5282 3268 5358 potest,

1739 5362 1795 5407 ut
1832 5356 2045 5426 credant
2058 5365 2201 5407 astra
2237 5356 2350 5407 ειειὶ
2378 5357 2589 5426 spiritus
2619 5356 2920 5416 rationales,
2965 5356 3087 5424 qua!
3114 5375 3272 5426 neque

1737 5437 1850 5472 cum
1881 5421 2094 5491 angelis,
2123 5439 2277 5506 neque
2313 5440 2425 5475 cum
2457 5425 2747 5506 (hominibus
2796 5421 3275 5506 fa'clacsseﬁc’ri-

1735 5501 1887 5555 plura
1926 5490 2105 5565 sancta
2159 5490 2405 5565 declarat.
2457 5493 2593 5547 Sunt
2635 5490 2804 5550 verba
2849 5490 3118 5546 Liciniani
3156 5495 3276 5565 θρῖα

1735 5560 1901 5627 scopi,
1941 5560 2004 5614 ad
2029 5559 2339 5630 Gregorium
2364 5577 2571 5632 papam.

135 4951 268 5012 ([8)
331 4941 533 4999 Solvite
557 4938 836 4992 simulacra
854 4939 1088 5014 malitia,
1117 4945 1163 4989 et
1201 4935 1505 5014 facite-rasa
1539 4940 1644 4991 uli-

56 5004 367 5078 tia‘fﬂ'uic
417 5023 702 5079 germanus
738 5015 820 5062 est
853 5009 1000 5060 locus
1016 5004 1401 5067 Commodiani,
1436 5005 1642 5061 instru-

55 5095 259 5146 ιςιίοηε
292 5085 406 5159 zu:
542 5148 554 5159 ,
595 5149 623 5159 Α,
847 5147 857 5157 .
909 5158 912 5159 ν
965 5142 998 5159 ,.

170 5141 252 5212 Et
287 5153 426 5207 deos
451 5148 648 5202 audetis
679 5147 918 5219 (erantine
944 5142 1108 5219 dicere
1139 5141 1300 5219 fugas.

169 5208 593 5294 gaveritiscos
629 5217 788 5283 magis
814 5216 865 5266 in
894 5215 1097 5294 uascula
1128 5208 1283 5294 robii.
1328 5289 1440 5294 un
1476 5293 1486 5294 ί
1524 5293 1532 5294 7
1624 5282 1633 5294 .

131 5281 263 5368 (ιθ)
315 5287 393 5343 Et
421 5285 606 5337 habent
633 5281 852 5336 sensum.
883 5281 1035 5368 Astra
1063 5281 1445 5368 {litigiilfnfﬁfe
1474 5282 1636 5368 plangi

55 5341 337 5421 ρίὰῖξιίιί
363 5355 823 5427 gistimaverun‘t‘,
868 5347 1054 5427 secuti“
1078 5341 1436 5427 Phllfﬁlplffis‘
1474 5341 1634 5427 dte!“

93 5413 334 5483 Γξξζῖιῖιῇο
363 5424 724 5476 Hem-330mm.
770 5423 982 5474 Contra,
1017 5413 1442 5483 Constitutionum
1487 5417 1635 5483 scri-

55 5451 334 5506 ν’βιίίιιω
363 5451 724 5507 ιιῠγιωυιωιι.
771 5451 1441 5530 υυιιιιιιν,υν.⁸¹υᾶ·””’”””””’
1487 5451 1633 5466 υνυ-

55 5515 212 5568 Non
267 5498 531 5568 lib-1’3",
562 5505 678 5568 calP-
713 5487 869 5548 άδνθί
912 5484 1108 5568 τίὲΡίιΨῖ
1172 5482 1633 5568 ἕξεθιῖ¹¹¹ἶὶ.¹ἒ(ὀ

55 5543 1122 5628 Εἶδἰᾶἑῖϐὼιῆεηξῗηονωῇνδε.95ίῑῑ¹ν
1300 5544 1389 5628 ἐξ.
1433 5549 1630 5628 ¹’θ¹.(ἒ3⁰

55 5613 573 5702 {IIEZu'ih‘insagma
605 5627 710 5678 haec
776 5613 1020 5688 Snict'legii
1053 5618 1106 5679 ll,
1141 5627 1260 5680 pag.
1298 5613 1391 5666 571
1441 5633 1454 5666 :
1501 5613 1628 5672 Ηῖι..
