3904 6354
548 305 690 362 {339

1390 304 1447 365 S.
1490 301 1884 360 CLEMENTIS
1923 306 1942 360 l
1984 304 2150 361 ΒΟΜ..
2192 304 2395 362 ΡΟΝΤ.
2435 305 2662 363 OPERA
2702 307 2931 364 DUBlA.

3649 308 3769 362 1530

544 428 694 479 aunt.
720 419 876 474 Sicut
905 420 1046 474 enim
1082 432 1224 472 unus
1250 424 1333 472 est
1362 417 1544 473 Cresar
1564 460 1579 484 ,
1620 428 1673 473 et
1714 420 1877 475 habet
1924 420 2027 474 sub
2058 436 2116 475 se
2144 432 2191 489 Α
2220 420 2520 479 diebamus.
2542 416 2608 472 Et
2625 421 2821 479 Petrus
2848 443 2860 480 :
2915 421 3159 490 Ridetis,
3190 423 3388 494 inquit,
3419 438 3522 479 vos
3552 423 3777 480 aliorum

544 514 748 567 multos
790 511 1025 579 judices,
1071 509 1219 561 verbi
1260 510 1433 577 gratia
1476 510 1793 580 praefectos,
1835 511 2110 573 consules,

543 606 797 658 tribunos
840 610 893 657 et
942 610 1165 656 caeteras
1208 608 1526 670 potestates,
1574 602 1737 655 simili
1784 602 2113 655 arbitramur

545 696 726 757 modo,
768 708 889 747 cum
945 708 1084 746 unus
1136 691 1207 745 sit
1257 686 1430 759 major
1471 693 1713 746 omnium
1754 692 1918 756 Deus,
1948 696 2109 748 etiam

545 788 681 842 istos
712 785 776 839 ad
815 783 1229 840 similitudinem
1260 798 1444 837 earum
1486 778 1627 852 quas
1668 783 1926 845 diximus.
1956 791 2110 853 pote-

544 890 744 936 statum
772 878 1054 932 ordinatos
1108 893 1230 931 esse
1284 878 1335 931 in
1396 878 1498 932 hoc
1550 878 1753 932 mundo
1808 878 1962 942 deos,
2030 878 2108 931 illi

543 970 759 1041 quidem
786 968 979 1036 majori
1009 968 1307 1036 subjectos,
1342 984 1441 1023 nos
1486 976 1664 1023 tamen
1696 977 1749 1023 et
1776 985 1894 1039 qua:
1924 969 1977 1022 in
2006 968 2109 1023 hoc

543 1062 746 1115 mundo
790 1070 918 1115 sunt
968 1061 1369 1131 dispensantes.
1421 1059 1616 1115 Audite
1654 1076 1785 1131 ergo
1840 1064 1907 1115 ad
1956 1062 2105 1125 hmc,

541 1153 816 1223 quomodo
857 1153 910 1205 in
952 1153 1038 1207 his
1085 1152 1217 1223 ipsis
1258 1166 1378 1221 qua:
1412 1151 1478 1204 ad
1507 1150 1879 1220 deceptionem
1910 1167 2109 1222 propo~

541 1248 696 1307 nilis,
728 1245 975 1299 veritatis
1004 1245 1309 1299 rationibus
1347 1243 1725 1299 confutemini.
1757 1242 1948 1299 Dicitis
1979 1244 2108 1315 quia

542 1338 721 1391 locum
754 1335 985 1391 Caesaris
1015 1342 1195 1389 teneat
1227 1334 1401 1397 Deus,
1442 1334 1687 1403 judicum
1728 1349 1859 1389 vero
1895 1334 2016 1403 ejus
2054 1341 2108 1389 et

540 1436 867 1498 potestatum
914 1426 1149 1496 speciem
1203 1432 1419 1480 servent
1462 1425 1515 1479 hi
1562 1425 1656 1495 qui
1698 1424 1956 1480 dicuntur
1991 1411 2105 1495 dii;

539 1526 752 1573 servate
781 1532 932 1588 ergo,
962 1524 1019 1571 ut
1048 1516 1755 1587 proposuistis,exemplum
1775 1516 2031 1582 Czcsaris,
2052 1524 2107 1573 et

539 1609 736 1664 scitote
778 1610 904 1678 quia
975 1608 1118 1662 sicut
1164 1607 1298 1661 nulli
1328 1623 1395 1661 ex
1436 1607 1715 1676 judicibus
1760 1609 1842 1663 vel
1870 1609 2105 1663 admini-

540 1702 867 1758 stratoribus
894 1700 1149 1762 Caesaris,
1196 1700 1249 1754 id
1291 1708 1375 1755 est
1404 1699 1708 1769 praefectis,
1745 1701 1824 1755 vel
1871 1716 2106 1769 procon-

540 1796 774 1857 sulibus,
803 1794 885 1849 vel
915 1794 1169 1855 ducibus,
1208 1792 1293 1847 vel
1340 1793 1605 1856 tribunis,
1654 1792 1736 1847 fas
1766 1801 1849 1848 est
1876 1794 2109 1849 Caesaris

538 1902 735 1941 nomen
778 1884 1021 1955 imponi;
1058 1884 1297 1953 alioquin
1343 1892 1397 1937 et
1441 1883 1529 1937 ille
1575 1884 1667 1953 qui
1714 1885 2017 1953 susceperit
2054 1892 2110 1939 et

539 1978 617 2032 illi
648 1978 740 2047 qui
769 1975 1089 2037 detulerint,
1126 1973 1328 2042 pariter
1352 1972 1651 2027 interibunt
1683 1991 1695 2026 :
1730 1974 1806 2026 ita
1834 1980 1887 2026 et
1916 1973 1984 2027 de
2006 1973 2109 2029 hoc

537 2071 752 2127 debetis
796 2069 1099 2130 advertere,
1144 2065 1289 2135 quod
1334 2064 1381 2119 si
1426 2064 1550 2135 quis
1583 2080 1778 2119 nomen
1821 2066 1913 2120 Dei
1943 2067 2106 2121 alicui

539 2179 702 2235 quam
749 2169 946 2232 praeter
978 2159 1152 2228 ipsum
1184 2156 1533 2226 imposuerit,
1583 2166 1635 2211 et
1677 2156 1768 2210 ille
1817 2158 2106 2228 receperit,

540 2271 710 2310 unum
736 2251 1094 2321 eumdemque
1131 2250 1430 2304 sortientur
1465 2248 1742 2303 interitum
1765 2288 1780 2309 .
1812 2250 1984 2303 multo
2011 2249 2107 2305 de-

539 2349 741 2404 teriore
774 2355 919 2402 sorte
966 2360 1127 2415 quam
1158 2343 1392 2397 ministri
1420 2339 1671 2395 Caesaris.
1703 2338 1802 2393 Hic
1840 2343 1985 2394 enim
2010 2340 2105 2411 qui

540 2441 767 2511 deliquit
784 2440 835 2493 in
849 2438 1140 2499 Czcsarem,
1158 2434 1435 2489 interitum
1454 2434 1713 2502 suscipiet
1727 2436 2102 2502 temporalem;

541 2531 636 2601 qui
650 2544 775 2585 vero
788 2530 842 2583 in
862 2542 1028 2582 unum
1049 2525 1138 2596 qui
1156 2526 1306 2579 solus
1319 2533 1371 2579 et
1385 2530 1640 2577 verusest
1658 2522 1797 2578 Deus
1812 2524 2100 2593 delinquit,

539 2626 595 2679 in
627 2624 885 2679 seculum
918 2622 1025 2676 luet
1049 2635 1274 2690 pinnas,
1319 2626 1373 2676 et
1413 2620 1627 2683 merito,
1662 2626 1721 2672 ut
1763 2618 1856 2689 qui
1904 2636 2101 2677 nomen

537 2719 683 2792 quod
727 2726 811 2773 est
850 2715 1070 2769 unicum
1115 2713 1378 2782 injuriosa
1427 2712 1741 2767 conditione
1793 2713 2097 2769 violaverit.

612 2809 726 2864 XX.
758 2807 1019 2874 Quamvis
1047 2805 1150 2859 hoc
1179 2805 1379 2875 ipsum.
1417 2800 1595 2866 Deus,
1627 2818 1734 2857 non
1784 2818 1982 2860 nomen
2029 2806 2102 2861 sit

540 2902 631 2958 Dei
673 2900 809 2973 (20),
855 2897 949 2953 sed
982 2895 1294 2950 hominibus
1326 2894 1542 2948 interim
1579 2894 1903 2949 vocabulum
1954 2897 2100 2953 istud

537 2996 697 3067 quasi
724 3008 824 3064 pro
852 2990 1071 3046 nomine
1098 2988 1218 3058 ejus
1242 3002 1565 3043 concessum
1597 2994 1708 3054 est;
1728 2989 1871 3058 quod
1892 2998 2097 3056 tamen,

2216 512 2508 577 dedecora,
2539 515 2667 583 quia
2704 517 2862 584 longa
2889 514 3282 570 consuetudine
3314 515 3541 585 propria
3571 530 3685 570 non
3711 518 3783 569 vi-

2215 602 2377 657 detis.
2410 601 2543 655 Nam
2575 602 2954 673 Egyptiorum
3000 602 3219 673 quidem
3251 604 3550 657 stultitiam
3593 606 3785 659 merito

2212 694 2425 755 ridetis,
2453 696 2543 764 qui
2568 702 2717 747 muta
2740 695 3017 761 animalia,
3054 694 3159 765 ipsi
3194 710 3319 749 cum
3348 697 3461 751 sint
3486 696 3785 750 rationabi-

2212 786 2312 849 les,
2345 787 2547 840 colunt.
2576 785 2774 840 Audite
2800 793 2978 841 tamen
3009 786 3281 856 quomodo
3310 794 3366 841 et
3404 787 3485 840 illi
3530 802 3634 841 vos
3668 788 3787 839 irri-

2213 878 2398 942 deant,
2431 879 2583 933 aiunt
2617 880 2761 933 enim
2789 898 2802 933 :
2830 878 2940 933 Nos
2976 879 3210 934 viventia
3240 880 3475 934 colimus
3502 881 3781 947 animalia,

2213 970 2340 1025 licet
2393 972 2677 1034 moritura,
2734 986 2832 1027 vos
2883 986 3012 1026 vero
3071 986 3192 1041 qua:
3225 987 3509 1042 nunquam
3560 974 3782 1026 omnino

2213 1062 2432 1125 vixere,
2490 1063 2604 1118 haec
2655 1062 2836 1119 colitis
2872 1070 2926 1118 et
2955 1063 3219 1119 adoratis.
3264 1063 3491 1120 Addunt
3522 1073 3786 1135 praterea

2210 1154 2373 1207 etiam
2404 1152 2559 1215 illud,
2592 1152 2792 1222 ﬁguras
2816 1168 2939 1207 esse
2962 1160 3016 1206 et
3046 1153 3333 1223 allegorias
3358 1154 3632 1208 virtutum
3662 1170 3788 1225 qua-

2210 1243 2479 1305 rumdam,
2509 1243 2709 1312 quibus
2739 1242 3099 1311 adjutricibus
3132 1254 3352 1314 regatur
3377 1244 3672 1298 hominum
3697 1262 3788 1315 ge-

2209 1347 2349 1396 nus;
2388 1333 2481 1386 sed
2506 1331 2729 1401 pudoris
2758 1332 3004 1403 perfugio
3042 1333 3157 1387 haec
3202 1342 3255 1388 et
3298 1335 3566 1387 nonnulla
3598 1335 3688 1389 bis
3715 1337 3787 1391 si-

2208 1423 2358 1476 milia
2385 1430 2792 1487 connectentes,
2815 1439 3057 1478 errorem
3085 1440 3243 1479 suum
3288 1426 3475 1479 velare
3506 1427 3781 1480 nituntur.

2210 1510 2318 1566 Sed
2346 1528 2455 1567 non
2480 1521 2564 1568 est
2601 1527 2745 1566 nunc
2777 1522 2991 1583 tempus
3025 1513 3297 1585 AEgyptiis
3340 1519 3709 1586 respondere,
3736 1531 3786 1571 et

2207 1603 2467 1658 derelicta
2528 1620 2658 1659 cura
2715 1604 3099 1675 pnesentium,
3146 1607 3454 1661 absentium
3523 1608 3785 1663 medicari

2211 1697 2521 1769 languores.
2570 1699 2793 1754 Certum
2845 1716 3081 1770 namque
3125 1701 3391 1756 indicium
3444 1712 3533 1758 est
3577 1719 3679 1758 vos
3720 1704 3787 1757 ab

2143 1764 2182 1822 Β
2212 1764 2523 1859 hujusmodi
2550 1791 2867 1861 aegritudine
2893 1764 3083 1847 hab-eri
3113 1794 3345 1859 alienos,
3372 1797 3470 1866 qui
3510 1810 3639 1850 eam
3680 1812 3784 1852 non

2208 1882 2458 1936 doluistis
2489 1892 2547 1937 ut
2571 1884 2869 1954 prapriam,
2900 1884 2993 1939 sed
3025 1885 3219 1942 risistis
3249 1895 3309 1939 ut
3333 1887 3598 1942 alienam.

2282 1973 2440 2029 XXII.
2468 1973 2574 2029 Sed
2602 1976 2887 2031 redeamus
2916 1976 2984 2031 ad
3019 1991 3137 2041 vos,
3163 1979 3364 2048 quibus
3390 1979 3576 2051 placet
3602 1979 3787 2035 haberi

2208 2065 2375 2122 Deum
2405 2076 2462 2121 ut
2486 2068 2779 2132 Caesarem,
2804 2068 2938 2124 deos
2966 2078 3147 2125 autem
3175 2078 3233 2124 ut
3266 2074 3558 2126 ministros
3579 2080 3636 2126 et
3666 2088 3788 2141 pro-

2206 2166 2491 2213 curatores
2553 2159 2822 2227 Caesaris;
2873 2161 3167 2231 sequimini
3218 2178 3304 2217 me
3359 2166 3683 2227 attentius,
3736 2173 3789 2219 et

2206 2250 2368 2303 modo
2392 2251 2549 2307 vobis
2579 2251 2863 2307 ostendam
2908 2254 3147 2309 latebras
3190 2257 3493 2324 serpentis,
3535 2256 3593 2309 in
3627 2272 3789 2326 argu-

2204 2341 2373 2394 menti
2405 2340 2567 2410 hujus
2605 2342 2787 2397 curvis
2829 2342 3167 2399 anlractibus
3206 2345 3531 2402 collocatas.
3564 2346 3785 2400 Certum

2203 2432 2347 2502 apud
2376 2446 2568 2488 omnes
2597 2448 2717 2489 esse
2746 2433 2983 2501 debet,et
3002 2436 3387 2500 indubitatum,
3423 2436 3563 2500 Deo,
3595 2438 3728 2508 quia
3755 2454 3786 2491 a

2204 2524 2356 2577 nullo
2403 2525 2581 2580 factus
2624 2534 2710 2581 est
2753 2528 2846 2582 sed
2891 2528 3007 2598 ipse
3056 2527 3181 2584 fecit
3224 2529 3524 2592 universa,
3558 2531 3786 2585 nihilex

2204 2614 2438 2669 iacturis
2471 2614 2589 2669 suis
2619 2629 2781 2686 posse
2807 2618 3114 2687 coazquari;
3155 2634 3331 2687 neque
3362 2619 3514 2675 enim
3559 2620 3634 2673 ita
3664 2622 3786 2690 quis

2199 2704 2531 2760 irrationalis
2559 2706 2788 2775 inveniri
2835 2716 3033 2779 potest,
3063 2710 3155 2780 qui
3186 2720 3336 2779 putet
3364 2710 3517 2780 quod
3544 2711 3787 2766 conferri

2200 2799 2374 2869 possit
2418 2801 2626 2872 factura
2674 2799 2888 2856 factori.
2940 2800 2997 2854 Si
3026 2816 3155 2873 ergo
3197 2801 3436 2856 humana
3483 2819 3645 2859 mens
3674 2820 3788 2859 non

2202 2891 2380 2945 solum
2426 2892 2638 2947 ratione
2668 2892 2761 2947 sed
2796 2900 2851 2948 et
2879 2894 3111 2947 naturali
3148 2895 3383 2963 quodam
3424 2904 3604 2959 motu,
3637 2906 3792 2952 recte

2202 2982 2342 3037 hanc
2370 2985 2679 3055 opinionem
2706 2992 2873 3049 tenet,
2908 2985 3037 3039 illud
3065 2986 3169 3040 dici
3206 2984 3397 3051 Deum,
3427 2988 3520 3042 cui
3547 2987 3791 3042 conferri

539 3094 599 3140 ut
625 3086 760 3147 dixi,
796 3095 920 3136 cum
964 3078 1358 3134 contumeliose
1400 3084 1697 3141 tractatur,
1734 3078 1799 3131 ad
1837 3080 1949 3133 veri
1982 3080 2102 3149 ejus
2129 3101 2170 3158 ο
2205 3082 2300 3127 aut
2328 3075 2598 3145 cummari
2628 3074 2763 3128 nihil
2785 3084 2981 3145 potest,
3013 3076 3105 3130 sed
3128 3076 3273 3146 quod
3296 3078 3519 3133 cunctis
3547 3080 3794 3134 emineat

538 3173 779 3231 nominis
803 3170 1040 3226 refertur
1086 3168 1360 3238 injuriam.
1406 3165 1643 3236 Denique
1678 3175 1890 3224 veteres
1928 3168 2099 3241 Egy-

538 3269 774 3338 ptiorum
808 3262 944 3334 (21),
970 3261 1062 3331 qui
1088 3260 1155 3315 de
1180 3259 1389 3317 scelesti
1420 3273 1587 3312 cursu
1617 3266 1671 3313 et
1700 3270 1969 3314 astrorum
2002 3276 2101 3314 na-

537 3368 660 3412 tura
695 3356 961 3410 rationem
1005 3352 1111 3407 sibi
1159 3351 1263 3406 visi
1307 3358 1433 3405 sunt
1481 3350 1780 3419 reperisse,
1818 3351 2101 3408 obsidente

539 3464 737 3506 sensus
759 3460 946 3502 eorum
979 3443 1249 3510 demone,
1283 3441 1537 3496 omnibus
1579 3440 1933 3496 nihilominus
1970 3457 2103 3496 con-

539 3538 780 3595 tumeliis
801 3549 998 3590 nomen
1031 3530 1541 3586 incommunicabile
1565 3529 1931 3597 subjecerunt.
1965 3529 2099 3585 Nam

540 3632 630 3685 alii
660 3643 845 3683 eorum
877 3626 1089 3686 bovem,
1114 3622 1206 3691 qui
1244 3621 1372 3691 Apis
1403 3620 1624 3684 dicitur,
1654 3622 1939 3676 colendum
1984 3630 2102 3675 tra-

541 3722 751 3783 didere,
790 3717 879 3770 alii
911 3716 1146 3776 hircum,
1174 3712 1263 3765 alii
1294 3718 1470 3765 cattas
1502 3709 1639 3781 (22),
1667 3713 1912 3765 nonnulli
1948 3711 2101 3780 ibim,

541 3810 765 3882 quidam
813 3812 1158 3875 serpentem,
1198 3800 1403 3871 piscem
1450 3815 1688 3870 quoque,
1729 3808 1783 3855 et
1824 3816 2022 3870 caepas,
2049 3812 2104 3857 et

542 3905 778 3963 cloacas,
817 3897 1058 3967 crepitus
1096 3893 1303 3947 ventris
1340 3891 1474 3963 (25),
1508 3906 1604 3961 pro
1649 3892 1963 3947 numinibus
2006 3893 2101 3946 ha-

540 3994 747 4049 bendos
788 4005 909 4045 esse
944 3988 1277 4049 docuerunt,
1308 3992 1363 4038 et
1407 3984 1511 4037 alia
1544 3984 1959 4039 innumerabilia
1983 4000 2103 4055 qua:

542 4084 709 4156 pudet
734 4082 896 4136 etiam
931 4076 1237 4131 nominare.

617 4160 754 4226 XXI.
795 4169 917 4223 Haec
941 4168 1151 4223 dicente
1176 4164 1356 4229 Petro,
1385 4163 1623 4219 riserunt
1662 4180 1852 4219 omnes
1877 4165 1969 4236 qui
2000 4181 2101 4219 au-

2205 3172 2260 3220 et
2303 3172 2500 3219 cuncta
2532 3167 2800 3236 prmcellat
2839 3167 3151 3236 :quomodo
3190 3182 3388 3223 nomen
3445 3168 3586 3224 illud
3640 3172 3793 3242 quod

2207 3270 2371 3325 super
2391 3259 2571 3310 omnia
2604 3272 2725 3312 esse
2768 3258 3028 3321 creditur,
3064 3266 3209 3313 recte
3239 3258 3322 3311 his
3366 3259 3618 3315 creditur
3644 3260 3789 3323 dari,

2206 3363 2345 3417 quos
2402 3347 2469 3400 ad
2514 3348 2873 3403 ministerium
2920 3356 2973 3403 et
3029 3351 3470 3418 procurationem
3534 3351 3789 3407 humana

2205 3438 2329 3492 vita:
2358 3440 2559 3508 putatis
2581 3454 2701 3494 esse
2731 3438 3063 3508 dispositos?
3091 3437 3197 3493 Sed
3228 3450 3282 3495 et
3311 3442 3445 3496 illud
3475 3443 3745 3499 addemus
3770 3462 3785 3499 ε

2206 3529 2442 3583 mundus
2468 3528 2554 3582 hic
2581 3530 2699 3584 sine
2739 3528 2905 3583 dubio
2943 3529 3117 3585 factus
3146 3540 3229 3586 est
3256 3539 3309 3586 et
3335 3540 3423 3586 est
3450 3535 3790 3605 corruptibi-

2208 3618 2297 3683 lis,
2326 3619 2469 3674 sicut
2496 3619 2657 3673 etiam
2681 3620 3022 3689 postmodum
3060 3621 3222 3675 latius
3264 3624 3669 3691 ostendemus;
3704 3626 3787 3679 in-

2206 3712 2365 3767 terim
2395 3719 2449 3767 et
2493 3712 2691 3767 factum
2738 3726 2862 3766 eum
2910 3718 2964 3767 et
3012 3714 3419 3783 corruptibilem
3451 3724 3696 3771 constat.
3731 3716 3787 3770 Si

2206 3821 2336 3875 ergo
2368 3805 2601 3862 mundus
2647 3805 2788 3861 Deus
2818 3807 2922 3860 dici
2977 3822 3087 3863 non
3135 3817 3334 3878 potest,
3381 3819 3435 3866 et
3481 3823 3635 3868 recte
3679 3830 3782 3868 non

2207 3903 2386 3967 potest
2414 3896 2539 3967 quia
2567 3898 2936 3967 corruptibilis
2958 3908 3061 3961 est,
3088 3903 3360 3970 quomodo
3386 3914 3572 3974 partes
3594 3908 3781 3961 mundi

2206 3986 2300 4041 Dei
2328 4002 2523 4041 nomen
2561 3990 2868 4059 accipient?
2894 3991 3038 4060 quod
3080 3993 3223 4046 enim
3254 4001 3405 4048 totus
3452 4011 3565 4050 non
3606 4006 3784 4067 potest

2204 4092 2325 4132 esse
2354 4078 2609 4139 mundus,
2645 4080 2815 4132 multo
2845 4081 3016 4150 magis
3059 4096 3167 4134 non
3206 4082 3309 4135 erit
3346 4099 3477 4152 pars
3501 4086 3646 4153 ejus.
3683 4084 3783 4155 lgi-

2202 4174 2293 4221 tur
2320 4170 2363 4223 si
2392 4168 2674 4223 redeamus
2696 4170 2763 4225 ad
2791 4173 3097 4243 exemplum
3120 4171 3377 4239 Caesaris,
3410 4176 3596 4231 videte
3620 4195 3779 4247 quam

1844 4320 2207 4376 COTELERII
2233 4322 2461 4379 ΝΟΤιΕ.

614 4458 724 4529 (ἳο)
765 4456 1013 4523 Quamvis
1042 4453 1136 4508 hoc
1158 4454 1349 4523 ipsum,
1378 4454 1533 4529 Deus,
1558 4472 1658 4509 non
1681 4472 1865 4529 nomen
1886 4457 1961 4529 sit
1991 4456 2103 4513 Dei.
2134 4461 2183 4522 Β
2208 4461 2482 4526 tarchum,
2528 4460 2666 4515 libro
2719 4459 2793 4515 De
2819 4461 2962 4516 Iside
2983 4472 3033 4516 et
3090 4462 3319 4524 Osiride.
3360 4467 3781 4525 convenientias

545 4526 715 4585 Deum
749 4529 951 4597 Deique
980 4534 1228 4597 naturam
1260 4527 1485 4597 nomine
1510 4541 1695 4580 carere
1726 4526 1973 4597 doctrina
2021 4538 2106 4583 est

542 4601 804 4661 Patrum,
862 4595 915 4652 et
978 4596 1160 4663 opinio
1226 4596 1693 4665 philosophorum.
1768 4595 2103 4653 Testimonia

541 4671 865 4731 omittimus,
910 4666 1108 4733 ubique
1133 4665 1313 4720 obvia.

612 4741 740 4812 (21)
777 4732 1406 4812 Veteres_}Egyp_tiorum,_
1430 4735 1835 4812 etc_._Sideralis
1860 4736 2102 4812 scientia:

542 4805 909 4865 inventionem
955 4805 1227 4876 Egyptiis
1254 4806 1433 4867 multi,
1476 4806 1564 4859 alii
1599 4807 1722 4860 aliis
1767 4808 2050 4874 assignant
2082 4827 2094 4861 :

542 4883 619 4934 uti
655 4881 764 4934 fere
794 4878 1037 4932 variatur
1080 4876 1134 4929 in
1190 4892 1369 4931 rerum
1408 4877 1776 4945 repertoribus
1811 4896 1822 4929 :
1865 4892 2096 4945 quorum

541 4950 981 5005 enumerationes
1029 4946 1288 5000 exhibent
1336 4945 1550 5000 codices
1587 4944 1732 5015 Regii
1766 4944 1897 5003 919.7
1939 4947 2099 5009 1769,

542 5022 681 5076 2216
734 5020 889 5074 duas.
922 5047 991 5057 —
1026 5015 1131 5071 Eas
1192 5017 1360 5070 habes
1433 5016 1487 5069 in
1544 5015 1779 5083 Append.
1836 5016 2102 5081 Monum,

542 5110 598 5147 ιι.
629 5093 683 5150 4.
734 5088 902 5145 infra.

613 5163 723 5232 (29.;
787 5161 897 5214 Alii
953 5167 1145 5232 cattas.
1201 5155 1345 5232 Fuit
1390 5156 1778 5232 cultus_l'eli_s,
1831 5156 2101 5232 generalis

544 5225 917 5303 {Egyptiornm
935 5229 1175 5303 omnium
1200 5228 1553 5303 religio,tcste
1568 5225 1832 5303 Stra_bo_ne
1856 5227 1947 5303 lib.
1969 5243 2099 5281 xvn.

545 5296 744 5356 ﬂuitet
782 5301 1071 5372 peculiaris
1115 5298 1473 5421 (gtorumdam
1516 5314 1528 5346 :
1572 5305 1630 5349 ut
1676 5296 2097 5349 Bubastitarnm.

545 5372 841 5421 Βούϐαστος
868 5371 1013 5421 eriim
1039 5385 1104 5421 ex
1173 5368 1425 5421 tenliano.
1459 5386 1559 5421 vox
1583 5365 1899 5421 {Eavotiaca
1923 5365 2097 5417 αἴλου-

541 5365 841 5434 Boziﬁaac'o;
868 5371 1013 5425 enim
1039 5385 1104 5424 ex
1129 5365 1425 5437 Stephano.
1459 5386 1559 5422 vox
1583 5365 1899 5437 {Egyptiaea
1923 5365 2103 5437 αἵλοιι-

543 5459 633 5514 ρον
670 5444 938 5514 signiﬁcat
979 5448 1113 5514 _:_et
1164 5435 1811 5514 ili—urhenBubaSto'sive
1834 5435 2094 5514 _Dubasti,

541 5504 1125 5580 sepeliebanturleles,
1165 5510 1344 5578 inquit
1378 5507 1683 5562 Herodotus
1712 5506 1802 5580 in
1826 5504 2049 5580 Euterpe
2076 5520 2097 5560 :

540 5576 643 5636 nec
674 5597 778 5634 non
808 5590 925 5636 erat
953 5578 1131 5633 Diana:
1162 5576 1442 5647 templum.
1476 5595 1595 5647 qua:
1617 5587 1670 5629 et
1709 5576 2095 5647 Bubastistno-

540 5667 662 5705 men
696 5654 927 5721 accepit,
962 5659 1154 5721 estque
1172 5645 1342 5721 luna:
1382 5645 1715 5701 Fabuiantur
1755 5654 1930 5698 autem
1970 5645 2095 5698 Dia-

539 5737 665 5775 nam
696 5722 748 5773 in
780 5717 1300 5790 (iiganlomachiusc
1331 5717 1394 5790 in
1413 5726 1618 5772 catluin
1652 5722 2091 5790 tr;nisl'orma_sse,

570 5814 584 5823 η·
608 5784 972 5848 διιίιιςοιιὲἐᾱι
1000 5790 1066 5844 ab
1098 5786 1544 5865 llygino._}.egcs
1581 5790 1741 5844 etiam
1790 5789 1930 5858 apud
1971 5785 2095 5840 Plu—

2210 4532 2466 4600 pliysicas
2494 4529 2649 4585 felem
2684 4532 2827 4584 inter
2854 4542 2907 4585 et
2943 4534 3147 4586 lunam.

2277 4589 2389 4670 (2'5)
2429 4599 2614 4677 Ctepas
2651 4612 2700 4677 et
2728 4602 3203 4677 cloaras,_crepitus
3240 4604 3456 4677 ventris.
3489 4603 3569 4677 De
3612 4623 3776 4677 cape.

2204 4670 2524 4738 superstitio
2568 4678 2651 4723 est
2685 4671 2842 4739 longe
2874 4673 3157 4725 notissima
3197 4692 3210 4725 :
3245 4688 3364 4740 qua:
3380 4676 3473 4793 got
3515 4670 3779 4733 discimus

2204 4753 2264 4791 ex
2284 4737 2632 4793 Hieronymo.
2656 4752 2693 4790 ιι
2718 4739 2964 4791 adversus
2986 4736 3353 4793 Iovinianum.
3401 4746 3435 4793 '.
3461 4752 3522 4793 et
3544 4746 3613 4793 ad
3637 4744 3779 4793 Isaia:

2199 4736 2632 4806 ex‘llieronymo,
2656 4752 2693 4790 ιι
2718 4736 2964 4791 adversus
2986 4736 3353 4806 Iovinianum,
3380 4736 3435 4803 6,
3461 4752 3522 4795 et
3544 4746 3613 4797 ad
3637 4744 3779 4797 lsaic

2200 4817 2364 4876 caput
2392 4822 2511 4879 X_LVI
2538 4823 2555 4879 ί
2594 4805 2835 4861 Luciano
2861 4808 2911 4860 in
2936 4806 3065 4879 {ove
3093 4812 3347 4879 tragwdo,
3373 4826 3439 4865 ac
3464 4813 3639 4867 Sesto
3666 4812 3779 4865 Em.

2202 4876 2884 4949 piricoPyrrhnuianurum
2925 4876 3327 4949 Hypolyposeon
3358 4882 3455 4933 lib.
3494 4898 3580 4946 Ill,
3607 4897 3657 4935 c.
3690 4883 3777 4949 25)

2201 4944 2419 5017 proprie
2450 4944 2526 4999 'ad
2562 4944 2868 5000 Pelusiotas
2909 4944 3231 5017 pertinebat.
3282 4949 3355 5003 De
3406 4944 3619 5007 cloacis
3655 4948 3777 5005 vero

2201 5016 2440 5088 (ὀχετούς
2472 5018 2703 5084 appellat
2725 5020 2957 5089 scriptor
2978 5018 3442 5089 Clementinorum)
3468 5023 3607 5076 nihil
3637 5038 3777 5075 nunc

2199 5086 2490 5158 succurrit,
2515 5091 2657 5158 quod
2691 5087 2756 5139 ad
2786 5086 3067 5158 Aigyptios
3095 5101 3317 5156 spectet.
3350 5086 3488 5143 Nam
3522 5091 3777 5147 Cloacina

2198 5158 2321 5220 dea,
2353 5166 2406 5210 et
2441 5156 2581 5209 Deus
2627 5156 2932 5222 Steicntus,
2964 5170 3056 5211 aut
3099 5162 3412 5222 Sterculus,
3446 5162 3775 5223 Stercutius,

2202 5229 2525 5288 Sterculius,
2559 5226 2671 5279 sive
2699 5227 2931 5290 Sterces,
2966 5228 3330 5283 Romanorum
3362 5244 3497 5285 sunt
3529 5234 3773 5285 numina.

2203 5297 2444 5365 Denique
2485 5299 2630 5350 circa
2668 5300 2913 5349 ultimum
2958 5309 3213 5352 notarunt
3256 5302 3434 5355 critici
3480 5303 3601 5356 loca
3636 5302 3774 5355 Festi

2202 5368 2255 5420 in
2290 5366 2571 5419 Prohibere
2609 5368 2854 5429 comitia;
2904 5365 3185 5436 Theophili
3232 5370 3565 5425 Antiochcni
3623 5374 3715 5425 lib.
3759 5386 3773 5423 ι

2198 5439 2267 5490 ad
2298 5439 2611 5505 Autolycum
2631 5436 2900 5512 ,‘jlmucii
2920 5436 3121 5512 felicis
3151 5442 3207 5512 in
3240 5439 3505 5512 Octavio;
3529 5442 3775 5512 Origems

2200 5520 2333 5563 toni.
2370 5523 2397 5559 γ
2426 5521 2611 5561 contra
2638 5506 2880 5571 Celsum;
2915 5507 3206 5581 Lactantii,
3233 5527 3281 5572 ν,
3307 5513 3377 5563 20
3401 5529 3415 5575 ;
3457 5506 3774 5581 Hieronymi

2198 5582 2265 5633 ad
2302 5581 2451 5633 Isaia:
2481 5594 2788 5648 cap.,.\|.vi;
2819 5590 2871 5631 et
2908 5580 3129 5631 Caasarii
3162 5580 3377 5649 dialogo
3424 5598 3468 5642 ι,
3527 5580 3769 5650 respdns.

2200 5650 2268 5704 ad
2302 5650 2557 5718 intermg.
2594 5650 2675 5703 ιιι.
2702 5651 2911 5715 Quibus
2936 5651 3203 5705 addentur
3236 5666 3381 5705 nunc
3417 5652 3771 5715 Clementiae,

2201 5723 2295 5776 lib.
2322 5736 2378 5786 ι,
2406 5736 2524 5789 cap.
2558 5723 2631 5774 lli.
