3848 6272
138 330 269 404 isti

1309 330 1855 387 RECOGNITIONUM
1894 316 2016 385 LIB.
2055 329 2118 383 ν.

3169 328 3189 381 l
3200 327 3302 381 542

136 446 292 511 longe
340 446 562 501 erretis.
606 447 822 511 Caesari,
860 450 1095 517 ejusdem
1139 449 1261 505 licet
1284 460 1487 503 naturae
1514 446 1685 501 homi-
1711 455 1755 508 Α
1785 458 1900 497 rum
1934 451 2047 498 erat
2070 444 2125 497 in
2165 443 2263 496 hoc
2293 440 2510 495 mundo.
2539 433 2674 505 Quid
2719 438 2858 499 enim
2895 445 2976 491 est
3012 436 3149 505 quod
3180 439 3299 492 reli-

134 546 256 583 nem
289 534 459 600 cujus
490 534 605 602 ipse
637 543 746 599 est,
783 537 1012 590 conferri
1041 546 1214 590 tamen
1237 537 1494 590 neminem
1522 536 1679 600 licet;

134 618 262 682 Deo,
299 622 401 690 qui
432 623 536 676 hoc
568 624 684 691 ipso
704 625 841 693 quod
868 640 897 677 a
920 624 1063 677 nullo
1086 624 1274 686 factus,
1302 624 1393 678 sed
1423 625 1534 692 ipse
1558 622 1681 676 fecit

132 710 338 772 omnia,
366 719 566 765 cuncta
594 715 967 781 supereminet,
990 714 1216 767 conferri
1239 714 1427 767 debere
1452 713 1677 781 aliquem

132 801 401 855 creditis?
425 801 531 855 Sed
560 802 787 859 Ctesaris
816 805 1026 873 quidem
1058 820 1249 858 nomen
1290 804 1420 856 nulli
1459 804 1545 855 alii
1578 818 1677 855 au-

128 890 266 942 detis
309 891 597 959 imponere
617 932 631 956 ,
664 895 788 961 quia
819 910 968 947 reum
998 910 1151 949 suum
1175 894 1350 947 statim
1376 893 1559 961 punit;
1584 891 1676 944 Dei

126 994 252 1031 vero
318 980 580 1045 audetis,
653 983 776 1050 quia
834 998 981 1036 reum
1024 999 1181 1038 suum
1232 985 1419 1053 punire
1463 991 1676 1052 propter

126 1060 512 1143 pmnitentiam
546 1069 762 1123 differt?

189 1154 388 1211 XXIII.
420 1156 527 1211 Per
551 1158 684 1212 alios
712 1159 834 1212 item
863 1174 1082 1227 serpens
1121 1161 1208 1215 ille
1252 1162 1487 1230 proferre
1512 1163 1673 1217 verba

122 1244 518 1310 hujuscemodi
550 1247 685 1301 solet
718 1267 730 1301 :
762 1247 869 1303 Nos
897 1249 961 1300 ad
999 1249 1250 1303 honorem
1277 1251 1556 1307 invisibilis
1580 1252 1670 1306 Dei

121 1334 392 1401 imagines
421 1336 664 1390 visibiles
709 1337 1030 1405 adoramus;
1062 1339 1200 1408 quod
1247 1342 1544 1397 certissime
1575 1342 1672 1395 fal-

120 1438 234 1476 sum
266 1432 376 1478 est.
417 1425 473 1478 Si
502 1427 642 1479 enim
672 1442 795 1481 vere
823 1429 995 1483 velitis
1036 1428 1126 1482 Dei
1164 1431 1442 1501 imaginem
1471 1434 1665 1495 colere,

118 1512 329 1565 homini
359 1514 757 1570 benefacientes
785 1533 961 1570 veram
987 1519 1038 1572 in
1063 1534 1125 1573 eo
1153 1519 1241 1574 Dei
1272 1522 1546 1591 imaginem
1576 1538 1669 1575 co-

116 1601 319 1655 leretis.
354 1601 417 1655 In
451 1604 596 1655 omni
622 1607 758 1658 enim
784 1606 996 1661 homine
1025 1619 1107 1663 est
1136 1610 1309 1680 imago
1341 1611 1454 1675 Dei,
1484 1628 1587 1666 non
1613 1614 1663 1667 in

114 1691 377 1744 omnibus
408 1708 538 1745 vero
589 1693 898 1759 similitudo,
946 1697 1037 1754 sed
1087 1699 1175 1751 ubi
1222 1699 1447 1768 benigna
1489 1701 1663 1755 anima

112 1788 192 1833 est
218 1787 276 1834 et
302 1796 466 1864 mens
497 1797 630 1850 pura
654 1781 782 1851 (24).
818 1783 873 1837 Si
904 1800 1030 1855 ergo
1067 1802 1189 1841 vere
1217 1790 1376 1843 vultis
1403 1790 1664 1844 honorare

112 1870 412 1940 imaginem
440 1870 569 1935 Dei,
596 1888 691 1927 nos
722 1874 869 1929 vobis
891 1877 1030 1943 quod
1061 1893 1233 1931 verum
1264 1888 1342 1933 est
1373 1882 1660 1951 aperimus,

111 1967 165 2011 ut
197 1960 415 2013 homini
446 1961 539 2030 qui
583 1960 649 2013 ad
697 1962 979 2031 imaginem
1025 1964 1115 2019 Dei
1144 1966 1314 2022 factus
1342 1978 1422 2021 est
1448 1968 1665 2023 benefa-

109 2048 265 2100 ciatis
292 2086 307 2109 ,
350 2049 617 2101 honorem
648 2057 701 2101 et
728 2053 1075 2104 reverentiam
1108 2052 1379 2117 deferatis,
1408 2058 1661 2111 esurienti

107 2136 319 2198 cibum,
355 2137 563 2191 sitienti
590 2138 861 2205 poculum,
906 2140 1049 2192 nudo
1089 2141 1477 2207 indumentum,
1517 2162 1660 2215 aegro

109 2224 506 2289 ministerium,
560 2229 839 2297 peregrino
889 2228 1196 2298 hospitium,
1246 2240 1298 2285 et
1347 2234 1399 2286 in
1447 2250 1661 2291 carcere

105 2315 285 2382 posito
318 2316 634 2369 necessaria
676 2318 1010 2382 ministretis,
1042 2327 1094 2372 et
1138 2320 1237 2373 hoc
1265 2331 1347 2376 est
1375 2326 1514 2391 quod
1540 2341 1660 2379 vere

106 2403 213 2457 Deo
245 2405 495 2458 delatum
528 2408 880 2475 reputabitur.
912 2408 1032 2462 H2130
1066 2420 1237 2465 autem
1280 2412 1333 2465 in
1365 2422 1563 2467 tantum
1593 2417 1657 2470 ad

104 2495 373 2549 honorem
410 2494 502 2550 Dei
535 2497 782 2564 imaginis
806 2498 1018 2561 cedunt,
1044 2509 1102 2552 ut
1136 2500 1225 2567 qui
1254 2500 1353 2554 ista
1385 2518 1489 2555 non
1516 2503 1659 2571 [fece-

102 2583 189 2642 rit,
226 2584 623 2637 contumeliam
648 2585 863 2654 imagini
889 2587 1077 2640 divinae
1106 2590 1347 2644 intulisse
1384 2592 1654 2646 credatur.

100 2672 232 2735 Quis
256 2688 395 2740 ergo
424 2674 526 2727 iste
562 2674 730 2726 honor
751 2674 839 2727 Dei
863 2683 964 2734 est.
998 2691 1092 2745 per
1118 2679 1350 2746 lapideas
1372 2687 1424 2734 et
1458 2680 1657 2751 ligneas

102 2762 311 2814 formas
342 2762 672 2826 discurrere,
702 2772 754 2817 et
775 2766 958 2819 inanes
984 2775 1141 2836 atque
1163 2769 1433 2824 exanimes
1460 2771 1656 2841 figuras

101 2859 368 2919 tanquam
401 2852 623 2904 numina
644 2854 903 2917 venerari,
933 2863 983 2906 et
1028 2854 1291 2910 hominem
1318 2856 1371 2910 in
1402 2874 1505 2927 quo
1534 2875 1657 2914 vere

99 2940 280 3010 imago
315 2941 413 2993 Dei
459 2948 539 2993 est
582 2942 869 3009 spernere?
909 2942 1013 2995 imo
1051 2944 1235 3012 potius
1284 2948 1414 3000 certi
1462 2955 1651 3011 estote,

1779 533 1992 602 quistis,
2016 530 2157 599 quod
2189 545 2294 583 non
2317 526 2616 581 adorastis?
2647 524 2832 587 solem,
2865 523 3064 584 lunam,
3096 523 3299 584 stellas,

1778 635 1990 687 aquam,
2018 626 2233 677 terram,
2262 623 2490 676 montes,
2522 613 2763 670 arbores.
2798 609 3017 678 lapides,
3038 609 3298 670 homines,

1778 709 1907 760 nihil
1938 709 2125 759 horum
2155 713 2238 759 est
2277 703 2418 772 quod
2458 716 2562 754 non
2591 698 2874 753 adorastis.
2906 697 3149 765 Oportuit
3173 711 3300 765 ergo

1772 799 1924 865 juxta
1964 810 2144 848 vocem
2175 801 2401 848 vestram
2448 790 2579 843 nihil
2626 789 2813 840 horum
2844 787 2953 839 fieri
3003 802 3030 837 a
3074 786 3199 845 Deo,
3232 801 3300 839 ne

1775 883 2042 937 haberetis
2088 881 2229 951 quod
2279 881 2506 948 possetis
2540 877 2803 941 adorare;
2839 875 2929 929 sed
2960 890 3024 927 ne
3055 874 3297 927 homines

1774 973 1984 1040 quidem
2036 972 2179 1041 ipsos
2226 985 2346 1024 esse
2381 969 2634 1036 oportuit,
2677 966 2768 1034 qui
2819 965 3121 1018 adorarent.
3161 962 3295 1016 Vere

1773 1061 1873 1115 hoc
1902 1068 1985 1115 est
2013 1062 2151 1129 quod
2188 1059 2455 1114 desiderat
2496 1057 2583 1109 ille
2624 1056 2712 1125 qui
2743 1056 2880 1107 intra
2911 1069 3006 1106 vos
3030 1053 3154 1105 latet
3182 1067 3296 1105 ser-

1771 1166 1920 1219 pens,
1949 1151 2078 1203 nulli
2101 1157 2333 1203 vestrum
2360 1148 2548 1215 parcit,
2584 1146 2787 1199 nullum
2832 1143 2940 1196 vult
2976 1141 3202 1209 ell‘ugere
3229 1140 3294 1193 de

1769 1243 2021 1307 interitu;
2058 1240 2151 1294 sed
2200 1254 2307 1292 non
2357 1240 2427 1290 ita
2460 1238 2581 1291 erit.
2626 1235 2817 1287 Audite
2844 1232 3006 1293 enim,
3031 1232 3153 1299 quia
3187 1246 3292 1283 non

1768 1329 2027 1397 delinquit
2059 1328 2184 1380 illud
2215 1327 2356 1395 quod
2387 1326 2658 1385 adoratur,
2703 1324 2794 1377 sed
2844 1323 2932 1375 ille
2961 1323 3048 1390 qui
3084 1320 3289 1375 adorat.

1763 1415 1973 1472 Justum
2005 1432 2231 1485 namque
2257 1424 2338 1470 est
2366 1415 2503 1483 apud
2549 1414 2710 1468 Deum
2737 1412 3018 1480 judicium,
3051 1421 3103 1464 et
3138 1411 3292 1463 aliter

1765 1507 2013 1575 injuriam
2046 1507 2327 1574 patientem
2355 1506 2576 1573 judicat,
2609 1504 2760 1557 aliter
2791 1501 3125 1555 inferentem.

1833 1593 1992 1650 XXV.
2023 1595 2124 1649 Sed
2154 1596 2289 1649 dicis
2321 1614 2333 1647 :
2366 1593 2655 1662 Oportebat
2679 1607 2805 1661 ergo
2831 1606 2924 1644 eos
2948 1590 3038 1659 qui
3068 1590 3291 1643 adorant

1763 1688 1905 1755 quod
1934 1702 2037 1739 non
2071 1687 2192 1739 licet
2221 1685 2455 1746 adorari,
2483 1685 2658 1736 statim
2692 1683 2879 1750 perimi
2911 1696 2939 1732 a
2969 1681 3096 1743 Deo,
3135 1696 3199 1733 ne
3237 1687 3291 1733 et

1695 1752 1735 1805 Β
1765 1752 1905 1831 alius
1939 1778 2038 1830 hoc
2070 1776 2284 1829 faceret.
2312 1773 2414 1827 Sed
2450 1787 2625 1826 nonne
2648 1787 2705 1826 es
2738 1781 2790 1824 tu
2817 1771 3128 1840 prudentior
3157 1769 3286 1832 Deo,

1761 1874 1820 1920 ut
1849 1867 1894 1919 ei
1922 1864 2142 1919 consilia
2170 1878 2421 1932 suggeras
2454 1860 2533 1914 “‘i
2559 1862 2658 1915 scit
2686 1862 2773 1913 ille
2794 1861 2919 1929 quid
2955 1860 3130 1913 faciat.
3162 1858 3290 1912 Om-

1760 1956 1918 2009 nibus
1946 1954 2139 2008 etenim
2184 1954 2237 2006 in
2281 1951 2576 2021 ignorantia
2610 1951 2795 2020 positis
2819 1950 3125 2018 patientiam
3154 1964 3289 2017 prae-

1758 2054 1889 2107 stat,
1918 2048 2039 2115 quia
2062 2044 2369 2098 misericors
2408 2051 2460 2096 et
2490 2043 2608 2111 pius
2636 2049 2738 2103 est,
2770 2048 2822 2095 et
2862 2040 3131 2108 pnevidct,
3162 2040 3285 2108 quia

1758 2155 1821 2192 ex
1855 2140 2031 2207 impiis
2055 2137 2205 2190 multi
2238 2134 2533 2188 elliciuntur
2572 2133 2664 2201 pii,
2696 2140 2747 2186 et
2776 2147 2839 2185 cx
2882 2132 3011 2200 ipsis
3056 2133 3149 2199 qui
3186 2131 3287 2183 im-

1757 2243 1888 2296 pura
1916 2227 2160 2296 figmenta
2186 2232 2239 2277 et
2263 2224 2491 2292 pollutas
2510 2222 2763 2291 imagines
2786 2229 3122 2284 venerantur,
3150 2237 3288 2275 non—

1761 2317 1892 2371 nulli
1927 2315 2170 2370 conversi
2202 2313 2267 2365 ad
2290 2312 2476 2374 Deum,
2509 2318 2560 2364 et
2585 2320 2893 2364 revocantes
2918 2325 2975 2363 se
2996 2325 3025 2361 a
3055 2313 3285 2378 peccatis

1756 2414 1809 2460 et
1838 2411 2053 2473 agentes
2089 2403 2224 2455 bona
2253 2416 2432 2471 Opera,
2459 2400 2773 2469 perveniunt
2802 2400 2865 2452 ad
2897 2400 3142 2454 salutem.
3178 2398 3283 2453 Sed

1757 2495 2060 2554 debuimus,
2084 2492 2275 2560 inquit,
2308 2491 2525 2543 omnino
2565 2502 2662 2541 nec
2706 2487 2772 2539 ad
2814 2487 3183 2555 cogitationem
3209 2487 3284 2543 is-

1754 2589 1864 2634 tam
1912 2582 2112 2644 venire,
2149 2589 2207 2633 ut
2249 2580 2359 2631 haec
2395 2577 2707 2630 faceremus.
2758 2574 3014 2644 lgnoratis
3048 2576 3172 2645 quid
3200 2583 3285 2631 est

1756 2672 1973 2726 libertas
2004 2670 2233 2732 arbitrii,
2272 2676 2325 2722 et
2373 2668 2502 2720 latet
2530 2682 2624 2721 vos
2653 2667 2779 2735 quia
2822 2666 2909 2721 ille
2957 2682 3079 2720 vere
3108 2667 3282 2721 bonus

1754 2768 1857 2823 est,
1887 2760 1977 2829 qui
2012 2775 2109 2814 suo
2131 2760 2404 2829 proposito
2428 2758 2600 2811 bonus
2632 2764 2740 2822 est;
2774 2757 2862 2825 qui
2891 2764 3064 2809 autem
3092 2771 3282 2810 neces-

1755 2850 1911 2904 sitate
1933 2848 2190 2903 retinetur
2210 2849 2260 2901 in
2293 2849 2450 2912 bono,
2484 2847 2653 2900 bonus
2678 2860 2783 2898 non
2806 2852 2977 2913 potest
2999 2845 3123 2906 dici,
3153 2846 3280 2913 quia

1755 2955 1862 2992 non
1903 2947 1984 2993 est
2027 2952 2181 2991 suum
2221 2936 2363 3007 quod
2408 2945 2508 2990 est.
2542 2934 2674 3000 Quia
2703 2950 2829 3004 ergo
2869 2935 2922 2988 in
2958 2949 3279 3003 unoquoque

102 3030 247 3099 quod
277 3031 379 3100 qui
415 3030 757 3083 homicidium
783 3031 907 3084 facit
937 3040 1025 3084 aut
1047 3034 1385 3098 adulterium,
1415 3045 1467 3091 et
1496 3038 1649 3107 quid-
1677 3053 1719 3107 ε
1754 3029 1975 3082 liberlas
2003 3035 2086 3081 εει
2111 3028 2162 3079 in
2186 3026 2445 3079 electione
2467 3025 2725 3078 bonorum
2750 3025 2829 3078 νει
2860 3024 3141 3085 malorum.
3164 3024 3279 3091 ipse

102 3121 232 3187 quid
269 3122 327 3173 in
374 3119 653 3171 hominum
687 3134 893 3187 ptenam
924 3122 1001 3174 vel
1055 3122 1300 3191 iniuriam
1342 3126 1560 3193 geritur,
1597 3128 1650 3180 in

96 3204 177 3257 his
211 3203 483 3256 omnibus
529 3201 620 3255 Dei
673 3204 846 3272 imago
889 3206 1136 3261 violatur.
1167 3208 1353 3278 Magna
1384 3212 1523 3265 enim
1553 3213 1652 3266 im-

94 3293 269 3359 pietas
302 3293 362 3345 in
407 3290 573 3344 Deum
618 3298 719 3354 est,
752 3292 939 3346 laedere
984 3297 1290 3352 hominem:
1326 3314 1480 3355 omne
1526 3317 1652 3370 ergo

1752 3119 1851 3173 sibi
1882 3119 1961 3171 vel
1999 3116 2214 3185 praemia
2250 3116 2332 3169 vel
2383 3115 2654 3169 interitum
2687 3113 2897 3183 quzerit.
2928 3112 3057 3175 lino,
3083 3112 3276 3181 inquit,

1752 3207 2009 3277 quidquid
2039 3207 2353 3275 cogitamus,
2388 3202 2531 3257 Deus
2574 3203 2731 3257 nobis
2773 3202 2988 3256 adducit
3025 3202 3089 3255 ad
3122 3217 3276 3255 men-

1751 3306 1878 3353 tem.
1909 3297 2046 3361 Quid
2068 3297 2244 3366 agitis,
2268 3311 2300 3347 o
2330 3293 2604 3347 homines?
2623 3291 3031 3360 blasphematis;
3059 3292 3103 3344 si
3131 3291 3275 3344 enim

1748 3403 1905 3443 omne
1927 3388 2068 3455 quod
2115 3387 2430 3454 cogitamus,
2474 3383 2586 3450 ipse
2614 3382 2767 3435 nobis
2789 3379 3003 3433 adducit
3024 3380 3089 3433 ad
3121 3395 3272 3433 men-

1748 3485 1874 3538 tem,
1910 3477 2023 3544 ipse
2051 3489 2176 3543 ergo
2196 3473 2348 3527 nobis
2376 3471 2723 3540 cogitationes
2742 3470 2986 3523 adulterii
3017 3471 3272 3538 suggerit,

1748 3577 1800 3619 et
1828 3564 2083 3625 avaritiae,
2106 3570 2159 3615 et
2184 3560 2545 3629 blasphemiae,
2566 3558 2846 3626 omnisque
2883 3558 3140 3611 luxuriae?
3166 3558 3271 3613 De»

1749 3653 1926 3713 sinite,
1958 3664 2156 3719 quaeso,
2180 3649 2244 3702 ab
2280 3647 2582 3715 hujusmodi
2607 3648 2971 3716 blasphemiis,
3000 3657 3051 3703 et
3075 3651 3164 3719 qui
3202 3651 3275 3705 sit

1748 3742 1857 3795 Deo
1881 3741 2072 3809 dignus
2097 3740 2267 3792 honor
2304 3737 2599 3805 intelligite.
2634 3736 2741 3790 Nec
2764 3738 2980 3801 dicatis,
3014 3749 3070 3793 ut
3099 3741 3273 3794 solent

1746 3828 1960 3897 quidam
1987 3835 2245 3891 vestrum,
2276 3827 2399 3895 quia
2428 3824 2568 3879 Deus
2593 3826 2894 3879 mortalium
2933 3828 3133 3881 honore
3162 3845 3267 3882 non

1743 3916 1961 3984 indiget.
2010 3915 2099 3968 llle
2142 3914 2355 3983 quidem
2404 3929 2527 3967 vere
2569 3914 2769 3967 nullius
2797 3915 3014 3983 indiget,
3047 3917 3137 3971 sed
3173 3933 3268 3971 vos

1747 4009 1947 4063 debetis
1977 4021 2285 4075 agnoscere,
2326 4005 2450 4073 quia
2482 4004 2632 4058 vobis
2671 4005 2886 4073 prodest
2921 4008 3090 4059 honor
3110 4023 3268 4075 quem

1742 4098 1852 4152 Deo
1881 4096 2119 4151 defertis.
2153 4094 2289 4159 Quid
2335 4095 2473 4147 enim
2506 4104 2610 4146 tam
2658 4096 3000 4159 exsecrabile,
3029 4112 3185 4165 quam
3224 4098 3271 4151 si

90 3381 235 3447 quod
262 3380 388 3449 ipse
414 3380 523 3448 pati
556 3393 661 3432 non
685 3380 785 3442 vis,
809 3396 930 3434 cum
959 3383 1091 3439 facis
1116 3386 1224 3452 alii,
1251 3388 1530 3458 imaginem
1558 3390 1647 3445 Dei

90 3470 299 3537 iniquis
336 3468 666 3522 mwroribus
712 3470 900 3525 ftedas.
936 3472 1212 3543 Intelligite
1246 3494 1391 3547 ergo,
1415 3480 1538 3548 quia
1568 3480 1649 3533 la-

90 3560 261 3612 tentis
292 3558 636 3611 intrinsecus
669 3562 930 3627 serpentis
956 3572 1037 3620 est
1082 3566 1181 3618 ista
1212 3569 1499 3637 suggestio,
1527 3586 1645 3637 quae

89 3648 397 3714 persuadet
443 3646 561 3713 pios
608 3663 702 3703 vos
748 3650 909 3702 videri
943 3668 1116 3719 posse,
1162 3670 1283 3707 cum
1317 3658 1644 3711 insensibilia

85 3736 293 3797 colitis,
327 3742 388 3786 et
419 3749 529 3786 non
566 3734 733 3787 videri
766 3736 974 3803 impios,
1017 3755 1136 3792 cum
1166 3743 1444 3797 sensibiles
1480 3752 1531 3798 et
1562 3760 1648 3798 ra-

81 3827 234 3879 tiona
244 3826 390 3879 biles
427 3822 637 3877 laaditis.

150 3914 355 3969 XXIV.
386 3912 492 3965 Sed
525 3911 589 3964 ad
618 3913 727 3967 hate
749 3915 852 3968 alio
875 3917 1029 3971 nobis
1059 3934 1277 3988 serpens
1305 3936 1395 3976 ore
1426 3938 1648 3992 respon-

78 4005 169 4060 det
198 4015 257 4061 et
290 4006 432 4059 dicit
458 4021 469 4053 :
500 4002 555 4056 Si
580 4005 791 4057 nolebat
832 4006 942 4060 haec
969 4023 1089 4062 esse
1124 4008 1284 4073 Deus,
1323 4012 1507 4081 utique
1537 4029 1643 4067 non

76 4103 263 4148 erant.
306 4091 563 4145 Nondum
594 4093 745 4146 vobis
765 4093 905 4155 dico,
930 4097 1194 4164 quomodo
1219 4099 1282 4151 ad
1306 4102 1646 4170 uniuscujus-

74 4200 184 4253 que
214 4183 430 4237 mentis
465 4181 833 4249 probationem
874 4183 929 4236 in
963 4186 1066 4239 hoc
1095 4189 1293 4241 mundo
1326 4191 1644 4257 permittun-
1744 4189 1968 4259 gratiam
1994 4187 2193 4241 referre
2224 4185 2428 4239 nesciat
2455 4185 2611 4237 homo
2635 4188 2849 4255 proprio
2869 4188 3169 4241 conditori?

75 4282 165 4325 tur
203 4288 339 4327 esse
373 4271 544 4322 multa
574 4272 870 4337 contraria;
904 4275 997 4328 sed
1028 4276 1156 4329 illud
1198 4284 1281 4331 est
1327 4280 1469 4346 quod
1501 4294 1641 4333 nunc

1760 4294 1763 4295 ν
1814 4277 1997 4332 XXVI.
2027 4276 2128 4331 Sed
2151 4277 2359 4339 melius,
2384 4274 2574 4344 inquit,
2601 4275 2823 4330 facimus
2843 4292 2959 4338 nos,
2982 4278 3069 4345 qui
3093 4287 3146 4330 et
3169 4278 3270 4347 ipsi

72 4361 305 4415 interim
340 4359 603 4412 convenit
624 4359 750 4421 dici,
779 4361 823 4414 si
860 4364 1153 4416 secundum
1191 4380 1282 4419 vos
1312 4380 1469 4420 omne
1496 4368 1637 4437 quod
1673 4350 1720 4409 D
1744 4378 1795 4424 et
1824 4368 2071 4422 omnibus
2108 4382 2229 4420 cum
2276 4366 2391 4435 ipso
2417 4365 2617 4435 gratias
2662 4366 2887 4435 agimus.
2930 4366 2984 4420 In
3015 4368 3113 4420 hoc
3144 4370 3270 4422 sub-

69 4447 426 4501 adorandum
458 4453 573 4499 erat
602 4462 720 4501 esse
758 4463 867 4502 non
910 4450 1125 4516 debuit,
1153 4454 1285 4506 nihil
1322 4468 1460 4522 pene
1488 4455 1634 4510 futu-
1738 4457 2035 4512 versionem
2065 4453 2254 4510 salutis
2297 4460 2486 4509 vestra:
2531 4469 2638 4506 non
2679 4455 2993 4524 intelligitis.
3034 4453 3161 4510 Tale
3182 4464 3268 4511 est

143 4564 192 4594 ”
220 4561 392 4614 Rom.
424 4573 503 4620 XI,
529 4556 618 4611 54.

1378 4715 1746 4774 COTELERII
1779 4719 2005 4775 NOTAE.

1730 4859 1911 4927 ﬂatum
1939 4873 2001 4911 er
2039 4875 2207 4919 aerea.
2233 4869 2322 4911 aut
2343 4858 2604 4911 humarem
2632 4873 2696 4910 ea:
2724 4858 2982 4927 aquatica,
3008 4866 3097 4909 aut
3120 4875 3259 4912 cras-

1732 4927 2009 4980 situdinem
2039 4938 2086 4981 et
2116 4927 2427 4982 soliditatem
2458 4943 2521 4980 ex
2556 4938 2755 4979 terrena
2787 4927 2999 4979 materia
3023 4927 3263 4991 haberet;

1734 4996 1822 5048 sed
1850 4999 1970 5062 quia
2000 4997 2078 5049 Itis
2107 4996 2337 5048 omnibus
2376 5005 2535 5057 caret,
2576 4997 2927 5062 incorporeum
2956 4995 3103 5046 illam
3154 5012 3265 5048 esse

1737 5063 1996 5117 conditam
2026 5067 2286 5126 convenit;
2316 5074 2362 5116 et
2387 5080 2474 5130 per
2494 5067 2661 5131 ipsam
2692 5063 3182 5131 incorporalitatem,
3214 5074 3263 5117 et

1734 5143 2090 5194 tetermtatem,
2132 5144 2179 5185 ct
2210 5130 2626 5191 mutabilitatem.
2668 5143 2715 5183 et
2745 5131 2889 5183 liberi
2933 5130 3135 5183 arbitrii
3172 5147 3266 5198 po-

1733 5211 1995 5261 testatem,
2043 5202 2267 5254 eamdem
2306 5218 2418 5252 cum
2458 5202 2651 5270 angelis
2688 5200 2871 5270 habere
2915 5197 3263 5270 substantiam

1729 5270 2306 5339 creandiquegordinem
2368 5267 2701 5339 dignoscitur.
2756 5268 2880 5339 Ha’c
2928 5276 3120 5339 autem.
3170 5267 3267 5339 Dei

1729 5339 1897 5407 imago
1925 5335 2022 5391 non
2054 5338 2177 5407 fleg.
2218 5335 2511 5407 imaginem]
2542 5338 2593 5389 in
2623 5338 2926 5407 atternitate,
2962 5335 3263 5407 similitudi-

1728 5401 1854 5459 nem'
1878 5409 1931 5459 in
1960 5401 2174 5475 arbitrio
2222 5401 2378 5458 libero
2426 5401 2528 5475 (sic
2576 5403 2821 5471 restituo)
2876 5401 3156 5475 possidet:
3206 5403 3269 5454 de

1724 5492 1826 5543 qua
1856 5477 2093 5545 imaginis
2116 5474 2209 5526 Dei
2230 5469 2564 5545 similitudine
2591 5469 2837 5537 impressa
2863 5469 3109 5545 propheta
3131 5485 3271 5545 com-

2270 5524 2567 5613 {Signum}:
2594 5524 2747 5608 super
2772 5524 2873 5591 nos.
2901 5524 3077 5591 lumen
3101 5536 3274 5589 vultus
3285 5524 3337 5616 ἓξ

1723 5616 1814 5667 tui.
1857 5635 1874 5664 ι

142 4850 262 4916 (24)
299 4849 367 4901 In
408 4846 711 4918 ontni_enim
741 4846 1029 4905 homine....
1067 4860 1115 4904 et
1155 4866 1297 4902 mens
1326 4866 1484 4918 pura.
1516 4856 1632 4911 (Σιε-

64 4914 302 4971 mentiri.
344 4934 399 4975 Χ.
460 4916 509 4967 7.
550 4914 709 4967 Juxta
761 4921 1078 4971 sententiam
1128 4919 1188 4971 Β.
1239 4914 1458 4976 Makimi
1506 4942 1633 4978 cen-

63 4990 219 5039 tut-ia
251 4987 305 5057 5,
341 4985 720 5057 De_charitate_,
751 5000 801 5057 ῃ.
832 4984 900 5057 2_5
932 5004 943 5036 :
982 4987 1305 5057 Κνατέῐκλὸνα
1340 4990 1459 5057 μὲν,
1492 4996 1636 5045 πᾶσα

62 5055 452 5129 Ϋύσές-λογέκή
490 5054 603 5129 ἐστι
632 5053 722 5129 τοῦ
750 5052 899 5106 Θεοῦ,
932 5056 1062 5129 Κᾳθ’
1100 5052 1351 5129 ὁμοίωριύ
1381 5052 1459 5121 δὲς
1492 5063 1636 5129 μόνοι

60 5121 589 5193 ἀγαθοὶ-καὶρᾳφᾳί.
627 5121 669 5193 ᾼ
707 5136 811 5193 non
853 5126 1037 5191 paucis
1060 5121 1232 5176 tamen
1264 5124 1443 5193 imago
1481 5121 1533 5182 et
1557 5132 1632 5184 si-

61 5189 334 5244 militudo
394 5189 486 5241 Dei
538 5191 589 5259 in
641 5189 889 5259 homine,
946 5192 1083 5243 idem
1149 5206 1269 5243 esse
1345 5189 1628 5259 putantur.

64 5260 319 5312 l-Imenda
362 5259 538 5311 obiter
569 5257 826 5311 lsidorum
850 5259 1236 5328 Hispalensem,
1266 5257 1403 5328 libro
1429 5263 1502 5316 De
1545 5283 1631 5317 or.

61 5330 195 5380 dine
224 5336 612 5396 creaturarum,
645 5342 762 5396 cap.
800 5329 918 5388 ult..
948 5324 1083 5379 tom.
1122 5324 1420 5395 [Spicilegii
1465 5333 1629 5387 Acha-

59 5398 217 5470 (iani
257 5413 309 5470 p.
343 5394 448 5470 ξθθ
483 5413 495 5446 :
538 5393 594 5447 Si
624 5393 757 5448 enim
799 5395 859 5448 de
898 5397 1161 5470 semetipso
1198 5409 1307 5444 eam
1341 5393 1626 5470 (animam)

60 5464 218 5517 Deus
258 5462 841 5533 Tecissct,_nequaquam
884 5462 1145 5530 passibilis
1181 5471 1227 5512 et
1264 5462 1536 5533 mutabilis
1576 5462 1625 5522 et

60 5535 273 5592 misera
298 5540 453 5585 esset.
488 5529 618 5583 Item
638 5529 777 5585 si'ex
807 5529 1052 5585 creaturis
1081 5530 1438 5594 corporalibus
1470 5536 1619 5590 illam

58 5610 325 5659 creasset,
350 5610 398 5651 et
429 5601 694 5666 corporale
724 5601 917 5667 aliquid
948 5602 995 5651 in
1022 5614 1116 5649 sua
1150 5608 1332 5667 natura
1364 5600 1617 5665 haberet;

62 5680 183 5733 aut,
223 5670 431 5720 induam
466 5664 621 5733 (male
644 5664 938 5736 mtnqtiam),
969 5667 1179 5718 calorem
1211 5664 1268 5717 tle
1305 5668 1491 5737 ignea,
1526 5664 1616 5727 aut
