3904 6362
549 324 692 383 1543

1403 316 1462 373 S.
1503 312 1895 372 CLEMENTIS
1933 310 1953 365 l
1993 308 2158 365 80M.
2196 303 2400 362 ΡΟΝΤ.
2438 300 2667 359 OPERA
2705 294 2936 355 DUBlA.

3661 278 3783 334 ’ω

548 444 692 499 enim
724 442 848 501 hoc,
873 439 1033 509 quale
1077 436 1121 490 si
1160 433 1286 503 quis
1311 447 1453 502 aeger
1481 430 1549 484 ad
1596 428 1862 485 medelam
1894 427 1979 482 sui
2007 441 2121 481 me-
2148 427 2195 487 Α
2221 420 2378 477 vobis
2409 418 2665 473 dicemus
2705 428 2826 488 quae
2873 413 2929 466 in
2969 424 3028 464 re
3073 406 3234 463 sunt?
3258 398 3514 472 nunquid
3553 403 3794 509 tace‘lttes

548 537 732 591 dicum
769 533 972 603 pariter
992 537 1044 583 et
1074 525 1399 581 venenarios
1421 524 1630 585 invitet,
1663 537 1787 575 eum
1817 520 1890 574 illi
1925 532 2121 573 nocere

549 628 767 698 quidem
812 624 1043 694 possint.
1085 633 1280 673 curare
1311 632 1417 671 non
1466 615 1703 686 possint,
1737 626 1901 666 verus
1940 617 2120 663 autem

550 718 797 773 medicus
826 712 1050 768 venenis
1082 711 1298 764 illorum
1338 715 1555 762 recuset
1590 719 1699 761 sua
1731 702 2122 757 medicamenta

550 812 803 868 miscere,
836 823 903 859 ne
933 812 1025 857 aut
1066 800 1337 872 pernicies
1377 800 1521 853 bono
1553 804 1647 851 aut
1690 796 1897 851 sanitas
1919 808 2122 847 nocen-

549 901 696 954 tibus
719 895 1047 951 ascribatur.
1081 891 1261 946 Dicis:
1297 890 1438 960 Ergo
1470 889 1785 957 indignatur
1805 892 1897 939 aut
1918 882 2122 937 invidet

548 991 715 1053 Deus,
759 990 803 1043 si
833 1002 956 1041 cum
998 986 1113 1055 ipse
1148 983 1478 1045 benefaciat,
1505 981 1627 1034 aliis
1652 979 1839 1049 gratiae
1877 974 2121 1030 referan-

550 1084 681 1137 tur?
727 1079 954 1133 Etiamsi
999 1091 1107 1129 non
1144 1075 1478 1143 indignetur.
1518 1086 1625 1125 non
1657 1070 1773 1123 vttlt
1814 1076 1998 1123 tamen
2030 1080 2121 1121 er-

549 1172 692 1227 roris
723 1178 914 1223 auctor
942 1167 1198 1226 existere,
1234 1172 1294 1217 ut
1344 1163 1428 1217 sui
1461 1161 1644 1231 operis
1673 1158 1936 1214 beneficio
1970 1154 2122 1211 inani

552 1264 697 1319 idolo
729 1262 862 1317 fides
898 1260 1075 1314 detur.
1110 1257 1251 1323 Quid
1284 1264 1431 1309 certe
1460 1264 1567 1307 tam
1610 1252 1833 1322 impium
1854 1292 1869 1313 ,
1902 1258 2012 1303 tam
2038 1248 2122 1301 in-

552 1363 789 1425 gratum,
815 1364 977 1420 quam
1021 1364 1048 1400 a
1096 1348 1207 1401 Deo
1239 1345 1560 1400 beneficium
1590 1342 1851 1411 consequi
1873 1379 1889 1403 ,
1919 1346 1973 1395 et
2000 1338 2122 1393 red-

550 1448 682 1503 dere
735 1445 895 1515 lignis
943 1457 1007 1495 ac
1063 1439 1335 1509 lapidibus
1379 1436 1648 1508 gratiam?
1698 1434 1925 1504 Propter
1975 1429 2123 1501 quod

550 1533 993 1608 expergiscimini
1021 1541 1073 1587 et
1102 1530 1388 1601 intelligite
1415 1529 1647 1584 salutem
1677 1533 1953 1592 vestram;
1980 1522 2123 1578 Deus

549 1630 695 1686 enim
719 1627 922 1681 nullius
946 1624 1173 1695 indiget.
1208 1636 1386 1691 neque
1430 1619 1632 1690 aliquid
1663 1618 1915 1688 requirit,
1948 1630 2126 1685 neque

550 1723 608 1778 in
644 1722 826 1789 aliquo
860 1718 1096 1780 laeditur,
1129 1714 1224 1772 sed
1256 1730 1358 1769 nos
1388 1729 1580 1769 sumus
1609 1712 1703 1781 qui
1737 1719 1833 1764 aut
1868 1710 2125 1778 juvamur

552 1821 647 1868 aut
682 1812 930 1866 laedimur
964 1809 1017 1863 in
1051 1822 1116 1861 eo
1168 1807 1314 1876 quod
1364 1806 1502 1877 grati
1559 1813 1653 1857 aut
1684 1802 1883 1873 ingrati
1914 1815 2123 1856 sumus.

551 1903 689 1959 Nam
738 1901 850 1955 Deo
896 1899 1030 1970 quid
1062 1898 1343 1952 confertur
1384 1912 1447 1950 ex
1477 1895 1732 1949 laudibus
1764 1886 2005 1948 nostris?
2038 1898 2130 1946 aut

552 1995 684 2066 quid
717 1992 963 2047 aufertur
994 2006 1058 2047 ex
1090 1987 1481 2058 blasphemiis?
1521 1986 1627 2042 nisi
1659 1985 1806 2055 quod
1839 1984 1982 2039 Deus
2012 1982 2131 2037 aui-

551 2103 698 2143 mam
739 2085 842 2140 sibi
875 2083 1079 2153 gratias
1108 2087 1379 2151 agentem,
1411 2078 1713 2149 proximam
1751 2077 1855 2131 sibi
1885 2082 1940 2131 et
1974 2075 2133 2131 fami-

553 2182 742 2236 liarem
775 2177 928 2240 facit,
958 2176 1223 2245 ingratam
1254 2188 1384 2227 vero
1415 2173 1592 2226 malus
1625 2170 1866 2241 possidet
1896 2169 2128 2224 daemon.

624 2268 840 2326 XXVII.
875 2268 979 2324 Sed
1010 2276 1063 2321 et
1096 2265 1229 2320 illud
1267 2265 1411 2321 scire
1442 2279 1542 2318 vos
1588 2264 1729 2326 volo,
1763 2262 1908 2332 quod
1940 2261 2134 2317 adver-

555 2379 677 2419 sum
710 2359 1023 2432 lmjusmodi
1055 2358 1268 2412 animas
1302 2373 1415 2412 non
1443 2358 1560 2428 ipse
1591 2355 1732 2410 Deus
1765 2370 1864 2426 per
1887 2370 1946 2410 se
1978 2353 2136 2407 ultio-

555 2471 677 2512 nem
708 2454 935 2525 profert,
971 2451 1065 2506 sed
1098 2451 1351 2505 universa
1382 2460 1633 2504 creatura
1664 2448 1784 2517 ejus
1815 2445 2049 2517 insurgit
2079 2452 2134 2500 et

554 2562 747 2619 pmnas
778 2545 845 2599 de
896 2543 1080 2614 impiis
1128 2541 1332 2607 sumit;
1381 2548 1435 2594 et
1479 2539 1729 2609 quamvis
1782 2539 1835 2593 in
1879 2536 2133 2607 praesenti

559 2640 765 2695 saeculo
796 2637 888 2693 Dei
924 2635 1144 2691 bonitas
1171 2633 1456 2704 aequaliter
1491 2632 1596 2702 piis
1623 2638 1676 2686 et
1705 2630 1887 2701 impiis
1942 2627 2133 2683 mundi

557 2731 733 2784 lucem
786 2742 850 2781 ac
905 2736 1063 2781 terrae
1104 2724 1410 2779 ministeria
1459 2723 1742 2793 largiatur,
1795 2731 1973 2776 tamen
2023 2733 2134 2775 non

557 2822 767 2891 absque
786 2818 975 2872 dolore
1009 2817 1093 2871 sui
1123 2816 1300 2869 lucem
1329 2816 1414 2869 sol
1444 2814 1627 2884 impiis
1656 2813 1880 2884 praebet,
1914 2818 2134 2867 caetera-

557 2928 665 2981 que
696 2912 967 2967 elementa
995 2907 1257 2963 exhibent
1289 2906 1633 2962 servitutem.
1676 2903 1923 2974 Denique
1964 2905 2135 2960 inter-

557 3004 687 3059 dum
732 3004 897 3057 etiam
950 3007 1142 3054 contra
1181 2998 1480 3054 bonitatem
1522 2996 1873 3060 Conditoris.
1912 2996 2134 3068 fatigata

2225 512 2551 569 annuntiare
2592 521 2886 579 possumus
2924 499 3247 556 veritatem?
3286 496 3421 563 Quae
3449 497 3612 553 sunt,
3648 488 3798 541 aliter

2225 621 2389 677 quam
2423 611 2573 666 sunt,
2607 599 2852 671 proferre
2890 594 3187 650 nescimus.
3226 588 3383 656 Quod
3416 586 3463 641 si
3497 592 3801 643 taceamus,

2225 672 2446 754 causam
2482 694 2639 748 vobis
2684 688 3006 761 perniciosae
3036 681 3355 755 ignorantia:
3390 692 3498 733 nos
3523 672 3802 731 dabimus,

2225 796 2279 845 et
2301 785 2705 843 satisfaciemus
2728 780 2913 835 latenti
2944 778 3085 832 intra
3108 790 3205 829 vos
3231 782 3285 827 et
3306 765 3586 825 obsidenti
3613 777 3807 818 sensus

2226 890 2436 937 vestros
2468 876 2727 947 serpenti.
2754 874 2849 945 qui
2880 873 2995 927 haec
3027 869 3181 923 vobis
3210 864 3407 921 callide
3438 856 3718 929 suggerit.
3752 864 3805 907 ut

2227 986 2442 1040 semper
2483 984 2583 1024 vos
2628 967 2882 1022 inimicos
2932 961 3098 1017 faciat
3145 958 3275 1013 Deo.
3308 955 3417 1009 Sed
3447 968 3556 1007 nos
3603 949 3675 1002 ad
3709 947 3808 1001 hoc

2225 1065 2627 1124 missi'sumus,
2671 1069 2730 1115 ut
2768 1059 3063 1130 prodamus
3096 1051 3253 1107 vobis
3297 1048 3545 1103 latebras
3576 1043 3723 1112 ejus,
3756 1046 3809 1095 et

2226 1158 2572 1213 absolventes
2617 1150 2935 1208 inimicitias
2981 1143 3401 1202 reconciliemus
3446 1152 3553 1193 vos
3580 1133 3718 1196 Deo,
3752 1140 3812 1185 ut

2227 1250 2297 1303 ad
2326 1249 2507 1318 ipsum
2537 1239 2935 1299 convertamini
2967 1244 3021 1293 et
3064 1232 3323 1306 placeatis
3356 1230 3408 1284 ei
3455 1228 3512 1282 in
3548 1223 3813 1296 Operibus

2227 1315 2408 1395 bonis.
2441 1334 2744 1391 Inimicitiae
2784 1343 3023 1400 namque
3063 1333 3190 1382 sunt
3233 1320 3442 1377 homini
3498 1317 3569 1372 ad
3605 1315 3809 1379 Deum,

2226 1428 2620 1489 irrationabilis
2659 1434 2715 1481 et
2757 1424 2958 1496 impius
3005 1434 3202 1477 sensus
3231 1427 3578 1487 pravumque
3612 1425 3813 1482 prapo-

2228 1526 2417 1586 situm,
2456 1519 2693 1575 maxime
2725 1532 2849 1571 cum
2904 1513 3123 1568 videtur
3172 1508 3274 1566 sibi
3310 1505 3453 1562 scire
3504 1500 3721 1573 aliquid
3762 1509 3817 1555 et

2226 1623 2311 1670 est
2358 1614 2414 1668 in
2449 1608 2775 1682 ignorantia.
2831 1604 2935 1660 Ubi
2980 1610 3161 1657 autem
3215 1597 3441 1668 abjectis
3486 1594 3577 1648 his
3625 1592 3815 1648 eadem

2227 1706 2387 1762 vobis
2423 1704 2637 1775 placere
2680 1698 2948 1769 coeperint
2974 1709 3095 1765 qua:
3119 1692 3229 1747 Deo
3262 1690 3504 1761 placent,
3530 1693 3588 1741 et
3626 1684 3814 1775 eadem

2232 1774 2524 1869 displicere
2554 1794 2733 1857 vobis,
2768 1800 2933 1860 atque
2960 1803 3025 1844 ea
3058 1782 3338 1856 emperitis
3371 1780 3514 1835 velle
3547 1792 3678 1849 qua:
3704 1774 3819 1831 vult

2233 1892 2399 1951 Deus.
2428 1899 2563 1944 tunc
2588 1902 2719 1942 vere
2748 1882 2912 1939 amici
2944 1881 3065 1951 ejus
3096 1875 3375 1934 dicemini.

2305 1981 2491 2039 XXIX.
2522 1980 2627 2036 Sed
2661 1976 2915 2033 fortassis
2940 1970 3110 2043 aliqui
3137 1986 3206 2025 ex
3232 1968 3391 2023 vobis
3414 1965 3649 2022 dicent:
3675 1962 3818 2017 Nihil

2233 2092 2379 2133 cum
2405 2082 2489 2131 est
2512 2072 2625 2127 Deo
2657 2070 2725 2126 de
2756 2068 2919 2124 rebus
2948 2064 3225 2123 humanis.
3245 2068 3301 2117 et
3325 2060 3492 2130 cujus
3528 2074 3600 2112 ne
3630 2057 3698 2112 ad
3721 2070 3820 2110 no-

2231 2169 2408 2223 titiam
2453 2164 2670 2237 quidem
2721 2173 3015 2232 possumus
3067 2152 3378 2226 pervenire,
3428 2148 3718 2221 quomodo
3753 2146 3821 2201 ad

2234 2258 2504 2314 amicitias
2556 2249 2973 2325 perveniemus?
3023 2246 3179 2314 Quod
3223 2245 3369 2301 Deus
3416 2258 3617 2299 curam
3672 2250 3826 2312 gerat

2233 2352 2601 2408 humanarum
2628 2360 2835 2407 rerum,
2880 2341 3054 2414 ipsius
3083 2339 3272 2395 mundi
3304 2337 3640 2409 gubernatio
3666 2334 3825 2389 testis

2233 2452 2337 2507 est,
2373 2442 2462 2496 cui
2510 2439 2593 2496 sol
2641 2437 2885 2508 quotidie
2935 2432 3207 2494 deservit,
3259 2429 3349 2485 cui
3394 2428 3607 2483 imbres
3662 2425 3827 2480 mini-

2235 2537 2435 2596 strant,
2462 2527 2549 2583 cui
2592 2525 2791 2589 fontes,
2824 2523 3074 2584 flumina.
3122 2520 3385 2589 ventique
3433 2529 3493 2574 et
3528 2518 3720 2571 omnia
3750 2514 3825 2568 fa-

2236 2624 2516 2680 mulantur
2544 2622 2834 2682 elementa.
2859 2632 2979 2689 quae
3014 2623 3223 2687 quanto
3250 2614 3470 2669 notiora
3502 2611 3823 2666 hominibus

2234 2718 2512 2778 videntur,
2542 2722 2697 2768 tanto
2730 2726 2919 2766 curam
2954 2708 3049 2764 Dei
3080 2723 3205 2764 esse
3244 2721 3376 2777 erga
3402 2706 3660 2760 homines
3685 2703 3826 2758 indi-

2234 2818 2385 2867 cant.
2422 2807 2539 2863 Nisi
2560 2806 2706 2862 enim
2731 2810 3000 2875 potestate
3026 2800 3267 2863 Excelsi.
3293 2812 3582 2869 nunquam
3616 2796 3828 2866 potiora

2236 2902 2593 2959 inferioribus
2637 2899 3044 2962 ministrarent;
3092 2904 3147 2949 et
3197 2909 3295 2965 per
3347 2892 3457 2947 hoc
3499 2906 3617 2945 non
3645 2890 3831 2944 solum

2236 3011 2425 3052 curam
2456 2993 2602 3048 Deus
2631 2998 2760 3062 erga
2790 2991 3063 3054 homines,
3096 2986 3195 3042 sed
3239 2984 3504 3057 grandem
3534 2981 3833 3054 quemdam

560 3093 860 3150 sceleribus
902 3090 1195 3160 impiorum
1242 3089 1536 3143 vincuntur
1576 3090 1865 3151 elementa,
1900 3094 1955 3141 et
2009 3088 2138 3143 inde
2164 3129 2206 3187 ϐ
2238 3089 2438 3145 habere
2484 3087 2713 3142 docetur
2758 3083 3033 3146 affectum,
3082 3094 3314 3151 quorum
3361 3075 3683 3132 ministerio
3722 3084 3832 3129 tam

557 3193 644 3242 est
675 3183 822 3255 quod
865 3191 958 3237 aut
990 3190 1153 3237 terra:
1183 3179 1396 3235 fructus
1436 3181 1825 3250 corrumpitur,
1868 3187 1963 3233 aut
1993 3181 2137 3236 aeris

561 3275 857 3346 temperies
889 3282 1210 3336 temeratur,
1239 3278 1334 3325 aut
1373 3287 1539 3343 supra
1588 3272 1808 3326 modum
1854 3272 2017 3327 ardor
2049 3286 2141 3328 so-

561 3367 632 3422 lis
668 3365 999 3427 incenditur,
1051 3364 1136 3419 vel
1183 3363 1440 3417 imbrium
1483 3378 1548 3418 ac
1597 3362 1860 3434 frigorum
1910 3364 1996 3418 vis
2036 3364 2140 3418 im-

560 3474 751 3514 mensa
784 3456 1125 3512 diffunditur.
1166 3453 1297 3510 Inde
1345 3455 1485 3518 lues,
1531 3464 1585 3510 et
1614 3454 1824 3520 fames,
1855 3464 1909 3511 et
1949 3455 2139 3513 mortis

562 3552 734 3606 facies
766 3550 982 3604 diversa
1031 3549 1332 3618 percurrit.
1373 3546 1599 3602 festinat
1628 3548 1773 3602 enim
1806 3555 2055 3603 creatura
2084 3548 2139 3603 in

562 3642 762 3711 impios
805 3656 1023 3696 movere
1066 3640 1392 3695 vindictam.
1434 3638 1528 3694 Dei
1562 3647 1747 3693 tamen
1797 3640 2017 3696 bonitas
2054 3656 2141 3697 re-

561 3732 751 3802 primit
779 3747 922 3794 eam.
947 3739 1003 3786 et
1031 3732 1099 3785 ab
1130 3730 1506 3801 indignatione
1554 3730 1846 3801 impiorum
1880 3730 2139 3798 refrenat,

562 3841 630 3880 ac
660 3841 773 3879 sua;
812 3822 1209 3878 misericordia:
1244 3822 1468 3877 obedire
1518 3823 1693 3892 cogit,
1747 3822 1922 3893 magis
1974 3838 2139 3894 quam

564 3914 805 3987 peccatis
839 3914 1123 3968 hominum
1148 3921 1201 3968 et
1224 3913 1524 3968 sceleribus
1556 3911 1917 3978 inflammari;
1952 3928 2143 3982 exspe-

563 4009 679 4057 ctat
707 4001 853 4055 enim
888 4001 1150 4072 patientia
1181 4000 1298 4064 Dei,
1327 4000 1457 4055 dum
1507 4000 1563 4055 in
1604 4000 1709 4056 hoc
1734 4016 1963 4071 corpore
1990 4008 2139 4066 sunt,

565 4091 846 4147 hominum
874 4092 1313 4146 conversionem.

637 4182 873 4239 XXVIII.
904 4182 1060 4250 Quod
1090 4184 1136 4239 si
1165 4186 1257 4255 qui
1288 4184 1354 4238 ad
1383 4185 1588 4239 exitum
1630 4185 1752 4241 vita:
1790 4185 1845 4240 in
1870 4186 2145 4254 impietate

566 4279 925 4347 perstiterint,
961 4286 1073 4332 tum
1092 4279 1206 4349 jam
1239 4279 1527 4335 discedens
1556 4279 1739 4333 anima
1771 4295 1892 4350 quae
1921 4280 2145 4333 immor-

566 4370 693 4422 talis
718 4379 824 4434 est,
852 4385 951 4439 pro
982 4370 1278 4439 impietatis
1304 4385 1417 4424 suae
1455 4370 1855 4439 perseverantia
1890 4370 2000 4425 luet
2028 4383 2147 4439 pm-

570 4474 689 4513 uas.
721 4456 1062 4515 lmmortales
1088 4475 1327 4528 namque
1356 4470 1485 4514 sunt
1510 4460 1673 4514 etiam
1704 4460 1997 4530 impiorum
2025 4459 2144 4514 ani-

566 4567 690 4615 ma},
712 4566 851 4620 quas
893 4551 997 4620 ipsi
1037 4552 1269 4607 fortasse
1302 4552 1467 4607 velint
1513 4554 1716 4622 pariter
1745 4569 1870 4608 cum
1905 4552 2146 4623 corpori—

567 4645 671 4699 bus
719 4644 840 4699 suis
877 4644 1021 4698 finiri
1066 4645 1214 4713 (25);
1265 4645 1359 4699 sed
1412 4661 1521 4698 non
1569 4645 1640 4699 ita
1692 4655 1815 4708 est,
1861 4644 2144 4715 perferunt

567 4734 712 4789 enim
743 4735 885 4805 ignis
915 4735 1103 4788 aeterni
1149 4735 1268 4789 sine
1302 4734 1407 4789 fine
1446 4735 1732 4805 supplicia,
1771 4746 1824 4790 et
1864 4736 1931 4790 ad
1962 4737 2145 4807 perni—

568 4827 707 4881 ciem
743 4826 827 4882 sui
864 4835 1115 4880 naturam
1151 4844 1260 4881 non
1309 4827 1512 4881 habent
1555 4828 1843 4883 moriendi.
1880 4826 1983 4885 Sed
2031 4828 2145 4883 for-

567 4926 716 4974 tasse
744 4920 937 4974 dicetis
962 4919 1092 4972 mihi
1125 4936 1140 4973 ;
1171 4917 1368 4974 Terres
1398 4935 1520 4983 nos,
1551 4919 1733 4975 Petre.
1768 4918 1833 4972 Et
1870 4919 2143 4991 quomodo

642 5100 687 5140 ³³
714 5100 781 5155 ιιι
811 5098 947 5173 Reg.
973 5116 1109 5164 xvu.
1141 5117 1276 5156 xvm
1303 5120 1319 5169 ;
1352 5099 1474 5159 Jac.
1509 5118 1564 5165 ν,
1598 5101 1687 5164 i7,
1718 5099 1805 5155 l8.

1837 5278 2205 5336 COTELERII

649 5458 754 5529 liti)
798 5460 944 5526 Quas
990 5459 1093 5527 ipsi
1122 5458 1350 5528 fortasse
1385 5459 1542 5513 velint
1569 5459 2146 5529 paritericumfcorpio-

569 5530 715 5611 {ibus
737 5528 882 5611 guis
910 5531 1078 5597 ﬁniri.
1122 5529 1432 5611 Eleganter,
1462 5531 1710 5611 utsolet,
1754 5528 2023 5610 Minucius
2048 5528 2149 5610 F8:-

573 5602 647 5671 Ii.\j
681 5617 694 5653 :
729 5597 838 5654 Nec
865 5603 1049 5670 ignoro
1078 5597 1350 5671 pleroique
1372 5600 1690 5655 conscientia
1712 5600 2041 5671 meritorum.
2074 5600 2148 5652 ni-

570 5670 647 5741 hil
668 5686 723 5741 se
760 5686 871 5724 esse
890 5669 1014 5737 ipost
1060 5669 1279 5726 mortem
1327 5672 1493 5741 magis
1521 5679 1703 5739 optare
1736 5686 1892 5741 quam
1916 5669 2141 5741 credere.

581 5740 783 5795 Malunt
816 5743 949 5797 enim
975 5744 1237 5814 exstingui
1284 5740 1510 5813 penitus,
1561 5757 1719 5811 quam
1764 5740 1830 5795 ad
1884 5740 2146 5810 supplicia

2176 4501 2222 4561 D

2238 3182 2502 3253 praeclara
2547 3177 2883 3248 mancipavit
2924 3175 3218 3231 elementa.
3250 3170 3412 3239 Quod
3441 3176 3636 3223 autem
3665 3166 3833 3223 etiam

2239 3273 2308 3327 ad
2342 3270 2614 3326 amicitias
2656 3269 2749 3325 Dei
2789 3267 3111 3339 perveniant
3135 3265 3409 3326 homines,
3440 3259 3707 3329 exemplo
3737 3272 3833 3312 no-

2240 3368 2325 3422 bis
2357 3373 2484 3420 sunt
2515 3366 2568 3418 hi
2600 3378 2835 3434 quorum
2864 3360 3119 3432 precibus
3158 3367 3366 3412 tantum
3398 3354 3637 3410 indulsit
3673 3351 3744 3414 ι’,
3778 3358 3833 3403 ut

2240 3456 2521 3514 clauderet
2549 3454 2817 3510 imbribus
2844 3452 3044 3509 etelum
3090 3466 3215 3506 cum
3262 3448 3492 3509 vellent.
3524 3455 3583 3500 et
3614 3458 3833 3498 rursum

2242 3567 2368 3607 cum
2410 3556 2657 3621 peterent
2703 3548 3009 3610 relaxaret;
3039 3550 3095 3599 et
3142 3542 3312 3597 multa
3343 3540 3454 3595 alia
3488 3539 3831 3594 voluntatem

2242 3658 2396 3699 suam
2428 3640 2755 3695 facientibus
2788 3636 3062 3708 praestitit,
3093 3649 3214 3705 quae
3242 3647 3354 3687 non
3398 3631 3511 3685 nisi
3558 3628 3833 3683 amicissi-

2242 3735 2348 3791 mis
2390 3738 2798 3804 praestarentur.
2856 3728 2963 3785 Sed
3007 3726 3155 3783 dices
3185 3744 3200 3781 :
3231 3723 3376 3791 Quid
3434 3724 3592 3778 enim
3623 3721 3834 3776 [aliter

2244 3822 2410 3886 Deus,
2444 3824 2491 3880 si
2530 3830 2585 3878 et
2613 3823 2717 3879 ista
2763 3810 3015 3876 colantur
3043 3834 3075 3875 a
3106 3817 3299 3873 nobis?
3329 3814 3389 3870 Si
3424 3816 3559 3884 quis
3588 3823 3831 3869 vestram

2244 3916 2511 3970 honorem
2556 3914 2695 3986 patri
2743 3912 3010 3974 debitum,
3048 3926 3079 3965 a
3117 3926 3225 3981 quo
3270 3908 3516 3981 plurima
3566 3905 3832 3962 beneﬁcia

2244 4015 2580 4064 consecutus
2596 4013 2703 4069 est,
2735 4006 2829 4059 alii
2853 4004 3084 4068 deferat,
3108 4011 3163 4058 et
3184 4001 3426 4055 alienum
3452 4009 3627 4069 atque
3653 4008 3834 4053 extra—

2245 4116 2409 4156 neum
2440 4099 2598 4170 quasi
2630 4107 2837 4169 patrem
2882 4097 3062 4161 colat,
3101 4110 3211 4149 non
3242 4093 3339 4147 tibi
3370 4092 3599 4146 videtur
3625 4089 3829 4159 impius

2246 4194 2484 4247 existere
2514 4191 2569 4245 in
2599 4200 2832 4261 patrem.
2889 4196 2944 4244 et
2965 4184 3404 4243 exhaaredatione
3430 4180 3836 4254 dignissimus?

2318 4280 2485 4336 XXX.
2519 4280 2625 4335 Alii
2659 4279 2852 4334 dicunt
2877 4298 2891 4333 :
2920 4277 3147 4347 lmpium
3177 4283 3265 4330 est
3293 4273 3432 4344 (26),
3466 4274 3515 4327 si
3545 4288 3662 4329 non
3691 4273 3837 4327 cola-

2246 4389 2371 4429 mus
2398 4388 2460 4428 ea
2491 4387 2613 4442 qua:
2642 4371 2801 4426 nobis
2842 4370 3041 4425 tradita
3072 4376 3202 4423 sunt
3238 4382 3269 4420 a
3311 4366 3573 4436 patribus
3607 4365 3835 4429 nostris,

2246 4472 2303 4519 et
2347 4464 2662 4533 religionem
2716 4461 3139 4531 praevaricatum
3186 4475 3215 4512 a
3264 4458 3581 4526 majoribus
3630 4457 3835 4511 datam.

2249 4553 2363 4609 llac
2384 4554 2616 4616 ratione.
2655 4553 2710 4607 si.
2743 4552 2901 4620 cujus
2933 4559 3084 4621 pater
3126 4550 3267 4603 latro
3310 4548 3439 4611 fuit,
3476 4554 3577 4602 aut
3605 4552 3657 4604 si
3682 4546 3839 4615 cujus

2249 4646 2396 4709 leno,
2430 4660 2459 4698 a
2501 4645 2751 4715 patribus
2781 4643 2883 4698 sibi
2917 4641 3171 4696 traditam
3222 4639 3692 4694 consuetudinem
3720 4654 3839 4691 mu-

2249 4746 2368 4793 tare
2401 4752 2511 4791 non
2542 4736 2724 4800 debet,
2756 4751 2857 4789 nec.
2880 4734 2954 4789 ad
3006 4734 3283 4789 meliorem
3332 4733 3485 4785 viam
3522 4746 3555 4785 a
3593 4730 3837 4802 paternis

2250 4827 2533 4883 erroribus
2565 4828 2831 4889 revocari.
2863 4835 2915 4879 et
2956 4824 3180 4894 impium
3212 4823 3456 4883 ducitur.
3490 4824 3539 4878 si
3565 4824 3693 4893 quis
3730 4836 3835 4875 non

2251 4936 2376 4977 cum
2408 4920 2729 4992 parentibus
2757 4927 2967 4993 peccet,
3014 4926 3106 4973 aut
3154 4934 3263 4973 non
3297 4933 3427 4972 cum
3465 4917 3608 4988 ipsis
3638 4915 3836 4986 impius

2270 5278 2499 5336 NOTAE.

2251 5459 2510 5539 reparari.
2546 5456 3044 5539 Ad-quemjoeunl
3066 5457 3264 5539 doctus
3294 5456 3841 5539 interpresappom't

2249 5528 2592 5600 consimilem
2633 5528 2900 5586 Hieroclis
2922 5530 2975 5600 in
3004 5528 3261 5583 Carmina
3296 5528 3683 5600 Pythdgoricci.

2321 5598 2432 5668 (26)
2472 5599 2583 5668 Alii
2631 5600 2861 5654 dicunt:
2915 5599 3142 5661 Iamiam
3196 5610 3299 5662 est,
3344 5598 3831 5656 ὲιοξσιευιειίὶη.

2531 5667 2779 5727 Videnda
2829 5672 3050 5728 omnino
3108 5669 3348 5738 Epistola
3407 5670 3469 5727 S.
3546 5670 3668 5726 Nili
3731 5671 3831 5735 '52.
