3848 6288
129 320 283 376 1365

1330 330 1883 390 BECOGNITIONUM
1919 333 2045 388 LIB.
2088 333 2149 388 ν.

3189 329 3323 385 1346

129 441 488 501 perseveret.
513 435 617 491 Alii
647 437 832 493 dicunt
865 459 879 494 :
905 440 1021 494 Non
1052 441 1310 496 debemus
1339 443 1546 498 molesti
1581 456 1702 497 esse
1729 443 1774 498 A
1801 443 1929 510 quid
1959 443 2063 497 nisi
2095 460 2215 512 quae
2240 439 2493 505 libidinis,
2525 455 2644 510 quae
2669 437 2958 508 injustitiae,
2985 453 3104 510 qua
3141 438 3324 492 crude-

129 521 268 587 Deo,
303 533 366 578 et
396 525 582 594 ipsum
609 543 824 598 semper
841 539 934 584 aut
961 532 1294 586 miseriarum
1326 534 1575 602 querelis,
1606 541 1696 586 aut

129 613 479 681 petitionum
508 627 812 672 nostrarum
841 622 1244 676 necessitatibus
1263 637 1503 678 onerare.
1526 623 1696 688 Quam

127 704 307 757 stulta
357 712 418 757 et
469 706 676 776 absque
727 709 872 764 omni
920 710 1030 762 sale
1063 710 1370 778 responsio!
1417 710 1693 764 Molestum

127 790 242 844 Deo
301 801 499 861 putas,
533 796 581 849 si
628 796 676 849 ei
725 811 822 864 pro
869 797 1137 854 beneﬁciis
1184 799 1298 853 suis
1323 801 1520 868 gratias
1547 814 1693 868 agas,

125 881 215 933 cui
248 883 560 938 molestum
592 899 699 938 non
729 894 912 954 putas,
949 889 993 941 si
1039 901 1134 955 pro
1165 888 1333 957 ipsius
1362 889 1691 954 muneribus,

125 969 299 1039 lignis
356 980 418 1046 et
470 972 740 1041 lapidibus
787 976 987 1044 gratias
1038 975 1271 1030 referas?
1300 977 1361 1029 Et
1404 978 1690 1046 quomodo,

123 1073 256 1111 cum
293 1045 448 1114 fort‘e
479 1061 653 1115 imber
681 1063 836 1132 longa
866 1063 1149 1118 serenitate
1184 1045 1548 1132 suspenditur,
1579 1080 1694 1118 om-

124 1166 225 1205 nes
256 1151 333 1204 ad
383 1154 588 1206 caelum
619 1155 802 1209 oculos
831 1155 1118 1217 tendimus,
1144 1163 1198 1210 et
1228 1157 1296 1208 ab
1332 1159 1692 1224 omnipotente

124 1239 238 1294 Deo
273 1243 599 1310 pluviarum
644 1259 866 1299 munera
907 1246 1226 1316 ﬂagitamus,
1257 1261 1543 1315 omnesque
1566 1261 1688 1299 cum

123 1330 410 1398 parvulis,
465 1331 534 1385 ad
575 1330 742 1386 Deum
793 1333 928 1388 fusis
980 1334 1264 1402 precibus,
1321 1335 1689 1390 miserationes

121 1419 307 1487 ipsius
339 1423 684 1475 exoramus?
721 1423 824 1476 Sed
865 1437 1049 1477 revera
1089 1423 1307 1493 ingratae
1339 1425 1527 1478 animae
1566 1441 1686 1480 cum

120 1508 581 1577 impetraverint,
625 1511 734 1564 cito
785 1513 1210 1579 obliviscuntur;
1253 1515 1493 1569 collectis
1547 1516 1684 1569 enim

120 1598 414 1651 messibus
443 1606 540 1651 aut
567 1598 872 1663 vindemiis,
893 1601 1148 1654 continuo
1174 1601 1240 1654 ad
1271 1601 1432 1655 surda
1460 1610 1512 1656 et
1541 1610 1686 1656 muta

118 1684 437 1736 simulacra
488 1684 756 1752 primitias
805 1686 1016 1755 frugum
1069 1687 1349 1750 deferunt,
1382 1696 1435 1742 et
1467 1705 1562 1757 pro
1599 1690 1684 1746 bis

1793 531 1955 585 litatis
1977 543 2102 585 sunt
2126 539 2432 600 eperentur,
2466 538 2518 584 et
2557 529 2620 582 ad
2656 529 2829 582 omnia
2861 544 2955 582 vos
2986 527 3180 598 quibus
3223 527 3322 595 ipsi

1793 619 2145 684 delectantur,
2178 622 2426 690 subigant
2471 618 2726 674 obedire?
2767 619 3104 687 permittente
3133 631 3320 670 revera

1791 709 1893 764 hoc
1922 710 2028 765 Deo
2057 713 2163 780 pati
2194 729 2291 766 vos
2317 711 2384 765 ab
2406 712 2483 765 eis
2503 712 2651 780 justo
2680 711 2908 778 quodam
2928 710 3150 777 judicio,
3177 715 3233 761 ut
3255 721 3320 762 ex

1791 801 1906 868 ipso
1934 801 2192 855 dedecore
2214 811 2425 854 actuum
2451 815 2811 867 sensuumque
2842 807 3136 850 vestrorum
3163 799 3320 852 intel-

1791 888 1982 956 ligatis,
2026 903 2183 956 quam
2212 885 2596 956 indignum'sit
2637 886 2963 940 daemonibus
2994 893 3044 940 et
3075 901 3180 938 non
3210 885 3319 938 Deo

1789 993 1908 1032 esse
1935 977 2220 1045 subjectos.
2253 975 2387 1030 Hinc
2417 985 2469 1029 et
2499 977 2563 1030 ad
2594 976 2875 1029 indecoros
2898 985 2949 1029 et
2977 977 3144 1028 foedos
3167 982 3317 1027 actus

1787 1082 1881 1134 per
1908 1067 2169 1120 amicitias
2199 1066 2493 1119 daemonum
2524 1066 2861 1134 pervenitur;
2903 1065 3024 1116 hinc
3053 1079 3220 1132 usque
3252 1064 3317 1116 ad

1787 1158 1953 1226 ipsius
1981 1159 2100 1210 vitae
2128 1157 2410 1226 perniciem
2442 1156 2522 1208 vel
2553 1171 2644 1223 per
2676 1153 2938 1206 ﬂammam
2967 1153 3196 1206 libidinis
3226 1167 3317 1205 ac-

1787 1245 2014 1310 ceditur,
2042 1247 2124 1299 vel
2168 1261 2260 1313 per
2298 1245 2586 1297 iracundiae
2634 1243 2835 1296 rabiem
2868 1250 2959 1294 aut
2989 1243 3316 1294 nimietatem

1786 1335 2012 1388 tristitiae
2035 1337 2355 1404 pervenitur,
2373 1342 2431 1388 ut
2451 1348 2588 1401 saepe
2612 1340 2792 1384 notum
2815 1339 2916 1394 est,
2945 1331 3103 1382 etiam
3125 1345 3318 1384 manus

1787 1422 1887 1476 sibi
1917 1423 2158 1477 intulisse
2194 1423 2509 1485 nonnullos;
2559 1421 2721 1490 quod,
2769 1429 2826 1472 ut
2867 1421 3120 1484 diximus,
3171 1417 3314 1487 justa

1784 1513 2011 1583 quadam
2041 1513 2132 1568 Dei
2162 1514 2422 1568 sententia
2463 1512 2575 1566 fieri
2604 1513 2671 1565 ab
2701 1512 2783 1564 liis
2815 1527 2920 1563 non
2973 1510 3306 1579 prohibetur,

1784 1609 1842 1655 ut
1863 1610 1915 1656 et
1939 1603 2132 1671 quibus
2157 1618 2214 1656 se
2241 1601 2593 1666 subdiderint,
2624 1600 2939 1670 intelligant,
2963 1607 3016 1653 et
3045 1615 3200 1669 quem
3223 1599 3311 1652 de:

1784 1693 2046 1746 seruerint
2074 1698 2479 1760 recognoscant.

117 1786 243 1840 quae
282 1771 443 1827 Deus
473 1749 764 1839 concessit,
797 1775 852 1827 in
883 1749 1096 1844 templis
1132 1784 1224 1829 aut
1250 1749 1385 1832 lucis
1415 1749 1536 1831 vdta
1564 1795 1685 1848 per-
1714 1749 1756 1803 Β
1849 1779 2082 1834 XXXIV.
2124 1749 2229 1834 Sed
2263 1779 2402 1833 dicet
2427 1778 2646 1847 aliquis:
2676 1777 2964 1832 Passiones
2996 1777 3111 1830 istae
3155 1775 3309 1828 inter:

116 1861 348 1915 solvunt
369 1901 385 1924 ,
417 1873 475 1916 et
526 1862 600 1915 ibi
630 1863 892 1917 sacrificia
923 1863 1198 1920 daemoniis
1236 1866 1495 1929 offerunt,
1526 1878 1684 1937 atque

115 1960 352 2019 accepta
385 1952 567 2020 gratia
594 1959 897 2019 permutant
923 1954 1107 2021 gratiae
1135 1954 1461 2024 largitorem.

185 2040 389 2094 XXXI.
432 2039 540 2095 Sed
563 2041 780 2109 quidam
803 2041 985 2095 dicunt
1017 2061 1029 2097 :
1062 2042 1185 2098 Haec
1213 2039 1404 2099 laetitiae
1431 2047 1599 2115 gratia
1627 2055 1679 2101 et

114 2131 178 2183 ad
206 2131 550 2185 relcvandos
580 2131 788 2184 animos
834 2132 1074 2185 instituta
1095 2171 1110 2196 ,
1136 2141 1188 2188 et
1217 2135 1282 2187 ad
1311 2135 1413 2188 lioc
1441 2137 1673 2201 inventa,

113 2228 171 2272 ut
198 2220 461 2274 burnana
492 2235 646 2275 mens
675 2221 1063 2290 aliquantulum
1093 2223 1240 2276 curis
1270 2232 1323 2277 et
1357 2229 1674 2281 maeroribus

112 2314 426 2365 relaxetur.
471 2311 965 2383 Videteoquomodo
1016 2312 1116 2381 ipsi
1164 2322 1505 2370 accusatores
1544 2317 1673 2372 estis

109 2415 311 2454 eorum
348 2415 476 2469 quae
506 2401 710 2470 geritis.
747 2398 803 2454 Si
833 2401 946 2454 haec
986 2400 1196 2455 levandi
1227 2404 1472 2457 maeroris
1499 2413 1549 2455 et
1581 2405 1672 2458 lae-

110 2492 244 2546 titiae
275 2491 568 2561 capiendae
591 2507 752 2545 causa
774 2499 981 2560 reperta
1006 2501 1152 2553 sunt.
1173 2494 1439 2562 quomodo
1459 2495 1514 2548 in
1537 2495 1672 2550 lucis

108 2590 162 2636 et
193 2582 365 2636 silvis
399 2581 773 2634 invocationes
793 2582 1091 2635 daemonum
1114 2582 1278 2637 fiunt?
1302 2585 1568 2653 quomodo
1590 2586 1672 2638 in-

109 2673 230 2727 sani
272 2679 502 2726 rotatus
531 2671 831 2736 hominum,
875 2672 1249 2742 sectionesque
1287 2675 1665 2741 membrorum,

106 2771 162 2815 et
191 2763 556 2817 abscisiones
595 2762 986 2816 verendorum?
1010 2765 1277 2832 quomodo
1318 2765 1372 2818 in
1410 2765 1493 2820 his
1524 2767 1670 2819 furor

107 2850 346 2906 rabidus
397 2850 740 2918 concipitur?
795 2849 1062 2917 quomodo
1116 2851 1371 2905 invitatur
1430 2853 1671 2907 insania?

106 2940 401 3011 quomodo
443 2941 700 2993 mulieres
729 2940 930 3007 sparsis
965 2939 1206 2994 crinibus
1256 2939 1552 2995 furibundae
1583 2942 1670 3010 ja-

107 3031 384 3087 ctentur?
415 3029 558 3084 unde
603 3030 802 3084 stridor
827 3039 882 3084 et
924 3028 1166 3084 fremitus
1214 3029 1489 3084 dentium?
1530 3031 1666 3086 unde
1693 3055 1740 3118 α

108 3121 370 3192 mugitus
402 3119 588 3172 cordis
615 3125 671 3172 et
697 3119 986 3182 viscerum,
1016 3126 1070 3172 et
1107 3119 1287 3172 omnia
1321 3119 1412 3172 illa
1441 3136 1560 3190 quae
1587 3121 1670 3174 vel

106 3211 404 3272 simulata,
438 3208 524 3262 vel
559 3209 719 3262 etiam
754 3207 1050 3262 ministerio
1075 3209 1372 3263 daemonum
1403 3211 1670 3280 compagi-

105 3309 260 3361 nata,
307 3297 384 3351 ad
415 3304 675 3350 terrorem
707 3297 991 3351 stultorum
1029 3304 1084 3350 et
1111 3297 1467 3368 ignorantium
1499 3301 1670 3354 homi-

106 3404 240 3441 num
269 3385 659 3456 proferuntur?
676 3385 787 3438 haec
810 3385 1014 3438 levandi
1035 3388 1197 3441 animi
1225 3389 1394 3458 gratia
1421 3389 1573 3453 fiunt,
1600 3407 1669 3445 an

105 3480 302 3547 potius
331 3475 706 3545 opprimendi?
725 3473 969 3529 Nondum
998 3477 1206 3532 sentitis
1227 3494 1398 3548 neque
1421 3479 1669 3548 intelligi-

106 3569 178 3623 tis
213 3565 458 3621 latentis
489 3565 628 3616 intra
674 3578 768 3617 vos
820 3567 1082 3632 serpentis
1114 3565 1226 3619 haec
1269 3581 1386 3620 esse
1414 3567 1669 3621 consilia?

104 3662 200 3730 qui
217 3674 328 3714 vos
346 3670 450 3726 per
469 3655 864 3709 irrationabiles
881 3670 1120 3709 errorum
1139 3657 1506 3725 suggestiones
1521 3671 1550 3709 a
1581 3672 1665 3708 ra-

107 3751 264 3803 tione
295 3743 554 3800 veritatis
581 3741 816 3803 abducit,
854 3751 914 3795 ut
942 3759 1038 3798 vos
1059 3744 1297 3798 libidinis
1316 3753 1368 3797 et
1384 3747 1666 3815 concupis-

105 3839 314 3893 centia:
333 3850 404 3889 ac
421 3833 588 3886 t0tius
602 3830 879 3885 dedecoris
895 3846 1078 3887 servos
1093 3841 1271 3887 teneat
1287 3849 1349 3887 ac
1367 3836 1660 3890 ministros.

177 3924 416 3981 XXXII.
456 3919 562 3974 Sed
601 3933 700 3987 ego
741 3919 888 3972 clara
934 3935 1029 3974 vos
1061 3935 1246 3975 omnes
1278 3923 1666 3990 praedicationis

102 4033 244 4072 voce
267 4018 579 4072 contestor,
609 4009 750 4076 quod
777 4024 807 4062 e
834 4010 1104 4063 contrario
1144 4011 1329 4080 religio
1359 4012 1451 4066 Dei
1479 4011 1544 4065 ad
1572 4027 1662 4066 so-

103 4109 409 4162 brietatem
441 4115 540 4154 vos
570 4105 782 4152 revocat
809 4106 863 4154 et
891 4098 1235 4167 pudicitiam,
1267 4116 1297 4154 a
1345 4103 1555 4156 luxuria
1601 4116 1663 4156 ac

102 4200 308 4253 furore
335 4193 497 4264 jubet
526 4205 648 4245 esse
674 4190 1030 4256 continentes,
1059 4201 1112 4246 et
1139 4206 1233 4257 per
1263 4194 1571 4261 patientiam
1601 4209 1663 4249 ac

99 4282 598 4342 mansuetudinem
624 4295 866 4336 resecare
889 4283 1068 4350 lapsus
1096 4282 1402 4345 iracundiae,
1434 4285 1662 4352 propriis

1781 1869 1906 1923 dum
1931 1869 2179 1923 accidunt
2200 1868 2360 1922 etiam
2391 1868 2474 1921 his
2505 1867 2595 1935 qui
2629 1865 2791 1918 Deum
2821 1867 3024 1918 colunt.
3071 1863 3185 1917 Non
3231 1872 3311 1917 est

1782 1972 1997 2022 verum;
2028 1957 2223 2012 etenim
2251 1971 2350 2010 nos
2389 1957 2535 2008 illum
2579 1953 2670 2008 Dei
2715 1955 2946 2007 dicimus
2977 1969 3095 2007 esse
3141 1956 3313 2007 culto-

1777 2063 1909 2112 rem,
1944 2048 2034 2117 qui
2069 2047 2394 2099 voluntatem
2423 2044 2514 2098 Dei
2539 2044 2664 2097 facit
2693 2054 2744 2098 et
2777 2045 2905 2113 legis
2937 2054 3196 2111 prmeepta
3218 2058 3313 2096 cu-

1777 2137 1962 2190 stodit.
1993 2135 2144 2204 Apud
2177 2134 2343 2188 Deum
2372 2135 2514 2186 enim
2538 2149 2642 2186 non
2674 2135 2762 2186 ille
2787 2136 2877 2202 qui
2903 2133 3042 2202 apud
3067 2133 3313 2188 homines

1773 2225 1988 2280 Judaeus
2017 2225 2227 2287 dicitur,
2259 2222 2472 2277 Iudaeus
2503 2231 2604 2286 est,
2648 2239 2818 2291 neque
2861 2224 2950 2292 qui
2979 2224 3191 2292 gentilis
3222 2240 3312 2275 vo-

1773 2324 1944 2381 catur,
1977 2316 2064 2368 ille
2088 2313 2297 2384 gentilis
2317 2311 2476 2378 est",
2511 2311 2602 2365 sed
2630 2315 2716 2380 qui
2749 2310 2856 2365 Deo
2885 2313 3110 2366 credens
3145 2314 3312 2382 legem

1773 2405 2068 2474 impleverit
2101 2418 2163 2456 ac
2190 2403 2519 2454 voluntatem
2558 2401 2674 2469 ejus
2719 2401 2924 2465 fecerit,
2956 2403 3168 2456 etiamsi
3203 2417 3310 2455 non

1772 2496 1842 2550 sit
1868 2491 2419 2547 circumcisus.Verus
2448 2489 2541 2543 Dei
2570 2491 2748 2543 cultor
2773 2501 2854 2544 est
2878 2492 2944 2554 is,
2976 2492 3066 2558 qui
3093 2507 3198 2544 non
3229 2505 3314 2545 so.

1770 2586 1881 2638 lum
1912 2583 2024 2652 ipse
2048 2598 2076 2634 a
2103 2581 2442 2651 passionibus
2471 2582 2604 2634 liber
2633 2589 2734 2645 est,
2772 2597 2954 2634 verum
2985 2589 3036 2634 et
3061 2583 3197 2635 alios
3242 2583 3306 2637 al:

1766 2671 1847 2727 eis
1886 2671 2082 2724 liberos
2112 2670 2302 2733 reddit,
2333 2670 2541 2724 etiamsi
2569 2671 2675 2723 sint
2714 2671 2784 2722 ita
2817 2684 3004 2738 graves
3033 2678 3088 2722 ut
3119 2672 3311 2724 monti-

1766 2760 1866 2814 bus
1913 2769 2285 2829 coaequentur;
2332 2772 2426 2826 per
2456 2758 2608 2812 fidem
2633 2773 2735 2827 qua
2768 2758 2934 2812 credit
2970 2760 3094 2823 Deo,
3125 2767 3307 2814 trans-

1768 2850 1869 2903 fert
1893 2865 2003 2916 eas,
2034 2848 2127 2904 sed
2150 2859 2202 2903 et
2232 2858 2438 2902 montes
2465 2865 2587 2902 vere
2627 2863 2748 2901 cum
2780 2849 3060 2904 arboribus
3094 2850 3226 2914 suis,
3260 2851 3306 2904 si

1765 2955 1986 2994 necesse
2015 2940 2104 3005 sit,
2139 2955 2232 3008 per
2257 2939 2409 2993 ﬁdem
2445 2938 2698 2993 transfert
2713 2939 2774 2992 ³⁷.
2806 2939 2906 3003 Qui
2947 2947 3121 2992 autem
3155 2941 3307 2992 vide-

1767 3037 1855 3081 tur
1881 3029 2093 3098 quidem
2120 3028 2504 3101 colere'Deum,
2532 3030 2626 3083 sed
2650 3045 2819 3098 neque
2844 3028 2942 3083 lide
2957 3031 3111 3096 plena
3131 3045 3308 3102 neque

1769 3117 2018 3185 operibus
2070 3118 2440 3170 mandatorum
2492 3119 2755 3182 munitur,
2784 3117 2874 3171 sed
2915 3126 2996 3170 est
3033 3127 3302 3185 peccator,

1769 3221 1865 3276 pro
1897 3207 2128 3276 peccatis
2154 3207 2328 3261 locum
2358 3207 2501 3262 dedit
2532 3209 2587 3260 in
2615 3207 2905 3276 semetipso
2938 3208 3300 3276 passionibus,

1767 3313 1884 3365 quae
1911 3298 1975 3351 ad
2012 3311 2221 3366 pcenam
2252 3299 2584 3366 peccantium
2618 3299 2926 3351 constitutae
2956 3305 3081 3350 sunt
3113 3312 3142 3349 a
3171 3298 3298 3362 Deo,

1767 3398 1826 3443 ut
1865 3390 1933 3444 ab
1956 3389 2034 3443 eis
2069 3405 2162 3458 per
2190 3389 2337 3442 illata
2370 3388 2630 3457 supplicia
2659 3389 2874 3456 exigant
2905 3387 3082 3440 debita
3112 3402 3302 3454 peccat-

1765 3485 1961 3542 torum,
2000 3482 2054 3530 et
2105 3476 2434 3546 purgatiores
2483 3491 2576 3530 eos
2623 3475 2687 3528 ad
2715 3475 2978 3543 judicium
3012 3475 3137 3527 illud
3184 3489 3302 3528 om-

1766 3569 1913 3622 nium
1965 3566 2210 3637 generale
2261 3567 2575 3634 perducant,
2611 3566 2654 3618 si
2687 3575 2861 3618 tamen
2894 3565 3301 3633 castigationem

1764 3671 1948 3710 eorum
1979 3671 2084 3709 non
2112 3655 2324 3708 deserat
2355 3655 2502 3708 (Ides.
2534 3654 2664 3706 Nam
2693 3653 2982 3707 infidelium
3016 3656 3300 3724 castigatio

1763 3748 1818 3801 in
1848 3748 2094 3816 praesenti
2121 3747 2226 3799 vita
2247 3747 2506 3814 judicium
2536 3753 2638 3810 est,
2687 3760 2793 3815 quo
2840 3746 2998 3799 alieni
3067 3747 3299 3803 existere

1766 3839 2028 3907 incipiunt
2059 3854 2087 3890 a
2111 3836 2305 3891 futuris
2330 3835 2511 3901 bonis;
2536 3835 2699 3889 Deum
2732 3851 2856 3890 vero
2891 3837 3175 3890 colentium
3205 3853 3298 3890 ca-

1764 3927 1979 3998 stigatio
2007 3942 2128 3982 cum
2170 3943 2266 3996 pro
2290 3929 2522 3996 peccatis
2545 3945 2663 3996 quae
2689 3929 2980 3981 acciderint
3009 3928 3088 3981 eis
3129 3925 3296 3981 infer-

1762 4025 1868 4083 tur,
1898 4017 2167 4072 commissi
2198 4017 2265 4070 ab
2289 4018 2367 4071 eis
2393 4017 2555 4084 exigit
2578 4018 2830 4082 debitum,
2874 4024 2930 4070 ut
2970 4017 3298 4084 praevenien-

1761 4115 1842 4162 tes
1861 4106 2121 4174 judicium
2145 4105 2197 4157 in
2219 4107 2467 4173 praesenti
2489 4107 2684 4158 saeculo
2703 4107 2906 4174 peccati
2927 4106 3162 4158 debitum
3187 4105 3295 4158 sol-

1762 4205 1906 4261 vant,
1931 4204 1982 4249 et
2017 4195 2306 4248 liberentur
2341 4194 2421 4248 vel
2443 4211 2507 4248 ex
2540 4202 2692 4263 parte
2733 4194 2905 4249 media
2940 4195 3015 4258 ab
3055 4196 3292 4260 aeternis,

1762 4301 1880 4355 quae
1903 4284 2011 4338 illic
2033 4292 2340 4352 praeparatae
2363 4293 2508 4348 sunt,
2533 4284 2725 4351 poenis.
3123 4271 3134 4282 “

98 4392 235 4434 esse
273 4378 591 4433 contentos,
624 4377 678 4424 et
707 4370 902 4425 virtute
930 4372 1290 4440 parcimoniae,
1323 4387 1390 4426 ne
1430 4382 1662 4443 egestate
1697 4371 1736 4425 D
1831 4371 2040 4426 XXXV.
2084 4371 2184 4449 Sed
2206 4373 2315 4425 haec
2340 4373 2408 4424 ita
2434 4387 2550 4456 esse
2573 4388 2678 4426 non
2701 4373 2909 4441 recipit,
2933 4372 3022 4441 qui
3046 4386 3152 4426 non
3173 4387 3295 4427 cre-

97 4468 340 4539 quidem
372 4462 682 4529 compulsos
711 4461 882 4515 aliena
927 4461 1176 4531 diripere,
1210 4460 1300 4516 sed
1331 4462 1383 4515 in
1416 4465 1662 4518 omnibus

99 4570 340 4612 servare
366 4550 652 4620 justitiam,
676 4550 743 4602 ab
770 4550 1031 4605 idolorum
1061 4566 1156 4604 vos
1184 4552 1544 4606 immolatione
1574 4570 1664 4622 pe-

97 4645 263 4697 nitus
293 4651 609 4703 removere;
657 4653 752 4704 per
798 4644 911 4692 haec
954 4639 1096 4691 enim
1130 4638 1367 4692 invitatis
1393 4641 1661 4696 daemones

99 4735 173 4788 ad
222 4731 611 4796 vosmetipsos,
642 4737 693 4780 et
743 4728 1042 4782 introeundi
1090 4730 1168 4782 eis
1216 4729 1417 4783 aditum
1474 4741 1662 4801 sponte

99 4821 396 4893 praebetis,
431 4825 486 4871 et
515 4831 578 4870 ex
611 4817 708 4869 hoc
733 4815 844 4884 jam
870 4818 952 4872 vel
981 4817 1178 4870 furoris
1217 4832 1410 4872 causas
1449 4823 1529 4876 vel
1567 4825 1663 4880 illi-

95 4915 200 4968 citi
233 4909 444 4965 amoris
471 4907 732 4976 accipitis.

175 4997 426 5055 XXXIII.
472 4997 604 5051 llinc
650 4998 823 5050 omnis
862 4997 1146 5067 impietatis
1177 4998 1326 5066 origo
1357 5001 1654 5069 descendit,

101 5096 240 5146 hinc
270 5087 584 5147 homicidia.
611 5087 890 5147 adulteria,
920 5087 1076 5144 furta,
1102 5092 1154 5137 et
1179 5088 1528 5144 seminarium
1551 5110 1659 5146 ma-

101 5185 291 5234 iorum
321 5177 562 5230 omnium
593 5173 1010 5242 ﬂagitiorumque
1035 5173 1345 5238 concipitur,
1381 5179 1516 5231 dum
1541 5198 1658 5248 pro-

104 5277 258 5324 lanis
305 5267 653 5321 libaminibus
689 5280 741 5317 et
767 5268 1014 5318 odoribus
1047 5263 1347 5330 indulgetis,
1377 5281 1445 5320 ac
1479 5272 1656 5326 locant

105 5356 434 5415 dominandi
456 5356 510 5408 in
539 5373 631 5410 vos
656 5366 706 5410 et
725 5357 814 5424 jus
832 5352 1212 5423 quodammodo
1233 5354 1518 5411 obtinendi
1543 5378 1655 5414 ina-

103 5449 278 5519 lignis
297 5445 578 5516 spiritibus
607 5455 761 5500 uatis.
790 5441 1007 5511 lngressi
1029 5439 1170 5492 enim
1189 5456 1381 5498 sensus
1413 5459 1651 5512 vestros,

1761 4461 1838 4515 dit
1862 4464 2096 4516 futurum
2118 4477 2235 4515 esse
2253 4461 2514 4529 judicium
2540 4453 2650 4525 Dei,
2684 4467 2738 4516 et
2773 4463 2841 4516 ob
2879 4463 2978 4514 hoc
3014 4470 3293 4529 praesentis

1761 4551 1939 4607 saeculi
1959 4551 2320 4618 voluptatibus
2342 4551 2624 4618 obligatus,
2652 4551 2720 4605 ab
2755 4551 2966 4604 aeternis
2987 4551 3289 4603 excluditur

1760 4641 1935 4698 bonis.
1960 4639 2022 4692 Et
2051 4642 2168 4694 ideo
2190 4655 2288 4693 nos
2314 4654 2416 4691 non
2442 4641 2757 4710 negligimus
2790 4639 3078 4707 praedicare
3111 4639 3288 4705 vobis,

1728 4729 1733 4738 ’
1761 4745 1877 4800 quae
1901 4729 2058 4782 saluti
2078 4736 2267 4782 vestrae
2289 4728 2487 4780 scimus
2511 4743 2631 4780 esse
2652 4730 2973 4790 necessaria,
2997 4735 3050 4781 et
3087 4729 3179 4795 qui
3215 4730 3285 4782 sit

1759 4835 1917 4873 verus
1957 4816 2048 4872 Dei
2087 4819 2263 4872 cultus
2298 4819 2595 4882 ostendere,
2637 4828 2690 4870 ut
2726 4818 3003 4872 credentes
3041 4816 3144 4872 Deo
3191 4835 3290 4886 per

1758 4924 1916 4976 opera
1940 4908 2077 4961 bona
2104 4908 2320 4977 possitis
2349 4923 2449 4958 una
2475 4909 2748 4961 nobiscum
2776 4907 2936 4960 futuri
2963 4909 3141 4962 saeculi
3183 4909 3264 4962 ba:

1755 4999 1908 5052 redes
1928 4998 2168 5051 existere.
2185 4997 2334 5062 Quod
2357 4997 2400 5049 si
2424 4999 2655 5050 nondum
2679 5000 2815 5068 apud
2841 5014 2934 5051 vos
2954 5006 3156 5053 certum
3177 5009 3282 5064 est,

1755 5103 1876 5141 vera
1899 5103 2017 5142 esse
2040 5102 2156 5156 qua:
2177 5087 2422 5149 dicimus,
2449 5089 2657 5140 interim
2695 5104 2790 5156 pro
2833 5089 2931 5142 lioc
2965 5089 3136 5156 primo
3174 5104 3279 5145 non

1755 5179 1956 5232 debetis
1981 5193 2118 5246 aegre
2137 5178 2376 5245 accipere
2395 5183 2445 5229 et
2470 5177 2646 5232 infesti
2669 5195 2806 5244 esse,
2829 5179 2950 5248 quia
2986 5194 3101 5247 quae
3125 5190 3275 5248 puta-

1755 5285 1873 5322 mus
1906 5271 2063 5332 bona,
2104 5268 2213 5321 haec
2250 5266 2400 5320 vobis
2435 5269 2830 5333 annuntiamus,
2857 5279 2908 5322 et
2944 5270 3083 5336 quod
3125 5271 3280 5326 nobis

1755 5361 1988 5412 salutare
2032 5373 2149 5411 esse
2195 5357 2480 5418 credimus,
2518 5356 2619 5409 hoc
2660 5365 2820 5410 etiam
2845 5357 2993 5410 vobis
3031 5359 3280 5415 conferre

1753 5467 1859 5503 non
1879 5450 1931 5502 in
1942 5449 2194 5514 videmus,
2218 5449 2381 5512 omni,
2407 5452 2465 5498 ut
2486 5444 2617 5508 dixi,
2641 5448 2818 5502 studio
2837 5447 3280 5518 laborantes,quo

188 5645 236 5677 “
273 5641 428 5696 Rom.
464 5655 521 5704 ll,
553 5641 650 5703 28;
683 5638 834 5708 Apoc.
860 5648 911 5700 ll,
943 5632 988 5686 9.
1065 5628 1111 5660 "
1151 5629 1334 5687 Matth.
1370 5650 1521 5703 ινσι,
1553 5641 1656 5709 l9;

1771 5659 1818 5697 c.
1852 5658 1979 5707 xm,
2018 5642 2070 5698 6.
