3904 6388
543 294 677 349 1547

1405 298 1461 353 S.
1501 296 1896 353 CLEMENTIS
1934 296 1951 350 l
1994 296 2159 353 ΗΘΜ.
2196 297 2397 354 ΡΟΝΤ.
2439 296 2667 357 ΟΡΕΒΛ
2708 296 2933 354 DUBIA.

3660 298 3777 353 13m

535 429 852 487 cobaeredes
893 448 991 488 vos
1034 434 1326 499 bonorum,
1354 448 1475 504 quae
1516 435 1618 504 ipsi
1661 434 1818 490 nobis
1854 443 2116 489 eventura

2220 417 2390 479 tione,
2421 424 2584 485 atque
2613 416 2685 470 ita
2717 417 2907 471 turbas
2935 414 3163 479 dimisit,
3191 414 3500 471 admonens
3527 420 3587 468 ut
3609 412 3675 465 ad
3700 431 3783 466 au-

537 522 837 589 credimus,
864 524 1182 579 habeamus.
1212 522 1403 579 Utrum
1447 534 1628 581 autem
1668 540 1769 596 pro
1802 532 1952 579 certo
1991 540 2117 580 vera

537 612 647 667 sint
672 629 793 683 qure
814 614 1206 669 annuutiamus
1232 616 1406 683 vobis,
1434 633 1543 671 non
1567 618 1729 671 aliter
1751 618 1893 672 seire
1914 617 2119 686 poteri-

536 704 629 771 tis,
656 706 761 761 nisi
784 714 842 759 ut
882 705 1203 761 obedientes
1227 708 1313 762 his
1337 724 1458 778 qua:
1484 709 1836 773 mandantur,
1870 712 1989 778 ipso
2031 724 2118 763 re-

536 810 658 849 rum
689 796 837 849 exitu
860 804 914 849 et
943 797 1297 854 beatitudinis
1323 800 1634 854 certissimo
1659 798 1763 854 line
1784 798 2111 854 doceamini.

609 885 845 941 XXXVI.
888 886 954 941 Et
986 888 1107 942 ideo
1144 888 1360 945 etiamsi
1411 892 1584 945 latens
1638 891 1973 945 intrinsecus
2001 906 2116 944 ser-

534 994 669 1049 pens
700 992 896 1033 sensus
924 988 1138 1035 vestros
1181 981 1330 1035 mille
1357 982 1686 1051 depravandi
1718 981 1928 1035 artibus
1952 996 2117 1034 occu-

533 1075 645 1136 pet,
674 1078 726 1123 et
756 1069 1144 1140 impedimenta
1176 1074 1324 1128 mille
1351 1074 1639 1142 subjiciat,
1673 1074 1871 1143 quibus
1901 1088 1931 1126 a
1968 1073 2119 1127 salu-

532 1158 636 1210 tari
686 1158 934 1214 doctrina
985 1171 1226 1216 vestrum
1276 1162 1511 1218 declinet
1540 1164 1807 1226 auditum,
1837 1180 1903 1219 eo
1942 1164 2118 1234 magis

532 1250 802 1305 obsistere
849 1254 898 1306 ei
946 1252 1176 1316 debetis,
1207 1261 1260 1309 et
1298 1255 1497 1324 spretis
1524 1256 1644 1324 ejus
1672 1255 2115 1325 suggestionibus

531 1342 601 1394 ad
642 1343 972 1397 audiendum
1022 1360 1052 1397 a
1103 1346 1263 1400 nobis
1316 1347 1540 1400 verbum
1595 1346 2109 1416 suscipiendamque

532 1430 835 1486 doctrinam
865 1433 1204 1505 frequentius
1234 1439 1546 1503 convenire,
1572 1438 1698 1508 quia
1734 1453 1891 1492 nemo
1930 1448 2108 1508 potest

531 1523 743 1579 discere
774 1527 976 1597 aliquid
994 1529 1085 1598 qui
1118 1544 1229 1584 non
1262 1530 1507 1585 docetur.
1532 1529 1779 1600 Cumque
1807 1530 1922 1584 haec
1947 1530 2113 1583 dixis-

531 1623 635 1678 set,
663 1616 831 1684 jussit
860 1619 965 1674 sibi
991 1635 1086 1675 eos
1113 1623 1205 1691 qui
1242 1623 1597 1693 languoribus
1644 1622 1729 1677 vel
1770 1621 2111 1676 daemonibus

2220 507 2479 562 diendum
2512 507 2743 562 verbum
2772 505 2966 563 diebus
3013 505 3212 575 quibus
3242 505 3381 559 inibi
3415 506 3789 559 demoraturus

2218 608 2383 659 esset.
2421 599 2849 669 frequentarent.
2884 600 3052 669 igitur
3093 599 3182 652 ubi
3230 599 3406 653 turba:
3458 597 3787 659 abscessere,

2219 688 2414 744 Petrus
2443 689 2599 759 aquis
2624 705 2745 758 quas
2787 690 2839 743 in
2873 689 3034 742 horto
3068 687 3305 741 ﬂuebant
3336 702 3548 757 corpus
3591 686 3792 739 diluens

2220 796 2328 833 una
2360 795 2485 833 cum
2512 780 2726 834 caeteris
2753 780 3085 839 volentibus,
3119 777 3268 832 humi
3295 779 3467 831 sterni
3494 764 3667 845 jussit
3705 778 3795 830 sub

2218 871 2414 926 arbore
2452 870 2686 940 quadam
2718 871 2877 940 cujus
2915 871 3106 925 umbra
3158 877 3276 924 erat
3322 869 3589 939 plurima,
3637 876 3692 919 et
3721 882 3798 921 re.

2213 962 2471 1017 cumbere
2520 978 2621 1017 nos
2675 964 2974 1017 secundum
3024 961 3268 1015 ordinem
3322 958 3468 1030 apud
3496 959 3798 1012 staream

2213 1061 2477 1107 statutum
2502 1054 2778 1124 praecepit.
2814 1055 2989 1123 Atque
3021 1054 3092 1107 ita
3124 1054 3248 1106 cibo
3275 1060 3521 1120 sumpto,
3547 1049 3799 1103 Hebraeo-

2214 1160 2334 1198 rum
2367 1146 2474 1199 ritu
2504 1146 2708 1215 gratias
2749 1160 2918 1214 agens
2949 1144 3081 1207 Deo,
3104 1144 3233 1214 quia
3264 1143 3445 1196 adhuc
3479 1141 3798 1209 aliquantu-

2215 1238 2326 1291 lum
2361 1238 2470 1292 diei
2506 1245 2814 1307 supererat,
2842 1237 2998 1307 jubet
3050 1251 3152 1290 nos
3202 1234 3269 1289 de
3316 1234 3523 1304 quibus
3574 1233 3799 1286 velimus

2217 1333 2549 1401 percontari.
2586 1331 2834 1400 Cumque
2862 1344 3113 1385 essemus
3146 1343 3338 1382 omnes
3367 1342 3495 1381 cum
3529 1341 3597 1379 eo
3636 1325 3802 1394 vigin-

2214 1424 2280 1484 ti.
2312 1424 2606 1495 unicuique
2632 1425 2699 1479 de
2721 1440 2831 1490 quo
2851 1437 3097 1492 quaerere
3116 1420 3289 1474 voluit
3310 1417 3659 1488 explanavit,
3679 1434 3802 1486 (ιω.-

2216 1530 2337 1572 rum
2367 1517 2578 1586 singula
2608 1529 2837 1586 quaeque
2872 1512 3071 1568 libellis
3110 1512 3515 1581 comprehensa
3550 1510 3650 1563 tibi
3684 1518 3803 1561 ante

2212 1612 2326 1681 jam
2356 1611 2505 1665 misi.
2538 1608 2776 1680 Vespere
2816 1617 2997 1662 autem
3022 1605 3137 1675 jam
3168 1605 3313 1659 facto
3341 1603 3582 1675 ingressi
3620 1602 3803 1672 hospi-

532 1708 870 1777 urgebantur
898 1711 1103 1779 oﬂerri,
1136 1723 1193 1767 et
1220 1714 1483 1784 imposuit
1510 1715 1591 1769 eis
1621 1728 1817 1769 manus
1839 1729 1962 1768 cum
1991 1728 2117 1768 ora-

2220 1709 2355 1763 tium
2384 1719 2511 1760 cum
2539 1706 2681 1774 ipso,
2714 1705 2831 1759 suis
2868 1702 3072 1774 quique
3101 1700 3238 1755 locis
3262 1697 3666 1770 requievimus.

538 1855 3787 1881 _—3—-———_—————_ﬁ————-—-————————————_——————__-

1680 1988 2036 2077 LIBER
2115 1984 2617 2074 SEXTUS.

601 2283 644 2339 l.
688 2282 791 2338 Ubi
839 2298 970 2339 vero
1014 2284 1420 2339 rarescentibus
1451 2284 1693 2340 tenebris
1725 2285 1959 2356 primum
2001 2284 2118 2339 dies

531 2373 702 2444 cmpit
734 2374 979 2445 proferre
1009 2376 1416 2443 crepusculum,
1452 2374 1648 2430 Petrus
1687 2376 1951 2430 orationis
1994 2392 2119 2446 gra-

532 2463 609 2517 tia
634 2464 854 2519 hortum
887 2466 1190 2535 ingressus,
1222 2474 1277 2521 et
1301 2467 1427 2521 inde
1451 2468 1736 2537 egrediens
1755 2475 1917 2537 atque
1935 2468 2113 2537 ingre-

531 2556 688 2611 diens
722 2557 867 2611 velut
895 2574 1156 2614 excusare
1191 2559 1349 2614 nobis
1381 2559 1686 2624 videbatur,
1717 2560 1862 2629 quod
1902 2560 2112 2613 tardius

532 2649 695 2704 solito
723 2651 986 2721 evigilans
1026 2652 1267 2707 venisset
1309 2651 1376 2706 ad
1408 2668 1528 2707 nos.
1575 2652 1767 2707 Aiebat
1798 2668 1926 2723 ergo
1958 2671 1970 2707 :
2009 2651 2109 2707 Ubi

531 2743 679 2796 veris
710 2750 924 2813 tempus
955 2744 1252 2815 longiorem
1281 2744 1469 2799 fecerit
1498 2744 1663 2809 diem,
1690 2761 1917 2800 necesse
1948 2754 2027 2801 est
2054 2756 2114 2799 ut

532 2849 636 2889 nov
676 2835 891 2890 brevior
919 2835 1049 2903 fiat;
1081 2838 1126 2893 si
1160 2840 1282 2908 quis
1318 2853 1449 2906 ergo
1475 2837 1784 2892 studiorum
1815 2853 1980 2894 causa
2023 2856 2116 2893 no-

530 2928 636 2982 ctis
662 2927 868 2998 aliquid
901 2945 1171 2999 occupare
1200 2930 1495 2993 desiderat,
1543 2946 1651 2984 non
1695 2931 1749 2985 in
1780 2928 1927 2985 omni
1975 2940 2112 2988 tem-

532 3029 663 3083 pore
690 3018 906 3072 easdem
940 3018 1103 3074 horas
1130 3020 1424 3075 observare
1454 3020 1612 3076 debet
1645 3022 1711 3075 ad
1742 3021 2099 3094 vigilandum,

2220 2293 2275 2341 et
2306 2284 2427 2339 ideo
2457 2284 2824 2341 festinandum
2854 2292 2939 2339 est
2968 2283 3035 2337 ad
3073 2282 3329 2345 salutem,
3378 2297 3452 2337 ne
3496 2280 3642 2337 forte
3672 2296 3806 2337 cun-

2218 2384 2457 2432 ctautem
2492 2392 2642 2430 mors
2664 2376 2947 2447 repentina
2973 2376 3285 2446 praeveniat.

2288 2465 2378 2523 lll.
2400 2466 2466 2521 Et
2487 2467 2557 2522 ob
2580 2467 2681 2520 hoc
2708 2466 2890 2521 acrius
2916 2465 3309 2521 intendendum
3326 2472 3436 2528 est,
3484 2474 3549 2518 ut
3570 2465 3703 2519 dum
3722 2471 3803 2519 est

2213 2559 2479 2629 temporis
2504 2558 2762 2629 spatium,
2788 2559 3017 2613 collecta
3047 2558 3201 2611 mal-.2
3217 2556 3644 2612 consuetudinis
3673 2557 3797 2610 vitia

2212 2659 2553 2707 resecentur.
2587 2651 2744 2717 Quod
2774 2667 2881 2704 non
2915 2651 3075 2705 aliter
3105 2649 3284 2704 facere
3310 2650 3587 2719 poteritis,
3613 2650 3723 2703 nisi
3748 2658 3801 2702 ut

2215 2742 2533 2799 irascamini
2559 2736 2961 2812 quodammodo
2990 2740 3280 2795 adversum
3305 2740 3679 2809 vosmetipsos
3706 2754 3801 2808 pro

2216 2837 2302 2892 his
2358 2850 2479 2905 qua:
2510 2834 2777 2888 inutiliter
2804 2832 3055 2903 gessistis
3082 2846 3147 2885 ac
3176 2831 3429 2901 turpiter.
3466 2828 3597 2885 Haec
3642 2830 3791 2883 enim

2211 2937 2298 2985 est
2327 2928 2477 2997 justa
2506 2933 2559 2979 et
2592 2924 2899 2980 necessaria
2927 2922 3227 2984 iracundia,
3266 2936 3376 2991 qua
3414 2920 3805 2990 unusquisque

2210 3020 2267 3075 in
2298 3019 2384 3073 his
2409 3016 2610 3090 quibus
2637 3015 2837 3070 erravit
2863 3021 2918 3068 et
2946 3028 3227 3083 perperam
3261 3014 3453 3083 gessit,
3481 3013 3807 3082 indignatur

531 3108 626 3162 sed
660 3108 845 3163 eadem
882 3113 1143 3181 temporis
1166 3114 1363 3183 spatia,
1388 3115 1503 3169 sive
1530 3113 1745 3169 brevior
1765 3116 2107 3186 sivelongior
2133 3104 2177 3161 C
2209 3121 2264 3167 et
2296 3112 2648 3180 semetipsum
2680 3108 2917 3177 incusat,
2948 3121 3013 3160 ex
3044 3103 3565 3175 qua'indignatione
3595 3118 3803 3157 accen-

532 3198 605 3254 sit
625 3199 1080 3263 nox,dormiendo
1103 3218 1447 3271 consumere,
1463 3215 1517 3260 et
1540 3221 1734 3261 curare
1756 3222 2106 3277 magnopere,

533 3308 603 3347 ne
633 3308 968 3361 praesumens
995 3310 1062 3349 ex
1092 3294 1177 3350 his
1199 3298 1393 3366 spatiis
1419 3313 1540 3367 qua:
1562 3298 1763 3353 habere
1788 3298 1855 3352 ad
1883 3299 2109 3352 studen-

532 3383 663 3436 dum
696 3383 853 3451 solet,
881 3383 1044 3438 addat
1076 3401 1270 3441 somno
1305 3394 1357 3441 et
1391 3388 1646 3458 vigilandi
1685 3396 1897 3457 tempus
1931 3388 2109 3442 immi-

533 3480 689 3527 nuat.
722 3470 1131 3529 Observandum
1164 3490 1401 3547 namque
1445 3486 1499 3531 et
1550 3478 1685 3532 illud
1728 3491 1836 3542 est,
1871 3494 1939 3533 ne
1972 3476 2111 3533 forte

534 3564 582 3619 si
608 3565 847 3619 nondum
871 3567 1113 3623 decoctis
1141 3569 1281 3623 cibis
1304 3570 1734 3641 interrumpatur
1754 3587 2002 3635 somnus,
2029 3573 2113 3625 in-

535 3653 807 3723 digestum
836 3672 1036 3726 corpus
1068 3668 1323 3729 aggravet
1349 3668 1605 3727 mentem,
1634 3668 1687 3716 et
1703 3660 1901 3716 crudos
1934 3663 2112 3717 adhuc

534 3747 799 3801 exhalans
823 3749 1048 3817 spiritus
1077 3751 1390 3806 interiorem
1420 3768 1640 3808 sensum
1674 3753 1963 3807 confusum
1996 3754 2114 3807 red-

535 3837 631 3889 dat
679 3851 743 3891 ac
788 3838 1088 3895 turbidum.
1122 3840 1349 3897 Rectum
1394 3859 1524 3915 ergo
1560 3852 1643 3898 est
1683 3855 1741 3897 ut
1785 3846 2110 3915 competenti
2157 3867 2167 3878 -

536 3927 699 3981 etiam
732 3944 858 3998 pars
888 3931 988 3986 ista
1013 3933 1196 4003 quiete
1218 3934 1483 4002 foveatur,
1511 3951 1620 4005 quo
1650 3937 1823 4005 possit
1843 3935 2114 3991 sufﬁcien-

537 4025 621 4072 ter
651 4019 735 4076 bis
770 4038 890 4091 qua:
918 4024 1024 4078 sibi
1057 4025 1325 4080 debentur
1365 4043 1567 4099 corpus
1604 4029 1857 4099 expletis,
1900 4029 2111 4098 justum

532 4109 595 4167 in
632 4112 855 4182 reliquis
887 4115 1055 4169 menti
1090 4116 1347 4173 exhibere
1371 4120 1758 4177 ministerium.

611 4202 675 4257 ll.
717 4202 782 4255 Et
811 4220 935 4258 cum
963 4204 1075 4260 haec
1112 4206 1369 4273 dixisset,
1421 4209 1672 4280 plurimis
1694 4211 1807 4280 jam
1850 4219 2115 4267 consueto

537 4290 594 4345 in
635 4292 775 4346 horti
821 4294 942 4349 loco
974 4297 1041 4351 ad
1085 4297 1414 4354 audiendum
1456 4302 1822 4372 congregatis,
1849 4304 2117 4372 processit

538 4380 755 4449 Petrus,
788 4393 842 4440 et
874 4388 1123 4443 salutatis
1142 4405 1205 4443 ex
1231 4406 1380 4446 more
1410 4393 1586 4448 turbis
1612 4393 1793 4448 dicere
1820 4394 1923 4449 hoc
1951 4396 2114 4449 modo

538 4477 705 4548 coepit
738 4498 751 4533 :
794 4478 1059 4545 Quoniam
1095 4483 1333 4551 quidem,
1363 4485 1506 4539 sicut
1537 4493 1679 4539 terra
1719 4501 1748 4538 a
1777 4486 1989 4542 cultore
2018 4503 2113 4543 ne-

541 4573 713 4641 glecta
747 4574 935 4643 spinas
982 4586 1035 4629 et
1081 4577 1316 4633 tribulos
1358 4580 1672 4634 necessario
1720 4582 1992 4650 producit,
2038 4583 2113 4636 ita

542 4682 741 4722 sensus
788 4677 964 4723 vester
1019 4669 1165 4739 longi
1217 4671 1479 4740 temporis
1527 4672 1760 4736 incuria,
1811 4676 2011 4728 multas
2061 4682 2115 4729 et

540 4762 738 4814 noxias
765 4760 1050 4828 Opiniones
1075 4778 1255 4817 rerum
1275 4770 1329 4818 et
1352 4763 1739 4834 intelligentias
1773 4762 1921 4818 falsm
1944 4766 2118 4819 scien-

541 4851 630 4903 tiae
658 4852 1013 4921 germinavit;
1045 4868 1182 4922 opus
1231 4861 1316 4909 est
1360 4870 1506 4908 nunc
1536 4856 1702 4908 multa
1736 4855 2012 4926 diligentia
2047 4856 2110 4910 ad

542 4941 897 4996 excolendum
947 4960 1042 4999 rus
1097 4946 1293 5000 mentis
1320 4955 1535 5008 vestras,
1569 4954 1628 5000 ut
1659 4946 1711 5000 id
1751 4962 1930 5003 sermo
1971 4948 2114 5002 veri-

542 5031 692 5097 tatis,
721 5033 924 5102 quiest
950 5050 1112 5090 verus
1139 5044 1191 5090 et
1213 5035 1445 5107 diligens
1473 5037 1654 5092 cordis
1684 5040 1933 5103 colonus,
1966 5026 2115 5094 assi-

542 5121 668 5177 duis
697 5115 908 5178 ex'colat
934 5124 1261 5195 disciplinis.
1291 5125 1547 5182 Vestrum
1581 5142 1713 5198 ergo
1744 5136 1829 5183 est
1870 5129 2114 5199 praebere

541 5211 592 5266 ei
621 5211 1009 5277 obedientiam,
1033 5223 1086 5268 et
1108 5216 1495 5286 occupationes
1521 5232 1584 5271 ac
1606 5218 2003 5274 sollicitudines
2027 5237 2116 5275 su-

541 5300 778 5372 perﬂuas
826 5312 1128 5373 amputare,
1161 5323 1228 5361 ne
1257 5307 1457 5361 bonum
1504 5308 1653 5362 verbi
1698 5323 1881 5363 semen
1925 5317 2115 5365 enecet

541 5396 767 5451 noxium
806 5414 1045 5469 germen.
1073 5397 1261 5455 Potest
1284 5400 1430 5454 enim
1463 5400 1598 5465 fieri,
1632 5409 1691 5455 ut
1719 5403 1872 5456 multi
1906 5412 2117 5474 tempo—

541 5486 618 5542 ris
643 5490 1026 5560 negligentiam
1052 5492 1233 5547 brevis
1257 5501 1310 5547 et
1333 5494 1553 5549 assidua
1576 5505 1790 5564 reparet
1808 5496 2109 5567 diligentia;

542 5578 816 5635 incertum
870 5599 1108 5654 namque
1134 5592 1220 5639 est
1257 5585 1696 5657 uniuscujusque
1721 5590 1845 5644 vita:
1869 5595 2111 5658 tempus,

2211 3204 2358 3258 ditur
2389 3203 2443 3257 in
2473 3200 2630 3255 nobis
2661 3198 2803 3269 ignis
2831 3196 3075 3267 quidam,
3110 3195 3202 3265 qui
3252 3195 3402 3248 velut
3432 3209 3571 3263 agro
3622 3192 3802 3248 sterili

2212 3297 2514 3358 immissus,
2548 3291 2893 3361 consumptis
2932 3298 2988 3345 et
3032 3292 3273 3345 excoctis
3303 3288 3595 3343 radicibus
3621 3290 3803 3357 pessi-

2212 3406 2314 3444 ma:
2350 3387 2665 3456 voluptatis,
2710 3385 2855 3440 bono
2885 3383 3077 3439 semini
3106 3382 3256 3438 verbi
3284 3382 3381 3436 Dei
3415 3382 3802 3437 fecundior-en

2212 3479 2395 3535 cordis
2444 3484 2712 3549 praeparat
2757 3477 2989 3546 glebam.
3039 3473 3179 3527 Puto
3228 3481 3411 3528 autem
3460 3474 3616 3544 quod
3670 3475 3805 3528 satis

2213 3569 2406 3639 dignas
2431 3566 2675 3621 habeatis
2705 3579 2902 3618 causas
2930 3563 3246 3626 iracundiae,
3274 3579 3339 3617 ex
3370 3566 3587 3633 quibus
3610 3564 3805 3631 justis.

2215 3660 2389 3713 simus
2418 3658 2558 3728 ignis
2592 3656 2695 3711 iste
2725 3655 3016 3715 coalescat,
3053 3654 3100 3709 si
3130 3654 3503 3708 consideretis
3534 3654 3593 3706 in
3627 3669 3803 3723 quan-

2214 3759 2301 3805 tos
2323 3764 2419 3805 vos
2446 3763 2662 3805 errores
2686 3748 2909 3803 deduxit
2938 3746 3257 3817 ignorantiae
3273 3747 3507 3807 malum,
3534 3754 3801 3825 quantos-

2214 3858 2320 3913 que
2344 3842 2528 3912 lapsus
2556 3849 2610 3896 et
2639 3849 2842 3910 quanta
2875 3838 3170 3909 praecipitia
3206 3839 3272 3892 ad
3307 3836 3659 3906 peccandum
3705 3837 3800 3891 de—

2215 3935 2317 3996 dit,
2351 3948 2381 3986 a
2414 3932 2635 4003 quantis
2664 3948 2759 3987 vos
2791 3931 2951 3987 bonis
2990 3930 3255 3985 abstraxit
3283 3938 3337 3983 et
3369 3929 3424 3983 in
3455 3944 3584 3999 qua:
3612 3930 3800 4000 praeci-

2216 4024 2408 4093 pitavit
2435 4024 2597 4083 mala,
2617 4031 2671 4077 et
2698 4022 2841 4092 quod
2872 4029 2957 4076 est
2986 4036 3152 4091 super
3174 4020 3357 4074 omnia
3379 4023 3634 4091 gravius,
3658 4020 3801 4092 quod

2215 4129 2314 4169 vos
2345 4114 2399 4167 in
2430 4112 2614 4166 futuro
2649 4114 2849 4167 smculo
2877 4113 3096 4167 aeternis
3128 4113 3305 4182 pinnis
3333 4114 3618 4168 obnoxios
3654 4115 3800 4169 fecit.

2210 4202 2404 4258 Nonne
2448 4219 2547 4274 pro
2586 4204 2673 4262 his
2697 4207 2974 4272 omnibus,
3004 4207 3094 4261 ubi
3139 4206 3295 4262 vobis
3323 4208 3579 4263 veritatis
3608 4208 3794 4263 lumen

2209 4294 2452 4357 obfulsit,
2477 4295 2618 4367 ignis
2629 4297 2948 4368 justissima:
2968 4298 3355 4370 indignationis
3376 4298 3727 4367 accenditur,
3745 4312 3798 4355 et

2218 4391 2515 4445 iracundia
2547 4390 2654 4445 Deo
2693 4390 2902 4460 placitae
2951 4392 3095 4445 intra
3139 4405 3238 4444 vos
3278 4392 3574 4461 consurgit
3622 4390 3803 4445 incum

2215 4480 2364 4534 ilium
2385 4516 2402 4546 ,
2447 4496 2556 4551 quo
2598 4491 2955 4535 consumatur
2985 4489 3039 4536 et
3070 4480 3335 4535 radicitus
3372 4482 3616 4537 intereat
3643 4498 3806 4537 omne

2216 4588 2457 4642 germen,
2493 4573 2539 4627 si
2568 4573 2714 4642 quod
2742 4572 2883 4628 forte
2912 4574 3053 4627 intra
3084 4587 3180 4628 vos
3212 4572 3368 4627 malae
3392 4576 3806 4646 concupiscen-

2216 4666 2307 4719 tia:
2334 4663 2666 4734 pullulaviti

2290 4755 2376 4811 IV.
2419 4756 2463 4788 ³⁸
2485 4754 2637 4810 Unde
2676 4764 2731 4810 et
2773 4757 2890 4826 ipse
2917 4757 3009 4826 qui
3041 4758 3188 4812 misit
3216 4773 3339 4821 nos,
3386 4773 3519 4813 cum
3561 4758 3808 4815 venisset

2216 4855 2270 4903 et
2299 4864 2515 4904 onmem
2548 4849 2808 4903 mundum
2828 4848 3052 4903 vidisset
3078 4850 3145 4903 ad
3174 4850 3437 4903 malitiam
3464 4852 3803 4912 declinasse,

2216 4956 2329 4996 non
2353 4942 2614 4996 continuo
2643 4957 2831 5012 pacem
2858 4943 2907 4997 ei
2936 4942 2990 4995 in
3020 4943 3302 4997 erroribus
3331 4943 3521 5013 posito
3547 4938 3724 5004 dedit.
3742 4961 3803 5001 ιιι

2217 5053 2341 5092 eum
2370 5036 2717 5091 confirmaret
2752 5036 2807 5090 in
2838 5037 3016 5098 malis,
3044 5036 3135 5091 sed
3169 5037 3499 5106 ignorantiae
3528 5038 3655 5106 ejus
3685 5039 3803 5091 rui-

2216 5129 2305 5184 nis
2332 5129 2616 5183 scientiam
2647 5128 2893 5184 veritatis
2915 5129 3188 5198 Opposuit,
3216 5137 3295 5191 ut,
3336 5130 3385 5183 si
3423 5130 3568 5184 forte
3611 5132 3803 5199 resipi'

2219 5229 2435 5276 scerent
2458 5229 2513 5274 et
2545 5221 2725 5275 lumen
2758 5219 3005 5274 veritatis
3029 5222 3354 5290 aspicerent,
3372 5220 3639 5290 deceptos
3667 5238 3730 5275 se
3754 5230 3809 5273 et

2217 5312 2273 5367 in
2306 5312 2600 5382 pmcipitia
2629 5313 2836 5367 erroris
2866 5313 3170 5368 abstractos
3201 5314 3401 5367 merito
3440 5313 3725 5375 dolerent,
3756 5322 3809 5366 et

2220 5404 2524 5459 iracundia:
2550 5405 2808 5460 salutaris
2863 5407 3041 5475 ignem
3090 5405 3381 5459 adversum
3427 5404 3809 5475 deceptricem

2216 5497 2303 5550 sui
2327 5496 2677 5566 conciperent
2700 5497 3079 5567 ignorantiam.
3110 5494 3191 5551 οι»
3210 5496 3315 5551 hoc
3338 5500 3530 5567 itaque
3545 5498 3771 5551 dicebat
3792 5515 3806 5549 :

2217 5587 2401 5660 Ignem
2431 5590 2544 5643 veni
2574 5590 2780 5644 mittere
2807 5590 2862 5644 in
2888 5597 3102 5654 terram,
3125 5598 3177 5644 et
3196 5605 3358 5660 quam
3390 5589 3512 5645 colo
3545 5600 3603 5644 ut
3626 5605 3806 5644 accen-

624 5754 679 5786 ⁸⁸
708 5752 838 5820 Ome
861 5770 975 5827 cap,
1020 5756 1150 5812 ιαμ
1183 5758 1236 5811 in
1266 5756 1389 5812 edd.
1415 5758 1689 5829 leguntur,
1715 5762 1914 5818 desunt
1937 5763 1989 5817 in
2015 5761 2174 5819 rodd.
2201 5776 2336 5819 mss.
2364 5761 2546 5833 Lipss.
