3848 6260
163 330 303 385 1549

1348 322 1891 378 RECOGNITIONUM
1924 322 2049 375 LIB.
2086 317 2170 375 VI.

3190 316 3322 365 i350

160 442 322 495 datur
354 442 401 474 "
423 443 560 511 (Ἦ).
580 443 674 496 Est
687 458 813 512 ergo
837 456 1009 512 pugna
1036 439 1295 509 quaedam.
1328 456 1445 507 qua:
1472 438 1701 508 gerenda
1731 445 1775 498 Α
1802 452 1965 491 causa
2010 431 2307 503 ignorantia
2350 439 2451 485 est.
2482 429 2765 498 Propterea
2802 427 3028 495 denique
3060 425 3173 495 ipse
3214 426 3325 479 Ma-

159 533 315 586 nobis
345 543 430 587 est
459 535 513 586 in
539 535 637 586 hac
668 535 803 598 vita;
836 547 1009 586 sermo
1028 532 1166 584 enim
1188 531 1427 583 veritatis
1454 538 1505 583 et
1526 531 1699 583 scien-

156 622 244 673 tiae
274 623 595 675 necessario
644 629 854 691 separat
884 621 1123 673 homines
1152 620 1218 672 ab
1247 634 1428 672 errore
1468 627 1519 672 et
1551 619 1703 685 igno-

154 712 355 771 rantia,
388 711 533 764 sicut
560 728 699 780 saepe
726 711 954 764 vidimus
986 708 1311 777 putrefactas
1339 715 1391 759 et
1426 716 1699 760 emortuas

156 800 407 867 corporis
442 816 658 861 carnes,
703 814 731 851 a
767 799 1095 852 connexione
1121 796 1402 849 viventium
1434 796 1700 848 membro-

156 904 275 940 rum
331 887 486 941 ferro
536 898 750 943 secante
793 888 1047 956 separari.
1074 886 1200 940 Tale
1240 901 1368 954 ergo
1391 884 1589 951 aliquid
1618 895 1701 938 est

154 978 297 1046 quod
328 979 445 1053 agit
475 979 718 1031 veritatis
746 979 976 1045 agnitio;
1009 991 1226 1031 necesse
1245 983 1327 1030 est
1355 976 1494 1028 enim
1527 981 1583 1025 ut
1614 989 1699 1026 sa-

155 1068 281 1121 lutis
314 1084 488 1119 causa
513 1068 673 1128 ﬁlius,
700 1069 844 1120 verbi
876 1068 1065 1135 gratia,
1096 1067 1186 1134 qui
1220 1079 1517 1119 sermonem
1551 1079 1698 1116 rece-

153 1158 289 1223 perit
341 1158 616 1219 veritatis,
650 1172 678 1208 a
710 1157 1017 1224 parentibus
1067 1162 1340 1222 separetur
1389 1153 1694 1216 incredulis,

149 1255 241 1298 aut
265 1262 492 1300 rursum
526 1256 673 1314 pater
694 1253 969 1313 separetur
989 1260 1018 1297 a
1048 1245 1173 1304 lilio,
1200 1252 1290 1296 aut
1314 1242 1417 1294 lilia
1447 1257 1475 1293 a
1506 1250 1694 1294 matre.

148 1333 213 1386 Et
261 1335 370 1388 hoc
418 1335 579 1388 modo
619 1335 758 1387 inter
804 1334 1129 1402 propinquos
1176 1340 1228 1385 et
1272 1330 1697 1398 consanguineos

148 1423 442 1477 credentes
473 1433 631 1490 atque
658 1422 978 1480 incredulos.
1012 1421 1248 1473 scientia:
1291 1427 1343 1471 et
1390 1419 1698 1487 ignorantiae

148 1512 511 1578 veritatisque
539 1518 592 1564 et
619 1509 819 1563 erroris
862 1524 1037 1577 pugna
1079 1508 1373 1576 consurgit.
1407 1508 1468 1558 Et
1501 1508 1570 1560 ob
1599 1507 1697 1558 hoc

149 1602 346 1653 iterum
380 1600 599 1652 dicebat
629 1599 718 1667 qui
749 1612 846 1651 nos
867 1598 1013 1651 misit
1046 1616 1058 1650 :
1092 1596 1211 1650 Non
1238 1598 1348 1651 veni
1373 1613 1547 1664 pacem
1578 1599 1697 1650 mit-

151 1697 254 1739 tere
285 1689 341 1739 in
381 1697 601 1749 terram,
632 1685 718 1739 sed
749 1685 1056 1754 gladium“.

215 1796 283 1851 V.
325 1796 487 1861 Quod
514 1796 560 1850 si
590 1795 720 1848 dicit
749 1795 964 1862 aliquis,
997 1802 1049 1848 et
1075 1809 1181 1862 quo
1210 1792 1368 1846 modo
1392 1793 1592 1861 justum
1616 1793 1695 1845 vi-

147 1885 307 1939 detur
329 1884 577 1952 separari
596 1897 625 1933 a
655 1881 1001 1950 parentibus?
1043 1881 1165 1934 audi
1194 1896 1300 1948 quo
1318 1879 1489 1933 modo
1511 1921 1523 1933 .
1547 1881 1691 1948 quia,

147 1975 189 2028 si
219 1990 350 2027 cum
384 1972 521 2041 ipsis
549 1972 602 2024 in
625 1985 805 2024 errore
826 1977 1188 2038 permaneant,
1215 1984 1387 2036 neque
1412 1969 1517 2020 illis
1542 1969 1697 2036 prod-

144 2070 331 2122 erunt.
363 2068 421 2115 et
469 2060 572 2128 ipsi
616 2073 736 2110 cum
786 2059 891 2110 illis
920 2057 1119 2125 pariter
1149 2056 1457 2109 interibunt.
1485 2055 1691 2110 Iustum

142 2151 315 2219 igitur
343 2157 401 2202 et
431 2148 585 2200 valde
612 2147 812 2215 justum
839 2154 941 2199 est.
974 2146 1209 2213 separari
1236 2160 1357 2198 eum
1384 2146 1475 2213 qui
1499 2146 1693 2198 salvari

140 2239 284 2297 vult,
320 2237 393 2290 ab
421 2250 486 2290 eo
513 2235 603 2303 qui
638 2251 743 2287 non
770 2234 881 2286 vult
905 2232 1033 2301 (28).
1068 2231 1171 2285 Sed
1209 2241 1260 2285 et
1293 2233 1421 2285 illud
1455 2234 1688 2297 adverte,

140 2328 271 2397 quia
304 2341 418 2380 non
431 2342 498 2380 ex
529 2326 634 2378 illis
663 2325 753 2393 qui
767 2324 963 2376 rectius
992 2323 1310 2392 intelligunt,
1328 2324 1587 2376 venitista
1610 2338 1696 2376 se-

142 2416 392 2484 paratio;
418 2414 497 2467 illi
522 2414 663 2467 enim
696 2413 879 2464 volunt
906 2426 1025 2465 esse
1046 2412 1244 2479 pariter
1264 2420 1315 2465 et
1342 2411 1593 2479 prodesse
1616 2412 1693 2465 eis

139 2515 193 2559 et
232 2506 443 2559 docere
472 2502 715 2563 meliora,
748 2501 840 2555 sed
865 2508 946 2554 est
976 2502 1115 2557 istud
1147 2501 1415 2569 proprium
1447 2502 1693 2570 ignoran-

138 2598 230 2649 tia:
257 2595 484 2656 vitium,
521 2600 577 2644 ut
608 2591 968 2645 confutantem
1012 2606 1071 2645 se
1110 2591 1350 2645 veritatis
1380 2592 1547 2644 lucem
1587 2606 1692 2645 non

141 2686 283 2738 ferat
309 2683 517 2736 habere
544 2682 610 2735 de
633 2680 895 2749 proximo,
921 2687 974 2735 et
1002 2681 1122 2733 ideo
1148 2696 1213 2734 ex
1242 2680 1345 2733 illis
1376 2681 1476 2733 ista
1516 2682 1693 2735 nasci-

138 2783 230 2827 tur
280 2772 582 2841 separatio.
625 2770 756 2823 Nam
803 2770 894 2839 qui
943 2770 1219 2824 scientiam
1266 2771 1507 2825 veritatis
1551 2772 1692 2824 acci-

139 2865 323 2934 piunt.
355 2862 486 2930 quia
518 2859 772 2914 bonitatis
795 2860 949 2927 plena
969 2866 1071 2920 est,
1099 2867 1349 2927 tanquam
1371 2874 1400 2910 a
1425 2858 1562 2911 bono
1583 2857 1691 2912 Deo

138 2953 327 3005 datam
346 2950 575 3018 cupiunt
598 2963 735 3011 eam,
759 2948 805 3002 si
834 2947 945 3001 ﬁeri
974 2955 1169 3016 potest,
1189 2962 1310 3000 cum
1324 2949 1570 3002 omnibus
1595 2948 1691 3000 ha-

1723 1743 1763 1793 Β

1801 525 1986 594 gister,
2023 538 2143 575 cum
2194 522 2260 573 al)
2307 520 2389 573 his
2429 519 2515 586 qui
2548 516 2859 586 ignorabant
2888 530 3006 568 eum
3043 515 3328 568 duceretur

1799 615 1865 667 ad
1894 629 2129 674 crucem,
2162 612 2347 665 orabat
2378 609 2586 662 Patrem
2628 622 2724 676 pro
2759 605 3186 658 interfectoribus
3214 604 3326 657 suis

1801 710 1853 756 et
1900 702 2113 754 dicebat
2152 719 2163 753 :
2201 700 2376 760 Pater,
2403 698 2604 749 remitte
2651 696 2723 748 eis
2766 704 3047 761 peccatum,
3098 694 3329 746 nesciunt

1799 793 1933 846 enim
1959 792 2079 861 quid
2109 791 2387 859 faciunt“.
2412 789 2685 841 latitantes
2715 800 2924 854 quoque
2950 783 3190 851 discipuli
3214 796 3328 834 ma-

1798 884 2044 955 gistrum,
2074 882 2232 934 etiam
2280 880 2380 948 ipsi
2428 893 2547 930 cum
2596 883 2922 944 paterentur,
2959 874 3200 926 similiter
3228 886 3326 939 pro

1799 972 2228 1027 interfectoribus
2274 971 2387 1023 suis
2433 968 2736 1021 orabant".
2766 963 2917 1029 Quod
2968 963 3012 1016 si
3043 962 3323 1028 disciplina

1797 1063 1950 1116 nobis
1978 1070 2078 1122 est,
2107 1076 2261 1114 orare
2294 1061 2451 1114 etiam
2493 1073 2587 1126 pro
2618 1054 3043 1110 interfectoribus
3071 1060 3122 1104 et
3144 1066 3325 1119 perse-

1796 1153 2070 1206 cutoribus
2098 1152 2318 1213 nostris,
2351 1148 2617 1217 quomodo
2643 1163 2747 1200 non
2778 1146 2937 1199 etiam
2961 1150 3237 1210 parentum
3272 1145 3324 1193 et

1797 1242 2212 1310 pr0pinquorum
2244 1238 2643 1306 persecutiones
2673 1235 2830 1294 ferre,
2857 1241 2910 1285 et
2955 1245 3050 1301 pro
3097 1242 3322 1282 conver-

1797 1331 1949 1384 sione
1977 1344 2162 1383 eorum
2194 1342 2350 1381 orare
2379 1324 2671 1379 debemus?

1865 1416 1951 1470 Vl.
1992 1415 2125 1468 Tum
2154 1414 2344 1467 deinde
2376 1413 2532 1466 etiam
2567 1410 2693 1463 illud
2724 1409 3029 1477 diligentius
3072 1405 3323 1460 conside-

1794 1521 1993 1568 remus,
2020 1520 2137 1574 quae
2165 1505 2236 1557 sit
2261 1503 2415 1555 nobis
2442 1515 2603 1554 causa
2629 1507 2876 1568 parentes
2905 1498 3176 1567 diligendi.
3222 1494 3324 1548 Pro

1793 1612 1876 1658 eo,
1908 1593 2257 1663 inquit.quod
2280 1594 2402 1645 vitae
2430 1598 2622 1643 nostra;
2654 1589 2899 1641 videntur
2926 1596 3192 1639 auctores.
3211 1586 3325 1636 Au-

1794 1694 1971 1738 ctores
2000 1683 2214 1752 quidem
2261 1682 2381 1734 vitae
2424 1688 2621 1735 nostra:
2647 1689 2893 1747 parentes
2923 1694 3027 1732 non
3052 1684 3196 1737 sunt,
3229 1674 3321 1728 sed

1795 1772 2056 1837 ministri;
2086 1788 2191 1825 non
2217 1771 2359 1825 enim
2388 1772 2549 1823 vitam
2584 1771 2837 1839 praebent,
2871 1769 2962 1823 sed
2994 1766 3323 1837 ingrediendi

1794 1867 1947 1920 nobis
1987 1866 2053 1919 ad
2100 1866 2237 1918 hanc
2267 1864 2428 1916 vitam
2455 1863 2707 1917 exhibent
2736 1860 3109 1921 ministerium,
3136 1866 3323 1911 auctor

1792 1967 1964 2009 autem
1994 1957 2113 2008 vita:
2144 1969 2281 2008 unus
2305 1962 2357 2007 et
2383 1953 2530 2007 solus
2556 1959 2639 2006 est
2676 1950 2833 2004 Deus.
2870 1950 2925 2001 Si
2963 1966 3088 2018 ergo
3131 1956 3320 2002 aucto-

1793 2062 1901 2099 rem
1944 2045 2066 2097 vita:
2097 2043 2317 2112 diligere
2345 2042 2691 2101 voluerimus,
2724 2039 2870 2091 illum
2901 2038 3055 2092 nobis
3088 2038 3321 2089 sciamus

1789 2150 1908 2189 esse
1937 2133 2281 2202 diligendum.
2315 2130 2418 2185 Sed
2444 2130 2615 2192 illum,
2648 2130 2840 2196 inquit,
2871 2142 3193 2196 cognpscere
3213 2144 3319 2181 non

1790 2226 2081 2293 potuimus,
2111 2224 2243 2277 istos
2286 2232 2460 2275 autem
2486 2230 2538 2273 et
2570 2219 2815 2272 novimus
2840 2224 2893 2269 et
2920 2218 2973 2269 in
3002 2218 3189 2271 all‘ectu
3224 2219 3319 2269 ha-

1792 2315 1998 2368 bemus.
2020 2312 2164 2374 Esto,
2194 2326 2299 2363 non
2326 2310 2563 2380 potueris
2585 2324 2905 2377 cognoscere
2926 2307 3050 2376 quid
3074 2307 3142 2359 sit
3158 2305 3317 2368 Deus,

1789 2404 1915 2473 quid
1937 2411 2113 2456 tamen
2134 2416 2238 2455 non
2262 2401 2332 2455 sit
2352 2399 2492 2453 Deus
2515 2398 2763 2468 perfacile
2789 2399 2926 2451 scire
2949 2397 3166 2464 potuisti
3184 2394 3315 2465 (29).

1788 2493 1920 2546 Nam
1952 2490 2215 2562 quomodo
2248 2492 2411 2544 latere
2433 2489 2603 2558 potuit
2634 2487 2900 2541 hominem
2929 2485 3070 2554 quod
3094 2486 3315 2552 lignum,

1789 2591 1880 2634 aut
1911 2582 2063 2651 lapis,
2096 2588 2187 2632 aut
2218 2595 2311 2642 aes,
2361 2578 2443 2632 vel
2467 2578 2571 2631 alia
2601 2575 2905 2644 hujusmodi
2936 2575 3152 2627 materia
3180 2573 3318 2626 Deus

1788 2687 1894 2725 non
1940 2671 2042 2725 sit?
2091 2669 2241 2734 Quod
2291 2669 2337 2722 si
2383 2668 2437 2720 in
2480 2667 2565 2720 his
2594 2681 2712 2735 quae
2742 2665 2895 2718 facile
2923 2661 3317 2731 deprehendere

1788 2763 2053 2834 potuistis,
2083 2761 2318 2813 animum
2350 2758 2415 2811 ad
2445 2756 2835 2811 discutiendum
2871 2755 3118 2808 noluistis
3148 2755 3318 2807 inten-

1787 2853 1933 2914 dere,
1963 2859 2165 2904 certum
2194 2854 2276 2900 est
2297 2846 2492 2914 quiain
2520 2843 2788 2913 agnitione
2810 2840 2897 2895 Dei
2922 2841 3156 2909 impediti
3183 2841 3315 2894 estis

1786 2956 1892 2995 non
1924 2935 2365 3008 impossibilitatis
2409 2933 2502 2987 sed
2549 2933 2768 3001 ignaviae
2794 2931 2944 2993 viLio,
2973 2945 3095 2983 nam
3143 2930 3186 2981 si
3217 2945 3312 2982 vo-

139 3043 270 3096 bere
298 3052 670 3101 communem,
701 3038 858 3091 etiam
893 3053 1012 3091 cum
1042 3037 1125 3091 his
1155 3038 1245 3106 qui
1269 3037 1495 3090 oderunt
1522 3053 1612 3091 eos
1634 3047 1686 3091 et
1711 3052 1756 3109 ο
1785 3031 2040 3093 luissetis,
2072 3044 2135 3082 ex
2166 3027 2249 3081 his
2279 3025 2410 3095 ipsis
2430 3025 2707 3079 inutilibus
2735 3022 3037 3078 simulacris
3076 3020 3314 3090 profecto

140 3135 585 3200 persequuntur;
624 3126 799 3180 sciunt
841 3127 980 3180 enim
1022 3126 1145 3194 quia
1190 3127 1390 3194 peccati
1435 3126 1671 3194 ipsorum

244 3259 293 3289 ³³
334 3257 472 3314 Luc.
500 3255 704 3320 xu,49.
776 3255 819 3285 ⁸ο
856 3254 1039 3309 Matth.
1065 3272 1118 3319 χ,
1143 3256 1228 3309 54.

1304 3257 1345 3287 δι
1386 3256 1512 3310 Luc.
1546 3269 1700 3321 χχιιι,
1728 3254 1815 3308 54.

1775 3118 2115 3188 acccpissetis
2144 3114 2503 3195 intelligentiae
2530 3113 2690 3167 viam.

1891 3252 1935 3283 “
1972 3251 2089 3305 Act.
2120 3263 2220 3315 vn,
2253 3248 2342 3304 59.

1400 3387 1757 3444 COTELERII
1816 3385 2043 3467 NOTIE.

209 3526 331 3608 (2"?)
378 3523 447 3576 Et
482 3540 645 3644 (quam
696 3525 807 3605 polo
848 3537 900 3579 ut
951 3526 1272 3605 accendatur.
1312 3526 1459 3581 Hanc
1490 3530 1684 3598 quippe

209 3605 442 3644 itionem
529 3592 807 3644 armeltttm
848 3596 1068 3644 codims.
1109 3597 1191 3644 vel
1234 3598 1389 3644 istam
1428 3597 1684 3644 Cantlele-

136 3592 442 3651 lectionem
482 3592 807 3646 Carmelitici
848 3596 1068 3655 codicis,
1109 3597 1191 3647 vel
1234 3598 1389 3648 istam
1428 3592 1684 3651 (laudete-

137 3666 397 3731 riani,et
441 3659 564 3727 quid
609 3662 738 3731 volo.
784 3671 840 3712 ut
876 3666 1202 3721 accendatur,
1238 3666 1575 3731 praetulerim,
1627 3674 1684 3719 ut

138 3748 265 3786 cum
299 3730 496 3797 Graeco
522 3728 689 3797 magis
715 3742 1087 3797 congruentes.
1114 3728 1249 3784 Luc:
1292 3748 1387 3793 xu,
1424 3733 1511 3785 49.
1557 3733 1683 3786 Phi.

138 3802 396 3859 lustrius,
423 3796 613 3864 ltmrcsi
654 3797 747 3848 ult.
789 3796 1015 3864 {Ignem
1058 3801 1165 3851 ueni
1203 3801 1398 3852 mittere
1439 3801 1492 3851 in
1538 3819 1685 3854 mun-

135 3870 288 3929 dum,
313 3880 480 3935 quam
510 3862 619 3913 volo
654 3871 724 3935 ut_
752 3862 1060 3935 accendatur
1088 3868 1245 3918 ocius.
1282 3867 1333 3919 ln
1369 3867 1568 3922 Hilario
1618 3868 1683 3921 ad

134 3929 413 4006 psalmum
438 3945 584 3988 CXIX,
608 3937 661 3981 ct
693 3929 933 4006 Paulino,
976 3936 1196 4006 epistola
1227 3936 1285 3987 3|
1329 3955 1341 3989 :
1376 3935 1548 4003 Ignem
1577 3940 1685 3990 veni

134 4002 354 4058 mittere
386 4002 441 4053 in
480 4008 690 4058 terram,
723 4011 770 4051 et
802 4002 921 4069 quid
952 4004 1059 4053 volo
1089 4004 1134 4054 si
1153 4003 1265 4069 jam
1298 4002 1536 4065 accensus
1569 4009 1685 4061 est?

134 4074 215 4127 Ex
242 4073 581 4135 Hieronymo
606 4081 742 4133 smpe
773 4086 785 4119 :
834 4068 1007 4138 Ignem
1036 4068 1373 4124 veni’mittere
1400 4089 1550 4138 super
1583 4084 1683 4126 ter-

134 4159 277 4204 ram,
311 4148 362 4190 et
398 4150 554 4208 quam
576 4139 688 4186 volo
709 4144 761 4185 ut
783 4139 979 4208 ardeat,
1012 4142 1088 4192 vel
1115 4148 1161 4190 et
1191 4155 1336 4208 quem
1368 4142 1478 4192 volo
1509 4152 1563 4192 ut
1594 4160 1683 4194 ar-

133 4211 284 4279 deat,
324 4207 409 4259 vel
461 4214 510 4279 et
550 4220 695 4279 quem
736 4204 845 4279 volo
874 4222 1067 4273 semper
1095 4217 1148 4258 ut
1185 4204 1382 4279 ardeat,
1417 4208 1634 4279 Vulgata
1664 4229 1675 4263 :

136 4278 339 4347 Ignem
375 4272 510 4347 veni
532 4273 729 4347 mittere
766 4273 818 4347 in
860 4272 1083 4347 terram;
1114 4286 1160 4347 et
1188 4278 1307 4343 quid
1338 4279 1447 4329 volo
1463 4272 1584 4347 Δηἷιςὶ
1622 4289 1679 4330 ut

134 4339 514 4412 accendatur}
572 4339 694 4412 Sed
728 4341 903 4412 minor
933 4339 1213 4398 diversitas
1258 4348 1394 4412 apud
1448 4345 1678 4411 Graecos,

131 4415 447 4467 citantilius
467 4407 733 4480 Methodio
773 4412 826 4461 in
864 4408 1101 4480 convivio
1140 4407 1425 4480 Virginum,
1454 4423 1591 4468 orat.
1624 4407 1675 4478 6,
1712 4410 1753 4464 D

130 4492 187 4537 et
219 4481 431 4553 Basilio
448 4476 529 4553 _ad
566 4475 719 4553 Isaiae
762 4493 834 4535 Ix,
867 4478 929 4530 19
975 4498 1013 4553 εΔ
1040 4475 1431 4553 Καὶ-τέ’ἤθελοκ)
1462 4500 1476 4547 ;
1506 4475 1680 4537 Marco

130 4550 407 4609 Ereinita,
438 4545 512 4597 De
559 4544 891 4609 baptismate,
936 4548 1027 4599 καὶ
1069 4544 1281 4609 ἤθελον,
1306 4544 1541 4604 εἱρυι’ἱιι
1567 4554 1680 4605 loco

131 4616 403 4674 Methodii
431 4613 577 4686 apud
608 4612 873 4686 Pliotiunr
904 4616 1022 4669 cod.
1053 4612 1181 4679 2'57;
1219 4618 1466 4686 Macario,
1512 4621 1680 4673 homi-

129 4690 206 4768 ἔδει
236 4686 313 4768 9.5}
342 4704 353 4737 =
391 4680 790 4768 Καὲξίέὲξέλωὲ
821 4682 1149 4768 saevae
1174 4680 1534 4768 ’.ονίεεξιθὲιη
1558 4689 1681 4768 Pti-

130 4756 351 4810 localia:
380 4752 556 4824 capite
579 4748 647 4824 26
890 4748 996 4824 eros
1032 4748 1085 4824 at
1124 4748 1255 4824 ἐκάη
1287 4748 1397 4809 ε’ρῑ
1432 4766 1487 4809 ιιι
1534 4759 1681 4809 vide-

128 4834 227 4878 tur
291 4820 545 4890 posuisse
601 4818 883 4890 homil.“),
936 4822 988 4890 in
1038 4818 1257 4885 Isaiam,
1302 4832 1353 4876 et
1402 4825 1581 4878 homil.
1624 4826 1675 4886 5,

128 4886 574 4964 ἱιιῌέεείιὶείειῖιρ
621 4887 711 4937 καὶ
759 4886 897 4964 εἴθε,
928 4889 1024 4958 ἤδη
1067 4892 1231 4964 μὲκὰη,
1288 4908 1496 4964 versum
1536 4897 1676 4945 enim

130 4962 354 5031 pridem
382 4956 686 5031 utrobique,
732 4956 1021 5031 “utinam
1047 4959 1182 5031 jam_
1201 4956 1384 5012 ardeat
1423 4976 1440 5012 :
1484 4962 1679 5031 Basilio

128 5024 377 5096 denique
408 5026 497 5096 ubi
537 5037 718 5089 supra,
758 5024 804 5071 εἰ
840 5024 936 5092 ἤδη
965 5026 1116 5095 ἐκάη.
1154 5027 1374 5096 Reliqua
1409 5046 1470 5081 ex
1513 5030 1679 5083 lnter-

128 5091 409 5170 pretibu_s.
445 5091 559 5144 Huc
588 5101 771 5170 autem
796 5096 1023 5170 pertinet
1060 5091 1245 5162 magna
1288 5091 1562 5149 sacrorum
1602 5108 1680 5152 te-

130 5160 528 5221 stimoniorum
567 5160 831 5231 confusio,
872 5160 1170 5231 iactatum
1220 5180 1311 5231 per
1357 5165 1676 5223 Mareinnem

131 5234 285 5303 apud
319 5229 676 5304 Epiphaniam
699 5228 1123 5304 inlimresiillius
1148 5228 1350 5304 sect.§,
1384 5235 1459 5286 sic
1487 5253 1499 5285 :
1523 5237 1673 5304 ψησίο

128 5295 468 5372 Βαπτισθιξῖς
486 5298 512 5347 ὁ
536 5298 729 5372 Κύρισς
757 5295 857 5372 {in};
886 5295 975 5345 τοῦ
1014 5298 1267 5372 ξίευάννου,
1290 5300 1432 5366 ἔλεγε
1451 5306 1555 5363 τοῖς
1580 5295 1678 5372 ῥα.-

130 5372 350 5439 Θηταῖς’
377 5361 790 5440 Δβὸιιιιετισιςιζειι,ἔχω
816 5361 1320 5440 βαπῖισοῆὶιαιηκαὶ
1366 5361 1414 5418 si
1471 5361 1604 5422 θέλὼ
1643 5372 1674 5440 ἢ

126 5431 235 5509 ἥδη
264 5431 523 5509 τετέλεκα
544 5431 705 5509 adeo;
748 5431 838 5509 atat
870 5432 1042 5509 τςεὰλιν·
1066 5435 1333 5509 -Πςιτήριον
1373 5437 1477 5504 ἔχω
1520 5431 1675 5503 πιεῖν,

130 5493 235 5559 «ἰαί
260 5507 314 5557 τί
348 5507 485 5554 θέλω
510 5499 689 5573 affair;
725 5498 988 5573 πληρώσω
1022 5501 1178 5573 agro;
1208 5493 1335 5554 "tum
1369 5493 1460 5569 per
1502 5493 1675 5573 ipsum

134 5566 863 5643 Epiphauium,Alacres._69,
898 5568 1138 5643 sect..58,
1156 5570 1254 5643 hoc
1282 5566 1437 5643 modo
1460 5592 1471 5626 :
1497 5566 1674 5643 ιςέγει,

126 5636 217 5703 ὅὲι.
248 5636 507 5708 ἒιτιιτήρικνιι
540 5638 646 5703 ἔχω
678 5637 831 5695 πιεῖν,
867 5636 955 5687 καὶ
998 5637 1048 5687 τί
1098 5637 1304 5690 σπεύδω
1343 5640 1443 5703 ἓως
1481 5638 1541 5696 οὗ
1574 5636 1676 5696 ἐτίυῷ

1782 3527 1939 3589 αὐτό;
1968 3528 2060 3578 καὶ
2090 3525 2358 3594 βάπτισμα
2388 3523 2493 3594 Exta
2535 3524 2902 3594 βαπτισθῆναι,
2944 3524 3035 3576 καὶ
3084 3526 3135 3576 τί
3176 3526 3308 3582 θέλω

1781 3597 1828 3646 εἰ
1850 3595 1947 3663 ήδη
1978 3592 2317 3661 scenicam.
2365 3592 2569 3658 Quibus
2593 3594 2646 3663 in
2680 3592 2812 3647 locis
2834 3594 3043 3663 duobus
3072 3610 3305 3650 cernun-

1784 3661 1881 3715 tur‘
1908 3661 2130 3730 vestigia
2166 3662 2848 3730 textuumpermistorum.
2887 3661 3041 3713 Lucae
3084 3679 3178 3727 xu,
3216 3667 3303 3730 49,

1782 3732 1872 3791 50,
1909 3728 2136 3782 Mattﬁaai
2166 3745 2256 3790 xx,
2286 3728 2373 3789 22,
2403 3728 2561 3782 Marci
2597 3746 2651 3791 ιι,
2681 3730 2747 3783 58
2784 3748 2796 3781 :
2841 3731 2934 3783 sed
2978 3738 3029 3783 et
3064 3728 3305 3790 nonnihil

1783 3804 2001 3851 turbant
2024 3798 2299 3865 Origenes,
2335 3798 2673 3865 Ambrosius,
2706 3796 3024 3851 Philastrius
3058 3818 3068 3851 :
3113 3804 3235 3853 dum
3275 3819 3304 3857 a

1785 3868 1959 3935 primo
1995 3866 2260 3934 profertur
2289 3866 2535 3935 homil.]
2565 3867 2615 3917 in
2644 3864 2851 3918 Iudices
2944 3866 3150 3920 Dicente
3194 3870 3302 3923 Do-

1785 3933 1923 4002 mino
1975 3933 2041 3986 ad
2094 3934 2369 4002 discipulos
2408 3948 2426 3983 :
2469 3933 2788 4002 Baptismum
2835 3934 2991 3986 habeo
3041 3935 3304 4002 baptizare

1786 4001 1843 4071 [l.
1877 4001 2150 4074 baptizari]
2174 4001 2306 4074 quod
2336 4018 2420 4053 vos
2448 4004 2669 4074 nescitis.
2702 4001 2767 4074 Et
2794 4004 3042 4069 quomodo
3099 4001 3299 4074 urgeor,

1783 4070 1836 4121 ut
1864 4070 2194 4138 perﬁciatur?
2219 4085 2247 4121 a
2275 4070 2509 4122 secundo
2538 4072 2602 4123 ad
2635 4072 2768 4138 psal.
2794 4084 2976 4131 cxvnl,
3016 4074 3080 4124 i7
3118 4093 3129 4125 :
3162 4070 3303 4129 Dicit

1782 4138 2031 4210 Dominus
2050 4138 2249 4210 Jesusg:
2278 4138 2718 4210 Baptismobabeo
2745 4138 3015 4204 baptizari,
3053 4140 3202 4210 quod‘
3219 4162 3302 4198 vos

1781 4209 2014 4269 nescitis;
2044 4222 2073 4259 a
2100 4208 2254 4259 tertio
2281 4208 2331 4259 in
2368 4207 2553 4259 haeresi
2584 4208 2990 4262 Novatianortun
3025 4230 3037 4264 :
3065 4207 3109 4263 Ἀ
3122 4212 3301 4265 udiant

1782 4273 2099 4345 Salvatorem
2127 4274 2402 4327 dicentem:
2438 4275 2703 4345 Bap_tisma
2738 4276 2894 4329 liab’eo
2932 4280 3203 4345 baptizari.
3253 4294 3301 4335 et

1819 4360 1937 4395 nam
1974 4344 2157 4411 festino
2192 4345 2238 4395 si
2270 4345 2488 4395 sciretis.
2535 4343 2747 4398 Scilicet
2787 4359 2849 4396 ex
2884 4343 3015 4401 Lucr.
3058 4345 3156 4410 χιι,
3189 4352 3253 4404 50
3283 4371 3295 4405 :

1829 4415 2054 4479 aptisma
2085 4421 2253 4484 autem
2276 4412 2433 4484 habeo
2467 4412 2737 4484 baptiaari,
2791 4424 2838 4463 et
2870 4419 3115 4484 quomodo
3153 4434 3301 4470 coar-

1779 4490 1889 4554 ct_o_r
1914 4497 2071 4549 usque
2092 4480 2216 4554 dum
2244 4481 2580 4554 perficiatur?
2608 4480 2960 4554 ἓάπτισμαᾷὲ
2980 4484 3084 4551 ἔχω
3111 4486 3297 4554 βαπτι-

1780 4548 1993 4621 σθῆναι,
2023 4550 2128 4621 και
2143 4548 2256 4610 πῶς
2299 4549 2582 4618 συνέχομαι
2609 4548 2717 4613 ἕως
2762 4552 2819 4607 οὗ
2858 4548 3119 4621 selecti-ﬁ;
3160 4556 3296 4621 apud

1775 4614 2027 4669 Irenaatm
2080 4618 2168 4670 lib.
2217 4632 2254 4675 ι,
2311 4614 2533 4684 οηρᾚῖὃ
2583 4639 2594 4672 :
2642 4622 2795 4671 Aliud
2849 4614 3105 4683 baptisma
3140 4614 3298 4676 habeo

1777 4684 2134 4758 bavtiaari,‘et
2183 4686 2326 4758 valde
2350 4701 2560 4752 propero
2592 4690 2657 4738 ad
2676 4690 2823 4749 illud,
2853 4690 2942 4758 καὶ
2962 4687 3083 4740 ἄλλο
3114 4691 3298 4758 βάπτι-

1778 4770 1885 4821 σμα
1918 4756 2021 4825 ἔχιν
2055 4754 2423 4825 βαπτισθῄαι,
2458 4758 2544 4825 ita".
2572 4757 2707 4808 πάνυ
2749 4757 3022 4825 ἐπείγομαι
3046 4754 3122 4819 ei:
3149 4762 3293 4812 αὑτό·

1776 4836 1837 4873 ac
1871 4838 1935 4875 ex
1969 4822 2121 4875 Joan.
2157 4840 2226 4883 tv,
2279 4823 2345 4875 5'2
2392 4842 2403 4874 :
2453 4822 2558 4891 Ego
2588 4824 2750 4877 cibum
2779 4822 2945 4877 habeo
2967 4826 3294 4891 manducare,

1775 4906 1919 4958 quem
1962 4910 2044 4944 vos
2088 4893 2310 4945 nescitis.
2357 4892 2812 4946 Consultationuni
2863 4892 3097 4946 Zacclnei
3140 4898 3297 4948 Utri-

1776 4960 1933 5031 stiani
1962 4972 2013 5013 et
2045 4961 2307 5031 Apollonii
2339 4961 2635 5031 philosophi
2676 4964 2765 5016 lib.
2803 4978 2861 5021 Il,
2904 4977 3020 5028 cap.
3053 4964 3137 5016 18.
3176 4965 3295 5031 Spi-

1775 5029 1963 5095 cilegio
1994 5031 2058 5082 10
2103 5030 2398 5081 Acheriauo
2428 5048 2439 5080 :
2467 5029 2687 5082 Domino
2717 5033 2780 5082 ad
2818 5031 3070 5093 apostolos
3102 5033 3175 5083 sic
3216 5029 3284 5085 lo-

1773 5109 1952 5163 quente
1980 5113 1998 5148 :
2028 5099 2232 5158 Adhuc,
2262 5097 2443 5163 inquit,
2477 5099 2647 5151 habeo
2684 5100 2937 5167 baptizari
2980 5099 3294 5166 baptismate

1773 5169 1911 5231 quod
1938 5182 2029 5219 vos
2055 5167 2285 5219 nescitis.

1809 5235 1948 5311 428)
1988 5234 2194 5311 Iustum
2229 5236 2451 5311 igitur...
2497 5235 2584 5311 qui
2611 5252 2708 5286 non
2726 5238 2861 5311 mult.
2884 5235 3149 5311 ‘Nonsinc
3179 5235 3294 5290 feli-

1774 5303 1933 5373 citate
1956 5319 2121 5370 nuper
2147 5303 2419 5373 int'cni‘sic
2445 5304 2775 5373 scriptitarint
2806 5304 3074 5355 Griuilaici
3102 5304 3292 5373 Regula

1774 5368 2154 5430 Solitariorum,
2182 5386 2296 5436 cap.
2322 5371 2388 5422 26
2415 5390 2426 5423 :
2462 5368 2601 5422 Unde
2620 5382 2663 5422 et
2690 5371 2870 5422 Petrus
2898 5373 3155 5436 apostolus
3170 5368 3250 5424 ait
3274 5390 3291 5424 :

1771 5438 1977 5491 Justum
2009 5450 2055 5490 ct
2082 5437 2438 5503 valdejustum
2467 5451 2562 5503 est,
2593 5441 2822 5506 separari
2845 5456 2958 5490 eum
2987 5441 3071 5508 qui
3097 5443 3291 5494 salvari

1774 5508 1896 5567 vult,
1931 5508 1993 5560 ab
2020 5526 2076 5559 co
2103 5509 2189 5574 qui
2217 5522 2314 5558 non
2343 5508 2467 5561 vult.

1844 5577 1952 5645 (‘29)
1986 5573 2221 5628 Esto...”
2253 5577 2484 5640 potuisti.
2522 5575 2799 5645 Eleganter,
2816 5573 2881 5626 ad
2921 5590 3030 5645 rem
3060 5590 3293 5645 magnus

1774 5643 2115 5708 Athanasius,
2140 5645 2303 5695 ferme
2324 5645 2584 5712 principio
2617 5644 2854 5713 epistolae
2874 5643 2949 5709 ad
2976 5643 3251 5709 Soliturios
3274 5662 3290 5696 ;
