3904 6352
551 310 673 368 1551

1408 306 1465 363 S.
1504 307 1897 363 CLEMENTIS
1938 307 1956 361 l
1996 308 2159 364 D031.
2201 309 2405 365 PONT.
2445 311 2672 367 OPERA
2711 310 2938 369 DUBIA.

3663 312 3788 367 1531

619 427 728 484 \‘ll.
771 427 990 483 Certum
1015 434 1097 480 est
1121 424 1264 480 enim
1292 424 1420 494 quia
1450 441 1547 495 per
1575 424 1777 479 ferrum
1820 424 1961 479 facta
1985 434 2114 481 sunt
2144 435 2187 490 Α
2217 430 2374 500 pletis
2400 430 2572 484 hieres
2600 428 2828 485 elllcitur
2865 429 2986 498 ejus
3013 443 3043 481 a
3064 443 3174 498 quo
3200 428 3253 481 in
3278 425 3701 496 incorruptione
3721 444 3791 479 n-

548 524 866 584 simulacra,
902 520 1100 573 ferrum
1137 533 1265 571 vero
1317 533 1412 587 per
1458 519 1639 587 ignem
1671 516 1982 571 confectum
2012 529 2119 581 est,

548 618 642 687 qui
675 617 815 687 ignis
845 628 983 684 aqua
1015 611 1401 679 exstinguitur,
1435 625 1572 679 aqua
1616 618 1795 664 auten:
1833 626 1930 680 per
1960 611 2125 679 spiri-

550 716 664 763 tum
700 714 964 763 movetur.
995 703 1221 772 spiritus
1256 710 1435 756 autem
1482 718 1511 755 a
1559 702 1666 755 Deo
1697 702 1910 756 initium
1939 704 2119 757 habet.

552 798 643 855 Sic
670 799 812 853 enim
856 796 989 849 dicit
1030 794 1241 865 Moyses
1273 794 1532 863 propheta
1567 814 1580 847 :
1621 792 1686 847 In
1718 795 1975 863 principio
2000 796 2124 862 fecit

550 891 690 945 Deus
719 890 902 943 caelum
945 882 994 941 et
1033 897 1250 946 terram,
1294 896 1434 939 terra
1471 896 1646 939 autem
1690 894 1805 939 erat
1844 884 2123 945 invisibilis

548 992 599 1036 et
631 981 994 1049 incomposita,
1022 989 1071 1033 et
1124 977 1346 1031 teuebrcc
1392 988 1542 1031 erant
1587 992 1743 1045 super
1772 976 2042 1045 abyssum,
2074 982 2123 1027 et

551 1072 780 1141 Spiritus
829 1071 926 1124 Dei
969 1080 1082 1125 erat
1110 1086 1264 1139 super
1294 1086 1458 1139 aquas
1480 1068 1544 1123 ⁸⁸.
1578 1069 1680 1134 Qui
1712 1068 1936 1137 spiritus
1963 1068 2123 1135 jussu

550 1162 677 1227 Dei,
711 1161 866 1231 quasi
919 1162 1035 1229 ipsa
1065 1158 1378 1214 Conditoris
1421 1173 1614 1211 manus
1644 1158 1818 1211 lucem
1850 1156 2125 1225 separavit

552 1270 580 1307 a
607 1254 847 1307 tenebris
879 1252 1013 1321 (50).
1042 1258 1096 1305 et
1122 1259 1244 1320 post
1276 1248 1407 1303 illud
1441 1250 1713 1303 invisibile
1745 1250 1944 1302 cmlum
1978 1246 2123 1301 istud

550 1346 763 1401 visibile
794 1344 1068 1414 produxit,
1102 1352 1160 1396 ut
1190 1343 1474 1413 superiora
1505 1342 1722 1411 quidem
1753 1340 2123 1393 habitaculum

554 1437 755 1491 faceret
784 1435 1010 1505 angelis.
1045 1435 1301 1489 inferiora
1352 1449 1481 1487 vero
1529 1432 1862 1486 hominibus.
1896 1428 2127 1499 Propter

554 1535 605 1582 te
639 1543 768 1597 ergo
798 1527 890 1581 Dei
920 1528 1100 1595 jussu,
1121 1540 1259 1595 aqua
1283 1540 1402 1595 quae
1425 1532 1542 1579 erat
1565 1539 1729 1594 super
1756 1523 1945 1577 faciem
1970 1530 2127 1576 terra:

554 1620 801 1682 secessit,
836 1627 893 1672 ut
924 1628 1065 1673 terra
1090 1618 1185 1670 tibi
1223 1617 1542 1686 produceret
1569 1615 1801 1677 fructus,
1834 1617 1922 1668 cui
1961 1614 2123 1668 etiam

554 1707 842 1765 humorum
877 1725 1043 1765 venas
1070 1710 1302 1763 latenter
1334 1709 1583 1771 inseruit,
1611 1716 1673 1761 ut
1696 1708 1790 1760 tibi
1822 1724 1887 1760 ex
1919 1722 1981 1761 ea
2007 1721 2127 1775 pro-

2223 533 2512 593 generatus
2541 531 2644 577 est.
2678 521 2908 591 Propter
2927 522 3069 591 quod
3091 524 3296 590 paratis
3325 520 3537 573 animis
3561 518 3795 573 accedite

2224 616 2379 685 quasi
2412 616 2505 668 filii
2535 615 2601 669 ad
2634 626 2864 684 patrem,
2896 623 2955 668 ut
2976 624 3194 685 peccata
3223 622 3408 669 vestra
3442 613 3722 666 diluautur
3744 620 3798 664 ct

2222 723 2389 762 causa
2437 724 2623 763 eorum
2674 710 2788 763 sola
2834 709 3134 778 ignorantia
3165 706 3336 761 fuisse
3363 706 3634 778 probetur
3662 705 3798 773 apud

2224 799 2416 856 Deum.
2468 801 2600 853 Nam
2634 803 2677 856 si
2709 808 2827 871 post
2859 792 3205 871 agnitionem‘
3226 802 3424 855 horum
3470 798 3802 870 permanetis

2223 887 2279 943 iu
2311 891 2709 952 incredulitate.
2736 892 2887 945 vobis
2914 893 3025 959 jam
3059 893 3383 962 perditionis
3414 903 3619 945 vestrm
3638 902 3801 941 causa

2223 991 2277 1035 et
2309 997 2415 1034 non
2447 983 2762 1053 ignorantia:
2779 983 3249 1052 reputabiturgNec
3271 999 3343 1053 pu
3370 1000 3434 1037 es
3450 982 3599 1053 quod
3620 983 3806 1035 etiam-

2224 1075 2271 1128 si
2303 1088 2516 1128 omnem
2549 1076 2799 1145 pietatem
2834 1075 2983 1130 colas
3026 1091 3349 1145 omnemque
3370 1076 3677 1149 justitiam,
3705 1076 3807 1129 ba—

2226 1166 2483 1235 ptismum
2502 1181 2630 1219 vero
2654 1182 2761 1218 non
2788 1166 3046 1235 accipias,
3063 1181 3212 1234 spem
3226 1167 3410 1236 possis
3430 1166 3639 1219 habere
3662 1166 3803 1233 apud

2228 1256 2434 1320 Deum;
2476 1258 2585 1311 imo
2624 1259 2803 1328 potius
2853 1259 3058 1326 majore
3106 1272 3264 1327 poena
3303 1260 3508 1327 dignus
3560 1260 3667 1311 erit
3712 1259 3806 1327 qui

2225 1350 2562 1419 bona'opera
2592 1364 2700 1403 non
2732 1351 2869 1404 bene
2896 1358 3177 1420 Operatur,
3208 1349 3495 1403 confertur
3524 1350 3674 1401 enim
3705 1363 3811 1401 nte-

2224 1442 2388 1496 ritum
2404 1442 2605 1496 homini
2622 1460 2691 1497 ex
2723 1443 2879 1496 bonis
2899 1444 3083 1511 gestis,
3108 1442 3202 1495 sed
3237 1442 3279 1495 si
3316 1444 3386 1495 ita
3411 1447 3681 1512 gerantur
3702 1439 3811 1493 sic-

2226 1542 2285 1588 ut
2318 1532 2459 1587 Deus
2488 1533 2662 1602 jubet.
2718 1533 2858 1588 Deus
2890 1542 3070 1588 autem
3093 1535 3258 1603 jussit
3284 1549 3505 1587 omnem
3539 1532 3808 1585 colentem

2227 1642 2285 1681 se
2307 1626 2576 1697 baptismo
2598 1626 2933 1696 consignari,
2964 1626 3108 1696 quod
3141 1627 3184 1680 si
3219 1634 3274 1678 tu
3309 1624 3575 1679 reniteris
3606 1632 3661 1677 et
3707 1634 3812 1675 tua:

2224 1718 2487 1770 voluntati
2542 1718 2714 1787 magis
2760 1732 2920 1787 quam
2970 1716 3063 1771 Dei
3097 1718 3465 1787 obtemperas,
3496 1715 3811 1770 contrarius

554 1800 782 1855 fluerent
812 1799 989 1855 fontes
1006 1808 1061 1853 et
1082 1796 1561 1869 tlumina.Pr0pter
1578 1806 1630 1852 te
1654 1799 1953 1867 producere
1972 1797 2126 1865 jussa
2159 1781 2201 1835 Β
2229 1807 2348 1861 εἰπε
2378 1808 2545 1861 dubio
2574 1781 2915 1863 ρίίηίιιίίευε
2942 1824 3002 1862 es
3039 1781 3302 1861 νοιυηιιιιῇ
3339 1807 3488 1875 eius,

554 1905 637 1948 est
667 1893 984 1955 animantia,
1020 1900 1073 1946 et
1096 1892 1278 1945 omnia
1307 1906 1427 1960 quae
1450 1898 1544 1944 tuo
1584 1892 1710 1943 usui
1754 1890 2129 1958 voluntatique

555 1986 843 2041 servirent.
870 1984 976 2038 Aut
1010 1999 1115 2037 non
1153 1992 1373 2052 propter
1420 1990 1473 2035 te
1513 1984 1658 2035 venti
1707 1982 1938 2050 spirant,
1976 1990 2035 2033 ut
2062 1995 2127 2033 ex

556 2079 692 2149 ipsis
739 2078 1053 2145 concipiens
1102 2076 1310 2129 fructus
1356 2076 1452 2129 tibi
1500 2082 1643 2129 terra
1677 2073 1979 2144 parturiat?
2009 2071 2127 2125 Non

555 2179 776 2240 propter
804 2176 857 2221 te
887 2168 1087 2221 imbres
1140 2166 1415 2236 profluunt
1444 2173 1496 2220 et
1527 2175 1769 2234 tempora
1801 2164 2129 2218 vicissitudi—

555 2278 655 2317 nes
687 2261 935 2314 mutant?
962 2258 1078 2313 Non
1112 2269 1330 2328 propter
1359 2264 1411 2313 te
1442 2259 1521 2313 sol
1563 2258 1739 2311 oritur
1766 2265 1821 2312 et
1852 2258 2052 2311 occidit
2074 2264 2129 2311 et

555 2352 888 2405 mutationes
920 2350 1047 2403 luna
1078 2348 1415 2419 perpetitur?
1462 2347 1691 2417 Propter
1718 2360 1771 2403 te
1806 2363 1955 2401 mare
1982 2347 2130 2401 exhi-

542 2442 647 2496 bet
693 2441 1011 2496 famulatum
1044 2457 1226 2504 suum,
1255 2449 1316 2495 ut
1349 2442 1445 2494 tibi
1486 2440 1699 2510 ingrato
1726 2450 1920 2493 cuncta
1948 2439 2129 2507 suhja-

558 2545 737 2591 ceaut.
771 2536 960 2590 Nonne
1011 2551 1110 2606 pro
1160 2535 1245 2589 his
1294 2534 1549 2588 omnibus
1593 2534 1743 2601 justa
1769 2534 1875 2587 erit
1905 2532 2125 2587 ultionis

558 2644 741 2700 poma,
772 2628 898 2698 quia
931 2628 1122 2681 horum
1170 2626 1411 2680 oninium
1456 2624 1784 2693 largitorem,
1812 2638 1971 2693 quem
2003 2633 2127 2677 ante

559 2722 741 2776 omnia
765 2730 818 2775 et
833 2734 1126 2790 agnoscere
1154 2728 1207 2774 et
1233 2718 1479 2774 venerari
1504 2716 1790 2779 debuistis,
1816 2717 1991 2770 solum
2017 2731 2127 2786 prae

557 2812 772 2868 caeteris
795 2810 1128 2880 ignorastis?

633 2900 767 2957 Vlll.
811 2900 916 2956 Sed
965 2908 1017 2955 et
1060 2916 1204 2955 nunc
1252 2901 1455 2955 eisdem
1485 2914 1583 2955 vos
1628 2900 1693 2953 ad
1719 2900 2125 2970 intelligentiam

562 2993 664 3049 viis
692 2994 861 3057 duco;
892 2992 1087 3045 videtis
1116 2992 1314 3045 etenim
1343 2990 1487 3061 quod
1522 2991 1703 3045 omnia
1736 2993 2031 3061 gignuntur
2057 3007 2126 3047 ex

2302 1897 2393 1952 ιχ.
2438 1899 2542 1953 Sed
2568 1900 2718 1955 dices
2750 1899 3025 1954 fortasse:
3063 1899 3204 1965 Quid
3248 1900 3463 1953 confert
3515 1913 3675 1968 aqua:
3720 1898 3812 1950 ba-

2231 1992 2462 2061 ptismus
2488 1992 2553 2044 ad
2586 1990 2679 2045 Dei
2706 1991 2952 2045 cultum?
2994 1989 3174 2044 Primo
3205 1991 3448 2060 quidem,
3483 1993 3617 2059 quia
3668 1989 3811 2059 quod

2230 2080 2340 2136 Deo
2369 2081 2570 2150 placuit
2597 2083 2882 2151 impletur;
2916 2082 3177 2144 secundo,
3215 2082 3341 2151 quia
3387 2091 3719 2150 regenerato
3748 2097 3814 2135 ex

2230 2173 2386 2243 aquis
2414 2180 2468 2226 et
2499 2169 2606 2227 Deo
2642 2178 2869 2235 renato,
2911 2170 3176 2240 fragilitas
3228 2172 3431 2241 prioris
3482 2173 3813 2233 nativitatis,

2228 2279 2350 2335 quae
2378 2264 2476 2318 tibi
2506 2278 2603 2333 per
2633 2264 2906 2318 hominem
2937 2263 3078 2319 facta
3125 2276 3229 2327 est.
3274 2270 3624 2332 amputatur,
3656 2277 3709 2318 et
3743 2266 3815 2317 ita

2227 2356 2445 2411 demum
2496 2357 2779 2426 pervenire
2826 2360 3030 2427 poteris
3077 2358 3144 2411 ad
3188 2358 3442 2419 salutem.
3476 2357 3645 2412 aliter
3689 2371 3816 2410 vero

2227 2448 2563 2517 impossibile
2611 2457 2714 2505 est.
2750 2448 2842 2503 Sic
2889 2451 3034 2504 enim
3084 2450 3242 2505 nobis
3289 2466 3414 2504 cum
3465 2458 3815 2504 sacramento

2227 2557 2389 2596 verus
2412 2540 2683 2609 Pr0pheta
2716 2549 2947 2595 testatus
2977 2548 3083 2605 est,
3113 2541 3305 2597 dicens
3334 2560 3347 2595 :
3379 2543 3553 2595 Amen
3581 2541 3705 2593 dico
3728 2558 3813 2593 ro-

2228 2628 2327 2693 bis.
2351 2631 2453 2684 nisi
2467 2631 2583 2700 quis
2600 2628 2769 2683 denuo
2794 2638 3005 2683 renatus
3028 2629 3188 2697 fuerit
3207 2644 3271 2683 ex
3295 2646 3459 2698 aqua.
3497 2645 3605 2681 non
3645 2628 3813 2679 intro-

2226 2721 2323 2775 ibit
2346 2722 2400 2775 iu
2424 2738 2582 2790 regna
2602 2721 2852 2776 calorum
2870 2719 2934 2775 “.
2954 2719 3019 2773 Et
3047 2720 3168 2774 ideo
3193 2720 3519 2782 accelerate,
3551 2726 3640 2774 est
3669 2718 3811 2773 enim

2226 2814 2282 2868 in
2308 2813 2465 2883 aquis
2492 2813 2610 2870 istis
2641 2812 3027 2867 misericordia:
3049 2813 3132 2866 vis
3160 2812 3431 2881 quaedam,
3453 2826 3579 2881 quae
3607 2826 3676 2863 ex
3709 2810 3814 2861 ini-

2225 2903 2304 2959 tio
2350 2903 2626 2959 ferebatur
2667 2920 2833 2973 super
2872 2920 2987 2967 eas,
3018 2913 3073 2959 et
3111 2904 3357 2974 agnoscit
3387 2919 3488 2957 ens
3518 2902 3615 2970 qui
3648 2900 3818 2960 bapti-

2226 3005 2423 3052 zantur
2445 2998 2547 3052 sub
2574 2998 2935 3068 appellatione
2975 2997 3206 3067 triplicis
3238 2995 3596 3057 sacramenti,
3624 3004 3682 3048 et
3711 2994 3817 3048 αἰ-

562 3087 739 3156 aquis,
771 3100 910 3155 aqua
934 3098 1062 3138 vero
1090 3099 1185 3153 per
1206 3082 1551 3154 Uuigenitum
1580 3100 1647 3139 ex
1678 3086 1833 3138 initio
1862 3084 2003 3138 facta
2017 3093 2121 3146 est.
2155 3114 2200 3172 ε
2229 3090 2309 3159 pit
2336 3105 2431 3144 eos
2460 3090 2527 3144 de
2556 3090 2840 3160 suppliciis
2869 3090 3087 3149 futuris.
3108 3089 3267 3159 quasi
3297 3088 3506 3141 donum
3537 3086 3816 3155 quoddam

566 3177 839 3248 Uuigeniti
870 3193 997 3233 vero
1026 3177 1372 3246 omnipotens
1404 3176 1545 3237 Deus
1579 3184 1742 3247 caput
1770 3186 1854 3233 est
1881 3178 2013 3248 (3|),
2039 3192 2136 3247 per

563 3286 723 3341 quem
751 3271 843 3325 tali
875 3272 1086 3333 ordine,
1118 3287 1226 3340 quo
1254 3286 1419 3339 supra
1442 3270 1701 3336 diximus,
1727 3272 2037 3340 pervenitur
2065 3270 2133 3324 ad

568 3360 814 3429 Patrem;
853 3377 975 3417 eum
1026 3372 1204 3417 autem
1254 3361 1566 3431 perveneris
1600 3361 1663 3414 ad
1690 3360 1924 3425 Patrem,
1962 3376 2135 3431 agno-

565 3467 688 3507 sces
721 3452 859 3507 hanc
904 3470 1027 3509 esse
1054 3453 1391 3507 voluntatem
1421 3451 1561 3521 ejus,
1598 3460 1657 3505 ut
1687 3467 1783 3523 per
1812 3468 1982 3526 aquas
2013 3467 2134 3521 quae

498 3538 504 3544 ’
565 3544 753 3614 prima:
779 3554 973 3599 creata:
1004 3552 1131 3599 sunt
1156 3543 1290 3614 (32),
1328 3544 1509 3599 denuo
1536 3544 2131 3611 renascaris.Quieuim

567 3644 915 3705 regeneratus
936 3636 1099 3691 fuerit
1124 3652 1217 3705 per
1247 3651 1466 3707 aquam,
1498 3638 1659 3692 bonis
1688 3636 1942 3707 operibus
1967 3636 2135 3692 adim-

634 3751 679 3785 ⁸³
714 3749 849 3807 Gen.
880 3766 920 3813 ι,
946 3750 996 3816 l,
1022 3750 1077 3804 2.
1155 3750 1203 3783 “
1229 3750 1387 3806 Joan.
1414 3766 1495 3814 Ill,
1524 3750 1579 3806 5.

1825 3885 2191 3942 COTELERII

565 4033 691 4096 Τοῖς
716 4033 941 4092 πιστοῖς,
974 4029 1008 4099 ἡ
1042 4028 1141 4098 τῆς
1176 4026 1425 4099 ἀσεβείας
1466 4027 1821 4099 κατάγνωσις,
1859 4028 2138 4099 αὐτάρκης

568 4104 719 4175 πρὸς-
748 4097 1024 4175 ερᾳέᾷειάν
1045 4097 1169 4175 Δὲεξυτι
1197 4098 1415 4175 Turbam.
1446 4098 1567 4175 1(a).
1592 4097 1699 4175 ζὰρ
1727 4098 1783 4175 εἰ·
1813 4097 2136 4175 μὴῌδυξατδγ

567 4166 965 4263 κέιτσὲλαὸἐσθαι
1004 4169 1057 4223 τί
1097 4170 1211 4221 ἐστι
1238 4167 1390 4231 Θεὸς,
1434 4166 1569 4221 ἀλλὰ
1607 4168 1829 4220 δυνατὸν
1858 4166 2052 4231 έὶπεῖν,
2082 4167 2135 4220 τί

566 4242 899 4381 ουῗόῗῗῧξιί
921 4310 1138 4378 spiritus
1158 4306 1478 4381 _jussu_,D_ei,
1512 4308 1663 4381 quasi
1691 4308 1806 4381 ipsa
1833 4305 2135 4381 Conditoris

568 4376 754 4435 manus
789 4380 884 4450 (ita
925 4376 1067 4433 recte
1099 4376 1258 4431 etiam
1294 4378 1413 4431 libri
1446 4378 1634 4447 scripti
1694 4376 2133 4430 Clementiuorum

568 4469 647 4507 ιι.
676 4452 769 4507 22.
810 4448 951 4507 yslpl
993 4450 1155 4501 lucem
1203 4448 1461 4507 separavit
1512 4464 1542 4499 a
1591 4448 1831 4501 tenebris.
1867 4447 2049 4501 Mitius
2080 4448 2133 4501 in

569 4592 779 4656 legebat
808 4589 1117 4649 κελεύοντος
1137 4585 1235 4640 τοῦ
1266 4587 1418 4640 Θεοῦ.
1454 4586 1607 4657 Apud
1632 4585 1888 4640 Irenaeum
1912 4588 2006 4640 lib.
2051 4602 2136 4649 ιιι,

569 4661 817 4716 adversus
844 4661 1087 4717 Ilienses,
1112 4673 1231 4727 cap.
1267 4656 1335 4711 8:
1373 4656 1635 4722 Quoniam
1675 4660 1781 4716 ipse
1796 4658 2061 4724 prwcepit,
2093 4667 2141 4711 et

568 4742 746 4786 creata
779 4739 899 4784 sunt
931 4744 949 4782 :
982 4730 1088 4798 ipse
1116 4726 1274 4785 dixit,
1306 4737 1353 4779 et
1386 4728 1529 4798 facta
1558 4738 1699 4781 sunt.
1733 4726 1831 4781 Cui
1862 4744 1981 4798 ergo
2006 4743 2144 4795 prte-

569 4804 744 4868 cepit?
780 4799 961 4861 Verbo,
995 4797 1190 4852 scilicet
1216 4812 1233 4868 ξ
1259 4812 1349 4864 per
1376 4797 1533 4868 quod,
1569 4798 1758 4866 inquit.
1792 4797 1906 4850 caeli
1941 4798 2143 4866 ﬁrmati

567 4866 710 4933 sunt,
743 4880 791 4924 et
824 4869 1024 4938 Spiritu
1048 4870 1153 4922 oris
1184 4867 1294 4937 ejus
1338 4866 1505 4920 omnis
1543 4870 1704 4921 virtus
1732 4884 1929 4938 eorum.
1964 4868 2137 4937 (Psal.

569 4958 739 5004 “xu,
764 4941 817 4999 9.
837 4937 914 5007 6.)
947 4938 1089 4993 Idem
1121 4938 1377 5008 legendus
1406 4938 1499 4991 lib.
1523 4954 1596 4999 tv,
1620 4954 1738 5006 cap.
1761 4938 1843 4992 75.
1865 4937 2029 4991 Libro
2045 4956 2142 4991 au-

569 5022 674 5066 tem
701 5030 751 5071 ν.
776 5027 895 5080 cap.
922 5010 976 5069 6.
1000 5010 1133 5080 dicit
1163 5007 1186 5062 εί
1205 5007 1307 5061 Per
1327 5025 1524 5080 manus
1548 5009 1685 5061 enim
1716 5008 1915 5080 Patris,
1951 5008 2006 5059 id
2040 5019 2137 5080 est,

568 5098 659 5153 per
691 5077 886 5153 Filium
908 5090 963 5153 ει
992 5078 1268 5153 Spiritum,
1300 5079 1359 5145 [it
1389 5078 1542 5153 homo
1573 5077 1852 5153 secundum
1890 5079 2140 5153 similituf

568 5148 735 5206 dinem
763 5152 872 5205 Dei.
901 5149 1006 5204 Sed
1036 5150 1306 5202 memoria:
1328 5149 1630 5203 mandanda
1653 5158 1735 5202 est
1766 5148 2136 5217 Chrysostomi

570 5238 732 5277 aurea
757 5220 1069 5275 observatio
1097 5218 1163 5271 de
1187 5218 1389 5287 Spiritu
1433 5226 1641 5283 saneto,
1661 5220 1725 5275 ad
1744 5217 2088 5287 lCor.xn,H
2116 5241 2127 5276 :

568 5293 765 5361 Καθὼς
797 5288 1063 5361 βούλεται,
1092 5288 1153 5340 οὐ
1176 5287 1356 5361 mihi):
1380 5289 1731 5361 xslsdetutet
1772 5289 2133 5361 ὲξιτάττεται,

560 5354 719 5416 Prout
736 5354 845 5415 uult
886 5378 985 5413 non
1000 5367 1149 5426 prout
1158 5358 1369 5427 jubetur
1386 5374 1447 5412 ac
1463 5360 1779 5428 prmcfpitur.
1798 5358 1932 5412 Vide
1947 5374 2131 5428 supra.

641 5434 751 5501 (3i)
816 5431 1080 5501 Urtigeniti
1117 5446 1241 5501 gero
1284 5431 1604 5501 omnipoteus
1648 5429 1784 5501 Deus
1827 5440 1981 5497 caput
2032 5441 2130 5485 est.

572 5498 649 5553 En
681 5498 837 5555 verba
874 5498 1074 5560 Ruﬁni,
1112 5498 1444 5569 Expositione
1462 5500 1513 5552 in
1539 5499 1846 5569 Symbolum
1868 5503 2135 5568 apostolo-

571 5587 687 5622 rum
730 5586 747 5623 :
810 5570 1004 5625 Unicus
1050 5586 1170 5639 ergo
1214 5568 1389 5624 Filius
1436 5580 1512 5623 est
1543 5568 1645 5623 :et
1677 5586 1794 5623 cum
1827 5572 1895 5624 sit
1938 5571 2128 5640 gloria.

570 5642 997 5711 sgmpiternitate.
1036 5648 1244 5703 virtute,
1295 5657 1469 5707 regno,
1516 5650 1798 5711 potestate,
1848 5640 1942 5693 hoc
1994 5641 2130 5711 quod

578 5707 735 5774 Pater
756 5720 866 5773 est;
890 5713 1067 5764 omnia
1095 5720 1265 5763 tamen
1299 5710 1407 5764 hcce
1449 5707 1550 5764 non
1594 5714 1704 5765 sine
1733 5720 1963 5769 auctore.
1994 5707 2130 5763 sicut

575 5776 754 5846 Pater,
808 5781 898 5835 sed
950 5797 1013 5835 ea:
1065 5780 1226 5834 Patre
1257 5790 1503 5852 tauquam
1539 5780 1709 5835 Filius
1752 5782 1863 5836 sine
1900 5782 2049 5835 initio
2078 5792 2125 5834 et

2229 3182 2464 3237 oﬂ‘erens
2514 3180 2623 3235 Deo
2673 3182 2884 3237 animas
2927 3198 3022 3251 per
3066 3182 3397 3251 baptismum
3429 3189 3813 3235 consecratas.

2228 3272 2515 3343 Confugite
2547 3289 2676 3344 ergo
2706 3274 2771 3327 ad
2800 3289 2969 3343 aquas
3005 3274 3159 3334 istas.
3190 3275 3320 3328 sola:
3350 3281 3481 3327 sunt
3522 3272 3676 3326 enim
3699 3286 3816 3340 qua:

2228 3365 2439 3433 possint
2469 3363 2576 3417 vim
2634 3365 2801 3418 futuri
2847 3363 2989 3434 ignis
3037 3364 3417 3432 exstinguere;
3442 3363 3513 3415 ad
3550 3376 3696 3431 quas
3724 3359 3810 3429 qui

2230 3465 2473 3511 moratur
2500 3456 2781 3520 accedere,
2822 3464 3039 3510 constat
3069 3458 3121 3510 in
3154 3471 3218 3510 eo
3245 3455 3593 3511 infidelitatis
3642 3454 3812 3506 adhuc

2230 3546 2432 3600 idolum
2459 3560 2794 3615 permanere,
2822 3552 2877 3600 et
2926 3545 2994 3597 ab
3041 3546 3159 3613 ipso
3210 3543 3491 3613 prohiberi
3543 3542 3614 3595 ad
3648 3554 3811 3609 aquas

2229 3652 2351 3707 quae
2378 3638 2605 3692 salutem
2635 3635 2946 3700 conferunt,
2976 3632 3423 3706 properare.Sivc
3449 3632 3604 3687 enim
3634 3631 3810 3701 justus

2264 3885 2498 3943 NOTE.

2238 4028 2457 4092 aqualis
2486 4027 2676 4089 habet;
2705 4036 2755 4080 et
2784 4042 2899 4079 cum
2926 4026 3035 4092 ipse
3067 4025 3136 4079 sit
3164 4024 3399 4077 omnium
3426 4034 3612 4092 caput,
3651 4027 3807 4093 ipsis:

2240 4107 2413 4151 tamen
2440 4108 2597 4165 caput
2622 4107 2698 4150 est
2730 4097 2910 4150 Pater.
2944 4095 3033 4149 Sic
3053 4098 3193 4148 enim
3221 4096 3477 4165 scriptum
3507 4106 3591 4148 est
3615 4096 3668 4163 ξι
3689 4097 3804 4151 Cor.

2240 4183 2317 4227 st.
2364 4169 2441 4236 3),
2476 4164 2626 4236 Quia,
2660 4176 2814 4235 caput
2850 4165 3048 4220 Christi
3097 4166 3253 4236 Deus.
3295 4164 3614 4220 Prudenter
3637 4176 3808 4221 tamen

2237 4252 2523 4292 monenmr
2550 4254 2578 4289 ,ι
2608 4235 2665 4292 S.
2690 4238 2996 4297 Ambrosio,
3023 4237 3116 4305 lib.
3145 4253 3195 4288 Iv
3227 4235 3299 4287 De
3321 4236 3445 4303 ﬁde,
3470 4252 3601 4305 cap.
3635 4238 3805 4294 2.non

2237 4306 2441 4377 dixisse
2471 4308 2810 4377 Apostolum,
2845 4316 2999 4373 caput
3027 4304 3242 4365 Christi,
3272 4304 3468 4369 Pater;
3509 4304 3632 4369 sed,
3663 4317 3808 4375 caput

2236 4376 2468 4437 Christi.
2532 4378 2691 4431 Deus.
2731 4376 3100 4431 Consulantur
3142 4378 3465 4443 interpretes
3506 4378 3574 4430 ad
3638 4380 3806 4432 locum

848 4448 951 4522 είρ)
993 4450 1155 4522 lucem
1203 4448 1475 4522 scparagit
1512 4445 1831 4522 (tenebris.
1867 4447 2049 4522 Mitius
2080 4448 2133 4501 in
2165 4514 2200 4522 _
2224 4448 2501 4522 Αρςιξξςιιίὲ
2524 4448 2758 4515 itemque.
2782 4445 2839 4500 S.
2870 4446 3103 4522 Basilius
3130 4448 3182 4499 in
3224 4446 3412 4509 psalm.
3446 4462 3651 4522 xxvi".
3682 4448 3733 4502 8.

570 4514 1043 4578 ϐιεηιεηνιὶιὲε’.’καὶ
1064 4514 1306 4586 λέγοντός
1327 4518 1419 4570 τοῦ
1441 4517 1597 4580 Θεοῦ,
1624 4518 1716 4586 sed
1744 4518 1882 4571 forte
1905 4516 2135 4570 Rufinus
2165 4514 2209 4567 D

2309 4516 2566 4587 (32)7Per
2594 4534 2756 4581 aquas
2774 4532 2888 4586 qua!
2923 4518 3105 4582 prima!
3141 4525 3503 4587 creatis-sunt.
3548 4516 3619 4570 Et
3656 4519 3807 4587 paulo

2309 4534 2420 4587 tu)
2461 4534 2566 4571 rer
2594 4534 2756 4581 aquas
2774 4534 2888 4586 qua!
2923 4534 3105 4582 prima:
3141 4534 3503 4570 creant-sunt.
3548 4534 3619 4570 nt
3726 4534 3805 4569 mo

2246 4595 2391 4657 ante,
2420 4586 2612 4640 Omnia
2642 4589 2922 4657 gignuntur
2936 4600 2999 4637 e1:
3020 4587 3189 4655 aquis.
3211 4583 3466 4657 Clemeut.
3494 4603 3576 4657 si.
3605 4534 3805 4642 si?“

2244 4655 2421 4728 Eo'twu
2445 4657 2506 4709 τὸ
2532 4652 2860 4728 ᾕδωῇποιεῖ·
2891 4664 2945 4709 et
2976 4652 3299 4726 πρὼτογόνῳ
3330 4652 3504 4728 Sosia.
3549 4656 3804 4727 Equidem

2244 4722 2413 4797 Ebion
2423 4728 2507 4781 itte
2520 4722 2945 4797 Recognitionum
2960 4722 3801 4797 co'rruptore‘smbiEpiphanio,p.

2242 4795 2331 4855 55,
2363 4810 2558 4867 aquam
2583 4795 2679 4867 pro
2712 4797 2818 4851 Deo
2847 4796 3085 4851 coluisse
3106 4795 3380 4850 dicuntur.
3408 4795 3485 4850 De
3518 4795 3803 4867 Sampsatis

2242 4880 2371 4935 vero
2396 4882 2489 4921 seu
2514 4867 2786 4927 Elcesazis,
2840 4880 2960 4935 quae
3005 4868 3193 4921 eadem
3250 4867 3473 4921 breresis
3520 4880 3632 4930 est,
3674 4869 3801 4921 idem

2240 4932 2402 5009 Pa_ter
2432 4939 2643 5009 scribit,
2669 4954 2721 5007 p.
2754 4932 3203 5009 ιδῖετετίμῃςαι
3231 4938 3398 5009 δὲκαὶ
3428 4938 3490 4990 τὸ
3523 4936 3689 5009 ὖᾷωερ
3721 4939 3804 4990 καὶ

2239 5004 2396 5057 τοῦτο
2422 5008 2497 5070 ὡς
2524 5008 2653 5061 Θεὸν
2671 5004 2946 5079 ἦγοῦνται.
3043 5004 3167 5059 ⁷εδὸν
3199 5008 3499 5074 φάσκοντες
3535 5004 3673 5061 siuti:
3715 5010 3803 5077 τὴν

2241 5073 2385 5130 ζωὴν
2409 5080 2471 5129 ὲκ
2496 5079 2703 5130 τούτου.
2742 5079 2877 5130 Hine
2920 5024 3304 5130 litgrotheitm.
3336 5094 3541 5130 amtam
3593 5080 3802 5130 minime

2241 5073 2385 5147 ςωην
2409 5080 2471 5129 ὲκ
2496 5073 2877 5132 τούτουξήΗίηε
2920 5073 3304 5147 Hydrotheitte,
3336 5094 3541 5147 aquam
3593 5073 3802 5132 minime

2242 5143 2439 5198 factam
2471 5157 2723 5216 putantes
2758 5169 2769 5203 :
2800 5143 3203 5218 quam'creavit
3243 5143 3404 5203 lteus'
3438 5150 3494 5202 in
3545 5151 3802 5219 principio

2241 5229 2349 5289 una
2389 5232 2511 5269 cum
2556 5220 2695 5271 emlo
2737 5228 2791 5273 et
2836 5225 3105 5289 terra,et.
3141 5226 3199 5270 ut
3237 5219 3546 5286 loquuntur
3584 5219 3799 5289 Optatus

2239 5284 2332 5338 lib.
2358 5303 2432 5358 vt,
2464 5295 2625 5356 atque
2664 5290 2985 5343 AmbrOsius
3013 5289 3065 5341 in
3088 5287 3246 5342 Lucae
3291 5284 3459 5358 caput
3504 5284 3647 5351 nu;
3686 5298 3801 5341 ante

2237 5356 2423 5434 mundi
2443 5359 2827 5434 natalemLhoc
2850 5368 2956 5434 est,
2977 5367 3101 5413 ante
3123 5356 3384 5413 mundum
3405 5360 3605 5434 ordine
3629 5361 3801 5427 dispo-

2236 5428 2434 5499 situm:
2470 5429 2653 5499 phrasi
2682 5428 3070 5489 Tcrtullianea,
3103 5439 3227 5483 ante
3252 5431 3439 5483 mundi
3471 5440 3795 5499 suggestum.

2233 5494 3030 5582 (ἑμτίΙΙυιείῌέρςρξοιςηιξῑηῃυὲ,
3061 5500 3332 5582 ςειῑθςιιρξί
3365 5501 3401 5553 ’5
3436 5520 3449 5554 :
3485 5494 3799 5582 ﬁgimus,

2232 5566 2469 5641 ορραγρί·
2489 5569 2562 5641 ὲξν
2579 5566 2785 5623 ὑδάτών
2812 5572 2845 5641 ἡ
2865 5570 2955 5640 γῆ.
2976 5570 3084 5641 Καὶ
3104 5569 3416 5641 πρὸίπάσης
3438 5571 3555 5641 τῶν
3574 5566 3798 5641 γενητᾶνθ

2231 5616 2331 5760 vi;
2364 5616 2667 5710 ἑξαηιῖέρου
2706 5616 3069 5709 κατέέκὲυῆς,
3112 5616 3325 5709 πζεῦμα
3367 5616 3465 5693 ’ἓνοῦ
3506 5616 3640 5694 Beati
3686 5616 3797 5690 ἒπε-

2232 5723 2269 5760 φ
2308 5726 2427 5760 οετο
2457 5709 2638 5760 ἐπάνω
2668 5710 2762 5760 τοῦ
2791 5709 2999 5760 ὓδατος.
3045 5711 3207 5760 Ἀονὴ
3235 5710 3330 5760 τοῦ
3346 5712 3555 5760 κόσμου
3568 5711 3630 5760 τὸ
3646 5710 3789 5760 ὕδωρ.

2232 5709 2427 5791 ξρέρετρ
2457 5709 2638 5791 gnavi.)
2668 5710 2762 5763 τοῦ
2784 5709 2999 5791 bonos.
3029 5711 3207 5791 LApxij
3235 5710 3555 5791 aequarum:
3568 5711 3630 5765 τδ
3646 5710 3789 5791 ὖδῳς·

2231 5775 2371 5853 Lege
2389 5780 2767 5852 Augustinum,
2784 5781 2879 5834 lib.
2902 5796 2913 5834 ι
2933 5779 3007 5834 De
3023 5775 3207 5836 Genesi
3224 5787 3293 5833 ιη(
3313 5775 3685 5852 litteram,cap.
3718 5782 3788 5833 l3.
