3904 6358
142 266 288 323 1553

1334 267 1907 326 RECOGNITIONUM
1942 267 2075 327 LIB.
2113 266 2202 322 Vl.

3262 269 3405 325 1538

130 385 215 441 sis
248 385 370 439 sive
412 383 680 454 hijustus,
714 384 1023 455 baptisma:
1064 384 1165 441 tibi
1198 400 1294 455 per
1321 386 1506 443 omnia
1535 401 1722 444 neces-
1748 398 1793 455 Α
1823 394 1877 439 et
1897 380 2066 441 Deum
2088 385 2397 441 colentibus
2417 387 2757 443 observetur.
2774 386 2835 443 ln
2875 395 3089 443 tantum
3109 395 3290 441 autem
3313 405 3407 444 ca-

130 476 315 531 sarius
343 484 449 533 est.
472 475 636 532 Iusto
662 477 906 547 quidem,
938 484 995 533 ut
1017 477 1377 547 adimpleatur
1399 477 1455 533 in
1497 492 1563 533 eo
1592 492 1716 549 per-

129 568 300 623 fectio
329 574 388 623 et
418 575 772 638 regeneratur
807 566 957 633 Deo;
992 568 1202 637 iniusto
1233 582 1382 632 vero,
1426 578 1488 627 ut
1520 582 1717 637 pecca-

126 671 316 717 torum
338 676 463 731 qum
488 660 665 730 gessit
680 660 736 716 in
759 660 1065 731 ignorantia
1087 660 1339 719 remissio
1358 661 1711 718 concedatur.

124 754 402 810 Omnibus
430 767 563 824 ergo
590 752 961 809 festinandum
1006 762 1089 808 est
1133 753 1254 810 sine
1302 769 1453 810 mora
1499 754 1714 809 renasci

127 847 262 908 Deo,
284 847 413 917 quia
442 845 685 901 incertus
713 852 799 903 est
821 845 1257 915 uniuscujusque
1279 845 1461 902 exitus
1486 845 1633 900 vita.

198 937 266 993 Χ.
308 938 448 993 Cum
480 945 665 993 autem
696 946 1051 1007 regeneratus
1080 936 1252 995 fueris
1276 952 1371 1005 per
1400 950 1620 1006 aquam,
1646 951 1715 991 ex

123 1032 393 1102 operibus
425 1031 587 1088 bonis
617 1029 848 1087 ostende
900 1029 957 1086 in
1004 1038 1059 1087 te
1103 1028 1519 1085 similitudinem
1566 1028 1710 1098 ejus,

124 1124 218 1195 qui
247 1133 307 1180 te
339 1124 527 1195 genuit
552 1122 755 1179 Patris.
784 1122 1065 1193 Agnovisti
1097 1121 1243 1178 enim
1276 1120 1468 1185 Deum,
1501 1119 1713 1175 honora

126 1224 381 1286 patrem;
410 1214 590 1271 honor
629 1223 811 1270 autem
853 1213 1109 1281 ejusest,
1144 1219 1205 1271 ut
1248 1211 1322 1271 ita
1371 1212 1524 1269 vivas
1570 1210 1714 1266 sicut

124 1309 249 1379 ipse
267 1309 409 1364 vult.
444 1306 571 1363 Vult
592 1314 774 1363 autem
795 1316 848 1363 te
874 1305 951 1361 ita
994 1305 1199 1367 vivere.
1253 1314 1312 1359 ut
1336 1302 1711 1366 homicidium,

122 1400 454 1456 adulterium
468 1396 1210 1462 nescias,odium,avaritiam
1237 1393 1433 1464 fugias,
1454 1394 1715 1454 iram,su-

122 1493 728 1564 perbiam,jactantiam
755 1504 1010 1560 respuas.
1024 1496 1077 1545 et
1093 1486 1399 1547 exsecreris
1427 1482 1709 1551 invidiam,

125 1595 439 1657 caeteraque
469 1585 557 1642 bis
581 1583 783 1640 similia
804 1582 1024 1654 penitus
1047 1595 1081 1637 a
1110 1588 1163 1636 te
1192 1580 1362 1635 ducas
1387 1578 1584 1633 aliena.
1616 1576 1714 1634 Est

118 1694 257 1733 sane
285 1676 504 1747 propria
526 1674 771 1745 quaedam
808 1682 1008 1728 nostra:
1039 1669 1318 1741 religionis
1338 1666 1709 1732 observantia,

1822 478 2083 533 stimonia
2106 493 2294 533 verum
2325 477 2421 532 Dei
2441 478 2648 534 cultum
2672 480 3111 550 tenentibus,per
3137 478 3239 536 has
3267 498 3406 551 quas

1820 584 1985 637 supra
2003 569 2244 624 diximus
2259 570 2503 639 aliasque
2520 571 2714 626 horum
2737 572 3169 641 similesspecies
3181 586 3406 627 conser-

1819 661 1997 717 vanda
2020 667 2123 725 est,
2156 667 2217 716 ut
2241 661 2405 716 etiam
2431 661 2574 733 apud
2597 678 2692 718 eos
2720 663 2814 733 qui
2839 680 2870 719 a
2892 663 3111 719 diabolo
3141 662 3320 718 adhuc
3348 664 3405 717 in

1817 753 2100 809 erroribus
2125 752 2460 817 detinentur,
2485 756 2747 812 attentius
2766 757 3122 823 observetur;
3154 763 3237 812 est
3257 756 3403 810 enim

1818 843 1963 913 apud
2012 844 2136 900 illos
2176 846 2439 900 nonnulla
2469 847 2818 902 observantia
2852 850 3209 904 castimonia.
3261 848 3402 914 Quid

1817 950 1969 1006 ergo,
1999 937 2148 1005 quod
2177 946 2430 994 errantes
2460 940 2878 1004 custodiebatis,
2912 941 3015 996 hoc
3059 957 3167 997 non
3208 941 3401 997 obser-

1816 1028 2016 1083 vabitis
2048 1030 2363 1085 emendati?

1890 1116 2030 1175 Xlll.
2074 1118 2180 1174 Sed
2211 1122 2447 1179 fortasse
2471 1122 2617 1178 dicet
2647 1124 2847 1195 aliquis
2869 1134 3111 1182 vestrum
3140 1146 3152 1179 :
3179 1124 3405 1199 Oportet

1814 1226 1945 1282 ergo
1973 1227 2073 1270 nos
2103 1215 2284 1270 omnia
2334 1231 2457 1285 qua:
2484 1215 2715 1272 fecimus
2744 1218 2873 1272 dum
2898 1220 3205 1276 coleremus
3232 1220 3400 1285 idola,

1813 1304 2133 1361 custodire?
2158 1304 2278 1361 Non
2299 1308 2509 1373 omnia;
2539 1308 2634 1363 sed
2658 1324 3001 1379 quaecunque
3017 1311 3156 1366 bene
3177 1312 3399 1376 fiebant,

1815 1396 1930 1452 haec
1957 1398 2121 1451 etiam
2166 1414 2314 1454 nunc
2342 1400 2599 1455 convenit
2627 1401 2924 1457 observare
2950 1444 2964 1468 ,
3013 1402 3143 1473 quia
3188 1402 3232 1459 si
3266 1403 3401 1473 quid

1814 1496 1962 1542 recte
1993 1488 2050 1540 fit
2089 1489 2158 1542 ab
2191 1489 2278 1543 his
2305 1490 2399 1560 qui
2441 1490 2494 1544 in
2524 1507 2712 1548 errore
2743 1502 2902 1555 sunt,
2933 1502 3143 1548 eertum
3171 1501 3256 1551 est
3284 1495 3336 1549 id
3368 1511 3401 1549 a

1815 1579 2042 1634 veritate
2074 1590 2375 1653 sumptum.
2405 1580 2544 1648 Quia
2574 1592 2628 1638 et
2659 1585 2707 1639 si
2739 1586 2871 1654 quid
2896 1586 2953 1639 in
2981 1602 3108 1641 vera
3138 1586 3400 1658 religione

1814 1687 1926 1728 non
1958 1680 2108 1728 recte
2141 1671 2231 1739 fit,
2274 1689 2387 1730 non
2416 1682 2500 1731 est
2529 1676 2754 1732 dubium
2788 1678 2923 1749 quin
2958 1678 3027 1733 ab
3056 1693 3247 1734 errore
3278 1695 3401 1733 mu-

117 1785 242 1838 qua:
274 1784 381 1821 non
419 1775 531 1819 tam
584 1766 881 1835 imponitur
928 1762 1264 1824 hominibus,
1294 1774 1455 1830 quam
1487 1758 1704 1826 proprie
1736 1744 1778 1797 Β
1808 1769 2020 1817 tuatum
2057 1765 2169 1825 sit;
2218 1766 2423 1820 bonum
2461 1782 2700 1839 namque
2736 1771 2953 1825 etiamsi
2986 1772 3055 1825 ab
3083 1771 3398 1826 errantibus

118 1861 190 1915 ab
216 1875 548 1930 unoquoque
582 1857 751 1912 Deum
778 1856 991 1911 colente
1017 1868 1183 1909 causa
1214 1851 1467 1922 puritatis
1498 1849 1707 1919 expeti-

117 1963 229 2011 tur.
264 1952 613 2016 Castimonite
656 1952 780 2012 dico
829 1966 1018 2019 causa,
1069 1948 1228 2023 cujus
1268 1946 1478 2020 species
1520 1943 1703 1999 multae

116 2061 283 2121 sunt;
314 2053 408 2108 sed
437 2052 614 2123 primo
642 2058 701 2105 ut
730 2048 982 2104 observet
1010 2032 1410 2115 unusquisque,
1442 2056 1510 2096 ne
1551 2051 1703 2093 meu-

116 2155 347 2203 struatae
388 2145 604 2199 mulieri
648 2143 965 2201 misceatur,
1013 2144 1118 2194 hoc
1168 2137 1313 2192 enim
1364 2132 1702 2190 exsecrabile

115 2241 277 2297 duxit
302 2239 387 2295 lex
410 2237 527 2294 Dei.
544 2234 701 2302 Quod
724 2236 829 2291 etsi
859 2236 944 2291 lex
966 2233 1034 2287 de
1059 2232 1143 2289 his
1165 2246 1274 2286 non
1302 2226 1697 2289 admonuissa,

113 2347 218 2388 nos
245 2337 309 2387 ut.
328 2328 576 2387 canthari
600 2328 831 2385 libenter
852 2324 1194 2385 volveremur
1217 2322 1274 2376 in
1299 2316 1583 2376 stercore?
1606 2315 1704 2370 De-

113 2423 312 2478 bemus
349 2420 585 2491 amplius
623 2416 831 2488 aliquid
878 2415 1080 2477 habere
1118 2412 1468 2477 animalibus,
1513 2418 1701 2481 utpote

112 2514 471 2573 rationabiles
495 2512 745 2571 homines
759 2520 815 2569 et
831 2509 1139 2565 caelestium
1165 2520 1425 2563 sensuum
1446 2518 1705 2577 capaces,

112 2609 318 2680 quibus
346 2606 546 2667 sumi
589 2605 758 2663 studii
799 2619 925 2665 esse
966 2603 1147 2665 debet,
1178 2600 1248 2659 ab
1273 2597 1423 2665 omni
1443 2598 1701 2672 inquina-

112 2709 305 2757 mento
334 2698 519 2757 cordis
546 2696 940 2757 conscientiam
968 2692 1268 2753 custodire.

186 2791 280 2849 XI.
317 2791 530 2849 Bonum
578 2796 664 2847 est
707 2796 887 2851 autem
945 2794 1002 2842 et
1047 2785 1273 2856 puritati
1319 2781 1694 2844 conveniens.

1808 1863 2021 1925 gestum
2050 1855 2236 1923 fuerit,
2268 1857 2475 1912 bonum
2503 1866 2620 1924 est,
2655 1867 2707 1915 et
2736 1861 2941 1915 malum
2966 1862 3182 1918 etiamsi
3214 1862 3282 1917 ab
3312 1862 3398 1918 his

1806 1948 1900 2019 qui
1924 1949 2213 2006 veritatem
2243 1958 2555 2025 sequuntur
2586 1960 2798 2023 gestum
2835 1953 3019 2016 fuerit,
3052 1956 3256 2008 malum
3287 1964 3394 2009 est.

1803 2041 1912 2094 Aut
1942 2042 2190 2111 nunquid
2220 2043 2293 2096 ita
2331 2043 2703 2113 desipicmus,
2749 2056 2807 2099 ut
2850 2045 2895 2099 si
2940 2045 3225 2101 videamus
3271 2062 3395 2100 eum

1803 2133 1896 2207 qui
1929 2134 2073 2192 idola
2096 2135 2227 2191 colit-
2251 2150 2377 2192 esse
2402 2136 2673 2203 sobrium,
2701 2153 2803 2193 uos
2825 2137 2917 2209 qui
2944 2136 3112 2191 Deum
3139 2138 3394 2200 colimus,

1805 2228 1980 2285 sobrii
2010 2244 2135 2285 esse
2166 2244 2523 2295 recusemus,
2564 2245 2635 2285 ne
2662 2228 2855 2287 eadem
2890 2229 3106 2291 facere,
3140 2245 3261 2301 qua:
3306 2230 3397 2286 ille

1801 2321 1897 2393 qui
1924 2321 2057 2377 colit
2078 2321 2250 2390 idola,
2270 2322 2595 2378 videamur!
2627 2320 2747 2377 Non
2776 2323 2850 2379 ita
2873 2330 2982 2388 est,
3007 2321 3104 2377 sed
3135 2324 3205 2378 sit
3236 2324 3396 2379 nobis

1802 2413 2044 2470 studium
2064 2450 2082 2479 ,
2114 2422 2175 2471 ut
2215 2414 2262 2471 si
2302 2413 2381 2473 illi
2410 2413 2506 2486 qui
2536 2426 2744 2477 errant,
2777 2413 3133 2469 homicidium
3166 2430 3273 2469 non
3314 2414 3397 2469 fa-

1810 2512 1979 2579 ciunt,
2018 2524 2120 2566 nos
2150 2524 2218 2566 ne
2253 2508 2557 2564 irascamur
2595 2505 2849 2575 quidem;
2896 2514 2951 2562 et
2987 2506 3036 2563 si
3066 2506 3145 2560 illi
3177 2507 3388 2562 adulte-

1810 2602 1950 2657 rium
1972 2617 2083 2659 non
2108 2600 2420 2665 admittunt,
2450 2614 2555 2657 nos
2582 2614 2654 2655 ne
2681 2598 3136 2668 concupiscamus
3163 2599 3385 2670 quidem

1807 2692 2039 2751 alienam
2065 2692 2383 2761 mulierem;
2414 2690 2460 2746 si
2485 2689 2560 2743 illi
2586 2698 2771 2746 amant
2797 2690 3077 2759 proximos
3100 2705 3250 2750 suos.
3286 2706 3389 2748 nos

1806 2787 2100 2855 diligamus
2128 2784 2290 2840 etiam
2324 2782 2577 2841 inimicos
2609 2791 2867 2848 nostros;
2899 2781 2984 2849 “;
3022 2781 3068 2839 si
3095 2782 3169 2838 illi
3197 2792 3389 2840 mutuo

110 2885 281 2941 etiam
329 2897 532 2953 corpus
575 2894 718 2951 aqua
757 2879 986 2947 diluere.
1017 2877 1225 2933 Bonum
1256 2890 1385 2933 vero
1410 2873 1556 2935 dico,
1583 2887 1696 2928 non
1798 2873 1932 2930 dant
1966 2874 2055 2931 bis
2084 2875 2176 2947 qui
2208 2874 2411 2930 habent
2443 2876 2589 2931 unde
2634 2875 2901 2940 reddant,
2952 2888 3056 2929 nos
3102 2873 3265 2928 etiam
3304 2872 3393 2928 his

109 2977 272 3048 quasi
300 2974 599 3046 principale
628 2973 761 3029 illud
793 2973 847 3027 in
892 2986 1001 3042 quo
1030 2986 1185 3033 mens
1224 2967 1566 3040 puriﬁcatur,
1601 2964 1696 3021 sed
1798 2964 1995 3023 demus
2016 2980 2047 3022 a
2071 2966 2273 3035 quibus
2303 2967 2547 3039 recipere
2574 2982 2684 3021 non
2713 2980 3018 3037 speramus.
3047 2963 3118 3019 Et
3144 2979 3242 3036 per
3271 2979 3392 3019 om-

110 3070 262 3141 quod
291 3068 515 3139 sequela
544 3068 618 3123 sit
648 3066 797 3123 illius
832 3064 962 3125 boni
990 3063 1099 3120 hoc
1131 3062 1187 3118 in
1216 3076 1329 3135 quo
1360 3075 1490 3115 caro
1532 3058 1698 3133 dilui-
1797 3059 1892 3115 nia
1921 3074 2023 3117 nos
2052 3059 2147 3131 qui
2176 3059 2365 3117 aeterni
2411 3060 2598 3117 smculi
2639 3059 3017 3116 breredilatem
3064 3071 3351 3132 speramus
3371 3094 3389 3123 ,

111 3171 224 3219 tur.
259 3160 351 3217 Sic
391 3161 536 3219 enim
562 3168 617 3219 et
648 3159 907 3231 Magister
948 3164 1138 3213 noster
1184 3153 1452 3227 quosdam
1497 3148 1696 3209 Pbari-
1725 3170 1766 3226 ο
1800 3152 2065 3211 debemus
2091 3153 2405 3224 prazcellere
2435 3167 2530 3209 eos
2557 3153 2651 3223 qui
2685 3165 2929 3224 praesens
2966 3157 3181 3205 tantum
3216 3164 3393 3205 amen-

110 3270 355 3311 saorum
381 3263 436 3310 et
460 3252 799 3316 Scribarum,
828 3250 922 3322 qui
970 3248 1299 3305 videbantur
1320 3260 1444 3303 esse
1483 3243 1697 3301 ca‘teris

110 3346 371 3403 meliores
400 3352 457 3400 et
478 3358 511 3398 a
536 3326 698 3414 vtilgo
721 3341 983 3413 separati,
1015 3337 1357 3410 increpabat,
1382 3337 1574 3394 dicens
1602 3350 1697 3392 eos

108 3436 454 3508 hypocritas,
481 3434 610 3505 quia
633 3450 697 3491 ea
726 3434 903 3489 solum
929 3446 1051 3503 quae
1085 3431 1404 3488 hominibus
1431 3428 1696 3485 videban-

106 3541 224 3593 tur,
257 3527 643 3598 puriftcabant,
680 3524 848 3583 corda
878 3539 1008 3585 vero
1036 3538 1158 3596 qua:
1197 3524 1351 3579 solus
1381 3520 1527 3577 Deus
1549 3521 1697 3589 aspi-

107 3620 208 3684 cit,
238 3619 526 3689 inquinata
554 3617 937 3689 relinquebant
956 3624 1011 3673 et
1040 3614 1285 3673 sordida.
1322 3614 1400 3669 Ad
1428 3613 1693 3690 quosdam

105 3726 241 3783 ergo
257 3727 327 3766 ex
352 3712 636 3781 ipsis,non
665 3710 732 3765 ad
755 3725 948 3765 omnes
976 3708 1195 3765 dicebat
1220 3727 1231 3761 :
1262 3707 1350 3763 Va:
1370 3706 1537 3769 vobis,
1554 3703 1697 3757 Scri-

106 3804 188 3859 ba:
216 3813 268 3858 et
301 3802 566 3857 Pharisaei
619 3802 941 3873 hypocrita,
997 3802 1124 3871 quia
1181 3798 1452 3852 mundatis
1506 3796 1692 3850 colicis

104 3907 159 3950 et
200 3895 505 3965 poropsidis
559 3896 698 3968 quod
731 3895 929 3965 deforis
986 3902 1087 3961 est,
1120 3893 1262 3946 intus
1313 3900 1491 3946 autem
1536 3890 1693 3962 plena

103 3998 232 4043 sunt
283 3987 550 4042 sordibus.
585 3986 859 4044 Phariswe
879 4002 1035 4050 race,
1070 3984 1303 4040 emunda
1353 3984 1501 4053 prius
1553 3981 1692 4054 quod

101 4082 255 4136 intus
286 4089 391 4147 est,
442 4090 493 4133 et
522 4077 660 4151 quod
695 4078 895 4148 deforis
922 4087 1002 4133 est
1047 4079 1147 4135 erit
1179 4076 1435 4132 mundum
1454 4077 1522 4132 “.
1554 4075 1694 4132 Vere

99 4174 259 4229 enim
289 4171 338 4226 si
367 4188 522 4228 mens
549 4171 842 4229 mundetur
863 4171 985 4227 luce
1009 4170 1416 4236 scientiae,cum
1440 4169 1559 4242 ipsa
1582 4168 1695 4224 fue-

100 4266 179 4320 rit
204 4264 411 4319 muuda
450 4278 517 4318 ac
556 4263 860 4334 splendida,
897 4270 1030 4317 tunc
1062 4263 1227 4319 etiam
1257 4262 1379 4333 ejus
1418 4262 1511 4334 qui
1540 4260 1692 4317 defo-

98 4362 186 4418 ris
220 4368 307 4417 est
332 4360 573 4417 hominis
594 4360 712 4430 ipsa
736 4358 1051 4417 necessario
1081 4373 1271 4414 curam
1301 4357 1463 4429 gerit,
1508 4356 1564 4411 id
1606 4363 1692 4411 est

99 4454 296 4510 carnis
341 4468 476 4516 suae,
518 4459 578 4507 ut
612 4459 669 4509 et
697 4452 814 4521 ipsa
844 4450 1185 4521 purificetur.
1222 4448 1329 4506 Ubi
1357 4455 1541 4504 autem
1581 4448 1689 4504 ista

1801 3245 1913 3303 lum
1938 3253 2165 3309 norunt,
2199 3247 2437 3302 scientes
2467 3244 2618 3316 quia,
2653 3245 2699 3301 si
2734 3258 2900 3315 opera
2930 3243 3149 3297 illorum
3183 3241 3393 3297 nostris

1798 3339 2061 3410 cperibus
2087 3339 2321 3403 collata,
2369 3339 2422 3394 in
2453 3339 2543 3393 die
2572 3337 2769 3408 judicii
2800 3336 3002 3391 similia
3038 3334 3392 3390 inveniantur

1797 3446 1862 3487 ac
1891 3432 2068 3501 paria,
2102 3430 2356 3486 confusio
2386 3430 2549 3486 nobis
2572 3430 2700 3493 erit,
2732 3428 2879 3500 quod
2911 3428 3149 3497 mquales
3178 3428 3389 3482 inveni-

1797 3537 1921 3579 mur
1949 3523 2005 3578 in
2036 3523 2297 3593 Operibus
2326 3522 2415 3576 his
2444 3522 2538 3593 qui
2581 3530 2807 3593 propter
2851 3521 3219 3592 ignorantiam
3250 3536 3385 3576 con-

1796 3611 2148 3679 demnantur,
2164 3622 2217 3667 et
2233 3613 2440 3668 nullam
2470 3628 2622 3683 spem
2645 3613 2815 3667 futuri
2842 3614 3027 3670 steculi
3056 3614 3383 3672 habuerunt.

1868 3704 2007 3760 XIV.
2033 3703 2098 3758 Et
2121 3720 2246 3760 vere
2268 3703 2432 3776 digna
2456 3704 2710 3759 confusio
2737 3712 2843 3773 est,
2874 3705 2965 3760 ubi
2989 3705 3126 3762 nihil
3152 3709 3386 3779 amplius

1796 3798 2068 3868 gessimus
2094 3797 2163 3851 ab
2191 3796 2276 3852 his
2301 3797 2503 3867 quibus
2532 3798 2768 3868 amplius
2797 3798 3187 3854 intelleximus.
3228 3802 3385 3868 Quod

1795 3890 1843 3945 si
1872 3890 2126 3947 confusio
2154 3889 2317 3946 nobis
2344 3890 2449 3947 erit
2476 3891 2717 3962 mquales
2741 3891 2823 3947 eis
2848 3891 3083 3951 inveniri
3116 3892 3173 3947 in
3204 3894 3386 3963 ορθτί-

1794 3984 1899 4040 bus
1927 3984 2110 4051 bonis,
2142 3983 2274 4057 quid
2303 3985 2409 4039 erit
2438 3986 2620 4055 nobis,
2654 3986 2702 4039 si
2732 3984 3023 4042 inferiores
3052 4001 3155 4043 nos
3188 4001 3253 4041 ac
3282 3987 3384 4043 de-

1794 4079 2026 4135 teriores
2069 4078 2402 4134 examinatio
2449 4078 2635 4133 futura
2677 4079 2963 4150 reperiat?
3005 4080 3206 4135 Audite
3250 4096 3384 4150 ergo

1793 4171 2067 4245 quomodo
2089 4171 2157 4225 de
2196 4170 2282 4225 his
2312 4186 2413 4225 uos
2443 4172 2557 4240 ipse
2585 4186 2750 4227 verus
2776 4169 3050 4243 Propheta
3094 4172 3378 4240 docuerit;

1795 4264 1863 4321 ad
1892 4279 1988 4320 eos
2016 4264 2161 4319 enim
2193 4264 2289 4334 qui
2321 4265 2605 4336 negligunt
2643 4264 2835 4319 audire
2862 4265 3030 4320 verba
3062 4266 3377 4335 sapientiae,

1795 4356 1869 4412 ita
1900 4356 1976 4411 ait
2002 4376 2014 4410 :
2052 4355 2249 4428 Regina
2281 4357 2455 4411 austri
2486 4368 2665 4428 surget
2696 4358 2751 4412 in
2774 4357 2983 4428 judicio
3012 4374 3131 4412 cum
3159 4374 3380 4429 genera-

1796 4450 1933 4503 tione
1958 4449 2059 4503 ltac
2088 4460 2134 4503 et
2165 4448 2529 4504 condemnabit
2571 4467 2691 4505 eam
2714 4491 2728 4515 ,
2771 4452 2897 4521 quia
2930 4451 3068 4506 venit
3110 4468 3143 4505 a
3184 4452 3377 4520 ﬁnibus

98 4560 228 4616 qua:
249 4542 454 4598 deforis
487 4552 571 4597 est
592 4541 896 4611 purificatio
927 4540 1112 4595 carnis
1132 4538 1445 4610 negligitur,
1473 4548 1685 4597 certum
1719 4530 1763 4585 Ι)
1789 4551 1944 4598 terra:
1970 4541 2155 4597 audire
2182 4543 2495 4611 sapientiam
2520 4541 2846 4607 Salomonis,
2870 4553 2919 4597 et
2940 4560 3057 4599 ecce
3083 4543 3376 4613 plusquam

95 4646 190 4694 est
219 4637 295 4693 ibi
316 4652 496 4707 neque
516 4635 583 4691 de
611 4636 849 4705 puritate
868 4634 1089 4698 mentis,
1115 4647 1181 4689 ac
1207 4630 1472 4688 munditia
1506 4629 1691 4689 cordis

97 4745 300 4788 curam
330 4731 467 4801 geri.
490 4728 569 4785 Ita
595 4744 729 4800 ergo
748 4728 827 4793 iit,
868 4734 929 4782 ut
956 4728 1005 4782 is
1045 4726 1264 4797 quidem
1301 4725 1395 4797 qui
1423 4723 1689 4781 intrinse-

97 4840 208 4879 cus
249 4823 488 4879 mundus
529 4820 956 4887 est,~mundetur
985 4820 1105 4877 sine
1129 4818 1300 4875 dubio
1338 4823 1393 4871 et
1419 4815 1692 4874 extrinse-

95 4933 227 4980 cus,
252 4930 364 4971 non
385 4929 601 4984 semper
620 4922 803 4973 autem
826 4915 873 4970 is
890 4914 982 4984 qui
1002 4912 1301 4971 mundatur
1320 4909 1689 4976 extrinsecus,

94 5010 272 5065 etiam
323 5008 661 5065 intrinsecus
698 5007 936 5064 mundus
977 5014 1084 5071 est,
1116 5004 1372 5063 videlicet
1422 5018 1547 5059 cum
1574 5002 1685 5073 agit

95 5099 221 5154 haec
256 5103 316 5151 ut
346 5098 602 5153 omnibus
631 5096 864 5167 placeat.

174 5187 292 5243 ΧΗ.
336 5187 445 5244 Sed
492 5196 548 5243 et
587 5189 680 5243 illa
723 5188 936 5259 species
973 5186 1311 5242 castimonia:
1345 5182 1685 5241 observanda

91 5290 209 5344 est,
266 5288 325 5335 ut
357 5296 426 5335 ne
456 5282 662 5350 passim
703 5288 757 5335 et
794 5279 1037 5334 libidinis
1066 5280 1239 5333 solius
1268 5292 1436 5332 causa
1465 5275 1684 5330 feminis

93 5380 349 5437 coeatur,
380 5373 475 5428 sed
502 5373 838 5443 posteritatis
866 5370 1184 5443 reparanda:
1213 5371 1406 5441 gratia.
1431 5368 1563 5435 Qua:
1583 5368 1684 5422 ob-

95 5468 385 5523 servantia
400 5482 525 5521 cum
544 5468 601 5522 in
619 5468 902 5523 nonnullis
932 5468 1094 5522 etiam
1110 5466 1410 5537 pecudibus
1438 5464 1683 5518 invenia-

94 5568 216 5624 tur,
232 5559 465 5630 pudoris
483 5567 570 5617 est
610 5560 659 5617 si
682 5575 795 5619 non
825 5561 895 5617 ab
916 5560 1235 5616 hominibus
1257 5560 1683 5618 rationabilibus

168 5720 446 5797 “Jiatth.
471 5735 627 5797 xxm,
663 5718 755 5797 2_5_,
793 5718 887 5777 26.
962 5720 1007 5753 “
1031 5719 1219 5777 Matth.
1246 5739 1299 5791 v,
1325 5719 1416 5787 2|,
1437 5719 1524 5789 Ξῖ,
1556 5718 1657 5787 28;
1685 5718 1817 5784 Luc.
1847 5734 1920 5793 vt,
1947 5722 2041 5780 27.
2116 5722 2160 5797 δ’.
2189 5719 2378 5777 Matth.
2408 5716 2603 5786 undi;
2633 5715 2764 5773 Luc.
2800 5733 2875 5785 xi,
2907 5718 2996 5772 5i.

100 5808 180 5861 tu,
206 5793 311 5861 32;
350 5791 537 5845 Matth.
565 5806 661 5857 xII,
683 5791 776 5847 M.

430 5889 707 5972 Ρλςηιοι..
744 5890 860 5951 Gn.
910 5889 955 5951 Ι.

1791 4634 2050 4691 Salomon
2081 4634 2163 4690 hic
2184 4675 2200 4700 ,
2233 4645 2283 4690 et
2306 4652 2410 4691 non
2439 4636 2664 4691 audiunt
2682 4634 2748 4694 ".
2783 4636 2866 4690 Ad
2899 4651 2995 4691 eos
3025 4650 3156 4690 vero
3183 4636 3275 4705 qui
3308 4636 3379 4691 de

1789 4727 1950 4782 malis
1981 4728 2198 4783 actibus
2227 4743 2419 4799 gerere
2446 4729 2828 4798 paenitentiam
2861 4728 3262 4791 detrectabant,
3301 4729 3374 4782 ita

1790 4820 1865 4875 ait
1898 4839 1913 4874 :
1956 4819 2071 4874 Viri
2105 4820 2361 4876 Ninivita:
2401 4832 2615 4894 surgent
2658 4823 2713 4875 in
2746 4820 2953 4889 judicio
2994 4837 3113 4875 cum
3154 4838 3376 4891 genera-

1789 4914 1928 4970 tione
1964 4913 2062 4968 Itac
2105 4924 2154 4971 et
2184 4915 2608 4971 condemnabam
2652 4930 2791 4979 eam,
2842 4914 2967 4984 quia
3015 4916 3376 4984 penitentiam

1788 5016 2004 5077 egerunt
2058 5007 2114 5061 in
2154 5007 2534 5076 pra‘dicatione
2574 5004 2766 5071 Jona’,
2816 5015 2867 5059 et
2909 5023 3025 5061 ecce
3065 5006 3184 5076 plus
3214 5022 3375 5075 quam

1789 5100 1961 5156 Jonas
1990 5102 2073 5155 hic
2113 5099 2434 5155 "-”.Vides
2452 5113 2583 5169 ergo
2611 5097 2887 5170 quomodo
2917 5114 3013 5154 eos
3037 5098 3130 5167 qui
3159 5098 3379 5153 erudie-

1790 5196 1992 5251 bantur
2006 5210 2072 5252 ex
2084 5191 2478 5264 lege,adductis
2504 5191 2572 5245 ad
2584 5191 2891 5261 exemplum
2920 5192 3029 5245 illis
3040 5190 3133 5261 qui
3158 5206 3221 5246 ex
3242 5206 3377 5262 gen-

1788 5288 1871 5341 tili
1902 5287 2211 5357 ignorantia
2252 5285 2563 5346 veniebant,
2594 5290 2647 5337 et
2678 5284 2976 5338 ostendens
3007 5298 3102 5337 eos
3136 5299 3238 5338 nec
3266 5285 3373 5337 illis

1790 5380 2028 5449 tequalcs
2051 5394 2173 5433 esse
2196 5377 2288 5448 qui
2313 5377 2367 5429 in
2387 5390 2574 5430 errore
2601 5374 2765 5445 positi
2790 5375 3137 5437 videbantur,
3163 5390 3229 5430 ex
3255 5376 3373 5446 ipsa

1791 5478 2000 5525 tantum
2034 5472 2445 5541 comparatione
2474 5468 2824 5523 condemnat.
2856 5466 2933 5520 Bx
2967 5468 3167 5537 quibus
3194 5471 3373 5522 omni-

1789 5562 1895 5619 bus
1923 5579 2105 5620 sermo
2126 5578 2286 5635 quem
2311 5560 2701 5632 proposuimus
2732 5560 3086 5630 approbatur,
3117 5567 3179 5619 ut
3203 5562 3373 5619 casti-

3093 5718 3207 5764 δυ’
3236 5718 3367 5773 Luc.

2888 5890 2966 5949 103
