3904 6354
506 277 641 332 1Ξῖἱὸ

1302 272 1358 326 S.
1401 266 1796 324 CLEMENTIS
1835 267 1854 319 l
1895 264 2063 322 ROM.
2105 265 2308 324 ΡΟΝΤ.
2352 264 2580 321 OI’ERA
2622 263 2853 320 DL‘BIA.
3636 257 3764 312 1356

506 393 711 453 monia,
745 405 867 461 quae
894 389 1241 458 aliquatenus
1272 385 1434 440 etiam
1468 386 1536 438 ab
1569 384 1653 439 his
1688 385 1780 452 qui
1811 383 1865 436 in
1894 398 2084 439 errore
2114 392 2156 446 Α
2185 381 2600 454 praecedentium
2627 373 3401 446 fuerantordinati,proﬁcisci
3417 371 3772 427 Antiochiam

506 494 636 541 sunt
660 484 820 556 positi
846 481 1178 542 custoditur,
1209 478 1380 533 multo
1407 478 1598 548 purius
1623 485 1674 531 et
1701 478 1960 532 attentius
1987 492 2084 547 per

507 579 754 650 singulas
782 589 1026 648 quasque
1046 613 1061 639 ,
1102 573 1246 630 sicut
1278 585 1443 642 supra
1477 570 1838 633 ostendimus,
1873 571 2082 640 species

507 685 538 724 a
565 670 726 725 nobis
757 671 850 739 qui
883 667 1168 721 veritatem
1202 664 1485 734 sequimur
1514 670 1784 726 teneatur,
1813 677 1878 716 eo
1910 661 2082 730 magis

505 778 615 832 quo
681 761 822 832 apud
852 775 953 815 nos
978 759 1339 815 observantia:
1361 757 1480 826 eius
1503 755 1724 825 praemia
1756 762 1958 809 aeterna
1984 771 2082 824 po-

517 858 608 910 tita
635 861 782 909 sunt.

576 947 696 1004 XV.
727 945 851 1002 Haec
874 954 929 1003 et
949 946 1036 1002 his
1059 945 1258 1001 similia
1284 958 1407 998 cum
1431 943 1682 1008 dixisset,
1709 940 1900 995 turbas
1921 938 2083 993 dimi-

515 1041 577 1096 tit
601 1081 616 1105 ,
649 1048 702 1094 et
728 1055 794 1094 ex
829 1054 980 1094 more
1010 1054 1136 1094 cum
1170 1035 1532 1090 familiaribus
1563 1035 1679 1089 suis
1708 1032 1834 1088 cibo
1864 1040 2082 1101 sumpto

505 1134 734 1206 quievit.
757 1133 872 1188 Hoc
903 1140 1084 1188 autem
1110 1130 1272 1186 modo
1296 1146 1390 1201 per
1412 1138 1524 1185 tres
1547 1130 1838 1183 continuos
1864 1141 2082 1183 menses

504 1240 628 1280 cum
650 1227 877 1281 verbum
901 1224 994 1280 Dei
1022 1223 1244 1278 doceret
1269 1233 1322 1276 et
1352 1223 1620 1292 plurimos
1647 1225 1988 1275 converteret
2013 1216 2082 1272 ad

506 1315 690 1383 fidem,
736 1315 803 1370 ad
840 1316 1093 1370 ultimum
1122 1316 1373 1385 jejunare
1403 1330 1489 1369 me
1515 1313 1717 1384 jussit,
1757 1321 1811 1368 et
1848 1320 1971 1382 post
2001 1312 2084 1382 je-

500 1410 718 1478 junium
767 1410 825 1464 in
872 1409 1114 1464 fontibus
1157 1408 1248 1479 qui
1297 1407 1539 1478 contigui
1581 1407 1851 1460 habentur
1899 1405 2080 1469 mari,

506 1501 765 1570 perennis
789 1517 943 1572 aqua:
971 1500 1102 1556 mihi
1140 1501 1472 1570 baptismum
1502 1497 1672 1554 dedit.
1708 1497 1952 1567 Cumque
1982 1511 2082 1565 pro

507 1594 935 1664 regenerationis
966 1594 1138 1665 gratia
1169 1592 1432 1647 divinitus
1465 1591 1597 1644 mihi
1628 1590 1823 1644 collata
1849 1630 1862 1654 ,
1901 1587 2080 1643 feriati

507 1699 630 1740 cum
665 1686 940 1757 fratribus
986 1686 1091 1741 ιωῑί
1136 1685 1476 1756 egissemus,
1524 1681 1718 1738 Petrus
1756 1695 1851 1736 eos
1886 1680 1979 1750 qui
2012 1679 2079 1734 ad

2181 475 2335 546 jubet
2358 481 2521 544 atque
2544 473 2616 527 ibi
2639 481 2752 527 tres
2777 472 2914 526 alios
2938 479 3256 541 exspectare
3279 480 3529 522 menses.
3555 462 3778 529 Quibus

2185 565 2450 636 profectis
2469 604 2485 629 ,
2516 566 2632 634 ipse
2659 579 2754 619 eos
2783 564 2877 634 qui
2911 562 3067 618 fidem
3101 562 3313 616 Domini
3342 561 3509 632 plene
3542 572 3779 627 recepe-

2185 669 2330 721 rant,
2363 658 2642 712 deducens
2671 656 2738 710 ad
2762 655 2940 710 fontes
2963 669 3101 725 quos
3123 655 3258 709 mari
3282 653 3584 723 contiguos
3611 666 3778 720 supra

2185 753 2430 809 diximus
2462 751 2797 821 baptizavit,
2835 756 2889 804 et
2929 748 3320 804 eucharistiam
3353 747 3623 813 frangens
3652 759 3778 798 cum

2185 845 2290 912 eis,
2308 844 2582 898 Maronem
2605 844 2700 913 qui
2729 857 2851 898 eum
2884 842 3120 910 hospitio
3149 849 3432 912 receperat
3463 837 3779 909 perfectum

2181 937 2295 1008 jam
2327 938 2382 992 in
2415 937 2672 992 omnibus
2692 975 2708 1000 ,
2739 934 3023 989 constituit
3053 935 3134 990 eis
3163 934 3521 1004 episcopum,
3555 939 3613 984 et
3642 929 3782 984 duo-

2184 1031 2362 1085 decim
2393 1045 2519 1084 cum
2552 1044 2617 1084 eo
2651 1028 3039 1100 presbyteros,
3081 1028 3354 1094 simulque
3381 1024 3661 1078 diaconos
3690 1038 3783 1076 or-

2184 1124 2358 1178 dinat.
2422 1121 2666 1178 Instituit
2719 1122 2885 1177 etiam
2941 1121 3187 1175 ordinem
3249 1118 3548 1172 viduarum
3616 1127 3783 1185 atque

2184 1217 2367 1271 omnia
2401 1215 2661 1270 Ecclesiae
2707 1213 3011 1268 ministeria
3039 1212 3315 1282 disponit,
3367 1212 3785 1277 universosque

2186 1309 2446 1364 admonet
2491 1307 2700 1362 Maroni
2745 1307 3007 1377 episc0po
3051 1307 3106 1360 in
3137 1306 3394 1359 omnibus
3425 1319 3554 1373 quae
3589 1301 3784 1372 praecio

2185 1407 2337 1470 peret
2365 1401 2608 1455 obedire.
2642 1397 2705 1453 Et
2727 1399 2801 1452 ita
2823 1399 3039 1454 cunctis
3059 1406 3436 1466 competenter
3461 1394 3782 1464 dispositis,

2184 1507 2310 1546 cum
2340 1493 2508 1545 trium
2539 1491 2809 1546 mensium
2841 1499 3055 1560 tempus
3093 1489 3287 1545 fuisset
3330 1489 3642 1557 expletum,
3688 1500 3784 1536 va-

2185 1585 2486 1641 ledicentes
2517 1585 2603 1650 his
2633 1585 2728 1656 qui
2754 1592 2910 1639 erant
2933 1582 3077 1653 apud
3103 1579 3393 1652 Tripolim,
3426 1577 3780 1634 Antiochiam

2185 1677 2604 1750 proficiscimur.

1564 1953 1922 2043 LIBER
1999 1947 2638 2042 SEPTIMUS.

583 2239 624 2295 l.
667 2237 886 2310 Egressi
917 2235 1136 2290 tandem
1166 2233 1331 2290 etiam
1375 2233 1640 2306 Tripolim
1678 2234 1958 2290 Phoenicis
1997 2251 2092 2290 ure
2120 2244 2164 2300 Β
2194 2234 2439 2290 triduum
2494 2240 2760 2304 quantum
2807 2233 2876 2287 ad
2910 2232 3248 2303 propositum
3293 2247 3482 2287 meum
3526 2244 3784 2304 spectat,

509 2336 630 2390 bem
653 2377 669 2400 ,
715 2333 948 2403 primam
997 2329 1051 2385 in
1096 2327 1383 2385 Ortosiade
1417 2328 1564 2384 haud
1594 2329 1788 2409 procul
1819 2344 1850 2383 a
1877 2327 2088 2399 Tripoli

509 2424 741 2482 fecimus
782 2421 1122 2478 mansionem
1142 2461 1158 2486 ,
1209 2421 1302 2476 ubi
1349 2423 1599 2492 sequenti
1631 2437 1852 2493 quoque
1879 2422 1971 2477 die
2002 2437 2091 2477 re-

508 2519 729 2581 morati,
761 2516 892 2587 quia
920 2531 1111 2570 omnes
1143 2529 1278 2585 pene
1307 2514 1402 2586 qui
1439 2513 1673 2570 Domino
1704 2515 2086 2581 crediderant,

507 2611 639 2665 dum
664 2609 846 2666 divelli
869 2624 900 2662 a
922 2607 1086 2664 Petro
1106 2613 1405 2681 nequeunt,
1430 2607 1526 2663 illo
1547 2623 1724 2679 usque
1745 2609 1916 2664 secuti
1938 2617 2088 2676 sunt;

509 2703 635 2757 inde
683 2700 1058 2756 Antharadum
1105 2699 1379 2756 venimus.
1435 2697 1544 2756 Sed
1592 2700 1739 2771 quod
1783 2701 1940 2755 multi
1988 2716 2092 2758 nos

509 2793 929 2858 comitarentur,
960 2791 1038 2847 ait
1076 2789 1276 2849 Petrus
1317 2790 1386 2846 ad
1431 2790 1678 2849 Nicetam
1719 2792 1884 2848 simul
1930 2802 2092 2863 atque

509 2887 761 2957 Aquilam
788 2906 803 2942 :
837 2885 1106 2953 Quoniam
1130 2885 1351 2956 quidem
1382 2884 1630 2956 plurimae
1656 2885 1889 2940 fratrum
1918 2886 2092 2942 turba

512 2980 799 3034 nobiscum
835 2987 999 3043 sunt,
1044 2987 1098 3034 et
1141 2978 1514 3048 ingredientes
1556 2978 1804 3047 singulas
1849 2993 2094 3050 quasque

513 3071 678 3126 urbes
702 3086 812 3124 non
839 3085 1032 3142 parum
1056 3069 1276 3126 invidia:
1297 3070 1701 3136 contrahimus,
1721 3071 1939 3127 videtur
1960 3071 2091 3126 mihi

512 3163 932 3233 providendum,
965 3171 1025 3218 ut
1055 3177 1232 3233 neque
1263 3163 1400 3233 ipsis
1431 3163 1704 3234 ingratum
1733 3165 1806 3218 sit
1837 3165 1884 3219 si
1908 3165 2095 3235 prohi-

512 3256 748 3311 beantur
778 3255 958 3328 sequi,
992 3271 1169 3327 neque
1197 3256 1356 3311 nobis
1386 3271 1598 3327 pompa:
1629 3257 1864 3326 alicujus
1891 3257 2094 3312 excitet

511 3348 788 3418 malignus
814 3347 1096 3402 invidiam.
1130 3347 1340 3402 Censeo
1369 3347 1556 3418 =taque
1586 3355 1640 3402 te
1662 3346 1906 3402 Nicetam
1932 3358 2096 3418 atque

512 3438 764 3509 Aquilam
793 3439 1100 3510 praecedere
1129 3455 1230 3496 nos
1260 3455 1385 3495 cum
1417 3440 1574 3509 ipsis,
1607 3442 1682 3495 ita
1714 3447 1774 3494 ut
1804 3441 1966 3494 etiam
1999 3456 2096 3498 vos

516 3532 572 3586 in
616 3532 753 3587 duas
787 3523 971 3603 partes
1013 3530 1245 3586 divisam
1289 3531 1693 3587 multitudinem
1735 3531 1948 3588 ducatis
1975 3574 1990 3597 ,
2036 3542 2097 3588 ut

516 3624 750 3693 sparsim
799 3625 972 3694 magis
1022 3641 1184 3695 quam
1233 3625 1337 3680 sub
1371 3640 1481 3678 una
1523 3625 1946 3695 congregatione
1993 3627 2098 3680 iter

516 3723 758 3784 agentes,
783 3717 1030 3788 singulas
1055 3731 1300 3787 quasque
1327 3718 1666 3772 introeamus
1689 3718 1930 3788 gentium
1957 3719 2096 3774 civi-

517 3816 676 3863 tates.

590 3899 653 3955 II.
691 3900 819 3956 Scio
848 3909 1028 3958 autem
1080 3902 1208 3974 quia
1257 3902 1414 3957 triste
1467 3901 1621 3956 vobis
1673 3901 1911 3966 videtur,
1951 3901 2098 3973 quod

516 3990 774 4047 videmini
806 4008 837 4046 a
869 4010 955 4050 me
982 3995 1218 4050 duorum
1262 3995 1456 4049 saltem
1483 3993 1693 4048 dierum
1726 3997 1905 4065 spatio
1940 4012 2100 4068 sepa-

522 4083 664 4151 rari;
697 4086 902 4141 credite
933 4086 1066 4140 mihi
1092 4126 1106 4150 ,
1145 4087 1274 4157 quia
1302 4103 1410 4158 qua
1443 4104 1699 4143 mensura
1730 4089 1958 4161 diligitis
1988 4110 2096 4157 me,

518 4176 750 4246 decuplo
777 4179 1009 4249 amplior
1037 4179 1171 4233 mihi
1200 4195 1420 4250 quoque
1451 4197 1581 4252 erga
1605 4197 1704 4237 vos
1735 4182 1965 4239 aﬂ‘ectus
1992 4193 2097 4248 est,

517 4269 612 4324 sed
643 4272 688 4323 si
717 4285 817 4340 pro
847 4269 1043 4326 aIIectu
1067 4312 1081 4336 ,
1131 4289 1292 4343 quem
1324 4273 1630 4330 adinvicem
1661 4275 1904 4346 gerimus
1925 4317 1940 4341 ,
1989 4293 2099 4332 non

518 4360 786 4416 faciamus
815 4377 937 4432 quae
964 4365 1347 4420 convenientia
1377 4374 1430 4422 et
1463 4366 1692 4423 honesta
1735 4377 1901 4435 sunt,
1962 4369 2103 4423 irra-

515 4453 796 4508 tionabilis
839 4455 1155 4523 hujusmodi
1201 4473 1357 4512 amor
1393 4459 1689 4514 videbitur.
1742 4459 1810 4514 Et
1852 4459 1976 4515 ideo
2006 4477 2103 4518 nec

515 4561 794 4615 quaquam
844 4548 1003 4602 titulo
1047 4549 1336 4605 cbaritatis
1385 4551 1718 4615 imminuto,
1779 4568 1900 4624 qua:
1946 4554 2103 4609 utilia

522 4636 772 4692 videntur
799 4653 866 4693 ac
898 4641 1211 4696 necessaria
1241 4658 1635 4712 procuremus,
1690 4647 1926 4701 maxime
1977 4661 2102 4700 cum

518 4731 702 4787 nullus
732 4731 849 4788 dies
881 4734 1055 4803 possit
1086 4735 1444 4800 intercedere,
1479 4753 1588 4807 quo
1627 4753 1739 4792 non
1767 4738 2102 4810 disputatio-

513 4825 680 4880 nibus
729 4827 868 4882 meis
917 4829 1184 4885 interesse
1233 4829 1617 4900 possitis-Per
1662 4833 1909 4903 singulas
1953 4834 2099 4887 enim

2193 2328 2453 2398 insequar
2475 2342 2595 2384 vos.
2634 2323 3002 2396 Opperiemini
3037 2333 3217 2378 autem
3241 2340 3327 2380 me
3357 2324 3427 2378 ad
3464 2327 3782 2395 proximum

2192 2427 2364 2492 portae
2397 2418 2637 2477 civitatis
2667 2417 2940 2474 stabulum
2961 2459 2977 2482 ,
3027 2427 3080 2472 et
3113 2416 3239 2471 inde
3267 2418 3472 2472 iterum
3502 2419 3779 2485 similiter,

2192 2530 2317 2570 cum
2343 2512 2463 2568 dies
2497 2512 2570 2566 ibi
2599 2513 2807 2582 aliquot
2836 2511 3288 2582 transegerimus,
3329 2512 3660 2582 pracedetis
3698 2529 3784 2568 me

2192 2608 2260 2664 ad
2282 2607 2570 2663 ulteriores
2587 2605 2859 2671 civitates;
2878 2612 2933 2658 et
2961 2604 3064 2658 hoc
3082 2619 3182 2660 vos
3205 2603 3384 2659 facere
3405 2620 3508 2674 per
3531 2605 3783 2672 singulas

2193 2703 2377 2773 cupio,
2401 2698 2742 2756 declinanda
2761 2706 3026 2769 quantum
3050 2697 3106 2752 in
3129 2698 3288 2753 nobis
3309 2709 3396 2753 est
3414 2698 3640 2752 invidia:
3659 2714 3784 2769 gra-

2193 2795 2290 2861 tia,
2305 2803 2433 2852 etut
2449 2795 2646 2850 fratres
2667 2793 2760 2864 qui
2774 2792 3061 2848 nobiscum
3079 2799 3228 2855 sunt,
3248 2792 3416 2846 vestri
3437 2793 3785 2861 providentia

2195 2903 2292 2960 per
2322 2887 2572 2959 singulas
2599 2886 2849 2942 civitates
2881 2895 3067 2956 parata
3115 2885 3459 2940 invenientes
3504 2885 3746 2955 hospitia
3768 2925 3783 2944 ,

2195 2979 2380 3036 minus
2401 2980 2587 3052 vagari
2617 2979 2928 3034 videantur.

2268 3070 2356 3127 III.
2399 3071 2525 3128 Haec
2559 3071 2776 3128 dicente
2806 3069 2990 3134 Petro,
3031 3068 3343 3124 necessario
3391 3068 3786 3138 acquiescunt,

2197 3165 2443 3222 dicentes
2476 3185 2488 3221 :
2521 3163 2641 3219 Non
2675 3163 2833 3218 valde
2865 3178 2966 3218 nos
3006 3163 3295 3218 contristat
3324 3163 3432 3217 hoc
3459 3179 3631 3234 agere
3655 3165 3791 3233 quia

2198 3271 2228 3310 a
2259 3266 2310 3313 te
2333 3257 2611 3328 jubemur,
2644 3257 2736 3328 qui
2769 3255 2952 3310 omnia
2979 3265 3033 3310 et
3058 3256 3195 3310 bene
3220 3270 3382 3325 agere
3404 3264 3460 3310 et
3485 3256 3627 3310 bene
3655 3269 3792 3308 eon-

2199 3351 2380 3406 sulere
2414 3365 2509 3420 per
2538 3349 2742 3404 Christi
2779 3347 3174 3418 providentiam
3212 3349 3424 3402 electus
3454 3363 3556 3413 es,
3603 3347 3699 3400 sed
3738 3357 3792 3400 et

2199 3458 2307 3496 una
2344 3443 2432 3497 die
2458 3452 2550 3497 aut
2581 3442 2628 3498 si
2657 3442 2887 3496 multum
2918 3439 3119 3507 biduo,
3155 3440 3410 3511 quamvis
3443 3439 3658 3510 grande
3691 3440 3787 3502 sit,

2202 3534 2255 3588 in
2291 3535 2394 3590 hoc
2422 3534 2570 3588 omni
2603 3535 2782 3605 spatio
2825 3549 2935 3588 non
2971 3533 3157 3588 videre
3202 3533 3488 3587 dominum
3536 3541 3789 3586 nostrum

2199 3626 2418 3681 Petrum
2441 3666 2458 3691 ,
2490 3635 2668 3682 tamen
2698 3626 2981 3682 tolerabile
3009 3637 3113 3681 est.
3157 3625 3597 3680 Consideramus
3643 3627 3787 3678 enim

2199 3719 2331 3790 quid
2380 3719 2661 3790 patiantur
2712 3719 2789 3773 illi
2835 3717 3127 3773 duodecim
3182 3716 3383 3772 fratres
3423 3717 3650 3780 nostri,
3697 3719 3786 3785 qui

2199 3811 2514 3882 prmcedunt
2538 3825 2660 3875 nos,
2694 3818 2747 3865 et
2781 3825 3021 3866 mensem
3047 3823 3183 3879 pene
3209 3810 3486 3880 integrum
3512 3825 3581 3864 ex
3614 3811 3788 3863 tribus

2201 3903 2502 3968 mensibus,
2528 3903 2726 3974 quibus
2749 3918 2845 3972 per
2867 3917 3307 3971 unamquamque
3329 3902 3527 3955 urbem
3553 3902 3782 3957 resides.

2200 4004 2355 4052 tanto
2401 3997 2545 4051 bono
2583 3995 2804 4050 auditus
2831 3995 2908 4048 tui
2939 3993 3278 4063 visionisque
3327 3993 3684 4050 fraudantur.
3718 3993 3785 4048 l't

2201 4104 2332 4159 ergo
2358 4088 2541 4158 jubes,
2574 4088 2702 4158 quia
2729 4096 2875 4142 recte
2899 4085 3082 4142 omnia
3111 4085 3301 4156 jubes,
3335 4102 3500 4158 agere
3531 4103 3645 4141 non
3675 4105 3784 4141 me-

2203 4183 2472 4236 rabimur.
2514 4180 2580 4233 Et
2609 4181 2695 4235 his
2734 4181 2898 4236 dictis
2942 4195 3292 4250 pmcessere,
3339 4181 3590 4250 acceptis
3635 4197 3782 4234 man-

2201 4274 2387 4342 datis,
2442 4285 2500 4329 ut
2549 4282 2701 4330 extra
2752 4273 2940 4328 urbem
2987 4274 3396 4343 alloquerentur
3451 4271 3655 4328 fratres
3697 4275 3784 4343 qui

2203 4381 2391 4422 secum
2435 4367 2539 4422 iter
2585 4365 2838 4436 agebant,
2884 4380 2954 4420 ne
2999 4366 3291 4434 constipati
3339 4374 3395 4419 et
3441 4366 3609 4435 quasi
3664 4381 3785 4419 cum

2204 4459 2466 4522 tumultu,
2495 4458 2590 4513 sed
2613 4457 2846 4528 sparsim
2869 4464 2922 4512 et
2949 4457 3003 4511 in
3029 4457 3190 4512 binos
3213 4458 3375 4512 divisi
3406 4457 3788 4529 ingrediantur

2205 4552 2485 4608 civitates.

2273 4643 2364 4700 IV.
2395 4643 2597 4699 Verum
2622 4644 2734 4715 (55)
2760 4643 2850 4699 ubi
2872 4644 2947 4698 illi
2971 4643 3200 4715 profecti
3230 4650 3378 4702 sunt,
3405 4656 3513 4712 ego
3534 4642 3784 4697 Clemens

2204 4737 2360 4793 valde
2390 4738 2610 4808 gavisus
2653 4752 2775 4792 sum
2849 4738 2992 4807 quod
3037 4751 3122 4790 me
3170 4751 3354 4790 secum
3387 4751 3515 4790 esse
3556 4735 3706 4798 fecit,
3735 4745 3786 4789 et

2205 4831 2292 4884 aio
2322 4829 2390 4883 ad
2420 4845 2544 4884 eum
2577 4849 2590 4884 :
2622 4829 2733 4884 Deo
2754 4829 2958 4900 gratias
2991 4843 3112 4899 ago,
3140 4827 3286 4898 quod
3313 4843 3400 4882 me
3425 4842 3539 4882 non
3575 4828 3786 4897 praemi-

515 4935 765 4990 quasque
788 4921 1084 4978 nobiliores
1106 4923 1513 4994 provinciarum
1535 4923 1784 4977 civitates
1806 4923 2090 4994 preposui,
2128 4942 2170 4998 D
2205 4921 2327 4978 sisti
2349 4938 2472 4977 cum
2491 4922 2633 4986 aliis,
2651 4937 2777 4976 nam
2800 4922 3024 4976 tristitia
3051 4919 3382 4977 interissem.
3399 4920 3545 4974 Tum
3560 4919 3780 4974 Petrus:

439 5065 442 5068 .
517 5013 662 5067 sicut
689 5012 855 5068 etiam
875 5030 973 5070 vos
989 5016 1175 5077 scitis.
1201 5016 1374 5071 ternis
1399 5015 1628 5070 docendi
1657 5016 1831 5086 gratia
1857 5017 2098 5072 residere

519 5106 824 5163 mensibus.
877 5106 1033 5163 Nunc
1089 5123 1219 5180 ergo
1268 5107 1617 5172 Laodiciam,
1684 5123 1807 5178 quae
1841 5118 1928 5166 est
1966 5110 2097 5165 urbs

520 5199 790 5268 proxima,
821 5201 1107 5270 praecedite
1157 5216 1270 5266 me,
1313 5207 1381 5254 et
1424 5215 1525 5270 ego
1556 5207 1680 5271 post
1723 5201 1952 5256 biduum
2003 5211 2098 5255 aut

2205 5015 2271 5070 Et
2304 5016 2432 5086 quid
2472 5014 2580 5079 fiet,
2618 5015 2827 5084 inquit,
2873 5015 2919 5069 si
2950 5014 3252 5069 necessitas
3288 5016 3539 5083 exegerit
3570 5013 3706 5066 mitti
3739 5023 3785 5065 te

2203 5111 2387 5180 aliquo
2411 5109 2673 5164 doctrina:
2702 5107 2905 5180 gratia?
2937 5117 3222 5177 separatus
3252 5121 3282 5158 a
3313 5122 3401 5160 me
3427 5104 3532 5176 pro
3561 5107 3783 5161 utilitate

2204 5201 2492 5257 morieris?
2527 5217 2629 5257 nec
2654 5200 2976 5269 tibimetipsi
3007 5198 3302 5270 imperabis
3347 5197 3494 5254 ferre
3521 5198 3783 5268 patienter

1823 5423 2195 5481 COTELERII
2229 5424 2464 5482 NOTAE.

625 5565 715 5635 33)
762 5566 976 5631 Verum,
1005 5561 1538 5635 etc.‘Prznpo_nuntur
1561 5563 1615 5635 in
1640 5560 1829 5616 codice
1848 5559 1951 5635 PP.
1980 5559 2108 5635 Car:

528 5632 836 5691 melitarum
871 5639 984 5691 hzec
1033 5632 1277 5690 iutrusai
1314 5633 1376 5687 In
1418 5643 1519 5687 oct.
1562 5632 1682 5704 [pro
1719 5632 1876 5704 δέρῃ]
1928 5632 2106 5704 sancti

531 5706 832 5764 Clementis.
868 5708 977 5778 Ego
1013 5705 1249 5762 Clemens
1279 5705 1403 5759 dum
1446 5702 1610 5760 essent
1649 5719 1765 5757 cum
1803 5702 2103 5759 beatissimo

2212 5559 2372 5614 Petro
2419 5558 2677 5626 apostolo,
2729 5555 2957 5626 quodam
3004 5555 3086 5609 die
3117 5555 3233 5610 dixi
3254 5555 3330 5609 ad
3367 5571 3490 5608 eum
3517 5569 3537 5606 :
3569 5553 3779 5608 Gratias

2210 5648 2307 5712 ag_o
2340 5631 2473 5714 Rea,
2506 5628 2641 5710 quod
2677 5644 2758 5681 me
2785 5644 2886 5683 non
2907 5628 3182 5697 permittas
3212 5626 3453 5698 separari
3483 5651 3518 5680 ο
3553 5636 3635 5692 te;
3664 5640 3779 5679 nam

2209 5710 2430 5757 tristitia
2451 5710 2764 5758 iutertssem.
