3848 6270
177 316 297 371 1557

1268 307 1817 363 RELOGNITIONUM
1855 307 1975 362 LIB.
2018 306 2103 359 Vll

3172 303 3303 357 ιδδε

179 440 284 496 quae
307 422 591 476 necessitas
614 420 969 489 imposuerit?
992 430 1083 475 aut
1107 421 1322 491 ignoras
1337 459 1351 481 ,
1376 421 1499 488 quia
1523 417 1678 471 amici
1707 424 1754 480 Α
1776 433 1899 471 cum
1921 418 2158 471 oleribus
2178 418 2229 470 in
2255 432 2352 471 usu
2375 417 2597 487 est(55),
2623 418 2986 470 indumentum
3006 426 3180 470 autem
3204 417 3305 471 hoc

180 528 367 583 semper
386 510 539 564 simul
581 517 705 564 sunt
726 548 740 570 ,
770 520 821 563 et
848 510 975 564 licet
1000 510 1314 578 corporibus
1344 515 1676 577 separentur,

182 600 415 657 memoria
440 608 614 651 tamen
637 599 975 666 junguntur?
1019 600 1159 653 sicut
1202 598 1503 652 econtrario
1545 611 1681 649 non-

182 691 295 745 nulli
324 689 638 757 corporibus
666 704 768 741 una
798 689 976 757 positi,
1006 688 1199 741 animis
1229 687 1559 740 dividuntur.

244 780 299 836 ν.
336 779 398 831 Et
420 794 514 848 ego
541 779 790 845 respondi
818 797 831 832 :
856 778 971 831 Non
999 788 1173 847 putes,
1207 776 1276 829 mi
1308 777 1538 840 domine,
1567 777 1679 831 haec

181 885 252 924 me
278 869 701 922 irrationabiliter
738 867 866 934 pati,
900 867 991 920 sed
1017 877 1159 919 certa
1186 874 1239 919 et
1267 873 1514 919 causa'et
1541 865 1679 918 ratio

178 970 248 1013 est
283 961 435 1026 hujus
459 973 581 1026 erga
619 966 673 1009 te
699 957 918 1009 affectus
961 958 1084 1008 mei.
1114 955 1189 1009 Te
1211 956 1351 1008 enim
1382 956 1551 1007 solum
1581 969 1680 1023 pro

179 1048 404 1101 omnibus
422 1050 555 1103 meis
572 1047 846 1100 affectibus
870 1048 1165 1113 habeo,pro
1182 1052 1349 1113 patre,
1368 1058 1465 1112 pro
1485 1051 1674 1106 matre,

179 1151 262 1204 pro
282 1136 544 1201 fratribus;
564 1151 725 1203 super
746 1136 855 1187 hate
877 1143 1051 1187 autem
1069 1135 1244 1187 omnia
1267 1140 1367 1194 est,
1390 1133 1529 1201 quod
1547 1133 1675 1185 mihi

176 1227 510 1280 sal‘utiseausa
520 1225 931 1293 etagnoscenda:
946 1224 1186 1278 veritatis
1205 1231 1261 1276 tu
1279 1223 1426 1276 solus
1464 1222 1673 1277 existis.

178 1315 267 1369 Sed
304 1325 354 1369 et
395 1316 519 1367 illud
559 1331 664 1367 non
713 1315 841 1366 mihi
879 1314 932 1366 in
974 1320 1243 1381 postremo
1282 1312 1506 1365 habetur
1535 1312 1673 1374 loco,

173 1406 297 1474 quod
318 1405 564 1473 juvenilis
586 1413 715 1457 tetas
742 1418 862 1471 quae
893 1403 946 1456 in
975 1418 1059 1456 me
1083 1409 1187 1465 est,
1217 1401 1676 1469 concupiscentia-

172 1511 275 1547 min
304 1494 505 1548 insidiis
532 1493 805 1560 subjacet,
835 1501 889 1545 et
913 1507 1100 1545 vereor
1132 1505 1252 1544 esse
1278 1490 1397 1543 sine
1422 1497 1491 1549 te,
1519 1489 1674 1557 cujus

171 1584 269 1635 sola
290 1582 565 1652 praesentia
603 1582 779 1635 omnis
818 1581 1027 1633 luxuria
1066 1579 1311 1648 quamvis
1355 1578 1561 1632 ratione
1588 1593 1675 1630 ca-

171 1680 287 1734 reat,
315 1671 608 1735 erubescit;
646 1670 767 1723 licet
788 1670 1053 1724 conﬁdam
1078 1670 1144 1723 de
1166 1668 1532 1723 misericordia
1557 1668 1669 1729 Dei,

164 1761 290 1828 quod
320 1761 472 1814 etiam
499 1775 688 1814 sensus
719 1775 872 1815 meus
899 1775 963 1812 ex
997 1758 1081 1812 his
1113 1773 1232 1827 quae
1254 1773 1347 1826 per
1374 1757 1671 1810 doctrinam

162 1859 289 1901 tuam
316 1851 553 1917 concepit
577 1887 593 1910 ,
640 1848 795 1903 aliud
823 1848 932 1917 jam
961 1849 1160 1917 aliquid
1192 1849 1257 1901 ad
1296 1849 1671 1918 cogitationem

164 1940 377 2006 recipere
402 1955 506 1992 non
534 1938 720 2006 possit.
754 1937 1024 1992 Praaterea
1051 1938 1265 1992 memini
1301 1946 1353 1991 te
1379 1938 1519 2005 apud
1560 1937 1674 1991 Cte-

166 2042 350 2082 saream
376 2029 593 2091 dixisse,
620 2036 680 2083 ut
704 2029 753 2083 si
778 2029 902 2097 quis
938 2029 1047 2081 vult
1074 2042 1159 2082 me
1184 2029 1329 2083 ‘salva
1364 2028 1556 2095 pietate
1576 2044 1670 2082 co—

166 2120 346 2181 mitari,
370 2119 670 2173 comitetur.
711 2118 877 2171 Salva
920 2125 1094 2170 autem
1129 2117 1325 2184 pietate
1353 2117 1588 2179 dicebas,
1616 2125 1673 2170 ut

164 2210 407 2263 neminem
434 2210 782 2263 contristaret
807 2208 895 2261 cui
936 2206 1229 2262 secundum
1259 2206 1421 2261 Deum
1456 2204 1674 2260 deberet

164 2298 414 2353 aditet-ere
432 2337 447 2363 ,
475 2298 623 2352 verbi
642 2298 831 2367 gratia
853 2336 868 2359 ,
903 2312 972 2352 ne
1000 2311 1219 2351 uxorem
1257 2295 1464 2349 ﬁdelem
1506 2295 1673 2349 relin-

162 2396 334 2455 queret
354 2389 432 2442 vel
458 2395 704 2457 parentes
725 2387 813 2441 vel
838 2387 971 2440 alias
995 2383 1362 2453 hujuscemodi
1392 2399 1673 2453 personas,

163 2492 189 2527 a
213 2478 397 2546 quitus
426 2494 523 2548 ego
549 2478 704 2533 valde
743 2476 879 2530 liber
904 2491 1021 2530 sum
1058 2483 1114 2529 et
1152 2474 1272 2528 ideo
1298 2482 1453 2543 aptus
1483 2474 1551 2527 ad
1585 2491 1672 2530 se-

160 2569 410 2635 quendum
439 2578 528 2633 te;
573 2576 737 2636 atque
776 2567 977 2620 utinam
1020 2565 1152 2618 mihi
1186 2565 1451 2620 concedas
1492 2575 1550 2620 ut
1576 2566 1673 2620 tibi

155 2659 301 2711 etiam
327 2659 463 2713 servi
496 2659 851 2713 ministerium
882 2656 1182 2711 exhibeam.

217 2746 296 2801 Vl.
337 2747 468 2801 Tum
490 2747 680 2802 Petrus
713 2747 781 2800 ad
800 2748 914 2800 tunc
936 2746 1117 2800 ridens
1140 2746 1242 2801 ait:
1259 2745 1323 2800 Et
1345 2748 1472 2816 quid
1491 2756 1671 2816 putas,

154 2834 414 2901 Clemens,
444 2837 589 2906 quod
630 2851 747 2890 non
794 2844 847 2890 te
884 2837 1000 2904 ipsa
1029 2838 1322 2891 necessitas
1352 2838 1482 2890 mihi
1514 2837 1672 2891 faciat

157 2928 393 2980 servum?
432 2927 563 2982 Nam
587 2928 716 2996 quis
750 2926 879 2979 mihi
911 2927 1104 2994 poterit
1132 2926 1271 2979 alius
1295 2933 1535 2980 sternere
1561 2927 1673 2980 sin-

1779 516 1861 561 est
1896 509 2021 560 mihi
2053 508 2193 576 quod
2221 508 2390 570 vides,
2421 509 2599 561 tunica
2624 522 2747 560 cum
2773 506 2960 575 pallio,
2990 516 3041 559 et
3076 507 3184 560 hinc
3210 507 3306 558 ha-

1778 598 1929 660 bens,
1966 599 2108 651 aliud
2137 599 2270 651 nihil
2314 600 2545 667 requiro.
2593 597 2703 650 Hoc
2743 597 2871 649 mihi
2915 595 3133 652 sufficit.
3178 597 3304 664 quia

1778 701 1927 741 mens
1976 702 2091 741 mea
2132 702 2236 741 non
2283 689 2347 740 ad
2391 688 2501 740 lucc
2550 686 2972 756 praesentia,sed
2994 684 3059 738 ad
3080 686 3167 737 illa
3189 702 3305 755 qua:

1774 784 1974 829 aeterna
2004 786 2129 830 sunt
2157 779 2367 845 aspicit,
2393 786 2445 829 et
2470 778 2588 830 ideo
2608 777 2738 829 nihil
2762 792 2845 829 me
2868 791 3043 829 rerum
3071 791 3303 843 prasen-

1775 867 1908 919 tium
1952 868 2349 937 visibiliumque
2398 868 2648 921 delectat.
2706 866 2856 919 Unde
2896 873 3044 918 tuum
3090 866 3300 934 quidem

1775 968 1898 1024 erga
1927 972 2013 1010 me
2040 958 2234 1010 bonum
2264 958 2499 1009 aniumm
2529 956 2822 1024 amplector
2849 964 2903 1008 et
2932 955 3119 1015 miror,
3159 969 3221 1006 ac
3252 965 3302 1007 te

1774 1047 1944 1115 magis
1974 1047 2149 1108 laudo,
2193 1048 2457 1115 quomodo
2482 1062 2602 1100 cum
2633 1047 2709 1099 sis
2730 1047 2811 1098 vir
2831 1062 2894 1098 ex
2915 1043 3303 1097 consuetudine

1774 1137 1952 1188 multa:
1990 1136 2325 1189 abundantiae
2355 1137 2572 1191 veniens
2593 1175 2606 1197 ,
2646 1144 2755 1187 tam
2785 1136 2892 1189 cito
2926 1134 3219 1186 transferre
3251 1144 3303 1184 ct

1774 1233 1956 1293 aptare
1978 1234 2032 1278 te
2055 1229 2292 1294 potueris
2317 1230 2379 1280 ad
2406 1228 2542 1281 hanc
2566 1229 2727 1280 vitam
2751 1233 3012 1286 nostram,
3037 1237 3155 1292 qua
3175 1222 3305 1276 solis

1773 1317 2094 1387 necessariis
2120 1317 2307 1370 utitur.
2335 1316 2442 1370 Nos
2470 1318 2609 1370 enim
2642 1332 2670 1368 a
2697 1330 2887 1385 puero,
2917 1314 2970 1367 id
2995 1322 3097 1370 est.
3128 1326 3227 1378 ego
3254 1320 3305 1362 et

1773 1404 1937 1458 frater
1964 1420 2249 1474 germanus
2280 1422 2429 1459 meus
2453 1407 2712 1468 Andreas,
2729 1419 2836 1458 non
2867 1404 3038 1456 solum
3056 1401 3302 1468 orphani,

1774 1493 1867 1548 sed
1892 1501 1947 1547 et
1974 1494 2128 1548 valde
2157 1510 2421 1564 pauperes
2448 1496 2716 1548 crevimus
2746 1502 2799 1549 et
2828 1493 3149 1548 necessitate
3179 1505 3304 1557 ope—

1772 1584 1901 1636 rarii
1928 1598 2050 1637 esse
2077 1586 2477 1645 consuevimus,
2509 1585 2651 1639 unde
2688 1592 2741 1637 et
2781 1600 2925 1639 nunc
2959 1583 3114 1636 facile
3144 1595 3305 1635 vexa-

1774 1673 1947 1727 tiones
1970 1674 2217 1728 itinerum
2244 1674 2482 1729 ferimus.
2508 1674 2609 1729 Sed
2638 1676 2815 1743 potius
2839 1676 2885 1729 si
2934 1674 3062 1728 mihi
3090 1673 3306 1740 acquie-

1775 1777 1955 1817 sceres
1999 1771 2055 1817 et
2098 1764 2468 1831 permitteres,
2492 1781 2589 1834 ego
2621 1767 2788 1835 magis
2819 1766 2977 1818 homo
3006 1763 3302 1832 operarius,

1773 1849 1984 1907 facilius
2008 1852 2103 1905 tibi
2132 1868 2345 1922 possem
2373 1854 2513 1908 servi
2541 1854 2763 1922 implere
2786 1854 3166 1908 ministerium.

1839 1939 1951 1995 Vll.
1988 1941 2057 1993 At
2083 1956 2182 2010 ego
2210 1942 2321 1996 haec
2358 1944 2581 1997 audiens
2610 1944 2931 2005 contremui,
2963 1953 3013 1997 et
3057 1944 3304 2011 lacrymaz

1771 2028 1901 2083 mihi
1931 2031 2188 2084 continuo
2218 2041 2618 2100 proruperunt,
2662 2035 2801 2101 quod
2832 2034 2991 2087 talem
3036 2033 3165 2085 mihi
3194 2047 3306 2085 scr-

1772 2139 1981 2178 monem
2006 2122 2202 2176 dixerit
2229 2123 2310 2175 vir
2341 2131 2519 2177 tantus
2539 2162 2553 2184 ,
2582 2138 2691 2191 quo
2719 2122 2897 2175 omnis
2936 2120 3165 2173 mundus
3212 2121 3303 2172 ha-

1771 2212 1927 2267 betur
1956 2212 2197 2267 inferior.
2238 2211 2373 2265 Tum
2417 2213 2506 2266 ille
2549 2213 2930 2282 lacrymantem
2970 2227 3054 2265 mc
3083 2200 3303 2272 videns,

1771 2315 1986 2355 causam
2005 2308 2364 2371 percontatur.
2387 2301 2487 2354 Cui
2509 2316 2609 2370 ego
2628 2301 2880 2368 respondi
2905 2318 2920 2353 :
2938 2300 3075 2363 Quid
3097 2306 3302 2351 tantum

1772 2389 1826 2443 in
1866 2398 1919 2445 te
1956 2391 2172 2460 peccavi
2199 2397 2257 2443 ut
2286 2405 2371 2443 me
2401 2390 2491 2442 tali
2526 2405 2772 2444 sermone
2802 2389 3095 2443 onerares?
3121 2396 3173 2443 et
3201 2387 3303 2441 Pc-

1770 2487 1890 2533 trus
1922 2499 1934 2533 :
1966 2478 2021 2532 Si
2052 2480 2248 2532 malum
2280 2488 2362 2534 est
2382 2518 2397 2542 ,
2441 2480 2634 2548 inquit,
2665 2480 2807 2548 quod
2839 2480 2948 2533 disi
2985 2489 3041 2533 ut
3067 2482 3302 2548 serviam

1771 2569 1866 2622 tibi
1889 2607 1904 2630 ,
1955 2577 2012 2621 tu
2055 2570 2199 2637 prior
2226 2569 2461 2637 peccasti
2505 2570 2608 2622 hoc
2636 2570 2765 2623 mihi
2795 2569 3043 2623 dicendo.
3074 2568 3138 2621 Et
3167 2586 3301 2639 ego:

1769 2657 1886 2714 Non
1917 2667 2031 2721 est,
2076 2659 2325 2727 inquam,
2371 2659 2579 2722 simile;
2616 2674 2701 2712 me
2729 2660 2870 2713 enim
2899 2659 3046 2712 decet
3077 2660 3179 2713 hoc
3210 2661 3304 2713 tibi

1771 2747 1967 2811 facere,
2000 2756 2057 2800 tu
2077 2755 2251 2801 autem
2279 2748 2369 2817 qui
2400 2748 2489 2802 Dei
2511 2749 2709 2802 summi
2733 2764 2905 2817 praeco
2926 2750 2990 2802 ad
3019 2752 3304 2806 salvandas

1771 2839 1978 2893 animas
2006 2839 2279 2892 hominum
2317 2839 2513 2893 missus
2543 2855 2601 2893 es
2620 2878 2637 2902 ,
2660 2856 2821 2909 grave
2851 2852 2932 2894 est
2962 2850 3020 2893 ut
3049 2842 3150 2895 hoc
3176 2844 3303 2897 mihi

1772 2927 1940 2980 dicas.
1971 2926 2035 2981 Et
2062 2927 2253 2981 Petrus
2282 2946 2295 2982 :
2330 2930 2737 2997 Aequiescerem
2780 2931 2908 2993 tibi,
2956 2934 3158 2999 inquit,
3200 2932 3305 2986 nisi

158 3015 309 3071 dones
336 3026 387 3071 et
412 3018 649 3087 stragula
674 3017 896 3085 pulchra
918 3016 1276 3084 componere?
1303 3014 1434 3080 Quis
1462 3030 1675 3071 servare
1696 3022 1742 3080 (Ξ
1774 3019 2030 3074 Dominus
2056 3027 2235 3073 noster
2264 3020 2354 3087 qui
2382 3020 2447 3072 ad
2475 3020 2699 3073 salutem
2729 3021 2893 3073 totius
2922 3020 3108 3073 mundi
3135 3022 3301 3083 venit,

158 3109 371 3164 annulos
420 3118 474 3164 et
524 3110 839 3163 indumenta
882 3122 1001 3175 quae
1048 3106 1267 3162 assidue
1316 3115 1523 3161 mutare
1580 3105 1674 3161 de-

158 3197 296 3252 beam
326 3201 454 3271 (54),
491 3199 853 3269 prmparabit?
880 3199 1011 3263 Quis
1037 3199 1198 3251 etiam
1222 3200 1367 3252 cocis
1394 3197 1673 3264 imperabit

156 3296 203 3340 et
229 3288 434 3345 diversa
472 3298 631 3360 atque
674 3290 840 3343 electa
885 3290 1155 3358 pulmenta
1186 3287 1523 3357 providebit,
1555 3301 1673 3356 qua:

156 3386 260 3433 arte
283 3381 567 3435 scitissima
601 3386 655 3434 et
689 3379 833 3433 varia
862 3386 1245 3446 praeparentur,
1285 3387 1339 3431 et
1375 3378 1551 3430 omnia
1584 3378 1672 3429 illa

156 3483 263 3535 (luat
290 3470 597 3524 hominibus
621 3469 850 3522 molliter
879 3468 1162 3531 institutis,
1190 3469 1296 3522 imo
1323 3470 1500 3538 potius
1529 3468 1675 3536 cupi-
1704 3496 1707 3499 λ

155 3556 295 3611 dltati
326 3576 513 3615 eorum
540 3561 683 3614 velut
716 3559 1115 3613 immanissima:
1140 3558 1348 3611 cuidam
1382 3559 1562 3611 bestia:
1592 3558 1674 3610 iii-

153 3644 301 3714 iustis
317 3651 542 3719 quaesita
566 3648 865 3715 sumptibus
885 3648 1300 3701 convectantur?
1318 3646 1425 3701 Sed
1449 3646 1674 3699 fortasse

153 3741 385 3807 quamvis
416 3754 623 3792 mecum
649 3739 857 3807 positus
886 3737 1137 3799 videaris,
1164 3752 1271 3789 non
1295 3738 1572 3806 agnoveris
1597 3736 1674 3787 vi-

155 3839 251 3883 tam
273 3845 474 3896 meam;
499 3829 655 3899 panis
674 3828 799 3881 mihi
822 3828 970 3881 solus
988 3842 1109 3880 cum
1123 3828 1277 3881 olivis
1299 3836 1350 3882 et
1374 3841 1494 3880 raro
1511 3828 1671 3880 etiam

1774 3115 1826 3162 et
1856 3110 1948 3178 qui
1974 3118 2090 3164 erat
2115 3110 2257 3163 omni
2288 3118 2538 3162 creatura
2568 3109 2826 3171 nobilior,
2875 3109 3077 3163 servire
3116 3122 3306 3178 passus

1774 3208 1935 3262 esset,
2003 3207 2060 3252 ut
2102 3214 2200 3252 nos
2240 3198 2487 3252 suaderet
2532 3212 2641 3251 non
2686 3200 3002 3253 erubescere
3048 3200 3304 3254 fratribus

1774 3288 1975 3343 nostris
2009 3302 2281 3343 servorum
2311 3288 2561 3341 exhibere
2593 3288 2969 3341 ministerium.
3008 3288 3140 3341 Tum
3167 3305 3300 3357 ego:

1778 3374 1831 3429 Si
1864 3385 1990 3445 puto
2016 3377 2155 3445 quod
2188 3377 2389 3445 possim
2422 3383 2473 3429 te
2495 3377 2731 3439 vincere,
2758 3377 2910 3430 valde
2934 3378 3129 3431 stultus
3152 3394 3299 3443 sum;

1774 3475 2136 3519 verumtamen
2167 3481 2266 3533 ago
2291 3467 2488 3533 gratias
2514 3466 2859 3533 providentia:
2888 3465 3011 3529 Dei,
3038 3468 3181 3535 quod
3208 3483 3302 3535 pa-

1775 3562 1983 3608 rentum
2017 3555 2134 3606 loco
2171 3554 2364 3607 habere
2388 3561 2440 3607 te
2461 3555 2663 3607 .merui.

1842 3641 1974 3695 Vill.
2017 3642 2150 3694 Tum
2186 3642 2376 3696 Petrus
2409 3662 2422 3697 :
2453 3641 2620 3696 Nemo
2648 3644 2788 3698 enim
2807 3681 2822 3707 ,
2851 3642 3058 3714 inquit,
3086 3662 3208 3701 vere
3236 3664 3302 3701 ex

1772 3749 1964 3803 genere
1984 3734 2082 3787 tibi
2106 3734 2385 3801 superest?
2413 3732 2686 3801 Respondi
2716 3751 2729 3785 :
2756 3731 2893 3786 Sunt
2911 3734 3123 3802 quidem
3150 3738 3300 3789 multi

1772 3832 2017 3893 potentes
2058 3824 2155 3878 viri
2202 3839 2265 3878 ex
2306 3823 2531 3876 Caesaris
2566 3823 2812 3892 prosapia
2839 3823 2948 3894 ('56)
2986 3826 3297 3891 venientes;

1408 3975 1764 4031 COTELERII
1796 3973 2023 4029 ΝΟΤᾸΞ.

214 4121 320 4187 (54)
389 4117 721 4187 Indumenta,
775 4130 887 4187 qua;
932 4114 1144 4187 assidue
1193 4127 1390 4187 mutare
1440 4112 1668 4187 debeam.

159 4180 685 4256 'Yrroddjtata__forte
711 4180 815 4256 aut
870 4182 1152 4256 év§§pata,
1190 4198 1290 4256 non
1339 4180 1665 4251 ὑποδήματα,

150 4251 440 4320 ὑποδὴσέις.
474 4252 776 4320 Clementin.
801 4267 896 4313 xu,
930 4252 982 4312 6,
1000 4251 1164 4320 epist.
1200 4251 1283 4303 74.

207 4296 1223 4444 ’ἰῖιὲηἷῗὶἇῖιὶῖἶιᾷιῖιὲἐιῐῆἷὸὶῑιῖἑεξ
1241 4296 1345 4371 etc.
1377 4314 1455 4370 Ob
1489 4317 1667 4370 consi-

207 4393 322 4444 iem
352 4392 660 4444 pariterque
683 4387 1038 4444 apocrvphum
1075 4387 1247 4439 locum
1280 4387 1460 4442 nescio
1488 4401 1664 4444 quem,

1774 4127 1823 4164 c.
1854 4113 1950 4178 48;
1998 4112 2087 4164 lib.
2120 4127 2192 4181 ix,
2236 4126 2283 4165 c.
2312 4112 2344 4165 6
2374 4122 2424 4166 et
2453 4111 2540 4167 20.
2570 4111 2745 4167 Potuit
2782 4113 3131 4167 nihilominus
3176 4127 3302 4181 apo-

1774 4182 2032 4233 stolorum
2062 4180 2309 4247 princeps
2339 4183 2590 4234 carnibus
2617 4184 2965 4235 animantium
2999 4198 3104 4235 non
3137 4180 3298 4236 vesci.

1772 4249 1942 4318 instar
1967 4248 2195 4318 Mattiiaej
2230 4249 2281 4299 in
2299 4249 2570 4318 Clemente
2606 4250 2964 4304 Alexandrino
3012 4250 3227 4318 Pwdug.
3262 4261 3300 4301 ιι

1768 4331 1817 4386 c.
1836 4317 1883 4378 l,
1902 4324 1954 4386 et
1983 4316 2343 4386 instat-Jacobi
2368 4316 2506 4371 Justi
2525 4320 2662 4386 apud
2690 4319 2997 4382 Eusebium,
3023 4316 3218 4371 Histor.
3242 4334 3301 4381 ii,

149 4378 322 4466 miieui
352 4392 660 4466 pariterque
683 4387 1038 4466 apocryphum
1075 4378 1261 4466 locum‘
1280 4387 1460 4465 nescio
1488 4401 1664 4466 quem,
1698 4378 1743 4434 D
1766 4385 1835 4464 $5
1854 4384 2475 4466 ;nEpiphanium_,‘h:ere_s.
2497 4378 2893 4466 78-,"num._13;
2925 4378 3301 4466 Hieronymum

148 4456 300 4512 Petro
328 4451 508 4512 victus
538 4451 794 4524 e'lupinis
825 4451 1077 4524 tribuitur
1104 4470 1198 4524 per
1225 4451 1535 4524 Gregorium
1566 4451 1668 4503 Na-

147 4529 474 4604 zignzenutn,
507 4522 744 4578 carmine
772 4524 832 4602 [.8
859 4542 871 4575 :
902 4523 1001 4604 Τρχ
1028 4524 1093 4604 e35
1111 4522 1329 4604 'Oépjtmv
1357 4522 1525 4604 po'v'wv
1549 4538 1673 4604 ξρν-

147 4594 319 4659 φῶντα
338 4596 563 4663 Πέτρον,
590 4591 998 4663 et_9r_ati0ne_l(i
1018 4610 1029 4643 :
1052 4589 1516 4663 Πέτρα-ἀσσαρίου
1549 4589 1669 4658 θέρ-

185 4680 260 4726 οις
284 4658 1400 4733 τρεφόμενοςυβίὀιιι-,ῌίοθωεμᾲὰσάριρῃ
1424 4673 1671 4733 ιιιιιιιιιιιιοη

185 4680 260 4726 οις
284 4679 738 4733 τρεφομενος.υυι
767 4679 863 4712 CIII'
889 4679 1100 4712 utcews
1128 4679 1400 4725 ασσαριον,
1424 4679 1671 4709 ιιυιιιιιιιιοη

146 4679 271 4790 ﬁlii].
304 4731 552 4785 emendis
599 4728 795 4794 lupinis
837 4728 959 4780 vilis
996 4727 1146 4794 pretii
1181 4726 1528 4794 mercimonio
1556 4725 1671 4777 ido-

146 4814 321 4858 neum,
354 4798 607 4851 metiatur
633 4792 811 4848 decem
844 4792 1103 4856 nummis,
1141 4802 1269 4861 quot
1314 4792 1551 4861 ἀργυρίῳ
1599 4795 1674 4845 le-

142 4878 338 4932 guntur
367 4865 668 4933 assignata_
687 4862 1012 4933 νομζσματα,
1038 4865 1095 4933 id
1127 4877 1251 4914 vero
1291 4862 1439 4933 cl_am_
1460 4875 1542 4911 me
1569 4870 1669 4933 est.

144 4928 359 5009 ilia-pag,
394 4928 594 5009 inquit,
611 4934 638 4983 ὁ
745 4928 953 5009 θέρμων
978 4929 1392 5009 ,μόνῳν-τρυφῶχ
1418 4928 1671 5009 ἀσσαρίου

143 4997 494 5071 ξιιυνὶῃιένωιίΔ
517 4999 619 5069 [aL
649 4998 765 5071 ξνὺέ
787 4997 1142 5071 @Voupévmv],
1160 4997 1325 5071 ἡγουξ
1349 4997 1671 5071 δειξαγούμου

143 5069 247 5139 [vel
266 5063 694 5139 'Sexavodjljtou].
724 5065 889 5139 Τοῦ-ῬΟ
918 5063 974 5116 δὲ
1006 5065 1068 5117 ἐκ
1084 5063 1233 5139 fore;
1262 5065 1365 5116 τῶν
1389 5063 1461 5133 μὴ
1482 5063 1674 5139 ξκκλη-

143 5086 247 5139 [νει
274 5086 498 5123 σεκανου
550 5086 694 5136 μοιη.
734 5086 889 5117 ιουτο
918 5086 974 5116 οε
1006 5086 1068 5117 εκ
1092 5086 1233 5127 τινος
1262 5086 1365 5116 των
1482 5086 1672 5133 εκκΛη-

143 5138 471 5207 σιαζομένων
500 5086 691 5205 Fiam:
722 5133 1047 5207 éVEEK-Tj‘l'tfdt.
1084 5133 1248 5207 llabet
1292 5132 1672 5207 tamenforsaii

143 5199 523 5273 asti’pulatore's
542 5199 914 5273 n0iinullos,_iii
931 5199 1349 5273 Catena,_Matth.
1370 5216 1423 5259 x,
1444 5199 1533 5261 29,
1547 5201 1673 5273 dum

143 5269 399 5351 εσσᾶριφν
450 5272 766 5351 Qecalogum
785 5337 797 5350 ο
821 5270 1103 5351 allegoLice
1129 5269 1673 5351 ‘iiitei-pretautur.m.:\

144 5335 401 5404 Gregorio
447 5335 730 5393 dissentire
751 5336 957 5390 videtur
995 5336 1337 5404 Epiphanius,
1368 5335 1556 5404 haeresi
1584 5337 1669 5395 50,

145 5359 245 5393 ure
282 5359 401 5394 Ol'lo
447 5359 730 5393 dissenter
752 5359 956 5390 Ytuetur
995 5359 1337 5404 Dptpttatltus,
1368 5359 1556 5388 uitrum
1585 5359 1669 5395 ῡυ,

145 5422 195 5460 c.
228 5359 315 5471 ιίῖς,
350 5423 416 5461 ac
447 5409 750 5461 existimare
774 5405 1144 5470 abstinentiam
1173 5402 1312 5457 Petri
1335 5402 1399 5453 ah
1420 5404 1673 5471 animatis

144 5486 195 5525 et
222 5469 408 5537 carne,
426 5476 731 5545 ﬁgmentum
757 5489 875 5527 esse
904 5469 1388 5545 Ebionitarum,‘qut
1427 5469 1670 5545 Periodis

144 5538 683 5611 Petrideprivarint.
709 5543 880 5610 Atque
918 5540 1395 5611 hancsetitentiam
1430 5538 1674 5611 aliquau-

143 5618 252 5662 tum
286 5606 536 5667 fortassis
566 5606 813 5677 adjuvant
857 5624 973 5677 qua:
1019 5608 1101 5659 ltic
1144 5608 1405 5661 habentur
1430 5606 1521 5658 lib.
1556 5622 1669 5670 vtu,

1772 4453 1823 4524 in
1856 4451 2216 4524 ACatalong,ex
2245 4452 2560 4524 Hegesippo.
2579 4454 2672 4508 Est
2698 4457 2891 4524 quippe
2925 4451 3303 4524 prater'Ebio-

1769 4520 1989 4592 niticam
2011 4520 2350 4592 aliorumque
2381 4520 2772 4586 haereticorum,
2792 4520 3007 4592 necnon
3038 4521 3303 4592 Pythago-

1770 4604 1841 4641 rae
1888 4588 2285 4658 abstinentiam,
2338 4592 2640 4658 superbam,
2691 4588 3138 4658 superstitiosam,
3194 4588 3300 4642 Deo

1770 4657 1921 4725 quasi
1950 4656 2209 4708 malorum
2239 4656 2444 4711 auctori
2476 4656 2807 4725 injuriosam,
2828 4660 3015 4711 animae
3045 4666 3101 4709 ut
3128 4659 3179 4709 iu
3214 4660 3301 4710 be-

1771 4724 1991 4793 stiarum
2012 4738 2233 4793 corpora
2268 4724 2551 4778 devolubili
2570 4727 3035 4788 contumeliosam;
3056 4727 3157 4778 alia
3178 4727 3300 4779 abs-

1771 4791 2022 4854 tinentia,
2069 4791 2190 4860 pia,
2219 4793 2554 4856 Christiana,
2606 4794 2840 4856 humilis,
2888 4810 2993 4846 non
3025 4793 3170 4859 _Deo,
3208 4802 3301 4845 aut
3362 4816 3363 4819 η

1771 4862 2048 4929 creaturis.
2078 4861 2171 4929 sed
2196 4862 2639 4929 concupiscentia:
2667 4862 2903 4914 inimica.

1843 4928 1954 4998 (56)
1998 4926 2073 4981 Ea:
2095 4927 2318 4983 Cwsaris
2347 4926 2609 4997 prosapia,
2632 4929 2964 4998 etc.Tiberii,
2993 4930 3297 4984 Clementin.

1773 5011 1845 5058 tv,
1879 4997 1950 5067 ιλ
1978 4998 2137 5067 epist.
2170 5012 2286 5066 cap.
2319 4997 2386 5050 46
2408 5004 2469 5067 et
2512 4999 2631 5051 M5.
2667 4997 2822 5067 llinc,
2855 5000 2954 5051 hoc
2978 5006 3149 5067 est_ex
3175 5013 3321 5065 apo-ﬁ

1771 5060 1986 5133 crypbis
2009 5060 2083 5119 ἐι
2128 5060 2364 5128 incertis,
2395 5064 2642 5119 Clemens
2680 5060 2943 5119 Eucherio
2968 5065 3034 5119 ad
3063 5060 3299 5118 Valeiia.

1772 5149 1897 5185 num
1928 5134 2182 5186 scribenti
2210 5133 2439 5195 dicitur,
2467 5143 2663 5185 vetusta
2690 5135 2931 5200 prosapia
2976 5144 3295 5195 senatorum,

1772 5212 1921 5269 atque
1934 5202 2100 5271 etiam
2127 5217 2189 5253 ea:
2213 5204 2368 5267 stirpe
2389 5201 2677 5255 Cwsarum.
2693 5203 2978 5256 Consensit
3002 5217 3299 5271 anonymus

1770 5271 1861 5337 qui
1917 5270 1996 5337 dep
2035 5270 2436 5328 certaminibus,
2492 5272 3029 5337 peregrinationibus,
3088 5270 3193 5322 vita
3246 5280 3299 5323 et

1771 5335 1942 5390 morte
1974 5335 2115 5390 Petri
2141 5344 2191 5390 et
2220 5337 2367 5391 Pauli
2395 5335 2640 5405 scripsit,
2661 5339 2857 5392 citatus
2886 5354 2914 5390 a
2944 5337 3176 5391 Patricio
3203 5337 3298 5389 Ju-

1772 5406 1881 5467 nio,
1912 5407 1963 5457 in
1993 5405 2375 5459 Clementinam
2410 5406 2699 5471 Epistolam
2744 5407 2811 5455 ad
2855 5405 3167 5468 Corinthios,
3198 5420 3297 5458 nec

1771 5488 1875 5542 non
1903 5474 2250 5541 Nicephorius,
2278 5475 2367 5527 lib.
2403 5489 2593 5541 u,cap.
2626 5475 2915 5542 35,9tlih.
2947 5492 3025 5538 tu,
3057 5490 3174 5542 cap.
3209 5474 3297 5542 i8.

1774 5538 1875 5610 ξω
1932 5538 2158 5610 fabulam
2206 5543 2436 5610 produnt
2475 5538 2688 5594 nomina
2720 5539 3037 5603 Matthidize,
3091 5538 3293 5604 Fausti,

1776 5608 2028 5672 Faustini,
2060 5608 2408 5676 Faustiniaui,
2447 5627 2563 5679 qiue
2609 5610 2764 5663 otiosi
2815 5613 3088 5681 nugatoris
3141 5624 3290 5662 som-
