3904 6408
491 307 630 363 £559

1302 307 1359 364 ὅ.
1395 301 1792 363 CLEMENTIS
1829 302 1848 356 1
1890 298 2059 359 ROM.
2086 297 2289 356 ΡΟΝΤ.
2334 297 2562 361 OPERA
2600 297 2830 356 DUBIA.

3632 304 3776 361 i360

489 433 617 473 nam
647 422 793 490 patri
826 427 1015 491 utpote
1053 416 1363 492 propinquo
1405 431 1511 473 suo
1549 424 1608 472 et
1653 431 1762 471 una
1803 414 2076 481 educato,
2108 419 2160 481 Α
2183 410 2352 481 coepit
2374 448 2392 475 ,
2432 409 2613 467 sicubi
2644 410 2845 481 aliquis
2875 424 3071 469 eorum
3110 412 3340 472 vidisset
3380 422 3480 469 aut
3527 416 3787 474 audisset

488 511 694 568 nobilis
722 510 949 584 adaeque
981 511 1205 567 familiai
1238 509 1427 565 Caesar
1455 511 1575 582 ipse
1601 509 1789 580 junsit
1824 521 2078 573 uxorem,

488 618 557 659 ex
590 618 699 676 qua
737 605 877 661 duos
904 603 1153 676 geminos
1195 611 1323 658 ante
1353 616 1443 657 me
1476 598 1619 657 filios
1656 601 1935 672 suscepit,
1966 615 2079 655 non

488 695 671 766 valde,
692 704 752 752 ut
780 696 963 751 aiebat
980 701 1159 767 pater,
1187 694 1297 751 sibi
1317 692 1555 750 invicem
1578 694 1788 750 similes
1810 692 1949 765 (57),
1976 707 2080 763 ego

488 788 638 843 enim
666 803 763 843 eos
790 802 899 843 non
931 785 1069 842 adeo
1099 786 1365 844 scielmm.
1396 784 1504 843 Sed
1537 801 1607 841 ne
1635 786 1830 842 matris
1857 784 2077 856 quidem

487 880 648 936 valde
674 894 883 935 memor
916 894 1038 935 sum
1060 920 1075 947 ,
1127 879 1231 935 sed
1257 878 1420 951 quasi
1444 894 1547 950 per
1580 877 1859 935 somnium
1892 876 1968 932 ita
1994 886 2080 933 te-

487 974 672 1031 nuiter
702 972 889 1028 vultus
915 972 1038 1043 ejus
1072 972 1310 1043 speciem
1352 972 1559 1027 recolo.
1589 970 1764 1027 Mater
1789 984 1923 1041 ergo
1956 983 2079 1025 mea

487 1063 795 1127 Matthidia,
822 1072 978 1135 pater
998 1062 1393 1120 Faustinianus
1418 1064 1688 1120 vocitatus
1710 1070 1817 1127 est,
1844 1063 2076 1119 fratrum

486 1165 671 1217 autem
698 1172 944 1213 meorum
980 1158 1122 1213 alter
1144 1156 1467 1221 Faustinus,
1501 1157 1641 1211 alter
1667 1154 1907 1212 Faustus
1934 1154 2079 1210 dice-

484 1250 647 1306 batur
679 1249 813 1322 (38).
846 1248 1061 1306 Interea
1088 1265 1217 1305 cum
1242 1266 1346 1322 ego
1373 1250 1617 1321 quinque
1648 1248 1872 1305 vixdum
1896 1261 2076 1305 essem

485 1350 985 1410 annorum,mater,
1014 1344 1160 1399 sicut
1181 1359 1211 1398 a
1230 1351 1391 1416 patre
1414 1343 1894 1408 didici,somnium
1918 1342 2073 1408 vidit,

483 1450 596 1504 quo
626 1444 962 1501 moneretur,
997 1436 1107 1492 nisi
1136 1452 1264 1492 cum
1292 1437 1509 1491 duobus
1542 1436 1668 1492 filiis
1699 1438 1817 1492 suis
1840 1428 2076 1507 geminis

483 1526 780 1582 confestim
813 1528 1018 1584 Urbem
1048 1528 1245 1586 fuisset
1273 1545 1498 1602 egressa
1528 1538 1584 1585 et
1610 1530 1883 1585 abfuisset
1913 1529 2075 1585 annis

480 1620 695 1687 decem,
730 1621 905 1692 ipsam
935 1622 1142 1695 pariter
1169 1638 1294 1677 cum
1329 1622 1519 1678 liberis
1548 1622 1781 1678 interitu
1806 1622 2074 1678 exitiabili

481 1713 808 1784 perituram.

554 1804 648 1862 IX.
689 1805 1040 1890 Tumppater,
1085 1811 1179 1881 qui
1218 1819 1410 1865 tenere
1438 1808 1699 1880 diligeret
1745 1809 1924 1875 filios,
1974 1807 2075 1863 ad-

474 1900 689 1970 junctis
726 1901 904 1958 servis
945 1910 1002 1957 et
1047 1904 1265 1959 ancillis
1296 1918 1363 1957 ac
1389 1903 1703 1973 sumptibus
1734 1902 2075 1959 sufﬁcienter

388 2014 393 2021 ε
478 1994 727 2065 praebitis
746 2036 762 2063 ,
804 1996 932 2051 navi
976 1996 1265 2069 impositos
1292 2011 1420 2051 cum
1452 2009 1631 2051 matre
1656 1996 1797 2053 filios
1825 1996 2071 2053 Athenas

478 2088 650 2143 mittit
675 2089 1031 2156 erudiendos,
1064 2106 1153 2146 me
1178 2091 1285 2146 sibi
1309 2091 1487 2145 solum
1518 2090 1693 2146 tilium
1722 2091 1789 2145 ad
1814 2091 2071 2149 solatium

478 2182 725 2237 retinens
752 2188 807 2238 et
834 2182 891 2237 in
927 2182 1033 2238 hoc
1061 2183 1284 2255 quidem
1323 2183 1531 2255 gratias
1561 2197 1734 2256 agens
1760 2182 1897 2255 (39),
1940 2186 2071 2256 quia

476 2288 589 2328 non
610 2275 776 2329 etiam
799 2290 886 2331 me
904 2275 1193 2347 imperavit
1213 2277 1488 2332 somnium
1515 2276 1723 2348 pariter
1745 2292 1872 2331 cum
1895 2288 2072 2335 matre

476 2367 783 2424 discedere.
819 2367 982 2424 Anno
1008 2378 1191 2424 autem
1218 2369 1493 2441 completo
1516 2374 1673 2441 pater
1694 2370 1846 2425 misit
1874 2370 1944 2426 ad
1971 2385 2070 2428 eos

474 2461 721 2518 Athenas
746 2459 1001 2519 homines
1028 2470 1084 2518 et
1123 2470 1412 2534 sumptus,
1468 2463 1613 2519 scire
1643 2462 1808 2518 simul
1837 2466 2067 2535 cupiens

475 2552 607 2624 quid
657 2560 850 2625 agant,
893 2568 997 2611 nec
1038 2562 1222 2612 tamen
1273 2556 1508 2611 redeunt
1556 2556 1650 2627 qui
1701 2557 1861 2613 missi
1912 2567 2062 2615 sunt.

474 2646 665 2703 Tertio
692 2663 888 2704 rursus
931 2664 1077 2704 anno
1119 2649 1513 2705 mmstissimus
1543 2657 1700 2720 pater
1725 2650 1893 2705 mittit
1928 2654 2066 2709 alios

474 2755 602 2795 cum
633 2740 884 2813 pecuniis
911 2782 925 2807 ,
971 2742 1065 2812 qui
1106 2749 1307 2813 quarto
1349 2756 1495 2798 anno
1534 2744 1775 2813 regressi
1805 2746 2065 2801 nuntiant

472 2847 653 2903 neque
672 2840 904 2889 matrem
927 2845 986 2890 se
1016 2849 1196 2905 neque
1227 2832 1428 2892 fratres
1461 2834 1699 2903 vidisse,
1742 2837 1842 2893 sed
1882 2854 2066 2910 neque

470 2924 719 2982 Athenas
734 2941 830 2981 eos
850 2928 1076 2981 omnino
1094 2926 1429 2998 pervenisse,
1448 2942 1629 3000 neque
1644 2944 1879 3001 usquam
1899 2932 2065 2987 alicu-

472 3017 563 3087 jus
585 3020 778 3074 saltem
791 3020 1025 3091 quicum
1044 3020 1180 3090 ipsis
1203 3018 1422 3075 fuerant
1441 3022 1737 3093 vestigium
1752 3034 2058 3094 repertum.

2102 1764 2151 1826 Β

2181 501 2478 573 aliquando
2502 510 2630 559 ante
2659 511 2901 574 quatuor
2924 519 3101 562 annos
3126 520 3335 578 corpus
3363 509 3630 565 mulieris
3657 525 3787 568 cum

2181 594 2399 651 duobus
2422 596 2669 666 parvulis
2686 597 2946 667 ejectum.
2962 596 3100 654 Cum
3126 601 3284 654 multi
3304 602 3480 656 multa
3505 601 3788 669 dicerent,

2180 702 2284 744 nec
2328 687 2537 760 aliquid
2577 689 2747 746 nobis
2789 690 2896 744 rati
2930 691 3267 748 elucesceret
3295 702 3406 748 tam
3444 695 3791 752 immensum

2178 780 2407 851 pelagus
2448 782 2968 851 perscrutantibus,
3010 798 3113 854 pro
3147 785 3323 843 multo
3356 794 3546 842 tamen
3582 788 3787 844 atl'ectu

2178 880 2336 944 pater
2379 889 2544 945 quem
2591 890 2725 947 erga
2770 891 2905 933 suos
2936 878 3197 949 gerebat,
3245 880 3585 950 pascebatur
3629 883 3791 939 vanis

2179 967 2407 1038 spebus.
2440 967 2618 1024 donec
2650 969 2834 1026 visum
2865 980 2952 1026 est
2991 971 3065 1036 ei,
3098 980 3160 1026 ut
3188 987 3277 1029 me
3308 975 3416 1029 sub
3444 984 3785 1045 procurate-

2179 1060 2335 1117 ribus
2363 1061 2680 1117 ordinatum
2709 1060 2898 1119 Romae
2931 1064 3308 1136 relinqueret,
3341 1082 3624 1124 annorum
3653 1084 3785 1125 cum

2178 1168 2358 1212 essem
2389 1154 2713 1222 duodecim,
2747 1163 2803 1212 et
2831 1156 2950 1226 ipse
2977 1165 3231 1228 pergeret
3252 1157 3321 1213 ad
3354 1161 3780 1231 requirendum.

2178 1246 2344 1305 Flens
2374 1247 2563 1319 itaque
2593 1248 2880 1305 descendit
2911 1248 2979 1304 ad
3007 1257 3229 1320 portum
3255 1288 3275 1317 ,
3305 1260 3360 1307 et
3400 1268 3602 1308 navem
3643 1270 3780 1310 cun-

2178 1340 2455 1399 scendens
2480 1341 2765 1414 profectus
2797 1351 2903 1398 est.
2943 1340 3023 1396 Ex
3052 1357 3119 1398 eo
3152 1359 3331 1414 usque
3354 1343 3410 1400 in
3443 1344 3779 1402 hodiernum

2176 1451 2358 1507 neque
2404 1436 2619 1492 litteras
2663 1435 2787 1506 ejus
2817 1437 3034 1506 accepi,
3077 1452 3257 1507 neque
3285 1439 3332 1493 si
3362 1439 3509 1493 vivat
3539 1449 3641 1495 aut
3682 1439 3782 1496 de—

2176 1526 2402 1585 functus
2434 1528 2508 1584 sit
2536 1528 2686 1584 novi.
2737 1526 2845 1584 Sed
2876 1529 3052 1599 magis
3085 1530 3361 1600 suspicor,
3405 1531 3535 1601 quia
3561 1541 3619 1588 et
3653 1532 3779 1603 ipse

2177 1623 2377 1679 obierit
2421 1630 2518 1677 aut
2582 1622 2810 1677 tristitia
2860 1622 3041 1678 victus
3095 1630 3191 1678 aut
3239 1624 3574 1696 naufragio;
3643 1628 3772 1682 anni

2174 1716 2379 1772 etenim
2414 1714 2609 1787 viginti
2643 1714 2816 1785 elapsi
2846 1725 2977 1771 sunt
3008 1715 3214 1786 quibus
3247 1716 3364 1773 haec
3391 1729 3691 1789 geruntur,
3719 1729 3772 1776 et

2174 1823 2247 1864 ne
2269 1808 2501 1864 nuntius
2523 1807 2748 1879 quidem
2773 1807 2844 1863 de
2873 1823 2939 1863 eo
2968 1809 3035 1864 ad
3068 1824 3159 1865 me
3185 1809 3391 1881 aliquis
3429 1812 3607 1867 venit.

2244 1900 2338 1958 XI.
2375 1901 2574 1957 Petrus
2598 1901 2715 1957 haec
2736 1900 2965 1957 audiens
2986 1918 3056 1959 ex
3074 1902 3273 1960 aﬂectu
3302 1904 3587 1976 lacrymas
3612 1904 3768 1971 fudit,

2171 2004 2226 2050 et
2256 1993 2326 2048 ad
2367 2007 2465 2050 eos
2513 1994 2608 2066 qui
2651 1993 2882 2049 aderant
2915 1994 3216 2053 familiares
3244 1996 3323 2052 ait
3351 2015 3368 2052 :
3397 1996 3533 2053 Haec
3565 1997 3619 2054 si
3648 2002 3768 2069 quis

2171 2086 2231 2141 in
2262 2086 2358 2143 Dei
2402 2086 2555 2142 cultu
2582 2087 2800 2159 positus
2834 2088 3155 2158 pertulisset
3185 2103 3309 2160 quae
3332 2088 3513 2160 huius
3546 2092 3767 2162 pertulit

2170 2189 2344 2251 pater,
2391 2180 2581 2237 statim
2612 2180 2867 2236 homines
2897 2181 3152 2252 religioni
3194 2182 3547 2239 ascriberent
3572 2199 3767 2239 πει-ιω-

2170 2288 2367 2329 narum
2403 2287 2665 2341 causam;
2697 2288 2822 2346 qua:
2847 2288 2975 2331 cum
2999 2274 3261 2330 accidunt
3284 2277 3513 2332 miseris
3548 2278 3751 2348 gentili-

2166 2366 2296 2433 bus,
2320 2366 2593 2421 malorum
2616 2364 2845 2421 causam
2863 2364 2977 2421 fato
2997 2366 3309 2424 ascribunt.
3331 2367 3577 2424 Miseros
3589 2378 3763 2425 autem

2167 2460 2293 2516 dico
2318 2474 2436 2526 eos,
2466 2460 2596 2531 quia
2636 2466 2695 2514 et
2736 2459 2827 2515 hic
2862 2448 3131 2514 vexantur
3164 2461 3453 2517 erroribus
3480 2472 3539 2517 et
3571 2463 3644 2517 ab
3672 2480 3767 2535 spe

2164 2552 2353 2608 futura
2377 2552 2743 2620 fraudantur;
2772 2550 2868 2607 Dei
2891 2552 3135 2609 cultores
3158 2568 3288 2607 cum
3307 2553 3427 2610 haec
3452 2557 3763 2626 patiuntur,

2165 2647 2235 2703 ad
2268 2648 2649 2719 purgationem
2678 2654 3032 2717 peccatorum
3066 2646 3216 2702 cedit
3242 2648 3357 2716 eis,
3396 2650 3553 2719 quod
3582 2651 3765 2720 perfe-

2165 2748 2297 2796 runt
2326 2740 2620 2813 patienter.

2236 2832 2351 2890 ιιι.
2389 2831 2524 2888 Post
2561 2832 2677 2887 hac
2712 2829 2860 2886 dicta
2892 2846 3040 2888 unus
3067 2847 3135 2889 ex
3180 2834 3498 2891 astantibus
3538 2835 3761 2893 Petrum

2163 2944 2356 3003 rogare
2390 2928 2559 2998 cmpit
2581 2965 2597 2992 ,
2620 2934 2691 2980 ut
2717 2925 2809 2980 die
2837 2926 3083 2982 crastina
3113 2928 3389 2984 maturius
3414 2929 3487 2985 ad
3520 2930 3762 2986 insulam

2162 3023 2467 3095 proximam
2518 3034 2642 3092 quas
2690 3034 2789 3076 sex
2838 3033 2953 3073 non
2996 3021 3237 3091 amplius
3279 3022 3481 3079 stadiis
3520 3023 3760 3089 aberat.

546 3110 616 3168 Χ.
657 3111 818 3167 Pater
844 3112 959 3167 haec
988 3112 1217 3168 audiens
1244 3120 1300 3167 et
1329 3112 1500 3167 multa
1530 3114 1758 3169 tristitia
1796 3116 2060 3188 obstupeo
2088 3134 2131 3192 ο
2163 3117 2404 3171 Aradum
2424 3114 2650 3171 nomine
2688 3111 2828 3183 (ιο),
2874 3127 3273 3184 pergeremus,
3319 3116 3547 3172 videndi
3589 3118 3648 3175 in
3693 3134 3763 3173 ea

474 3205 676 3271 factus,
702 3206 957 3272 nesciens
986 3220 1096 3276 quo
1125 3205 1373 3260 tenderet
1395 3215 1491 3261 aut
1513 3206 1607 3263 ubi
1631 3216 1924 3279 quaereret,
1948 3226 2061 3268 una

472 3315 688 3357 mecum
729 3299 1097 3354 descenditad
1140 3306 1382 3369 portum,
1412 3307 1467 3354 et
1496 3303 1781 3372 requirere
1812 3318 1843 3359 a
1875 3308 2061 3364 nautis

2169 3213 2345 3284 gratia
2373 3209 2574 3264 mirum
2596 3205 2817 3277 aliquod
2847 3219 3007 3274 opus,
3038 3207 3328 3265 columnas
3344 3208 3526 3265 viteas
3555 3212 3769 3282 magni-

2165 3304 2377 3362 tudinis
2407 3303 2686 3356 immensa:
2720 3296 2853 3369 (41).
2884 3297 2985 3351 Cui
3016 3296 3236 3367 Petrus,
3273 3309 3339 3356 ut
3366 3310 3489 3358 erat
3516 3302 3765 3360 clune..-

1790 3419 2164 3482 COTELERII
2201 3419 2433 3478 NOTE.‘

474 3550 629 3605 nium
662 3548 839 3625 magis
868 3550 1160 3625 resipiant,
1188 3566 1355 3625 quam
1384 3551 1693 3625 Ctesaream
1721 3554 2060 3614 Romanam-
2159 3560 2296 3613 tiam
2324 3571 2354 3609 a
2387 3552 3161 3625 Strabonenotatam,viginti
3191 3555 3681 3625 stadiorum.Quid
3708 3562 3755 3616 si

518 3637 583 3676 ue
624 3621 995 3688 nobilitatem,
1038 3622 1145 3677 nisi
1190 3637 1291 3695 ego
1331 3622 1513 3680 fallor.
1560 3624 1787 3683 Fundus
1833 3629 2053 3694 fabulae,

475 3637 697 3747 Elavius
727 3692 981 3747 Clemens
1009 3691 1202 3747 consul
1228 3695 1490 3747 patruelis
1516 3695 2053 3747 D0miliani-nemini

523 3692 697 3746 lavius
727 3692 981 3764 Clemens
1007 3691 1202 3764 consul
1228 3691 1490 3764 patruelis
1516 3691 2061 3764 Domitiani,nemini

476 3777 588 3837 non
619 3768 806 3818 notus.
839 3760 939 3817 Cui
971 3762 1017 3817 si
1045 3760 1297 3837 Clemens
1327 3774 1517 3821 noster
1538 3782 1738 3837 genere
1781 3760 1885 3825 fuit
1927 3786 2064 3827 con-

479 3832 721 3902 iunctus,
758 3840 1023 3902 cognatus
1071 3840 1189 3888 erat
1235 3832 1565 3899 Domitiani,
1582 3852 1693 3894 non
1742 3839 1967 3896 Tiberii.
2002 3844 2062 3898 in

522 3905 758 3978 eruardo
791 3903 964 3959 Serm.
997 3904 1061 3978 de
1082 3902 1387 3978 Clemente:
1415 3908 1703 3978 Acceperat
1732 3910 1799 3968 Β.
1819 3910 2062 3968 Clemens

475 3973 658 4057 nobile
674 3990 857 4057 genus,
894 3976 1106 4057 amplas
1127 3977 1506 4057 possessiones,
1529 3973 1638 4057 etc.

551 4043 835 4122 (ὅῖγΝοῃ
858 4045 1009 4122 ualde
1038 4043 1140 4099 sibi
1181 4048 1398 4100 invicem
1428 4050 1670 4122 similes.
1694 4050 1855 4122 Nulla
1879 4052 2062 4108 varie-

477 4112 568 4170 tas
612 4112 667 4190 in
714 4112 995 4190 codicibus
1034 4129 1200 4190 manu
1233 4119 1497 4180 exaratis.
1533 4121 1677 4190 quod
1720 4120 1918 4175 mirum
1951 4133 2056 4187 est,

474 4183 804 4259 cumGraeca
840 4182 1283 4259 Clementinorum
1322 4203 1389 4243 ac
1414 4182 1689 4259 Epitomcs
1722 4182 2056 4247 contrarium

474 4253 943 4333 planehabeant;
984 4262 1045 4333 et
1091 4256 1308 4333 quidem
1347 4273 1413 4312 eo
1444 4253 1802 4333 probabilius,
1831 4277 1940 4333 quo
1971 4277 2061 4318 res

474 4324 562 4381 cst
614 4331 916 4378 memoratu
960 4324 1201 4401 dignior,
1242 4324 1774 4397 magna—similitudo
1800 4324 2063 4401 gemello-

472 4410 621 4459 rum,
655 4408 816 4464 quam
849 4395 1087 4464 paulula.

547 4463 863 4536 (38)7Pater'
908 4464 1293 4540 Faustinianus
1345 4476 1602 4540 cantatus
1640 4478 1719 4524 est
1761 4485 1779 4523 :
1826 4470 2058 4540 fratrum

475 4520 658 4590 autem,
684 4551 939 4595 meorum,
973 4543 1078 4590 etc.
1123 4536 1201 4590 Ex
1233 4520 1594 4593 similitudine
1616 4520 1896 4595 nominum
1944 4520 2058 4597 ori;
2093 4520 2136 4573 θ

512 4609 670 4683 iaetu“
706 4607 943 4676 sumpsit
979 4605 1385 4683 dissimilitudo
1413 4613 1837 4683 scripturarum.
1873 4611 2060 4683 Siqui-

513 4625 655 4661 lllelll
706 4625 943 4676 SUIDPSII.
979 4625 1371 4663 (lfSSllﬂllllUOO
1413 4625 1837 4680 scripturarum.
1873 4625 2057 4683 διᾳιιι-

473 4625 597 4735 Sent
630 4675 838 4749 Graece,
865 4683 923 4730 ut
951 4683 1006 4731 et
1034 4677 1176 4749 apud
1202 4677 1590 4749 Nicephorum,
1620 4682 1879 4749 Φαῦστος,
1911 4685 2057 4737 Φαυ-

471 4750 653 4821 stiva;
679 4755 735 4802 et
762 4747 1143 4821 Φαυᾳτινψνὸέ
1177 4759 1305 4803 sunt
1336 4747 1490 4821 pater
1522 4766 1647 4805 cum
1676 4747 1892 4808 duobus
1922 4755 2058 4810 libe-

472 4819 553 4891 tjs
579 4817 769 4891 Niceta
797 4823 852 4872 et
879 4816 1799 4891 Aquila.Tantum'Clementinorum
1827 4826 2054 4891 xm,H,

475 4887 729 4963 Faustini
771 4902 971 4963 nomen
1008 4889 1217 4963 Aqui'ae
1244 4890 1434 4959 datur;
1464 4891 1702 4963 itemque
1730 4891 1784 4949 in
1819 4887 2058 4963 pseudo;-

473 4957 671 5034 Abdia.
703 4956 791 5034 At_
818 4957 1051 5034 Rufinus
1075 4956 1134 5015 it.
1168 5003 1186 5014 .
1206 5008 1209 5009 ν
1229 4976 1352 5029 pres
1392 4956 1644 5034 lictitiam
1676 4956 2055 5034 gradationem

476 5029 813 5102 invertit,_ab
842 5030 1179 5102 incremento
1189 5047 1401 5102 _nempe
1429 5032 1498 5087 ad
1525 5029 1951 5102 decre'mentum,
1975 5035 2055 5089 fa-

475 5102 671 5159 ciendo
712 5098 1154 5161 Faustinianum,
1188 5098 1535 5167 Faustinum,
1585 5111 1639 5157 et
1691 5098 1953 5159 Faustum
1988 5121 2055 5161 ex

474 5170 702 5245 Fausto,
727 5169 994 5231 Faustino
1022 5182 1075 5226 et
1100 5170 1482 5245 Faustiniano.
1510 5173 1755 5245 Denique
1781 5183 1934 5245 pater
1957 5176 2057 5231 Cc-

475 5244 689 5307 dreno,
749 5250 915 5311 atque
965 5242 1233 5313 ntgnacho
1288 5241 1741 5313 Altissiodorensi
1781 5241 2053 5313 scriptori

474 5310 1263 5387 Chronologiaeuestjaustus,
1301 5314 1513 5387 auctori
1554 5312 1704 5369 Libri
1726 5310 2051 5387 pontiﬁcalis

476 5329 753 5369 unronoro
794 5329 857 5367 tae
891 5329 976 5368 ρει
1006 5329 1263 5375 raustus,
1301 5329 1513 5369 anetort
1554 5329 1703 5369 mort
1726 5329 2051 5387 pontificalis

476 5392 531 5440 ct
576 5384 714 5439 falso
757 5329 945 5439 ibditc
976 5382 1304 5450 Faustinus;
1336 5382 1581 5440 Nicetam
1611 5399 1738 5439 vero
1778 5386 1921 5440 idem
1952 5401 2056 5439 uu-

478 5464 667 5526 postor
690 5450 955 5526 F_austum
986 5454 1242 5526 appellat.

552 5526 662 5595 (39)
684 5522 917 5607 "Gratias
949 5522 1127 5596 aycns.
1154 5522 1413 5596 Legebat,
1450 5524 1807 5599 εὐχαριστῶν,
1832 5541 1934 5598 pro
1963 5523 2056 5580 εὐ·

514 5612 740 5650 αοιστω.

473 5611 740 5719 xoptate».

494 5731 523 5737 η
572 5666 665 5733 40)
706 5664 949 5723 Insulam
976 5667 1297 5737 proximam.
1328 5709 1341 5722 .
1376 5708 1391 5722 .
1425 5707 1442 5723 .
1477 5665 1716 5720 Aradum
1738 5668 1964 5723 nomine.
1994 5664 2054 5722 In

480 5731 824 5793 Clementinis
876 5754 942 5811 ac
976 5731 1233 5811 'Epitome
1265 5738 1459 5811 abesse
1484 5738 1684 5811 dicitur
1712 5737 1905 5811 stadiis
1949 5737 2053 5791 tri-

420 5866 425 5867 ,
478 5810 630 5881 ginta
678 5824 788 5864 non
838 5808 970 5866 totis
1002 5808 1199 5885 :‘quod
1232 5810 1460 5881 prepius
1494 5808 1704 5865 accedit
1737 5809 1803 5866 ad
1832 5809 2055 5868 distan-

2165 3628 2398 3700 Bullinus
2430 3625 2533 3679 loci
2569 3623 3153 3700 ambitum,qu.i_juxta
3185 3626 3338 3680 illum
3370 3623 3759 3700 geographum

2164 3711 2218 3756 et
2244 3697 2482 3766 Plinium
2515 3703 2720 3766 septem
2752 3702 2837 3766 est
2872 3694 3195 3766 stadiorum,
3227 3713 3324 3766 pro
3352 3694 3618 3753 distantia
3660 3717 3755 3755 ac-

2164 3767 2412 3841 ceperit?
2442 3763 2593 3841 AJam‘
2615 3764 2794 3841 Aradi
2825 3774 2879 3818 et
2904 3764 3170 3841 Antamdi
3200 3763 3369 3841 Vm
3400 3768 3755 3841 librariorum

2162 3835 2299 3897 vitio
2326 3835 2588 3893 confusas
2615 3835 2787 3890 habes
2813 3850 2922 3890 non
2951 3838 3128 3891 solum
3153 3837 3210 3892 in
3230 3838 3319 3893 his
3334 3836 3609 3897 Oneribus
3630 3842 3758 3897 Cie.

2160 3909 2333 3967 tuenti
2368 3907 2692 3979 suppositis,
2727 3906 2909 3979 sedet
2936 3906 3091 3979 alibi,
3121 3909 3354 3979 utgapud
3384 3906 3624 3965 Plinium
3652 3913 3747 3967 lib.

2162 3997 2217 4043 v,
2251 3995 2369 4103 cap.
2402 3976 2500 4043 20’;
2533 3985 2586 4031 et
2615 3976 2673 4029 in
2696 3976 2932 4030 concilio
2959 3976 3420 4057 Chalcedonensi,
3457 3980 3548 4034 ubi
3597 3997 3753 4053 repe-

2162 4051 2275 4103 rics
2362 4048 2546 4101 aulum
2596 4047 2760 4101 modo
2806 4045 2993 4103 Aradi.
3032 4048 3195 4102 modo
3240 4050 3503 4103 Antaradi
3532 4054 3752 4103 episco-

2159 4051 2275 4106 rics
2316 4045 2546 4121 Paulum
2573 4047 2765 4121 _r_uodo_
2788 4045 2993 4121 _Aradi_,
3032 4048 3195 4121 modo
3240 4050 3503 4121 Antaradi
3532 4045 3752 4121 episco-

2158 4136 2326 4191 pum;
2347 4116 2712 4191 .cumLibidem
2740 4116 3047 4171 Alexander
3087 4118 3351 4173 Antaradi
3381 4116 3617 4177 antistes
3646 4139 3752 4178 me-

2164 4177 2427 4246 inoretur.
2467 4177 2620 4241 Tolle
2662 4202 2813 4251 vero,
2845 4202 3075 4243 suasore
3108 4204 3216 4250 me,
3243 4190 3353 4244 duo
3384 4192 3582 4245 menda
3624 4177 3749 4247 :al-

2159 4270 2336 4315 terum
2386 4275 2451 4315 ex
2504 4258 3561 4334 Attselmo_tn01tachoin_Descriptione
3591 4272 3748 4317 terra:

2166 4341 2387 4391 sanctw,
2418 4338 2555 4382 tom.
2589 4326 2658 4382 Vl
2690 4324 2937 4394 Antiqua:
2966 4326 3201 4383 lectionis
3250 4324 3472 4384 Henrici
3495 4332 3743 4390 Canisii:

2163 4400 2242 4473 De
2270 4399 2516 4473 ΑνίζιιιασΔ
2534 4395 3369 4473 (imoFlarathosﬁeographias
3397 4401 3568 4470 vide),
3584 4419 3749 4473 usque

2163 4472 2217 4549 in
2247 4467 2609 4549 Antheradum
2650 4468 2683 4549 ‘(
2703 4468 2765 4521 in
2796 4467 3332 4549 marg.__Antdadum
3508 4467 3747 4549 Annia-

2162 4541 2310 4612 dum)
2348 4548 2469 4595 sunt
2495 4549 2614 4612 octo
2644 4538 2837 4612 Ιειιςιε.Δ
2852 4538 2942 4591 ubi
2965 4538 3244 4612 Petrus
3264 4542 3597 4612 praedicavit,
3618 4544 3744 4598 dum

2159 4613 2259 4683 iret
2293 4607 2657 4683 Antiochiam;
2691 4607 2841 4662 aliud
2868 4625 2933 4663 ex
2956 4607 3530 4683 Atlta‘nasio‘Epistola
3555 4615 3624 4667 ad
3658 4631 3734 4671 so

2160 4682 2411 4753 litariami
2440 4680 2614 4753 vitam
2632 4686 2875 4753 agentes,
2915 4678 3149 4753 Ap._8l2._
3173 4678 3456 4753 Κυμᾶτιος
3486 4686 3516 4736 ὁ
3549 4686 3609 4736 ἐν
3636 4686 3745 4739 Ta-

2161 4752 2325 4823 ράδῳ,
2362 4752 2453 4807 ubi
2474 4749 2674 4823 corrigi
2696 4749 2968 4823 Atualotév
2986 4749 3225 4823 Ἀράδῳ,
3256 4749 3420 4822 quam
3456 4754 3517 4805 ὲν
3562 4755 3747 4809 Ἀντα-

2346 4823 2475 4891 quia
2498 4819 2845 4905 in‘Apolpgia
2868 4821 2957 4905 de.
2974 4819 3101 4905 fuga
3133 4819 3257 4905 sua,
3273 4819 3391 4904 non
3420 4824 3600 4879 multo
3622 4834 3745 4905 post

2156 4891 2376 5019 iériti'um
2424 4897 2651 4946 sanctus
2697 4891 2890 4944 doctor
2925 4891 3189 4948 Antaradi
3234 4891 3562 4965 episcopum
3618 4891 3745 4952 facit

2205 4972 2489 5018 artertum.

2205 4972 2489 5018 artertum.

2231 5032 2345 5107 (Η)
2388 5030 2678 5107 Columnas
2709 5029 2878 5107 sileas
2907 5034 3292 5107 magnitudinis
3320 5035 3629 5107 immensis.
3654 5034 3745 5093 Sic

2158 5102 2446 5174 legendum
2493 5103 2659 5157 etiam
2710 5102 3012 5174 it_t__Ahdia;
3044 5120 3112 5159 ex
3142 5107 3348 5160 Graecis
3402 5114 3458 5160 et
3488 5122 3559 5161 ex
3587 5106 3747 5162 Nice-

2157 5171 2459 5246 ph'orohlib.
2488 5187 2551 5237 ll,
2580 5185 2705 5246 cap.
2734 5171 2804 5227 35
2838 5190 2852 5227 :
2899 5172 3040 5228 Vites
3063 5175 3189 5245 jure
3222 5176 3365 5246 apud
3397 5178 3607 5245 priscos
3634 5196 3746 5231 ma-

2155 5242 2431 5315 gnitudine
2457 5257 2659 5315 quoque
2687 5242 2831 5315 inter:
2869 5242 3083 5315 arbores
3122 5242 3565 5302 numerabantur.
3600 5246 3743 5303 Iuris

2156 5311 2505 5388 simulacrum
2533 5311 2587 5367 in
2628 5311 2755 5379 urbe
2794 5312 3094 5388 Populonia
3124 5333 3190 5371 ea:
3222 5333 3331 5370 una
3365 5318 3739 5388 conspicimus,

2160 5394 2236 5439 tot
2265 5386 2389 5440 arvis
2422 5385 2823 5456 incorruptum;
2848 5386 2980 5438 item
3028 5386 3292 5442 Massilia:
3328 5385 3601 5456 pateram.
3632 5388 3741 5444 ιι-

2158 5456 2362 5525 taponti
2396 5450 2917 5525 templumhlunonis
2958 5457 3220 5525 ritigincis
3265 5450 3530 5513 columnis
3579 5462 3755 5516 stetit-

2156 5523 2341 5598 Etiam
2370 5541 2507 5598 nu_nc
2544 5523 2705 5598 scalis
2737 5534 2929 5598 tectum
2971 5523 3212 5598 Ephesia:
3240 5527 3435 5584 Diana:
3464 5530 3745 5585 scanditur

2156 5597 2257 5651 vite
2282 5614 2391 5672 una
2409 5596 2633 5672 Cypria,
2653 5603 2710 5647 ut
2735 5595 2934 5672 ferunt,
2950 5595 3201 5672 quoniam
3225 5599 3300 5672 illi
3323 5599 3395 5653 ad
3414 5603 3742 5672 priet-ipsisin

2157 5665 2559 5736 aniplitudincm
2589 5675 2801 5721 exeunt.
2835 5665 3012 5724 Verba
3041 5668 3204 5726 Plinii
3228 5670 3326 5725 lib.
3357 5665 3472 5735 xiv,
3497 5686 3551 5726 c.
3583 5665 3743 5737 Lqui

2156 5738 2453 5866 ξὶἐεξὲιυι·
2478 5740 2573 5797 lib.
2609 5751 2724 5806 xvn,
2754 5751 2879 5819 cap.
2914 5738 3156 5800 40.Vidc
3180 5755 3307 5800 mox
3339 5741 3486 5799 infra
3517 5758 3644 5818 cap.

2157 5825 2259 5866 SllD
2291 5825 2384 5868 un.
