3904 6370
144 290 295 345 1361

1351 287 1921 344 BECOGNITIONUM
1961 290 2086 347 ιω.
2125 291 2236 348 VII.

3285 302 3431 360 {36%

139 402 439 467 tissimus,
485 402 805 472 acquiescit,
839 401 936 457 sed
980 401 1192 457 monuit
1236 418 1359 467 nos,
1391 419 1515 459 cum
1548 419 1740 459 navem
1769 414 1818 467 Λ
1846 406 1986 461 alius
2020 422 2150 462 sane
2210 406 2353 461 ﬁlius
2385 415 2656 477 quatenus
2705 407 2865 479 patri;
2904 413 3246 468 maneret-ad
3277 415 3423 469 sola:-

136 494 677 558 descendissemus,
704 508 814 548 non
843 508 951 549 una
980 508 1173 549 omnes
1204 509 1537 551 concurrere
1564 493 1633 550 ad
1667 496 1747 549 vi-

135 585 446 653 dendum;
498 585 627 639 nolo
674 587 844 650 enim,
898 584 1098 656 inquit,
1131 588 1310 641 notari
1343 602 1443 643 vos
1484 601 1514 641 a
1563 587 1743 644 turba.

138 678 302 733 Cum
337 692 468 749 ergo
496 677 585 733 die
615 684 834 748 postera
875 678 1000 733 navi
1031 680 1134 733 sub
1161 689 1439 735 momento
1479 680 1626 734 liora:
1653 696 1748 735 ve-

140 771 438 827 nissemus
484 769 551 824 ad
600 770 865 834 insulam,
911 770 1174 827 continuo
1207 771 1276 831 ad
1319 772 1499 826 locum
1541 772 1595 825 in
1635 786 1746 841 quo

137 872 317 918 erant
340 862 606 918 columnae
632 862 932 925 mirabiles,
964 878 1346 934 properamus.
1370 862 1539 918 Erant
1560 873 1746 918 autem

145 954 209 1008 in
240 953 363 1011 sede
390 953 627 1026 quadam
668 954 879 1025 positae,
931 953 986 1009 in
1034 969 1144 1025 qua
1188 953 1397 1010 Phidiae
1425 969 1591 1026 opera
1619 970 1746 1025 per-

140 1047 452 1118 magniﬁca
482 1047 848 1114 habebantur,
888 1047 1090 1118 quibus
1119 1049 1333 1104 intento
1360 1048 1745 1120 unusquisque

142 1146 411 1195 nostrum
442 1139 788 1195 detinebatur
818 1146 1064 1210 aspectu.

222 1252 371 1308 Xlll.
413 1251 608 1309 Petrus
632 1268 763 1309 vero
792 1253 884 1308 ubi
913 1254 1060 1309 solas
1088 1254 1373 1311 columnas
1401 1258 1634 1312 miratus
1657 1265 1741 1311 est

142 1348 365 1409 viteas,
398 1363 740 1418 nequaquam
772 1355 961 1418 raptus
994 1348 1221 1418 pictum:
1249 1348 1447 1420 gratia,
1485 1365 1741 1420 egressus

142 1438 291 1493 vidit
324 1455 423 1509 pro
465 1439 672 1495 foribus
706 1440 1084 1494 mulierculam
1115 1441 1409 1512 quamdam
1448 1440 1643 1512 stipem
1674 1443 1743 1495 ab

145 1530 565 1587 introeuntibus
598 1532 1022 1604 deposcentem;
1070 1548 1233 1603 quam
1266 1536 1527 1590 attentius
1559 1535 1742 1591 consi-

141 1623 360 1678 derans
389 1623 465 1678 ait
498 1644 511 1681 :
540 1622 660 1690 Dic,
679 1624 1059 1696 mulier,quod
1090 1625 1184 1680 tibi
1212 1626 1513 1680 membrum
1546 1642 1742 1698 corpo-

142 1716 228 1771 ris
260 1716 437 1779 deest,
466 1719 612 1789 quod
647 1718 774 1774 huic
807 1727 859 1774 te
890 1717 1105 1789 injuriae
1137 1718 1421 1788 subjecisti
1449 1729 1506 1775 ut
1541 1720 1736 1791 stipem

1849 499 2008 563 tium,
2036 498 2291 569 cogitari.

1921 588 2056 647 XVI.
2096 589 2203 646 Sed
2264 598 2324 647 ut
2384 591 2500 647 base
2532 591 2609 647 ita
2668 590 2785 649 fieri
2842 605 3089 666 possent,
3141 599 3418 655 somnium

1848 680 2002 745 tinxi,
2038 682 2199 753 quasi
2226 682 2524 738 assistente
2551 684 2685 737 mihi
2720 700 2816 755 per
2859 687 3037 741 visum
3063 689 3300 760 quodam
3325 706 3423 744 nu-

1847 772 1993 827 mine
2039 781 2093 827 et
2145 772 2380 836 dicente,
2412 780 2472 828 ut
2515 773 2802 830 confestim
2834 791 2960 831 cum
3019 780 3251 849 geminis
3282 782 3421 838 meis

1838 867 1983 928 Urbe
2013 868 2351 924 discederem
2406 880 2460 926 et
2507 872 2698 926 tandiu
2746 874 3014 942 abessem,
3045 877 3218 934 donec
3242 879 3420 935 redire

1845 975 1934 1015 me
1972 959 2089 1029 ipse
2123 962 2471 1032 praeciperet;
2507 962 2653 1033 quod
2689 964 2737 1018 si
2803 980 2914 1020 non
2978 965 3236 1032 facerem,
3293 985 3418 1025 cum

1846 1051 2036 1108 liberis
2068 1053 2319 1111 omnibus
2373 1069 2460 1109 me
2504 1056 2710 1126 pariter
2757 1058 3076 1128 perituram.
3135 1058 3199 1117 Et
3232 1062 3306 1116 ita
3340 1062 3421 1117 fa-

1845 1152 1994 1198 ctum
2023 1151 2125 1199 est.
2161 1144 2362 1199 Statim
2393 1146 2538 1202 enim
2577 1154 2636 1201 ut
2693 1150 2966 1205 somnium
3000 1151 3119 1206 viro
3144 1156 3416 1221 enarravi,
3457 1212 3463 1219 ,
3510 1180 3523 1193 ·

1845 1235 2116 1301 extimuit,
2153 1247 2206 1292 et
2236 1240 2457 1295 sociatis
2491 1241 2624 1294 mihi
2653 1241 2867 1297 duobus
2901 1242 3047 1307 filiis,
3084 1246 3258 1302 servis
3285 1262 3419 1318 quo.

1846 1341 1951 1399 que
1974 1336 2026 1384 et
2055 1330 2293 1397 ancillis,
2328 1332 2562 1402 pecunia
2592 1333 2753 1388 etiam
2800 1334 3102 1391 abundanti
3138 1337 3284 1400 data,
3319 1354 3420 1394 na-

1845 1418 2029 1488 vigare
2060 1420 2475 1492 Athenasjubet
2500 1424 2592 1479 ubi
2621 1424 2787 1481 simul
2848 1434 2905 1483 et
2948 1429 3169 1486 erudire
3217 1431 3418 1487 liberos

1846 1525 2081 1581 possem,
2117 1527 2401 1579 mansura,
2438 1512 2637 1586 inquit,
2674 1517 3061 1591 ibiusquequo
3102 1522 3275 1577 visum
3302 1522 3419 1579 fue-

1843 1602 1914 1656 rit
1945 1603 1997 1658 ei
2032 1604 2127 1674 qui
2156 1605 2413 1676 praecepit
2438 1609 2610 1674 exire,
2646 1617 2705 1664 ut
2733 1609 2930 1667 redeas
2952 1612 3019 1667 ad
3054 1627 3177 1671 nos.
3205 1612 3418 1671 Interea

1841 1695 2105 1765 navigans
2136 1711 2243 1751 una
2278 1712 2402 1755 cum
2438 1700 2579 1756 meis
2637 1703 2779 1758 natis
2829 1712 3115 1760 ventorum
3162 1707 3416 1763 violentia

144 1816 332 1877 petas,
364 1816 420 1864 et
449 1767 560 1865 nlo“
588 1810 773 1881 potius
802 1767 1055 1868 mani'bus
1079 1767 1353 1882 tuis‘q'uas
1379 1829 1409 1867 a
1439 1811 1550 1869 Deo
1578 1767 1739 1871 αέα-
1770 1767 1812 1820 Β
1842 1786 1906 1841 ad
1941 1784 2045 1843 hos
2072 1786 2260 1843 infelix
2291 1798 2561 1882 nocturno
2605 1792 2891 1865 naufragio
2919 1794 3143 1866 depulsa
3174 1812 3291 1854 sum
3335 1799 3417 1853 lo-

146 1900 282 1969 pisti
315 1916 555 1972 operans
586 1901 768 1958 cibum
800 1905 1056 1975 quaeras?
1085 1904 1155 1959 At
1182 1904 1274 1960 illa
1305 1908 1594 1979 suspirans
1623 1910 1733 1965 ait:

144 1990 381 2047 Utinam
427 1992 561 2048 mihi
611 1994 834 2066 quidem
881 2004 1068 2052 essent
1117 2013 1314 2053 manus
1364 2016 1485 2071 quae
1531 2005 1736 2059 moveri

143 2091 421 2154 possent,
464 2101 613 2142 nunc
658 2094 839 2141 autem
881 2089 1095 2160 species
1141 2096 1356 2145 tantum
1405 2101 1622 2149 servata
1652 2102 1738 2150 est

144 2191 440 2242 manuum,
466 2187 592 2233 nam
612 2178 743 2250 ipsae
758 2187 894 2236 sunt
912 2187 1199 2246 emortuae,
1223 2189 1278 2238 et
1302 2184 1440 2240 meis
1459 2186 1736 2243 morsibus

141 2266 359 2323 debiles
387 2276 442 2325 et
472 2270 592 2326 sine
623 2287 793 2327 sensu
822 2271 1069 2329 redditae.
1104 2271 1171 2329 Et
1200 2272 1395 2331 Petrus
1422 2296 1435 2332 :
1462 2276 1615 2345 Quae,
1650 2277 1739 2333 in-

140 2360 286 2430 quit,
328 2359 431 2416 fuit
460 2375 648 2427 causa,
676 2372 734 2417 ut
759 2362 868 2419 boc
918 2363 1017 2419 tibi
1046 2371 1261 2420 tantum
1290 2365 1417 2420 mali
1454 2367 1573 2439 ipsa
1604 2385 1737 2425 con-

144 2450 368 2507 ferres?
414 2449 676 2524 Ignavia,
725 2454 939 2526 inquit,
984 2472 1085 2512 nec
1112 2457 1261 2513 aliud
1299 2458 1635 2530 quidquam;
1687 2464 1734 2519 si

142 2543 293 2597 enim
329 2543 523 2600 fuisset
552 2546 607 2600 in
634 2562 720 2601 me
749 2543 956 2618 aliquid
982 2548 1225 2613 virtutis,
1252 2551 1405 2620 potui
1428 2551 1513 2608 vel
1542 2555 1735 2622 praeei-

145 2636 286 2704 pitio
317 2636 396 2690 uti
439 2637 523 2693 vel
562 2636 834 2709 profundo
874 2640 1047 2696 maris
1074 2639 1303 2712 injicere
1329 2643 1731 2714 memetipsam,

143 2734 199 2781 et
239 2728 401 2783 finem
433 2727 565 2786 dare
596 2728 879 2788 doloribus
907 2731 1066 2788 meis.

216 2851 360 2909 XIV.
387 2851 526 2908 Tum
548 2852 773 2912 Petrus:
790 2856 998 2927 Ecquid
1022 2867 1205 2929 putas,
1226 2860 1325 2923 ait,
1350 2845 1568 2928 mulier,
1587 2864 1733 2933 quod

142 2945 241 3014 qni
274 2945 603 3015 semetipsos
646 2948 963 3017 perimunt,
1004 2968 1034 3004 a
1064 2952 1351 3021 suppliciis
1384 2955 1735 3012 liberantur?

143 3037 257 3093 nisi
280 3038 413 3108 quia
442 3039 745 3108 majoribus
775 3042 1061 3111 subjacent
1104 3046 1281 3114 poenis
1317 3047 1514 3103 anima:
1540 3064 1730 3104 eorum

142 3132 240 3199 qui
274 3131 381 3185 sibi
426 3130 563 3201 ipsis
605 3133 895 3189 intulerint
937 3151 1153 3191 manus.
1201 3136 1272 3191 At
1304 3138 1436 3194 illa:
1472 3139 1729 3207 Utinam,
1760 3116 1800 3170 (ί

145 3221 344 3291 inquit,
378 3221 529 3279 istud
561 3224 693 3279 mibi
719 3234 932 3282 certum
962 3226 1135 3292 fieret,
1168 3230 1297 3299 quia
1326 3232 1517 3287 vivunt
1541 3234 1735 3289 animas

140 3312 203 3367 in
230 3312 451 3369 inferno
470 3354 484 3377 ,
516 3314 752 3371 libenter
782 3318 1143 3389 amplecterer
1175 3321 1339 3377 etiam
1370 3337 1563 3392 poenas
1590 3322 1734 3380 ferre

147 3407 344 3464 mortis
372 3408 575 3475 illatae,
622 3415 834 3465 tantum
883 3417 941 3465 ut
971 3410 1169 3469 dulces
1188 3412 1325 3468 mihi
1356 3421 1514 3472 natos
1541 3415 1732 3472 horam

143 3501 343 3556 saltem
368 3514 533 3555 unam
564 3501 825 3557 viderem.
857 3502 925 3556 Et
954 3501 1149 3563 Petrus
1190 3524 1203 3565 :
1228 3504 1373 3571 Quid
1409 3514 1624 3571 tantum
1652 3508 1732 3566 is»

147 3592 244 3647 tud
275 3599 384 3657 est,
414 3592 564 3663 quod
592 3602 645 3649 te
680 3601 789 3649 tam
818 3595 971 3665 gravi
998 3594 1163 3652 allicit
1192 3597 1436 3663 tristitia,
1467 3599 1612 3654 scire
1634 3616 1730 3661 ve-

146 3684 261 3739 lim.
314 3682 371 3738 Si
410 3684 558 3741 enim
601 3684 830 3741 doceres
875 3702 964 3742 me
996 3702 1247 3754 causam,
1298 3703 1519 3759 possem
1550 3691 1647 3744 tibi
1675 3698 1730 3746 et

145 3792 247 3847 ego
273 3776 558 3833 evidenter
584 3776 899 3840 ostendere,
932 3795 965 3831 ο
990 3779 1212 3845 mulier,
1244 3779 1393 3850 quod
1426 3781 1481 3836 in
1514 3780 1729 3837 inferno

148 3869 331 3923 vivant
371 3868 588 3934 anim,
618 3877 676 3924 et
707 3884 807 3941 pro
845 3869 1147 3940 praecipitio
1180 3871 1264 3925 vel
1294 3870 1570 3940 profundo
1598 3888 1727 3942 pos-

147 3974 261 4013 sem
295 3959 397 4015 tibi
432 3960 564 4015 dare
592 3960 1050 4016 medicamentum
1088 3961 1347 4032 aliquod,
1372 3970 1429 4018 ut
1456 3963 1576 4020 sine
1606 3981 1725 4019 cru-

146 4052 513 4111 ciatu.valcas
540 4052 707 4108 vitam
738 4052 915 4109 ﬁnire.

216 4175 335 4231 XV.
361 4175 518 4231 Tune
550 4176 744 4232 mulier
769 4177 1135 4248 promissione
1179 4177 1284 4233 bac
1314 4186 1597 4249 gratanter
1624 4196 1722 4235 ac~

148 4274 301 4339 cepta
328 4268 496 4338 erepit
546 4269 765 4323 dicere:
806 4267 989 4325 Genus
1019 4269 1245 4340 quidem
1275 4270 1410 4325 mihi
1454 4279 1510 4327 et
1548 4275 1721 4342 putria

146 4373 265 4430 qua:
296 4358 390 4423 sit,
416 4373 517 4414 nec
541 4359 688 4414 credi
715 4358 894 4426 facile,
914 4375 1014 4415 nec
1040 4361 1149 4415 dici
1179 4363 1548 4417 necessarimn
1568 4372 1719 4435 puto,

1838 1891 1956 1941 cos,
1985 1885 2039 1933 et
2072 1894 2197 1934 cum
2231 1894 2422 1937 omnes
2457 1881 2794 1948 interissent,
2835 1892 3107 1957 arreptam
3148 1903 3233 1944 me
3288 1903 3417 1944 cru-

1837 1965 2013 2022 delem
2046 1982 2213 2038 supra
2236 1984 2434 2024 saxum
2476 1970 2752 2042 quoddam
2802 1973 3176 2032 vehementior
3216 1977 3415 2033 ﬂuctus

1837 2057 2020 2128 ejecit,
2076 2059 2173 2115 ubi
2226 2075 2355 2115 cum
2407 2062 2654 2119 sederem
2691 2078 2755 2120 ea
2808 2067 2927 2133 sola
2981 2082 3078 2139 spe
3108 2083 3216 2140 qua
3264 2084 3415 2125 meos

1838 2162 2055 2218 possem
2092 2148 2233 2205 forte
2262 2157 2421 2206 natos
2446 2150 2715 2219 invenire,
2737 2154 2793 2209 in
2821 2154 3153 2229 profundum
3188 2173 3273 2215 me
3306 2176 3413 2213 non

1837 2239 2195 2309 praecipitavi,
2258 2250 2398 2297 tunc
2449 2258 2577 2298 cum
2640 2244 2819 2301 adhuc
2872 2247 3189 2317 perturbata
3233 2249 3415 2304 anima

1838 2335 1893 2383 et
1927 2328 2211 2386 doloribus
2256 2330 2408 2385 ebria
2463 2330 2644 2388 facere
2700 2333 2809 2392 hoc
2856 2341 2913 2390 et
2968 2335 3203 2391 audebat
3233 2344 3287 2392 et
3317 2353 3417 2409 po-

1837 2428 1999 2484 terat.

1908 2513 2071 2569 XVII.
2104 2512 2307 2573 Verum
2342 2518 2435 2574 ubi
2486 2518 2606 2574 dies
2644 2528 2869 2576 exortus
2917 2529 3022 2585 est,
3059 2530 3113 2577 et
3145 2538 3246 2593 ego
3286 2539 3409 2580 cum

1835 2606 2077 2664 clamore
2107 2616 2163 2665 et
2208 2609 2423 2666 ululatu
2469 2609 2769 2667 infelicium
2806 2620 3058 2668 natorum
3091 2616 3414 2687 circumspi-

1834 2715 2016 2757 cerem
2058 2702 2236 2759 sicubi
2287 2701 2372 2760 vel
2403 2704 2578 2775 ejecta
2617 2703 2825 2775 possim
2879 2703 3062 2762 videre
3122 2707 3410 2774 cadavera,

1836 2793 2189 2851 miseratione
2219 2797 2479 2852 commoti
2510 2795 2732 2866 quidam
2768 2812 2835 2853 ex
2870 2798 2956 2854 his
2999 2799 3095 2869 qui
3132 2812 3220 2855 me
3264 2798 3414 2855 vide-

1838 2891 1980 2951 rant,
2006 2885 2184 2955 primo
2239 2900 2337 2957 per
2381 2887 2630 2958 pelagus,
2664 2895 2781 2943 tum
2834 2889 2999 2944 etiam
3040 2890 3191 2945 circa
3224 2889 3411 2946 littora

1833 2975 2145 3045 requirunt,
2179 2975 2226 3031 si
2267 2993 2427 3049 quem
2487 2974 2626 3034 foi'te
2670 2978 2737 3034 de
2785 2982 2923 3036 meis
2985 2979 3292 3039 infantibus
3323 2983 3413 3037 in-

1837 3069 2104 3125 venirent.
2143 3068 2250 3125 Sed
2287 3070 2379 3125 ubi
2403 3084 2674 3141 nusquam
2712 3071 2855 3127 ullus
2889 3071 3145 3130 inventus
3179 3081 3283 3140 est,
3309 3075 3414 3130 mi-

1836 3167 2083 3218 serantes
2110 3175 2200 3218 me
2231 3162 2609 3218 mulieresloci
2637 3164 2913 3219 consolari
2930 3175 3413 3235 cmperunt,enar-

1835 3261 2019 3309 rantes
2054 3254 2284 3325 singula
2306 3270 2437 3311 suas
2472 3268 2702 3326 quaeque
2735 3255 3007 3319 miserias,
3041 3266 3099 3312 ut
3153 3273 3220 3314 ex
3256 3260 3412 3317 simi-

1832 3343 2064 3401 litudine
2093 3344 2471 3402 calamitatum
2506 3344 2763 3401 solatium
2807 3355 3092 3415 caperem;
3126 3333 3272 3417 quod
3325 3364 3412 3403 me

1831 3433 2007 3505 magis
2035 3434 2421 3498 contristabat,
2456 3449 2566 3489 non
2600 3434 2745 3488 enim
2785 3434 2894 3489 tale
2921 3434 3056 3489 mihi
3085 3441 3205 3490 erat
3252 3436 3409 3507 inge—

1830 3528 2004 3589 nium,
2038 3535 2097 3582 ut
2127 3526 2360 3581 aliorum
2393 3527 2536 3580 mala
2585 3540 2705 3582 mea
2737 3540 2860 3581 esse
2901 3526 3097 3581 solatia
3126 3526 3405 3583 ducerem.

1830 3617 1895 3670 Iit
1926 3632 2053 3673 cum
2105 3632 2194 3673 me
2226 3617 2412 3673 multae
2440 3616 2680 3687 hospitio
2707 3626 2971 3687 cuperent
3002 3618 3263 3689 recipere.
3302 3633 3409 3675 una

1826 3705 2075 3775 quaedam
2111 3706 2444 3775 paupercula
2486 3706 2575 3761 hic
2603 3706 2856 3762 habitans
2888 3708 3121 3763 extorsit
3151 3709 3286 3763 mibi
3319 3719 3409 3765 tu-

1822 3799 1987 3869 gurio
2039 3798 2162 3869 ejus
2210 3798 2543 3862 succedere,
2602 3798 2793 3854 dicens
2836 3799 3024 3860 luisse
3073 3800 3177 3856 sibi
3229 3801 3407 3857 virum

1828 3892 2050 3940 nautam
2083 3900 2319 3957 eumque
2351 3886 2407 3941 in
2436 3887 2576 3941 man’
2626 3886 3021 3945 adolescentem
3059 3888 3406 3957 defunctum,

1828 3978 2043 4048 sibique
2069 3991 2138 4033 ex
2170 3992 2237 4033 eo
2261 3976 2351 4035 die
2383 3991 2508 4034 cum
2546 3977 2703 4033 multi
2730 3993 2849 4035 eam
2882 3979 3131 4049 accipere
3170 3982 3227 4037 in
3273 3997 3407 4039 con-

1823 4069 2035 4139 jugium
2066 4075 2351 4139 cuperent,
2384 4083 2570 4123 amore
2598 4068 2701 4123 viri
2719 4069 3036 4125 viduitatem
3085 4071 3258 4128 fuisse
3280 4072 3407 4128 eba-

1827 4160 2053 4215 riorem.
2088 4158 2259 4213 Erunt
2290 4172 2442 4230 ergo,
2476 4159 2676 4229 inquit,
2704 4159 2863 4215 nobis
2890 4161 3223 4229 communia,
3252 4178 3404 4234 quae-

1826 4266 2043 4322 cunque
2092 4251 2346 4307 manibus
2394 4236 2602 4307 nostris
2629 4258 2919 4321 operantes
2958 4269 3202 4323 quietere
3251 4268 3406 4327 pote-

1824 4360 2020 4400 rimus.

148 4452 242 4507 sed
271 4465 499 4507 causam
525 4458 737 4505 tantum
791 4452 991 4507 sufficit
1040 4451 1248 4508 doloris
1280 4468 1572 4525 exponere,
1624 4470 1727 4511 cur

1900 4435 2085 4492 XVIII.
2136 4436 2205 4491 Et
2250 4452 2321 4491 ne
2370 4444 2531 4507 longa
2573 4451 2637 4490 ac
2685 4436 2869 4492 niinus
2920 4437 3037 4492 utili
3089 4440 3403 4496 narratione

147 4544 421 4598 morsibus
440 4542 576 4596 meis
597 4556 749 4596 meas
774 4542 892 4613 ipsa
912 4542 1121 4599 debiles
1150 4544 1481 4602 reddiderim
1506 4560 1722 4607 manus.

147 4634 256 4706 Ego
290 4636 572 4706 generosis
603 4644 720 4690 orta
755 4637 1075 4706 parentibus
1125 4648 1177 4692 ct
1210 4639 1450 4706 potentis
1499 4640 1727 4713 adaeque

149 4729 248 4785 viri
270 4728 469 4783 sortita
528 4727 963 4793 matrimonium,
1000 4728 1141 4785 duos
1194 4731 1415 4801 suscepi
1472 4734 1724 4804 geminos

148 4820 345 4875 Iiberes
373 4826 430 4873 et
479 4826 603 4889 post
642 4818 748 4874 bos
796 4834 966 4873 unum
1020 4819 1209 4875 alium.
1248 4819 1355 4876 Sed
1415 4821 1587 4879 frater
1616 4824 1721 4878 viri

148 4912 249 4967 mei
281 4909 475 4965 illicito
510 4910 567 4964 in
614 4923 702 4964 me
729 4924 917 4965 amore
946 4911 1297 4966 vehementer
1327 4912 1557 4978 exarsit,
1586 4913 1719 4967 mihi

148 5011 323 5058 autem
355 5016 482 5057 cum
517 5014 683 5072 super
710 5003 900 5057 omnia
933 5017 1067 5058 cura
1120 5010 1269 5059 esset
1326 5004 1633 5075 pudicitiae,
1666 5014 1721 5060 et

146 5110 317 5165 neque
342 5102 497 5149 tanto
532 5094 726 5149 sceleri
779 5094 1129 5165 acquiescere
1160 5111 1338 5166 neque
1371 5096 1491 5152 viro
1522 5097 1717 5151 vellem

146 5185 406 5258 flagitium
440 5184 631 5240 fratris
665 5186 901 5255 aperire,
963 5186 1199 5255 cogitavi
1232 5194 1508 5256 quatenus
1539 5196 1592 5243 et
1616 5202 1720 5257 ego

146 5278 422 5347 impolluta
456 5277 766 5340 evaderem,
800 5284 855 5331 et
886 5275 1114 5331 fratrem
1174 5277 1459 5332 inimicum
1515 5286 1569 5334 et
1621 5278 1719 5332 lio-

145 5376 280 5423 Mem
311 5381 421 5422 non
446 5366 680 5423 facerem
712 5364 894 5429 fratri,
928 5379 998 5418 ne
1029 5379 1202 5435 genus
1230 5380 1397 5421 omne
1422 5365 1568 5436 quod
1599 5373 1719 5421 erat

145 5456 339 5513 nobilis
372 5457 591 5512 familiae
634 5457 690 5512 in
717 5455 1072 5526 opprobrium
1118 5456 1326 5513 darem.
1354 5455 1536 5513 Patria
1584 5472 1718 5528 ergo

146 5558 198 5606 et
226 5551 355 5606 urbe
387 5566 512 5605 cum
547 5549 764 5605 duobus
787 5547 923 5604 meis
942 5548 1175 5619 geminis
1211 5547 1494 5604 discedere
1525 5548 1713 5612 statui,

147 5642 311 5697 donec
354 5643 598 5698 incestus
656 5655 812 5697 amor
861 5639 1299 5710 conquiesceret,
1364 5653 1524 5709 quem
1574 5639 1715 5694 forte

152 5732 449 5803 prwsentia:
472 5748 604 5789 mea:
665 5732 910 5802 palparet
945 5739 997 5787 et
1034 5729 1389 5785 inflammaret
1421 5739 1711 5799 aspectus;

1830 4537 1973 4593 utar,
2004 4528 2237 4584 libenter
2266 4527 2512 4583 babitavi
2540 4543 2662 4583 cum
2694 4543 2759 4583 ea
2802 4539 3026 4600 propter
3051 4528 3303 4585 affectum
3339 4531 3403 4584 Il-

1825 4621 1912 4677 dei
1942 4634 2106 4691 quam
2131 4626 2445 4676 servaverat
2474 4620 2611 4675 viro.
2639 4618 2746 4675 Sed
2775 4636 2886 4676 non
2921 4621 3094 4676 multo
3121 4628 3247 4691 post
3264 4622 3401 4677 mibi

1824 4712 2065 4779 infelici,
2091 4712 2344 4770 laceratae
2370 4712 2578 4770 dudum
2638 4714 2935 4778 morsibus,
2967 4714 3221 4770 resolutae
3270 4721 3401 4771 sunt

1824 4820 2044 4871 manus,
2073 4814 2128 4861 et
2167 4806 2260 4862 illa
2279 4820 2407 4877 qua
2458 4821 2545 4863 me
2598 4812 2939 4876 susceperat,
2974 4805 3209 4861 incurrit
3238 4820 3401 4877 para-

1822 4899 1963 4971 Iysin
1988 4906 2043 4957 et
2070 4898 2217 4955 domi
2241 4898 2299 4953 in
2316 4899 2457 4954 lecto
2477 4897 2645 4966 jacet.
2663 4895 2881 4951 Illarum
2903 4904 3087 4953 autem
3104 4896 3398 4953 mulierum

1818 5007 1941 5064 quae
2000 4991 2154 5063 prius
2204 4990 2637 5053 miserabantur,
2696 4986 2913 5043 refrixit
2979 4986 3244 5053 aﬂectus;
3294 5004 3398 5043 nos

1819 5083 1992 5139 amba:
2015 5081 2247 5148 debiles,
2289 5096 2391 5153 ego
2425 5088 2485 5136 ut
2534 5080 2685 5136 vides
2722 5080 2888 5136 sedeo
2931 5081 3129 5153 stipem
3172 5088 3395 5151 petens,

1817 5186 1873 5232 et
1908 5177 1956 5233 si
1984 5176 2115 5247 quid
2148 5176 2290 5231 forte
2320 5173 2589 5245 quaesiero
2640 5172 2700 5227 fit
2744 5188 2888 5228 unus
2936 5172 3171 5228 duarum
3215 5172 3398 5228 infeli-

1817 5271 1964 5325 cium
1996 5269 2174 5324 cibus.
2212 5266 2355 5322 Ecce
2390 5266 2503 5337 jam
2534 5281 2657 5338 ipsa:
2698 5279 2819 5321 mea
2882 5272 3011 5333 sunt
3065 5262 3398 5335 sufﬁcienter

1818 5360 2043 5425 audisti,
2075 5368 2133 5414 tu
2164 5372 2310 5413 nunc
2325 5357 2455 5428 quid
2503 5357 2735 5413 moraris
2766 5356 2992 5426 implere
3022 5355 3167 5427 quod
3190 5357 3397 5427 promi-

1817 5466 1993 5514 seras,
2028 5458 2083 5505 et
2112 5449 2244 5504 dare
2298 5448 2756 5504 medicamentum
2799 5460 2910 5518 quo
2964 5447 3140 5517 possit
3187 5446 3395 5516 absque

1817 5544 2089 5605 cruciatu,
2123 5550 2183 5596 ut
2212 5541 2316 5605 ais,
2350 5548 2583 5611 utraque
2613 5548 2863 5595 nostrum
2893 5538 3227 5595 miserabilis
3267 5539 3393 5593 vita:

1818 5642 2018 5691 sortem
2051 5634 2247 5688 finire?

1887 5725 2027 5781 XIX.
2066 5724 2187 5781 llaec
2214 5724 2430 5781 dicente
2460 5725 2708 5790 muliere,
2745 5726 2914 5781 multa
2964 5724 3158 5781 Petrus
3184 5723 3390 5792 cogita-
