3904 6356
506 337 645 391 1563

1337 328 1395 387 S.
1436 326 1827 383 CLEMENTIS
1861 328 1881 381 I
1917 327 2087 389 ROM.
2128 327 2328 386 PONT.
2370 327 2598 385 OPERA
2637 328 2867 384 DUBIA.
2918 354 2924 361 ·

3650 326 3789 381 1364

506 453 655 507 tione
677 451 971 507 distracius
1006 448 1152 504 velut
1199 448 1465 502 attonitus
1522 448 1724 513 stabat,
1756 456 1812 503 et
1842 463 1942 517 ego
1966 445 2090 502 Cle-
2122 452 2166 507 Α
2264 445 2429 501 XXII.
2466 446 2532 499 Et
2565 454 2757 502 tenens
2802 459 3027 500 manum
3055 442 3177 514 ejus
3222 441 3427 499 Petrus
3466 440 3791 497 adducebat

504 561 663 602 mens
691 544 1109 616 superveniens,
1171 540 1411 606 Dudum,
1458 541 1705 611 inquam,
1763 556 1861 610 per
1904 541 2087 595 omnia

505 638 828 692 discurrens
859 634 1170 705 quazrcbam
1200 644 1275 698 te,
1334 644 1388 687 et
1438 648 1586 687 nunc
1633 632 1767 703 quid
1825 631 2092 686 facimus?

504 728 575 780 At
605 727 694 782 ille
721 725 978 796 prmeepit
1009 723 1145 779 mihi
1172 732 1230 776 ut
1259 720 1327 775 ad
1354 722 1664 775 naviculam
1694 720 2082 791 praecederem,

507 816 585 871 ibi
630 832 737 881 me,
771 815 969 885 inquit,
1003 814 1280 885 apperire,
1303 822 1356 870 et
1412 814 1541 883 quia
1577 813 1879 869 contradici
1901 814 1951 869 ei
1980 828 2090 868 non

506 914 739 975 poterat,
791 906 935 977 quod
986 906 1155 975 jussit
1212 907 1451 976 implevi.
1513 904 1631 976 Ipse
1657 921 1808 969 vero,
1843 912 1902 959 ut
1956 906 2091 960 mihi

507 1008 703 1053 cuneta
737 998 1013 1068 posterius
1044 1000 1343 1063 enarravit,
1369 996 1683 1067 suspicione
1703 998 1939 1069 quadam
1970 999 2093 1069 pul-

509 1102 661 1145 satus
690 1090 1004 1160 requirebat
1033 1106 1064 1144 a
1094 1091 1323 1146 muliere
1357 1106 1531 1161 genus
1560 1100 1616 1146 et
1642 1091 1901 1161 .patriam
1927 1091 2092 1145 simul

508 1189 566 1236 et
595 1183 819 1236 nomina
848 1182 1108 1246 filiorum,
1142 1198 1263 1252 quae
1306 1183 1352 1237 si
1418 1181 1575 1246 mihi,
1611 1182 1811 1251 inquit,
1862 1182 2090 1247 dixeris,

509 1275 652 1329 dabo
679 1275 945 1331 continuo
993 1273 1475 1330 medicamentum.
1524 1272 1594 1327 At
1626 1274 1719 1327 illa
1772 1274 1929 1345 quasi
1983 1273 2093 1328 vim

510 1367 816 1432 sustinens,
849 1365 980 1436 quia
1032 1380 1211 1435 neque
1242 1363 1399 1420 fateri
1442 1364 1560 1420 haec
1589 1365 1808 1420 volebat
1845 1372 1899 1419 et
1921 1364 2091 1419 medi-

509 1460 747 1514 camenti
776 1458 975 1529 cupida
1005 1464 1144 1526 erat,
1188 1457 1347 1512 finxit
1385 1458 1489 1513 alia
1520 1474 1588 1513 ex
1618 1458 1765 1523 aliis,
1817 1465 1870 1513 et
1902 1457 1979 1511 ait
2035 1473 2095 1513 se

509 1552 730 1621 quidem
762 1568 885 1608 esse
918 1551 1236 1622 Ephesiam,
1272 1553 1449 1606 virum
1487 1558 1667 1606 autem
1702 1549 1969 1617 Siculum,
1998 1552 2094 1606 sed

509 1651 564 1697 et
593 1643 827 1696 filiorum
852 1645 1073 1699 nomina
1104 1643 1356 1700 similiter
1380 1642 1705 1697 immutavit.
1730 1640 1867 1696 Tum
1896 1641 2093 1699 Petrus

511 1742 711 1803 putans
738 1750 859 1791 eam
906 1751 1095 1790 verum
1128 1736 1482 1807 respondisse
1531 1736 1645 1790 ait:
1678 1733 1835 1789 Heu!
1872 1734 2088 1800 mulier,

510 1826 792 1895 putabam,
824 1827 1023 1898 inquit,
1054 1827 1261 1899 grande
1287 1827 1508 1898 aliquod
1537 1826 1800 1897 gaudium
1828 1826 2092 1882 hodierna

512 1918 675 1973 nobis
702 1918 790 1973 die
820 1920 1116 1985 oriturum,
1145 1922 1467 1992 suspicabar
1495 1921 1639 1976 enim
1664 1928 1716 1975 te
1744 1935 1867 1975 esse
1900 1937 2094 1991 quam-

512 2008 639 2063 dam
667 2011 974 2075 mulierem,
1000 2012 1067 2067 de
1121 2029 1229 2083 qua
1274 2012 1477 2068 similia
1530 2011 1783 2082 quaedam
1822 2028 1999 2084 nuper
2024 2013 2093 2067 ad

517 2100 675 2153 Iidem
709 2100 899 2157 didici.
943 2103 1012 2157 At
1052 2103 1143 2157 illa
1175 2103 1462 2173 adjurabat
1483 2118 1609 2158 eum
1646 2103 1880 2160 dicens:
1939 2105 2093 2176 Rege

516 2202 567 2245 te
591 2200 648 2245 ut
681 2192 892 2249 indices
921 2193 1052 2246 mihi
1078 2208 1199 2264 quae
1224 2195 1326 2249 ista
1358 2196 1455 2263 sit,
1478 2203 1539 2250 ut
1560 2195 1753 2262 sciam,
1794 2197 1841 2253 si
1868 2207 1954 2253 est
1984 2200 2093 2254 ulla

513 2283 656 2339 inter
690 2284 949 2341 mulieres
978 2301 1065 2340 me
1096 2286 1387 2342 infelicior.

586 2373 702 2430 XX.
745 2374 883 2429 Tum
926 2374 1122 2431 Petrus
1155 2377 1341 2432 fallere
1374 2380 1625 2436 nesciens
1654 2388 1708 2436 et
1741 2382 2092 2441 miseratione

512 2475 821 2523 commotus
852 2467 1019 2538 coepit
1042 2466 1226 2525 dicere
1252 2489 1265 2525 :
1297 2469 1392 2526 Est
1417 2471 1638 2540 quidam
1661 2474 1986 2533 adolescens
2008 2477 2093 2531 in-

516 2565 601 2613 ter
640 2573 736 2613 eos
782 2558 877 2630 qui
932 2575 1018 2614 me
1051 2572 1355 2631 sequuntur
1387 2563 1664 2635 religionis
1691 2575 1745 2621 et
1772 2577 1938 2624 sectae
1965 2585 2092 2639 gra-

514 2649 613 2716 tia,
642 2649 923 2707 Romanus
946 2651 1217 2724 civis,qui
1250 2656 1381 2709 mihi
1404 2658 1681 2711 enarravit
1707 2659 1851 2728 quod
1881 2668 2091 2731 patrem

512 2742 770 2797 habuerit
794 2750 849 2798 et
878 2743 1017 2799 duos
1044 2745 1293 2815 geminos
1326 2746 1545 2813 fratres,
1579 2766 1645 2805 ex
1675 2752 1879 2821 quibus
1895 2756 2084 2813 nullus

511 2833 565 2889 ei
597 2842 871 2904 superest.
899 2834 1091 2901 Mater,
1119 2836 1319 2906 inquit,
1337 2854 1458 2894 mea
1484 2839 1627 2894 sicut
1654 2855 1684 2893 a
1715 2849 1872 2911 patre
1899 2844 2093 2913 didici,

510 2926 786 2981 somnium
817 2927 993 2995 vidit,
1039 2935 1099 2983 ut
1156 2926 1405 2983 Romana
1435 2930 1567 2986 urbe
1592 2931 1659 2987 ad
1684 2922 1906 3005 tempus
1932 2952 2094 2992 exce-

510 3016 664 3071 deret
694 3032 823 3071 eum
850 3018 1068 3075 duobus
1096 3020 1332 3091 geminis
1373 3021 1518 3078 natis
1537 3061 1553 3087 ,
1605 3040 1674 3079 ne
1713 3024 1854 3083 forte
1882 3027 2089 3082 exitiali

2190 558 2311 599 eam
2356 544 2426 596 ad
2471 555 2683 595 navem.
2717 539 2888 605 Quem
2916 553 3017 608 ego
3046 538 3236 593 videns
3288 551 3519 591 manum
3560 535 3791 590 dantem

2191 633 2406 688 mulieri
2437 633 2617 687 ridere
2650 632 2790 702 ρωρί
2816 671 2832 694 ,
2884 630 3151 685 accedens
3175 641 3354 685 tamen
3390 629 3632 683 honoris
3670 628 3791 696 ejus

2192 725 2388 795 gratia,
2418 741 2518 796 pro
2550 724 2668 793 ipso
2701 723 2843 792 εαξρὶ
2872 721 3013 777 velle
3042 720 3313 790 subjicere
3345 735 3575 773 manum
3607 733 3789 772 meam

2191 825 2247 873 et
2288 824 2603 871 sustentare
2648 814 2962 878 mulierem;
3000 812 3163 868 simul
3217 820 3396 867 autem
3453 821 3518 865 ut
3558 825 3791 864 manum

2191 910 2313 980 ejus
2338 909 2577 978 conligi,
2608 906 2823 961 ululatu
2870 904 3077 977 ingenti
3117 904 3332 960 reddito
3379 904 3438 958 in
3489 902 3791 972 amplexus

2191 1018 2345 1059 meos
2370 1000 2561 1066 irruit,
2584 1008 2639 1056 et
2674 999 2941 1054 maternis
2969 1011 3057 1053 me
3086 998 3395 1053 consectari
3422 997 3639 1051 osculis
3669 1010 3789 1050 co:-

2193 1094 2297 1164 pit.
2346 1093 2415 1146 At
2457 1109 2560 1165 ego
2603 1092 2867 1163 ignorans
2904 1106 3067 1146 omne
3106 1090 3382 1161 negotium
3415 1092 3581 1173 quasi
3636 1087 3789 1142 insa-

2193 1188 2433 1243 nientem
2467 1187 2750 1242 mulierem
2781 1185 3131 1254 repellebam,
3167 1182 3329 1239 simul
3359 1190 3436 1246 et,
3470 1197 3601 1237 eum
3634 1196 3789 1235 vere-

2195 1278 2395 1334 cundia
2439 1278 2603 1344 licet,
2654 1276 2979 1348 indignabar
3008 1283 3194 1329 tamen
3239 1272 3654 1345 quodammodo
3690 1272 3787 1325 ad-

2196 1385 2413 1425 versum
2442 1368 2684 1425 Petrum.

2266 1460 2455 1517 XXIII.
2497 1461 2567 1515 At
2599 1462 2728 1516 ille:
2763 1458 2960 1515 Desine
2984 1500 2998 1526 ,
3044 1458 3253 1530 inquit,
3289 1457 3421 1528 quid
3448 1457 3604 1526 agis,
3632 1472 3668 1512 ο
3712 1454 3784 1509 fili

2195 1553 2491 1610 Clemens?
2522 1554 2632 1608 noli
2684 1553 2951 1624 repellere
2992 1559 3143 1606 tuam
3189 1558 3442 1606 matrem.
3487 1548 3606 1619 Ego
3655 1565 3786 1601 vero

2200 1649 2288 1705 ubi
2327 1648 2440 1702 haec
2469 1646 2649 1700 audivi
2672 1686 2687 1707 ,
2715 1646 2976 1700 continuo
3003 1644 3262 1716 lacrymis
3282 1642 3531 1698 suﬂ'usus
3560 1640 3785 1696 concidi

2198 1754 2363 1811 supra
2390 1739 2665 1808 jacentem
2716 1746 2945 1791 matrem
2979 1745 3033 1792 et
3082 1735 3321 1792 osculari
3350 1750 3472 1789 eam
3498 1733 3668 1802 coepi.
3699 1730 3776 1785 Si-

2196 1832 2308 1886 mul
2339 1830 2483 1885 enim
2518 1836 2575 1883 ut
2604 1828 2817 1894 audivi,
2866 1828 3127 1900 paulatim
3156 1828 3365 1883 vultum
3398 1827 3521 1897 ejus
3557 1840 3786 1881 revoca-

2197 1924 2321 1977 bam
2359 1924 2425 1977 ad
2481 1923 2801 1978 memoriam
2844 1932 2895 1978 et
2943 1922 3126 1977 notior
3167 1922 3301 1976 mihi
3346 1919 3586 1976 intuenti
3629 1927 3787 1972 tanto

2196 2016 2371 2085 magis
2417 2014 2599 2071 fiebat.
2651 2014 2943 2069 Multitudo
2991 2013 3209 2068 interim
3256 2010 3623 2067 conveniebat
3662 2010 3784 2079 plu-

2196 2108 2356 2171 rima,
2377 2107 2605 2163 audiens
2626 2106 2771 2178 quod
2800 2106 2997 2161 mulier
3020 2122 3143 2177 qua!
3172 2104 3239 2159 ad
3266 2104 3465 2175 stipem
3488 2104 3781 2175 petendam

2196 2200 2461 2262 sedebat,
2511 2200 2791 2271 recognita
2837 2207 2985 2254 esset
3020 2213 3051 2251 a
3084 2196 3195 2253 ﬁlio
3229 2212 3331 2253 suo
3364 2195 3486 2250 viro
3540 2195 3781 2265 quodam

2196 2291 2358 2347 bono.
2404 2290 2469 2345 Et
2505 2307 2629 2346 cum
2663 2290 2892 2346 velimus
2924 2288 3215 2346 confestim
3262 2288 3559 2359 enavigare
3594 2303 3661 2342 ex
3700 2288 3788 2340 in-

2196 2386 2314 2440 sula
2337 2424 2351 2449 ,
2384 2392 2557 2439 mater
2578 2384 2652 2437 ait
2680 2383 2747 2437 ad
2782 2400 2867 2439 me
2895 2402 2908 2438 :
2944 2381 3047 2437 Fili
3072 2380 3413 2444 dulcissime,
3451 2388 3669 2435 rectum
3696 2391 3783 2434 est

2196 2485 2256 2531 ut
2280 2476 2579 2532 valedicam
2610 2474 2944 2530 mulierculae
2966 2489 3087 2545 quae
3112 2488 3199 2528 me
3232 2472 3496 2542 suscepit,
3519 2479 3606 2525 est
3635 2472 3777 2525 enim

2195 2584 2362 2640 egens
2390 2579 2443 2624 et
2474 2569 2791 2640 paralytica,
2822 2568 3013 2639 jacens
3041 2566 3095 2621 in
3128 2565 3349 2621 lectulo.
3382 2562 3598 2631 Quibus
3624 2561 3774 2615 audi-

2195 2663 2266 2720 tis
2299 2661 2493 2717 Petrus
2522 2670 2575 2717 et
2603 2677 2793 2718 omnes
2824 2661 2918 2732 qui
2949 2660 3205 2724 aderant,
3231 2657 3487 2714 admirati
3521 2666 3653 2713 sunt
3678 2655 3777 2709 bo-

2195 2752 2515 2830 nitatemae
2543 2751 2889 2823 prudentiam
2918 2749 3151 2814 feminae,
3186 2757 3241 2805 et
3289 2748 3561 2805 continuo
3606 2748 3778 2817 jussit

2195 2845 2391 2901 Petrus
2434 2845 2588 2899 abire
2637 2843 2902 2915 quosdam
2935 2852 2990 2897 et
3023 2840 3238 2898 deferre
3279 2841 3569 2896 mulierem
3615 2841 3671 2894 in
3698 2840 3778 2895 le—

2195 2938 2344 2994 ctulo
2372 2936 2464 2992 ubi
2491 2936 2732 3007 jaeebat.
2770 2936 3020 3006 Cumque
3064 2933 3259 2990 fuisset
3288 2932 3453 2987 allata
3486 2940 3543 2988 et
3576 2932 3631 2985 in
3662 2947 3780 2987 me—

2194 3033 2287 3088 dio
2328 3032 2501 3086 turba:
2545 3030 2778 3087 astantis
2808 3031 2985 3101 posita
3011 3069 3025 3094 ,
3072 3029 3130 3083 in
3176 3038 3475 3098 conspectu
3525 3030 3777 3082 omnium

511 3108 738 3163 interitu
763 3109 1116 3201 deperirent;
1143 3128 1264 3181 quae
1293 3127 1427 3201 eum
1440 3114 1790 3173 discessisset
1818 3134 2089 3190 nusquam
2120 3144 2165 3201 ο
2195 3124 2392 3180 Petrus
2425 3124 2500 3178 ait
2526 3141 2539 3177 :
2578 3120 2637 3177 Si
2665 3122 2912 3178 veritatis
2941 3137 3041 3192 ego
3066 3136 3186 3176 sum
3217 3135 3424 3191 praeco,
3458 3119 3529 3173 ad
3571 3120 3782 3173 confir-

512 3206 780 3252 terrarum
832 3199 977 3253 ultra
1026 3202 1355 3270 comparuit.
1402 3199 1563 3257 Pater
1604 3219 1733 3259 vero
1780 3221 1919 3263 suus
1970 3218 2093 3277 post

514 3290 632 3345 haec
662 3292 730 3346 ad
768 3291 1179 3363 inquisitionem
1212 3294 1402 3350 uxoris
1437 3309 1502 3349 ac
1529 3295 1766 3353 ﬁliorum
1812 3300 2093 3370 profech

513 3397 615 3437 nec
649 3383 767 3453 ipse
798 3384 1096 3439 invenitur.

582 3497 723 3552 XXI.
764 3498 891 3555 Haec
921 3514 1048 3555 eum
1094 3501 1325 3558 dixisset
1356 3502 1586 3567 Petrus,
1638 3506 1835 3561 mulier
1868 3516 2092 3579 stupore

508 3606 775 3659 percussa
822 3592 1059 3645 corruit.
1106 3591 1245 3646 Tum
1289 3592 1486 3650 Petrus
1531 3599 1813 3654 continere
1862 3615 1986 3654 eam
2035 3608 2091 3656 et

507 3682 786 3737 consolari
814 3684 981 3752 erepit
1000 3724 1014 3748 ,
1050 3699 1115 3738 ac
1150 3687 1433 3755 requirere
1460 3689 1592 3758 quid
1615 3700 1761 3746 esset
1791 3707 1973 3749 causa:
1993 3701 2091 3748 aut

507 3772 642 3845 quid
685 3781 985 3843 pateretur.
1022 3775 1093 3829 At
1136 3776 1230 3831 illa
1271 3779 1361 3833 vix
1394 3780 1688 3850 aliquando
1717 3784 1970 3854 spiritum
2000 3801 2089 3842 re-

508 3880 738 3932 vocans,
785 3881 850 3920 ae
890 3864 1242 3938 semetipsam
1292 3871 1358 3925 ad
1413 3873 1597 3942 gaudii
1641 3875 1787 3944 quod
1834 3879 2089 3947 sperabat

508 3958 947 4027 magnitudinem
968 3974 1230 4031 reparans
1262 3964 1534 4035 simulque
1561 3965 1821 4023 aII'ricans
1849 3971 2084 4038 vultum,

510 4049 633 4115 Hie,
666 4051 845 4121 inquit
877 4091 892 4116 ,
926 4062 1009 4107 est
1039 4069 1203 4123 quem
1233 4055 1373 4112 dicis
1410 4058 1768 4115 adolescens?
1790 4061 1858 4115 At
1888 4062 2086 4121 Petrus

2195 3216 2449 3271 mandam
2494 3212 2655 3269 fidem
2703 3213 2901 3268 horum
2932 3212 3177 3267 omnium
3221 3212 3316 3282 qui
3356 3211 3659 3272 assistunt,
3713 3217 3778 3263 ut

2195 3309 2373 3364 sciant
2401 3314 2455 3363 et
2483 3306 2711 3362 credant
2739 3307 2869 3377 quia
2899 3319 3042 3359 unus
3071 3313 3156 3359 est
3178 3302 3322 3358 Deus
3338 3302 3433 3373 qui
3464 3302 3668 3357 coelum
3697 3299 3780 3355 fe-

2191 3400 2269 3455 cit
2316 3414 2381 3453 ac
2424 3408 2625 3453 terram
2650 3439 2665 3465 ,
2713 3400 2770 3452 in
2806 3396 3027 3450 nomine
3045 3394 3175 3450 Jcsu
3218 3394 3429 3450 Christi
3465 3392 3594 3447 Filii
3622 3392 3771 3462 ejus,

2191 3500 2380 3561 surgat
2406 3492 2523 3547 lucc
2555 3491 2772 3545 mulier.
2804 3488 2866 3543 Et
2899 3488 3083 3545 statim
3114 3497 3175 3541 ut
3205 3488 3320 3542 haec
3342 3486 3611 3551 dixisset,
3648 3500 3777 3542 sur-

2189 3586 2332 3643 rexit
2361 3600 2494 3640 sana
2524 3590 2577 3639 et
2599 3581 2835 3653 procidit
2855 3582 2921 3636 ad
2954 3580 3121 3651 pedes
3136 3578 3305 3646 Petri,
3335 3587 3505 3649 atque
3533 3579 3771 3633 amicam

2190 3697 2346 3739 suam
2395 3696 2460 3736 ac
2494 3680 2815 3735 familiarem
2865 3678 3071 3734 osculis
3099 3685 3311 3747 petens,
3340 3674 3774 3747 percontabatur

2188 3772 2257 3827 ab
2296 3787 2361 3827 ea
2406 3771 2539 3842 quid
2590 3770 2737 3826 istud
2785 3776 2933 3825 esset
2982 3767 3207 3839 negotii.
3264 3766 3334 3821 At
3378 3767 3471 3819 illa
3529 3766 3770 3821 breviter

2187 3878 2404 3919 omnem
2432 3864 2482 3918 ei
2518 3862 2765 3917 ordinem
2795 3860 3090 3932 agnitionis
3111 3859 3384 3929 exposuit,
3411 3859 3488 3913 ita
3512 3867 3569 3913 ut
3594 3859 3764 3914 etiam

2187 3955 2361 4009 turbae
2390 3961 2636 4011 astantes
2663 3953 3017 4007 mirarentur.

2260 4041 2447 4099 XXIV.
2488 4042 2629 4098 Tum
2660 4041 2856 4098 Petrus
2882 4040 3001 4112 (42)
3036 4039 3105 4095 de
3136 4039 3240 4095 fide
3269 4038 3365 4096 Dei
3386 4055 3450 4094 ac
3479 4040 3763 4111 religionis

2186 4137 2474 4199 institutis,
2494 4135 2639 4206 quod
2663 4135 2731 4191 ad
2748 4150 2808 4190 se
2825 4116 3153 4205 pertinebat,
3168 4133 3223 4187 in
3244 4142 3511 4204 quantum
3542 4142 3763 4203 tempus

507 4142 598 4195 ubi
629 4157 743 4196 rem
776 4143 1061 4209 intellexit,
1101 4144 1218 4211 Die,
1253 4147 1451 4217 inquit,
1487 4151 1619 4205 mibi
1644 4158 1702 4206 tu
1735 4154 1918 4222 prior,
1952 4171 2080 4211 nam

506 4231 693 4286 videre
713 4247 838 4287 eum
870 4249 979 4288 non
1000 4237 1227 4305 poteris.
1252 4236 1388 4291 Tum
1419 4240 1510 4293 illa
1541 4258 1554 4292 ;
1580 4240 1713 4313 Ego,
1740 4243 1939 4314 inquit,
1960 4262 2082 4302 sum
2184 4230 2495 4303 patiebatur
2526 4230 2745 4284 loeutus
2767 4228 2835 4282 ad
2865 4228 3078 4292 turbas,
3104 4227 3253 4282 addit
3278 4228 3443 4282 etiam
3468 4227 3595 4290 hoc,
3632 4235 3695 4280 ut
3712 4228 3763 4282 si

507 4322 874 4378 adolescentis
904 4334 1101 4381 mater.
1127 4324 1192 4380 Et
1220 4326 1418 4385 Petrus
1444 4350 1455 4384 :
1484 4330 1640 4397 Quod
1668 4333 1717 4387 ei
1748 4348 1947 4389 nomen
1967 4336 2087 4391 est?

2194 4323 2307 4391 quis
2334 4322 2496 4376 vellet
2537 4319 2605 4389 de
2633 4321 2720 4376 bis
2746 4320 3062 4390 diligentius
3090 4335 3319 4376 noscere
3339 4359 3354 4385 ,
3402 4318 3759 4373 Antiochiam

504 4415 575 4466 At
596 4413 687 4466 illa
710 4429 722 4465 :
748 4413 1028 4482 Clemens,
1060 4418 1157 4472 ait.
1190 4418 1386 4476 Petrus
1414 4441 1427 4475 ε
1460 4421 1580 4491 Ipse
1603 4432 1708 4489 εει,
1730 4437 1783 4479 ει
1806 4427 1921 4495 ipse
1940 4436 2079 4491 erat,
2119 4492 2139 4495 ᾼ
2182 4412 2417 4480 veniret,
2454 4412 2547 4468 ubi
2574 4413 2773 4476 tribus,
2805 4412 3014 4482 inquit,
3046 4412 3327 4467 mensibus
3349 4414 3645 4467 statuimus
3673 4426 3763 4466 re-

504 4502 598 4571 qui
626 4503 791 4570 paulo
820 4511 946 4559 ante
973 4521 1187 4561 meeum
1221 4510 1547 4579 loquebatur
1574 4522 1627 4567 et
1658 4492 1990 4584 quem'jussi
2013 4518 2079 4571 ad
2112 4492 2157 4548 Β
2186 4504 2365 4561 Sidere
2378 4512 2566 4576 etquae
2587 4504 2653 4558 ad
2678 4505 2912 4560 δεὶῑυιθω
2938 4505 3212 4574 pertinent
3234 4504 3479 4559 edocent
3506 4501 3564 4556 Si
3584 4503 3759 4565 enim,

504 4608 698 4647 navem
753 4594 1081 4664 praecedere.
1127 4596 1265 4652 Tum
1308 4600 1401 4652 illa
1448 4601 1739 4672 procidens
1799 4604 1867 4658 ad
1916 4606 2081 4675 pedes
2182 4594 2391 4664 inquit.
2424 4594 2735 4663 πεδοιὶδηάὶ
2766 4609 2933 4649 causa
2964 4601 3059 4647 al"
3089 4592 3358 4647 ωίίίιθηάί
3406 4593 3646 4663 Paulam
3680 4607 3763 4647 τε·

502 4685 649 4741 Petri
699 4702 894 4757 rogare
942 4691 1141 4760 coepit,
1189 4700 1249 4745 ut
1306 4692 1590 4749 festinaret
1643 4695 1709 4749 ad
1750 4711 1966 4753 navem.
2017 4698 2083 4754 Et
2181 4688 2438 4757 linquunt
2470 4687 2719 4742 homines
2748 4703 2812 4742 ac
2833 4694 3111 4757 parentes,
3140 4696 3195 4742 et
3217 4686 3407 4757 longas
3431 4686 3759 4756 peregrina-

503 4778 738 4834 Petrus:
770 4778 827 4834 Si
876 4782 1047 4847 mihi,
1098 4783 1317 4855 inquit,
1368 4801 1558 4840 servas
1614 4786 1773 4841 fidem
1821 4798 1877 4841 ut
1912 4788 2081 4844 facias

502 4872 649 4941 quod
685 4872 829 4926 dico.
873 4873 943 4926 At
974 4874 1066 4927 illa
1091 4890 1105 4925 :
1135 4874 1331 4929 Omnia
1354 4914 1369 4939 ,
1413 4877 1629 4947 inquit,
1660 4878 1831 4947 facio;
1865 4888 2076 4936 tantum

503 4963 636 5016 mihi
666 4964 894 5019 ostende
930 4966 1150 5019 unicum
1181 4981 1359 5021 meum
1400 4976 1586 5022 natum
1612 5010 1625 5032 ,
1656 4979 1788 5039 puto
1814 4972 1959 5026 enim
1988 4986 2079 5029 me

503 5070 600 5125 per
628 5056 805 5126 ipsum
828 5063 882 5111 et
909 5058 1158 5126 geminos
1186 5073 1336 5113 meos
1370 5059 1574 5115 videre.
1605 5060 1669 5115 Et
1693 5059 1886 5116 Petrus
1908 5063 2071 5117 :Cum

497 5147 724 5214 videris,
753 5148 953 5217 inquit,
984 5164 1132 5212 eum,
1189 5149 1352 5202 modo
1382 5149 1601 5203 interim
1627 5150 1913 5205 dissimula
1940 5168 2075 5222 pau-

500 5240 695 5305 lutum,
726 5255 1016 5313 usquequo
1042 5241 1388 5312 egrediantur
1423 5242 1492 5298 ab
1522 5242 1720 5298 insula.
1755 5240 1855 5309 Ita,
1876 5244 2073 5315 inquit,

497 5330 713 5388 faciam.

2178 4779 2359 4835 tiones
2404 4780 2591 4835 subire
2618 4796 2728 4835 non
2756 4786 3035 4843 metuunt,
3066 4793 3167 4848 pro
3196 4779 3309 4833 vita
3335 4785 3543 4833 aeterna
3575 4777 3759 4833 tribus

2181 4874 2373 4929 saltem
2402 4872 2687 4928 mensibus
2715 4868 3084 4942 peregrinari,
3116 4884 3217 4924 cur
3238 4882 3537 4923 onerosum
3567 4866 3756 4921 videa-

2176 4976 2266 5021 tur
2293 4980 2358 5020 ae
2401 4964 2648 5020 difﬁcile?
2694 4963 2940 5034 Cumque
2990 4962 3104 5017 haec
3151 4971 3207 5017 et
3253 4961 3357 5016 alia
3405 4960 3495 5015 his
3547 4960 3751 5014 similia

2177 5058 2435 5121 dixisset,
2476 5074 2579 5129 ego
2624 5056 2837 5112 mulieri
2883 5072 3006 5126 quae
3054 5062 3372 5124 susceperat
3416 5059 3651 5106 matrem
3698 5058 3753 5105 et

2178 5152 2470 5206 sanitatem
2519 5157 2799 5219 receperat
2828 5159 2927 5219 per
2970 5146 3191 5203 Petrum
3214 5185 3231 5210 ,
3276 5144 3425 5199 mille
3456 5142 3755 5197 drachmas

2177 5242 2414 5309 donavi,
2452 5251 2510 5296 et
2563 5242 2928 5313 praesentibus
2973 5239 3191 5295 cunctis
3218 5234 3599 5293 commendavi
3632 5247 3753 5287 eam

2179 5334 2398 5390 cuidam
2425 5335 2545 5390 viro
2574 5336 2740 5400 bono,
2774 5334 3038 5406 primario
3064 5332 3210 5389 illius
3235 5330 3452 5401 Oppidi,
3483 5327 3661 5398 quiet
3684 5324 3751 5379 li-

1776 5470 2143 5527 COTELElitI
2210 5472 2441 5528 ΝΟΤίΕ.

567 5628 679 5699 (42)
723 5628 854 5683 Tum
890 5629 1103 5684 Petrus.
1148 5629 1285 5682 Ante
1340 5628 1453 5681 haec
1498 5627 1818 5700 miraculum
1860 5634 2067 5682 sanata?
2169 5629 2397 5686 forsitan
2432 5628 2533 5683 fuit
2560 5644 2587 5682 a
2620 5626 3058 5700 pseudo-Abdia.
3104 5624 3194 5679 Ait
3213 5624 3357 5700 enim
3389 5625 3489 5681 lib.
3519 5643 3538 5682 ι
3568 5644 3584 5683 :
3620 5627 3749 5681 Τιηιι

497 5700 791 5755 Matthidiee
824 5700 1036 5754 videtur
1062 5699 1333 5753 excidisse
1372 5715 1402 5752 e
1431 5698 1714 5751 codicibus
1748 5717 1759 5750 :
1794 5700 1939 5766 quod
1971 5700 2067 5750 lia-

497 5773 593 5828 Iics
626 5770 931 5825 Clcmeniin.
975 5786 1071 5830 xu,
1120 5770 1208 5833 '25,
1252 5773 1390 5841 Epit.
1442 5771 1528 5828 ill.
1575 5770 1824 5837 quodqui-
1871 5772 2065 5824 lectum

2171 5703 2499 5771 apprehensis
2531 5697 2719 5757 Pet—rus
2746 5698 2986 5755 manibus
3011 5698 3124 5767 ejus
3153 5697 3357 5751 saltavit
3384 5712 3498 5752 eu.
