3904 6358
516 330 654 386 1367

1337 330 1396 388 S.
1435 328 1824 386 CLEMENTIS
1912 324 2079 384 ROM.
2121 326 2326 385 PONT.
2354 328 2582 385 OPERA
2622 330 2867 389 DUBIA.'

3661 331 3789 388 1568

514 456 569 501 et
597 442 853 505 Faustus.
886 445 993 501 Sed
1021 450 1074 501 et
1106 444 1174 499 ab
1208 443 1366 499 initio
1411 460 1536 499 cum
1586 459 1811 501 narrare
1838 444 2092 513 cmpisti,
2127 464 2171 520 Α
2202 455 2459 515 poterunt
2500 455 2556 503 et
2600 464 2707 503 una
2757 458 2936 505 tecum
2969 450 3134 505 etiam
3179 466 3282 509 nos
3322 448 3646 504 audiemus.
3696 447 3796 504 Ubi

516 540 704 593 statim
736 541 790 593 in
836 538 1204 608 suspicionem
1234 534 1555 601 incidimus,
1586 553 1655 591 ne
1702 536 1841 591 forte
1886 536 1953 590 ad
2000 552 2100 592 nos

517 627 853 701 pertinerent
902 644 1023 699 quae
1070 628 1426 694 dicebantur;
1471 645 1669 685 rursus
1702 634 1885 683 tamen
1918 628 2103 683 consi-

515 722 770 777 derantes
800 720 969 774 multa
1016 719 1216 775 similia
1263 719 1515 775 accidere
1562 721 1618 774 in
1645 720 1757 775 vita
1790 721 2098 783 hominum,

514 814 858 873 reticuimus,
878 811 1007 866 licet
1034 824 1133 866 cor
1152 819 1402 866 nostrum
1433 827 1528 882 spe
1551 812 1738 883 aliqua
1765 812 2097 881 pulsaretur.

514 905 933 977 Aspiciebamus
961 918 1093 975 ergo
1125 903 1190 958 ad
1223 903 1383 958 linem
1418 904 1714 968 sermonis,
1738 910 1820 969 ut,
1841 904 1886 959 si
1919 904 1987 959 ad
2017 904 2102 959 in-

513 1006 727 1068 tegrum
764 994 833 1051 de
857 995 1017 1051 nobis
1047 1011 1170 1051 esse
1194 1003 1502 1061 constaret,
1533 1003 1649 1050 tum
1680 994 1998 1051 fateremur.
2036 996 2102 1050 Et

512 1106 638 1145 cum
669 1088 785 1143 haec
814 1086 1122 1155 dixissent,
1152 1089 1522 1160 Iacrymantes
1557 1089 2001 1161 ingrediebantur
2031 1090 2100 1144 ad

512 1189 764 1236 matrem.
821 1180 995 1245 Quam
1048 1196 1174 1235 cum
1233 1181 1567 1251 reperissent
1616 1181 1992 1250 quiescentem
2046 1189 2102 1237 et

510 1273 803 1343 complecti
837 1272 1059 1336 vellent,
1112 1271 1393 1344 prohibuit
1426 1271 1627 1329 Petrus
1656 1273 1847 1328 dicens
1876 1290 1887 1323 :
1926 1272 2102 1330 Sinite

510 1381 597 1420 me
631 1366 782 1435 prius
812 1380 1124 1436 praeparare
1150 1366 1369 1420 animos
1392 1366 1587 1420 matris
1604 1375 1658 1420 ct
1690 1366 1764 1420 ita
1782 1383 1881 1423 vos
1904 1366 2102 1423 oﬁerre

510 1457 584 1521 ei,
618 1472 687 1513 ne
724 1456 864 1512 forte
894 1456 1070 1511 multo
1099 1464 1153 1513 et
1185 1457 1371 1513 subito
1400 1456 1601 1528 gaudio
1652 1467 1835 1513 mente
1880 1460 2100 1515 excidat

509 1557 565 1605 et
594 1565 790 1605 sensus
818 1548 939 1619 ejus
978 1550 1231 1605 turbetur
1253 1590 1270 1617 ,
1302 1551 1540 1605 maxime
1578 1550 1710 1622 quia
1754 1567 1902 1606 nunc
1934 1552 2099 1607 etiam

510 1656 706 1695 somno
735 1647 1002 1711 occupata
1026 1647 1230 1710 stupet.

580 1729 772 1787 XXIX.
830 1732 1002 1803 Igitur
1060 1732 1156 1787 ubi
1200 1739 1377 1788 mater
1422 1733 1734 1787 exsurrexit
1789 1748 1821 1788 e
1877 1746 2095 1800 somno,

2205 540 2321 594 haec
2362 539 2558 595 Petrus
2606 538 2776 603 dixit,
2829 548 3005 610 mater
3042 544 3213 598 nimio
3250 543 3455 615 gaudio
3492 543 3799 612 intercepta

2205 631 2443 693 corruit,
2473 640 2526 686 et
2566 633 2786 687 tandem
2808 633 3122 704 aliquando
3153 642 3403 706 reparata
3431 645 3604 704 atque
3636 633 3694 687 in
3719 616 3819 689 se?

2205 723 2491 792 metipsam
2541 736 2790 792 regressa
2811 764 2827 788 ,
2878 724 2955 777 ait
2989 740 3003 779 :
3038 722 3282 779 Obsecro
3336 739 3464 790 vos,
3488 722 3806 778 dulcissimi

2205 816 2331 879 ﬁlii,
2372 815 2543 870 dicite
2578 816 2708 872 mihi
2730 857 2745 879 ,
2780 831 2901 886 quae
2947 817 3250 873 acciderint
3277 817 3440 873 vobis
3492 824 3625 888 post
3656 814 3807 869 illam

2204 907 2429 964 feralem
2457 915 2512 962 et
2539 907 2976 963 crudelissimam
3006 919 3245 965 noctem.

2272 994 2487 1052 XXXII.
2530 994 2669 1051 Tum
2694 996 2882 1053 Nieeta
2909 997 3076 1068 coepit
3119 998 3304 1054 dicere
3330 1018 3345 1055 :
3376 998 3439 1053 In
3469 998 3571 1052 illa
3615 1004 3804 1060 nocte,

2203 1105 2237 1145 ο
2263 1097 2459 1157 mater,
2490 1105 2617 1146 cum
2646 1090 2805 1146 navis
2836 1090 3033 1147 fuisset
3063 1092 3306 1148 resoluta
3334 1102 3390 1147 et
3419 1106 3527 1147 nos
3554 1091 3809 1145 inniten-

2204 1191 2285 1238 tes
2309 1182 2615 1256 fragmento
2646 1182 2863 1237 cuidam
2897 1184 3211 1239 tabularum
3242 1199 3342 1253 per
3368 1185 3607 1256 pelagus
3628 1181 3809 1252 jacta-

2202 1290 2390 1330 remur
2412 1316 2426 1339 ,
2459 1276 2562 1329 viri
2597 1275 2821 1345 quidam
2846 1275 3048 1346 quibus
3081 1290 3178 1345 per
3208 1276 3547 1346 profundum
3574 1273 3809 1329 latroci-

2202 1363 2324 1418 nari
2386 1363 2679 1419 artiﬁcium
2737 1372 2857 1430 est,
2919 1373 3171 1436 repertos
3232 1365 3631 1436 imposuerunt
3706 1379 3809 1419 nos

2203 1455 2472 1511 navicula:
2502 1472 2636 1521 suae,
2669 1466 2723 1512 et
2752 1459 2920 1514 remis
2949 1457 3222 1513 undarum
3253 1458 3499 1515 vortices
3531 1471 3808 1527 superan-

2202 1555 2316 1610 tes,
2371 1548 2606 1605 diversis
2653 1549 2945 1606 itincribus
2986 1548 3297 1606 Caesaream
3351 1548 3641 1606 Stratonis
3683 1564 3808 1619 pcr-

2201 1635 2517 1702 duxerunt,
2552 1636 2739 1707 ibique
2772 1638 3073 1710 aiﬁigentes
3103 1654 3203 1696 nos
3253 1640 3419 1705 fame,
3448 1640 3803 1702 verberibus.

2203 1735 2353 1783 metu
2376 1770 2392 1795 ,
2430 1728 2510 1783 uti
2554 1745 2623 1784 ne
2651 1730 2799 1800 quod
2839 1738 2987 1787 esset
3019 1733 3074 1786 in
3116 1746 3245 1787 vero
3273 1731 3670 1802 proderemus,
3700 1732 3805 1786 im-

508 1824 715 1895 alloqui
768 1800 889 1880 eam
932 1825 1130 1881 Petrus
1159 1825 1328 1895 coepit
1378 1825 1610 1881 dicens:
1647 1824 1804 1881 Scire
1849 1835 1901 1882 te
1949 1828 2097 1894 volo,
2132 1819 2174 1873 Β
2203 1820 2430 1875 mutatis
2460 1820 2627 1876 etiam
2671 1821 2991 1879 nominibus
3036 1824 3244 1879 nostris
3276 1800 3678 1879 vendiderunt
3706 1838 3807 1881 nos

508 1916 727 1984 mulier,
773 1917 1054 1989 religionis
1084 1924 1288 1972 nostra:
1317 1917 1753 1975 observantiam.
1782 1919 1894 1976 Nos
1930 1937 2101 1975 unum

509 2008 744 2065 colimus
778 2009 947 2065 Deum
977 2011 1073 2081 qui
1124 2008 1258 2064 fecit
1303 2010 1601 2075 mundum,
1647 2011 1813 2082 hujus
1844 2020 1897 2067 et
1925 2013 2102 2083 legem

509 2116 829 2167 servamus,
861 2118 971 2174 qua
1006 2102 1230 2158 mandat
1260 2103 1315 2157 in
1360 2104 1554 2174 primis
1602 2105 1780 2175 ipsum
1812 2104 2103 2161 colendum

507 2201 563 2249 et
595 2210 793 2249 nomen
826 2195 947 2265 ejus
980 2194 1379 2259 venerandum,
1436 2203 1694 2265 parentes
1724 2196 2100 2261 honorandos,

508 2286 834 2357 pudicitiam
874 2286 1258 2358 justitiamque
1304 2285 1655 2342 servandam.
1708 2286 1815 2342 Sed
1865 2295 1920 2343 et
1965 2287 2105 2343 illud

507 2378 895 2449 observamus,
921 2394 1173 2433 mensam
1202 2393 1327 2433 cum
1378 2379 1677 2450 gentilibus
1720 2396 1832 2434 non
1899 2380 2103 2435 habere

507 2484 857 2525 communem
879 2510 895 2535 ,
926 2470 1036 2537 nisi
1069 2486 1199 2525 cum
1247 2472 1585 2528 crediderint
1626 2480 1680 2527 et
1713 2479 1932 2543 recepta
1962 2473 2105 2529 veri-

506 2569 619 2617 tate
648 2562 912 2632 baptizati
942 2563 1181 2631 fuerint,
1213 2579 1278 2619 ac
1310 2565 1458 2618 trina
1482 2565 1721 2637 quadam
1750 2563 1898 2620 beati
1928 2564 2107 2619 nomi-

506 2655 597 2711 nis
632 2654 981 2711 invocatione
1012 2659 1356 2723 consecrati,
1406 2665 1459 2713 et
1489 2668 1621 2714 tunc
1648 2674 1773 2712 cum
1807 2658 1890 2713 eis
1919 2658 2103 2712 cibum

510 2749 804 2805 sumimus.
846 2749 1107 2819 Alioquin
1139 2751 1305 2806 etiam
1349 2754 1394 2808 si
1438 2760 1597 2823 pater
1623 2760 1718 2805 aut
1749 2760 1924 2807 mater
1968 2750 2103 2815 sint,

510 2847 608 2893 aut
640 2856 777 2895 uxor
826 2844 929 2895 aut'
969 2840 1066 2895 ﬁlii
1101 2849 1195 2895 aut
1238 2842 1466 2906 fratres,
1498 2857 1607 2897 non
1641 2856 1939 2911 possumus
1978 2856 2103 2895 cum

509 2931 592 2987 cis
631 2948 873 2987 mensam
908 2932 1110 2987 habere
1140 2948 1510 2988 communem.
1544 2932 1685 2999 Quia
1715 2948 1847 3003 ergo
1878 2931 2101 3002 religio-

510 3025 599 3080 nis
629 3040 797 3081 causa
832 3026 1109 3097 praecipua
1145 3026 1250 3080 hoc
1298 3024 1557 3090 facimus,
1591 3042 1701 3080 non
1743 3024 1840 3078 tibi
1872 3023 2104 3094 injurio—

511 3132 637 3172 sum
665 3116 939 3181 videatur,
972 3117 1122 3188 quod
1152 3134 1262 3172 non
1294 3125 1476 3188 potest
1508 3116 1655 3172 ﬁlius
1701 3124 1832 3172 tuus
1881 3131 1990 3169 una
2020 3122 2103 3171 te-

511 3224 639 3263 cum
691 3224 910 3264 sumere
938 3210 1162 3275 cibum,
1203 3224 1492 3281 usquequo
1519 3209 1712 3264 eadem
1745 3207 1845 3263 tibi
1877 3206 1948 3264 sit
1982 3222 2103 3277 quae

510 3299 592 3354 illi
619 3300 892 3355 sententia
923 3300 1073 3355 ﬁdei.
1340 3342 1341 3345 η

586 3387 751 3445 XXX.
795 3391 1008 3457 Quibus
1036 3391 1129 3446 illa
1157 3392 1397 3457 auditis,
1427 3390 1495 3445 Et
1527 3390 1683 3462 quid,
1716 3390 1927 3462 inquit,
1957 3399 2104 3447 vetat

512 3482 677 3538 hodie
715 3498 803 3539 me
834 3483 1101 3555 baptizari
1121 3483 1288 3554 ’ἔφη
1316 3482 1483 3539 etiam
1521 3482 1845 3554 priusquam
1876 3490 1931 3539 te
1954 3484 2105 3539 vide-

512 3591 628 3631 rem
647 3616 665 3642 ,
696 3575 823 3631 illos
846 3592 988 3647 quos
1017 3576 1208 3631 dicunt
1239 3577 1374 3632 deos
1418 3579 1640 3647 penitus
1670 3586 1925 3633 aversata
1957 3594 2101 3640 sum,

513 3668 663 3737 quod
692 3667 828 3727 mihi
872 3666 1188 3739 frequenter
1222 3678 1278 3723 et
1325 3684 1463 3738 pene
1495 3668 1743 3739 quotidie
1774 3668 2105 3725 sacriﬁcanti

514 3760 623 3817 sibi
670 3769 935 3832 prastare
987 3769 1288 3833 potuerunt
1333 3762 1494 3817 nihil.
1542 3762 1677 3816 Nam
1724 3762 1793 3819 de
1836 3762 2106 3835 pudicitia

514 3854 645 3924 quid
671 3854 888 3909 dicam?
912 3869 1038 3909 cum
1070 3870 1155 3909 me
1178 3870 1354 3924 neque
1382 3862 1512 3909 tunc
1536 3855 1745 3911 deliciae
1765 3855 2104 3926 deceperint,

515 3964 694 4018 neque
722 3963 870 4003 nunc
900 3956 1119 4019 egestas
1163 3964 1395 4018 peccare
1427 3950 1777 4021 compulerit.
1814 3949 1964 4007 Satis
2007 3967 2105 4005 au-

515 4050 627 4096 tem
652 4048 787 4112 puto
821 4041 1132 4096 innotuisse
1163 4040 1285 4105 tibi,
1318 4050 1557 4112 quantus
1588 4044 1719 4096 mihi
1748 4044 1944 4097 exinde
1988 4042 2107 4098 fue-

513 4134 587 4187 rit
615 4148 771 4186 amor
797 4132 1096 4202 pudicitia},
1128 4149 1250 4203 qua:
1286 4141 1341 4187 ut
1374 4135 1662 4191 evaderem
1691 4136 1869 4190 illiciti
1899 4137 2105 4191 amoris

518 4226 750 4280 insidias
781 4225 1056 4281 somnium
1089 4225 1243 4290 ﬁnxi,
1282 4236 1339 4281 ut
1368 4243 1493 4283 eum
1519 4227 1740 4285 duobus
1765 4228 1903 4284 meis
1934 4230 2106 4299 genii-

516 4318 604 4372 nis
637 4317 1044 4389 peregrinarer,
1070 4326 1124 4374 et
1154 4318 1303 4375 hunc
1355 4320 1531 4375 solum
1566 4320 1738 4375 ﬁlium
1771 4336 1951 4375 meum
1981 4319 2107 4377 Cle-

516 4419 759 4467 mentem
809 4412 880 4466 ad
929 4412 1189 4468 solatium
1223 4414 1366 4483 patri
1399 4413 1619 4484 reliqui.
1670 4411 1728 4467 Si
1780 4414 1927 4469 enim
1970 4414 2105 4469 mihi

2203 1911 2422 1967 cuidam
2469 1912 2680 1978 viduae,
2721 1912 2965 1971 honestae
3003 1915 3299 1971 admodum
3345 1916 3592 1982 feminae,
3637 1916 3807 1973 Iusta

2203 2005 2455 2073 nomine;
2488 2022 2611 2077 quae
2657 2020 2783 2061 cum
2824 2009 3049 2064 emisset
3073 2052 3085 2073 ,
3124 2008 3316 2065 habuit
3348 2011 3473 2067 loco
3527 2011 3802 2073 ﬁliorum,

2205 2096 2281 2149 ita
2312 2105 2372 2151 ut
2398 2096 2565 2151 etiam
2594 2096 2803 2153 Griecis
2834 2114 2935 2154 nos
2964 2100 3165 2157 litteris
3186 2109 3239 2155 et
3270 2100 3603 2159 liberalibus
3634 2112 3811 2158 atten-

2206 2188 2416 2245 tissime
2444 2190 2709 2247 erudiret.
2737 2188 2844 2246 Ubi
2870 2208 3001 2247 vero
3030 2193 3394 2259 adolevimus,
3419 2196 3597 2250 etiam
3630 2196 3812 2266 philo.

2207 2282 2504 2353 suphorum
2553 2283 2755 2340 studiis
2785 2298 3007 2355 operam
3040 2285 3293 2341 dedimus
3316 2330 3331 2354 ,
3363 2303 3477 2358 quo
3512 2302 3810 2359 possemus

2205 2376 2487 2449 religionis
2516 2378 2717 2433 divina:
2742 2378 3002 2449 dogmata
3041 2379 3442 2451 pbilosophicis
3470 2381 3809 2451 disputatio-

2206 2468 2371 2522 nibus
2402 2476 2719 2525 asserentes
2739 2468 3029 2525 confutare
3056 2471 3308 2541 gentiles.

2277 2557 2515 2616 XXXIll.
2556 2557 2770 2615 Simoni
2814 2569 2994 2616 autem
3030 2560 3249 2616 cuidam
3285 2570 3447 2633 mago
3488 2561 3589 2631 qui
3618 2560 3808 2617 nobis-

2206 2669 2331 2710 cum
2359 2667 2469 2708 una
2491 2653 2758 2708 educatus
2780 2660 2896 2717 est,
2932 2667 3034 2724 pro
3063 2653 3325 2708 amicitiis
3346 2660 3403 2708 et
3436 2653 3641 2724 puerili
3668 2668 3807 2709 cono

2206 2746 2499 2801 suetudine
2547 2745 2925 2811 adhaesimus,
2973 2746 3050 2800 ita
3096 2753 3158 2800 ut
3209 2760 3350 2817 pene
3397 2747 3469 2801 ab
3515 2760 3587 2802 eo
3626 2746 3805 2817 decipi

2207 2848 2515 2903 possemus.
2537 2832 2735 2889 Fertur
2754 2833 2902 2890 enim
2935 2832 2991 2888 in
3015 2834 3284 2905 religione
3304 2844 3501 2891 nostra
3529 2846 3719 2892 sermo
3738 2837 3809 2891 de

2208 2925 2472 2997 prapheta
2502 2927 2739 2997 quodam
2767 2968 2783 2992 ,
2811 2926 2972 2997 cujus
3004 2926 3075 2981 ab
3096 2926 3358 2983 omnibus
3394 2929 3494 2999 qui
3550 2929 3807 2999 religioni

2208 3020 2335 3073 huic
2363 3018 2681 3074 deserviunt
2710 3025 3029 3089 speraretur
3057 3019 3347 3083 adventus,
3378 3034 3479 3091 per
3504 3033 3677 3091 quem
3704 3023 3809 3074 im-

2208 3114 2455 3167 mortalis
2496 3120 2549 3169 et
2584 3113 2741 3168 beata
2770 3114 2884 3167 vita
2917 3113 3275 3170 credentibus
3303 3115 3489 3168 danda
3536 3114 3809 3184 permitti-

2209 3211 2318 3258 tur.
2351 3201 2511 3258 Hunc
2538 3218 2670 3273 ergo
2700 3217 2804 3259 nos
2831 3204 3159 3273 putabamus
3187 3219 3311 3259 esse
3352 3201 3667 3261 Simonem.
3699 3204 3808 3259 Sed

2209 3298 2324 3351 haec
2348 3296 2691 3361 tibipmater,
2727 3297 3095 3367 opportunius
3118 3304 3488 3369 exponentur.
3524 3296 3645 3354 Nos
3664 3300 3811 3355 inte-

2207 3390 2311 3442 rim
2344 3404 2469 3443 cum
2500 3404 2639 3458 pene
2661 3388 2774 3457 jam
2806 3389 3188 3460 deciperemur
3213 3402 3244 3443 a
3280 3389 3547 3455 Simone,
3580 3391 3807 3463 quidam

2207 3482 2415 3552 collega
2445 3478 2657 3536 domini
2680 3482 2788 3535 mei
2814 3480 3290 3548 Petri,Zaecb:eus
3311 3484 3565 3549 neruine,
3595 3485 3811 3539 monuit

2208 3590 2277 3631 ne
2310 3574 2627 3630 falleremur
2652 3588 2688 3628 a
2720 3589 2880 3645 mago
2905 3615 2921 3641 ,
2955 3574 3053 3631 sed
3100 3575 3302 3630 obtulit
3350 3588 3458 3631 nos
3489 3576 3809 3633 advenienti

2209 3667 2373 3723 Petro
2400 3675 2459 3721 ut
2487 3666 2558 3721 ab
2590 3666 2710 3737 ipso
2743 3681 2865 3738 quae
2896 3675 3057 3723 erant
3090 3681 3225 3723 sana
3252 3674 3307 3723 et
3341 3668 3599 3738 perfecta
3646 3668 3813 3724 doce-

2208 3774 2428 3826 remur;
2455 3759 2602 3829 quod
2635 3764 2690 3814 et
2719 3758 2819 3813 tibi
2842 3766 3097 3830 optamus
3118 3758 3363 3823 evenire,
3391 3759 3543 3813 sicut
3566 3766 3626 3814 et
3650 3758 3812 3815 nobis

2209 3857 2485 3913 concessit
2505 3854 2672 3921 Deus,
2688 3865 2747 3910 ut
2774 3856 3050 3926 possimus
3070 3859 3235 3912 etiam
3263 3856 3452 3911 citum
3478 3867 3535 3913 et
3558 3870 3809 3912 menum

2210 3952 2411 4006 habere
2463 3965 2834 4005 communem.
2886 3948 3026 4004 Hinc
3056 3960 3189 4021 ergo
3233 3948 3369 4012 fuit,
3426 3960 3633 4016 mater,
3664 3951 3809 4022 quod

2210 4060 2312 4100 nos
2344 4058 2374 4097 a
2404 4041 2599 4113 piratis
2628 4051 2839 4114 raptos,
2861 4049 2920 4098 tu
2950 4043 3007 4098 in
3038 4043 3179 4098 mari
3208 4042 3509 4100 defunctos
3537 4059 3671 4100 esse
3695 4060 3808 4100 ere.

2208 4137 2420 4194 ditlisti.

2280 4228 2520 4287 XXXIV.
2563 4231 2701 4288 Cum
2733 4232 2851 4285 inec
2880 4229 3114 4286 dixisset
3135 4225 3326 4285 Niceta
3349 4269 3364 4292 ,
3408 4236 3596 4284 mater
3620 4238 3806 4285 nostra

2208 4324 2446 4396 procidit
2472 4324 2539 4378 ad
2574 4322 2739 4396 pedes
2773 4322 2958 4387 Petri,
2991 4337 3193 4393 rogans
3216 4329 3269 4376 ct
3302 4322 3643 4387 obsecrans,
3674 4332 3734 4377 ut
3757 4331 3809 4377 et

2211 4419 2448 4489 scipsam
2496 4425 2550 4471 et
2591 4416 2865 4486 hospitam
2908 4430 3064 4471 suam
3102 4423 3355 4470 evocaret
3398 4416 3525 4469 sine
3558 4430 3718 4470 mora
3750 4430 3811 4469 ac

516 4505 628 4557 duo
679 4503 771 4557 vix
814 4503 1192 4570 suﬁiciehant,
1241 4514 1451 4576 quanto
1504 4505 1679 4576 magis
1722 4507 2107 4563 contristasset
2138 4511 2181 4566 Β
2210 4510 2537 4581 baptizaret,
2564 4509 2647 4562 uti
2675 4524 2745 4562 ne
2776 4522 2885 4562 una
2913 4549 2928 4574 ,
2954 4507 3173 4577 inquit,
3207 4507 3296 4562 die
3326 4506 3597 4561 damnum
3634 4508 3810 4578 patiar

519 4604 767 4666 patrem,
809 4598 855 4651 si
900 4598 1111 4652 nullum
1155 4599 1376 4669 penitus
1408 4599 1731 4654 habuisset?
1780 4598 1912 4654 Erat
1955 4601 2101 4655 enim

517 4686 687 4742 miser
718 4687 911 4756 grandi
943 4687 1143 4743 affectu
1174 4704 1304 4758 erga
1330 4689 1492 4753 ﬁlios,
1528 4689 1605 4743 ita
1630 4697 1691 4744 ut
1716 4690 1801 4743 vix
1829 4690 1878 4743 ei
1905 4690 2104 4745 somnii

517 4780 820 4836 auctoritas
847 4791 1219 4852 extorqueret,
1252 4781 1575 4837 Faustinum
1610 4790 1664 4839 et
1693 4781 1957 4838 Faustum
1982 4781 2107 4839 Cle-

517 4874 721 4929 mentis
748 4874 913 4943 hujus
941 4874 1144 4931 fratres
1190 4876 1325 4931 mihi
1359 4876 1697 4941 concedere,
1746 4884 1802 4931 et
1834 4875 1953 4948 ipse
1985 4875 2105 4932 solo

518 4974 811 5023 contentus
840 4976 988 5024 esset
1020 4969 1323 5026 Clemente.

588 5054 784 5116 XXXI.
826 5058 953 5117 Haec
982 5061 1076 5116 illa
1124 5076 1249 5117 cum
1275 5062 1519 5129 diceret,
1554 5064 1699 5118 ultra
1731 5077 1841 5116 non
1869 5060 2106 5117 ferentes

519 5150 721 5206 fratres
750 5152 857 5207 mei
880 5153 1102 5207 irruunt
1128 5154 1185 5208 in
1203 5156 1528 5226 complexus
1554 5158 1748 5210 matris
1763 5171 1889 5209 cum
1917 5153 2109 5209 multis

520 5245 801 5316 lacrymis,
832 5253 889 5300 et
918 5247 1245 5301 osculantur
1269 5263 1409 5301 eam.
1432 5249 1502 5301 At
1530 5246 1655 5302 illa:
1680 5247 1824 5313 Quid
1858 5247 1998 5310 vult,
2030 5246 2109 5299 in-

518 5338 661 5405 quit,
692 5336 798 5392 boc
827 5339 986 5394 esse?
1005 5336 1143 5393 Tum
1176 5338 1371 5396 Petrus
1396 5356 1410 5391 :
1440 5339 1860 5405 Noloturberis,
1887 5337 2107 5413 mulier,

520 5438 783 5485 constans
812 5440 970 5500 esto;
1014 5432 1105 5488 isti
1151 5442 1281 5491 sunt
1329 5432 1630 5490 Faustinus
1655 5439 1709 5488 et
1738 5430 1977 5488 Faustus
2011 5428 2108 5484 ﬁlii

521 5519 602 5573 tui
627 5536 768 5591 quos
791 5524 845 5577 in
877 5524 1153 5595 profundo
1184 5526 1396 5595 perisse
1421 5526 1682 5592 dicebas;
1708 5524 1986 5594 quomodo
2016 5538 2109 5577 au-

522 5619 633 5667 tem
673 5615 858 5671 vivant
896 5625 951 5672 et
990 5617 1268 5689 quomodo
1312 5620 1369 5673 in
1414 5619 1507 5674 illa
1539 5618 1794 5673 horribili
1838 5625 2003 5672 nocte
2040 5617 2109 5673 de

521 5704 798 5773 profundo
821 5711 1119 5777 evaserint,
1138 5720 1191 5766 et
1212 5713 1670 5782 quemadmodum
1696 5712 1839 5766 alius
1863 5712 2107 5780 ipsorum

522 5793 710 5853 Niceta
760 5808 813 5855 et
848 5800 989 5856 alius
1040 5802 1232 5871 Aquila
1279 5802 1513 5868 dicatur,
1551 5802 1653 5871 ipsi
1693 5801 1790 5857 tibi
1830 5813 2108 5869 exponere

2209 4601 2478 4657 consortii
2509 4608 2565 4655 et
2594 4600 2878 4655 societatis
2918 4607 3174 4653 natorum
3216 4614 3490 4655 meorum.
3541 4598 3807 4656 Similiter

2206 4704 2388 4750 autem
2416 4700 2471 4749 et
2500 4708 2604 4748 nos
2636 4692 2734 4747 ﬁlii
2760 4692 2882 4761 ejus
2910 4691 3243 4761 rogabamus
3276 4690 3531 4748 Petrum.
3567 4693 3644 4747 At
3674 4694 3763 4750 ille
3789 4715 3802 4749 :

2207 4786 2346 4853 Quid
2394 4786 2604 4855 putatis
2628 4818 2644 4851 ,
2691 4783 2902 4856 inquit,
2932 4784 3062 4856 quia
3103 4799 3208 4854 ego
3249 4784 3666 4841 immiscricors
3690 4802 3808 4841 sum

2208 4880 2381 4947 solus,
2415 4886 2469 4934 et
2492 4878 2620 4933 nolo
2644 4892 2743 4934 vos
2774 4877 2969 4932 matris
3002 4874 3258 4932 convivio
3290 4877 3541 4933 sociari?
3569 4877 3684 4933 Sed
3712 4894 3807 4933 ne-

2207 4986 2363 5028 cesse
2391 4980 2477 5027 est
2501 4987 2622 5027 eam
2661 4970 2745 5026 vel
2779 4986 2887 5025 una
2915 4971 3005 5026 die
3042 4970 3298 5041 jejunare
3332 4971 3495 5041 prius
3530 4978 3584 5026 et
3611 4972 3690 5025 ita
3716 4971 3807 5026 ba~

2209 5064 2427 5137 ptizari,
2462 5072 2515 5120 et
2544 5065 2650 5119 hoc
2678 5065 2809 5134 quia
2838 5078 3151 5120 sermonem
3180 5064 3252 5118 ab
3276 5078 3344 5119 ea
3375 5065 3681 5134 quemdam
3714 5081 3781 5119 au

2208 5156 2356 5221 divi,
2402 5171 2500 5227 per
2555 5170 2718 5227 quem
2770 5154 2905 5212 mihi
2968 5150 3104 5211 ﬁdes
3159 5153 3280 5226 ejus
3333 5154 3544 5210 claruit
3606 5166 3665 5211 et
3714 5157 3809 5226 qui

2210 5248 2471 5305 indicium
2500 5248 2650 5304 dedit
2680 5248 3027 5305 credulitatis
3055 5246 3197 5317 ejus,
3223 5246 3429 5319 alioqui
3469 5249 3670 5303 multis
3688 5263 3809 5303 eam

2210 5340 2403 5396 diebus
2427 5341 2716 5412 oportebat
2743 5350 2870 5395 ante
2900 5340 3102 5395 instrui
3130 5349 3184 5395 et
3213 5340 3424 5395 doceri.

2281 5431 2498 5487 XXXV.
2542 5430 2611 5486 Et
2659 5447 2791 5503 ego:
2831 5431 3032 5499 Quaeso
3056 5438 3130 5494 te,
3172 5431 3423 5502 inquam,
3455 5431 3692 5486 domine
3732 5431 3811 5484 mi

2210 5525 2391 5588 Petre,
2432 5524 2521 5579 die
2562 5521 2689 5595 quis
2738 5534 2823 5580 est
2861 5523 2967 5580 iste
3004 5537 3186 5581 sermo
3224 5539 3388 5595 quem
3419 5524 3566 5580 dicis
3589 5524 3812 5579 dedisse

2212 5616 2311 5673 tibi
2343 5616 2607 5672 indicium
2638 5616 2765 5674 lidci
2796 5617 2954 5688 ejus?
2991 5615 3058 5671 Et
3088 5615 3290 5672 Petrus
3324 5636 3336 5671 :
3369 5615 3467 5671 Ille
3502 5632 3691 5672 sermo
3725 5626 3809 5671 est

2210 5724 2322 5780 quo
2360 5709 2595 5780 rogavit,
2626 5716 2687 5763 ut
2726 5716 2782 5763 et
2828 5709 3043 5780 hospita
3077 5723 3177 5763 sua
3202 5707 3364 5778 cujus
3398 5707 3696 5765 beneﬁciis
3728 5724 3809 5759 ri-

2214 5814 2331 5857 cem
2357 5798 2583 5856 reddere
2607 5797 2903 5871 desiderat,
2938 5798 3103 5855 simul
3143 5799 3456 5871 baptizctur
3495 5815 3624 5856 cum
3661 5800 3800 5872 ipsa.
