3848 6238
154 355 273 414 i369

1260 328 1807 393 RECOGNITIONUM
1871 331 1996 387 LIB.
2040 328 2153 387 VII.

3166 324 3300 382 1370

154 468 255 521 Non
281 468 450 517 autem
471 462 705 527 rogaret,
730 461 789 508 ut
814 453 893 507 illi
922 464 1087 523 quam
1314 454 1662 519 praestaretur
1688 452 1734 509 Α
1752 445 1867 513 jam
1888 444 2172 498 moechatus
2198 451 2277 495 est
2302 458 2418 497 eam
2448 442 2504 494 in
2531 439 2684 495 corde
2710 456 2825 494 suo.
2853 439 2918 494 Et
2943 441 3029 495 his
3058 442 3296 500 addidit:

155 558 253 610 haec
280 550 464 621 gratia,
489 547 594 601 nisi
624 544 943 599 credidisset
975 540 1117 610 quod
1164 555 1415 608 magnum
1449 536 1663 606 aliquod

155 646 202 698 in
230 640 537 708 baptismate
572 649 768 688 munus
811 640 976 687 esset.
1011 629 1162 699 Unde
1194 637 1248 683 et
1278 636 1378 698 ego
1398 627 1446 659 ⁸⁰
1474 636 1663 696 repre—

154 730 310 785 bendo
355 728 615 795 plurimos
653 723 748 792 qui
793 738 913 776 cum
959 720 1061 789 ipsi
1098 719 1437 788 baptizentur
1464 724 1518 771 et
1547 731 1664 770 cne-

153 822 286 879 dant,
316 816 448 869 nihil
478 824 654 868 tamen
684 813 904 881 dignum
934 811 1036 864 ﬁde
1074 816 1238 879 agunt
1267 823 1387 861 cum
1418 807 1502 861 his
1530 821 1665 875 quos

151 907 379 973 diligunt,
413 905 464 957 id
496 909 578 957 est
610 902 872 955 uxoribus
910 901 993 954 vel
1023 900 1148 953 ﬁliis
1176 899 1257 952 vel
1287 898 1496 958 amicis,
1529 912 1664 964 quos

150 1010 242 1048 non
284 992 348 1046 ad
386 994 485 1045 hoc
526 992 813 1044 hortantur
847 990 990 1059 quod
1030 988 1130 1057 ipsi
1176 985 1407 1042 assecuti
1441 993 1587 1043 sunt,
1619 987 1665 1039 si

150 1083 345 1151 quidem
372 1096 498 1135 vere
535 1079 865 1134 crediderint
890 1079 1032 1148 quod
1065 1086 1264 1131 aeterna
1301 1076 1407 1130 vita
1444 1091 1540 1146 per
1567 1076 1666 1129 hoc

148 1172 376 1225 donatur.
408 1170 647 1239 Denique
669 1170 717 1223 si
746 1183 840 1223 eos
872 1176 1134 1237 aegrotare
1153 1167 1371 1221 videant
1405 1176 1496 1219 aut
1528 1166 1669 1234 peri-

149 1262 258 1313 culo
287 1260 444 1313 alicui
488 1260 782 1313 carnaliter
823 1258 1119 1326 subiacere,
1155 1258 1335 1311 dolent
1383 1264 1437 1310 et
1465 1256 1665 1325 lugent,

150 1351 259 1419 quia
294 1351 347 1402 in
388 1350 489 1403 hoc
533 1350 666 1402 certi
693 1356 823 1402 sunt
846 1347 924 1402 eis
949 1348 1225 1401 imminere
1251 1346 1563 1415 perniciem.
1592 1345 1669 1399 Ita

149 1454 280 1507 ergo,
309 1440 353 1493 si
375 1448 427 1493 et
452 1440 520 1492 de
542 1440 646 1492 hoc
676 1437 812 1492 certi
838 1443 1020 1491 essent
1052 1438 1195 1505 quod
1226 1437 1316 1504 qui
1355 1436 1521 1488 Deum
1562 1450 1669 1488 non

148 1531 335 1593 colunt,
367 1538 545 1583 manet
567 1545 661 1585 eos
697 1543 858 1598 paena
888 1528 1028 1598 ignis
1057 1529 1266 1589 aeterni,
1304 1526 1659 1596 quando'ces-

150 1627 314 1672 sai-ent
355 1628 635 1674 monentes
687 1626 743 1673 et
783 1618 1170 1672 cohortantes?
1205 1619 1311 1669 Aut
1363 1617 1407 1671 si
1440 1614 1670 1669 obsiste-

149 1715 273 1770 rent,
304 1708 570 1777 quomodo
626 1723 736 1763 non
782 1707 1027 1775 lugerent
1079 1720 1173 1760 eos
1230 1713 1283 1761 et
1335 1707 1668 1774 plangerent,

1763 533 1822 587 Si
1850 534 2028 588 oculus
2078 543 2196 586 tuus
2246 532 2425 586 dexter
2470 530 2799 585 scandalizat
2831 542 2896 596 te,
2928 548 3049 587 erue
3088 551 3205 588 eum
3250 546 3301 590 et

1763 624 1929 692 abjice
1957 624 2051 677 abs
2077 633 2159 688 te;
2182 623 2386 692 expedit
2408 623 2545 676 enim
2573 621 2665 674 tibi
2685 632 2740 673 ut
2763 638 2921 674 unum
2957 622 3300 678 membrorum

1765 722 1969 767 tuorum
1996 722 2190 781 pereat,
2215 729 2371 782 quam
2400 721 2566 765 totum
2594 726 2781 779 corpus
2803 720 2947 764 tuum
2973 713 3213 766 mittatur
3247 715 3302 768 in

1761 803 2044 873 gehennam
2084 804 2217 871 ignis
2240 803 2305 856 ⁸¹¹.
2354 801 2473 855 Νοη
2522 800 2655 855 dixit
2687 819 2701 855 :
2733 801 3113 857 scandalizavit
3140 812 3212 867 te,
3242 812 3303 859 ut

1765 899 2109 961 posteaquam
2123 894 2430 960 peccaveris
2445 900 2574 945 tunc
2587 892 2811 959 abjicias
2829 906 3047 946 causam
3067 896 3293 962 peccati,

1764 981 1857 1035 sed
1883 999 1897 1035 :
1930 983 1981 1034 si
2006 981 2331 1036 scandalizat
2354 991 2426 1045 te,
2444 982 2547 1036 hoc
2566 989 2746 1044 est,ut
2774 988 3057 1050 antequam
3089 997 3298 1051 pecces,

1765 1084 1981 1125 causam
2006 1072 2211 1141 peccati
2239 1072 2579 1141 provocantis
2602 1079 2653 1124 te
2674 1079 2727 1126 et
2745 1071 3009 1125 irritantis
3031 1062 3297 1127 abscidas.

1765 1160 1973 1230 Nequis
1995 1167 2169 1214 autem
2182 1168 2418 1215 vestrum
2444 1170 2609 1230 putet,
2628 1161 2842 1226 fratres,
2867 1162 3009 1231 quod
3038 1163 3303 1218 membro-

1767 1266 1884 1305 rum
1900 1250 2313 1320 amputationem
2327 1250 2926 1321 mandaveritpominus
2941 1271 2955 1306 :
2969 1254 3303 1322 propositum

1769 1354 1823 1394 in
1846 1341 1948 1394 hoc
1973 1342 2085 1394 vnit
2114 1340 2367 1405 resecari,
2401 1357 2509 1395 non
2532 1342 2770 1396 membra
2796 1351 2846 1397 et
2877 1357 3070 1397 causas
3092 1358 3212 1413 qua:
3236 1344 3304 1397 ad

1770 1431 2097 1500 peccandum
2129 1431 2378 1494 illiciunt,
2403 1446 2509 1499 quo
2542 1433 2795 1501 cogitatio
2834 1442 3014 1486 nostra
3052 1440 3304 1495 aspectus
3390 1436 3395 1441 ’

1766 1519 2016 1573 vehiculo
2045 1519 2321 1582 subvecta,
2355 1520 2420 1572 ad
2445 1534 2681 1574 amorem
2714 1519 2805 1574 Dei
2845 1521 3096 1577 sensibus
3121 1536 3308 1593 corpo-

1769 1608 1878 1663 reis
1912 1608 2087 1663 invisa
2125 1608 2433 1670 contendat,
2458 1623 2556 1663 nec
2586 1610 2897 1664 carnalibus
2928 1611 3121 1676 oculis,
3156 1617 3305 1667 velut

1769 1699 2178 1755 lascivientibus
2212 1697 2367 1767 equis
2415 1705 2468 1752 et
2525 1706 2676 1751 extra
2723 1699 3099 1753 mandatorum
3164 1701 3305 1755 viam

150 1797 268 1850 certi
308 1809 505 1850 aeterna
545 1799 626 1852 eis
670 1797 955 1851 imminere
999 1796 1300 1864 supplicia?
1338 1792 1492 1850 Nunc
1545 1808 1672 1863 ergo
1703 1782 1742 1834 Β
1771 1802 1988 1842 currum
2019 1788 2290 1842 declinare
2319 1786 2682 1856 cupientibus,
2715 1787 2916 1841 relaxet
2953 1787 3106 1842 frena
3135 1796 3187 1842 et
3212 1788 3309 1841 ha-

152 1884 281 1939 illam
307 1887 518 1955 quidem
541 1887 823 1941 mulierem
846 1886 1192 1941 evocabimus
1222 1885 1586 1954 postmodum,
1619 1889 1672 1936 et

152 1971 433 2028 videbimus
461 1976 507 2028 si
548 1982 693 2027 amat
721 1974 876 2027 ﬁdem
899 1971 1175 2042 religionis
1204 1976 1422 2032 ηοειιυω,
1448 1978 1501 2024 et
1516 1976 1676 2038 prout

152 2074 469 2130 consequens
494 2064 655 2117 fuerit
673 2077 912 2131 agemus.
937 2062 1059 2115 Haec
1075 2068 1253 2115 autem
1280 2060 1535 2129 quoniam
1551 2058 1679 2111 tideo

153 2150 263 2204 liter
293 2152 460 2206 sensit
502 2154 569 2208 de
598 2154 887 2224 baptismo,
921 2152 1127 2221 jejunet
1171 2151 1253 2205 vel
1299 2164 1405 2203 una
1432 2149 1521 2203 die
1554 2154 1678 2203 ante

155 2234 484 2304 baptismum.

212 2324 440 2382 XXXVI.
481 2330 549 2383 At
571 2331 659 2384 illa
688 2331 1137 2399 cumjuramento
1158 2328 1523 2383 satisfaciebat
1545 2342 1678 2396 pra:-

150 2424 288 2471 sente
308 2431 474 2472 uxore
494 2419 709 2473 domini
729 2420 831 2472 mei
861 2416 1024 2478 Petri,
1048 2417 1171 2486 quia
1201 2431 1266 2470 ex
1287 2430 1393 2485 quo
1417 2429 1676 2485 recogno-

154 2505 273 2557 verit
300 2504 484 2569 tilium,
513 2520 623 2576 prae
670 2508 838 2560 multo
868 2505 1064 2575 gaudio
1104 2505 1284 2559 cibum
1323 2516 1515 2573 capere
1559 2517 1678 2557 om-

155 2591 271 2647 nino
312 2597 635 2665 nequiverit,
679 2598 784 2652 nisi
825 2598 1079 2652 hesterna
1133 2596 1223 2649 die
1264 2594 1486 2649 calicem
1528 2609 1679 2664 aqua:

156 2684 315 2738 solum
341 2687 561 2744 biberit.
596 2688 923 2743 Testabatur
945 2693 1122 2739 autem
1151 2694 1206 2740 et
1231 2700 1364 2741 uxor
1395 2685 1561 2748 Petri,
1596 2686 1680 2739 di-

156 2783 275 2825 cens
302 2774 377 2828 ita
405 2791 545 2831 esse.
578 2777 644 2831 Et
675 2778 865 2846 Aquila
892 2776 1003 2829 ait:
1030 2775 1170 2841 Quid
1218 2788 1348 2843 ergo
1372 2774 1553 2827 obstat
1582 2786 1680 2827 cur

157 2876 254 2916 non
286 2865 616 2936 baptizetur?
645 2869 783 2921 Tum
826 2866 1017 2921 Petrus
1062 2866 1385 2921 subridens:
1423 2865 1528 2918 Sed
1570 2880 1679 2920 non

156 2959 249 3016 est,
273 2954 462 3022 inquit,
488 2959 592 3011 hoc
631 2956 896 3025 jejunium
940 2954 1213 3023 baptismi,
1244 2954 1387 3023 quod
1418 2970 1523 3007 non
1553 2969 1680 3023 pro-

159 3042 265 3104 pter
284 3041 608 3111 baptismum
621 3046 921 3114 jejunatum
956 3048 1058 3097 est.
1082 3029 1145 3095 Et
1165 3040 1345 3096 Niceta
1365 3059 1377 3095 :
1399 3040 1502 3095 Sed
1518 3041 1674 3101 forte,

159 3127 340 3199 inquit,
369 3136 554 3191 volens
588 3137 729 3191 Deus
755 3142 982 3188 matrem
1032 3142 1272 3187 nostram
1301 3148 1403 3187 nec
1444 3148 1550 3187 una
1588 3134 1676 3187 die

159 3222 340 3288 agnitis
366 3226 524 3280 nobis
570 3224 811 3295 separari
842 3238 873 3278 a
900 3224 1173 3279 consortio
1218 3237 1420 3278 mensa:
1456 3230 1678 3288 nostrae,

158 3316 526 3379 praeordinavit
548 3319 653 3372 hoc
678 3324 737 3371 ut
761 3321 885 3369 ante
908 3314 1197 3384 jejunaret.
1231 3314 1384 3369 Sicut
1412 3314 1555 3369 enim
1580 3329 1683 3384 pu-

156 3402 383 3459 dicitiam
416 3412 650 3464 servavit
690 3409 746 3463 in
794 3407 1118 3477 ignorantia,
1142 3412 1199 3459 ut
1226 3403 1512 3475 proliceret
1535 3406 1585 3458 ei
1614 3403 1681 3457 ad

156 3489 398 3561 baptismi
431 3499 680 3566 gratiam,
709 3498 782 3550 ita
803 3497 1064 3566 jejunavit
1095 3502 1380 3565 antequam
1411 3494 1575 3548 sciret
1602 3492 1685 3561 je-

152 3576 280 3640 junii
324 3586 617 3649 rationem,
649 3594 707 3637 ut
737 3586 1021 3654 proﬁceret
1056 3586 1109 3638 ei
1152 3584 1220 3637 ad
1262 3584 1607 3651 baptismum,
1631 3587 1686 3634 et

158 3670 329 3723 statim
356 3673 427 3726 ab
454 3674 612 3728 initio
638 3674 923 3743 agnitionis
946 3680 1145 3727 nostra;
1168 3673 1454 3727 nobiscum
1482 3674 1685 3741 pariter

154 3769 343 3815 mensae
360 3765 641 3817 consortio
666 3764 948 3816 fmeretur.

217 3847 475 3904 XXXVII.
519 3852 655 3906 Tum
697 3852 885 3906 Petrus
914 3870 929 3905 :
955 3850 1075 3905 Non
1115 3866 1237 3916 nos,
1280 3852 1476 3922 inquit,
1505 3852 1686 3906 vincat

151 3943 417 4015 malignus
464 3946 751 4001 occasione
796 3952 1013 4013 accepta
1050 3961 1145 4014 per
1185 3944 1434 3999 aﬁ‘eetum
1473 3943 1682 4007 matris,

152 4033 239 4086 sed
282 4037 464 4106 magis
501 4052 600 4092 vos
639 4044 694 4091 et
736 4052 833 4106 ego
878 4036 1151 4090 vobiscum
1194 4034 1350 4089 hodie
1380 4034 1685 4103 jejunemus

151 4134 268 4177 cum
316 4127 458 4195 ipsa,
498 4136 552 4182 et
609 4118 850 4180 crastino
906 4126 1267 4196 baptizabitur
1315 4123 1464 4195 μνη
1513 4138 1687 4192 neque

149 4215 286 4267 enim
315 4217 529 4284 justum
582 4225 663 4273 est
712 4218 779 4271 ad
811 4218 1033 4285 gratiam
1071 4230 1311 4286 persona:
1360 4213 1595 4281 aiicujus
1633 4217 1688 4267 et

151 4302 417 4369 amicitiae,
452 4308 647 4363 resolvi
704 4317 755 4361 et
787 4305 1066 4361 extenuari
1118 4314 1379 4374 praecepta
1420 4304 1682 4358 veritatis.

1775 1880 1938 1933 benas
1960 1878 2268 1947 indulgeat;
2296 1876 2393 1931 sed
2424 1885 2637 1931 revocet
2666 1883 2939 1945 aspectum
2967 1880 3209 1947 corporis
3240 1872 3307 1932 ad

1772 1968 2054 2022 arhitrimn
2069 1968 2281 2033 mentis,
2295 1975 2347 2022 et
2360 1968 2546 2022 oculos
2570 1976 2786 2023 nostros
2808 1982 2943 2036 quos
2961 1966 3101 2022 Deus
3128 1969 3309 2038 operis

1775 2058 1858 2111 su'i
1874 2059 2205 2126 inspectores
2217 2072 2338 2111 esse
2361 2058 2529 2110 voluit
2542 2064 2594 2112 et
2606 2065 2791 2121 testes,
2818 2070 2925 2112 non
2947 2060 3183 2127 patiatur
3196 2059 3311 2114 ﬁeri

1777 2147 1997 2201 lenones
2025 2146 2151 2201 mali
2180 2145 2455 2201 desiderii.
2482 2147 2547 2200 Et
2578 2146 2696 2201 ideo
2734 2147 2925 2203 cedant
2950 2149 3052 2219 legi
3076 2149 3171 2205 Dei
3201 2157 3310 2205 tam

1781 2236 2025 2304 corporei
2076 2250 2271 2291 sensus
2315 2251 2475 2305 quam
2513 2237 2739 2291 interna'
2756 2240 3038 2309 cogitatio,
3080 2234 3310 2297 et'illius

1774 2326 2036 2379 voluntati
2060 2324 2368 2379 ministrent
2387 2325 2541 2393 cujus
2564 2334 2625 2380 ‘se
2652 2340 2812 2395 opera
2835 2343 2956 2383 esse
2981 2328 3309 2399 intelligunt.

1846 2413 2128 2468 XXXVIII.
2170 2414 2338 2485 Igitur
2367 2424 2425 2469 ut
2446 2416 2581 2469 ordo
2610 2416 2848 2486 mysterii
2876 2419 3133 2486 poscebat
3155 2426 3208 2473 et
3229 2433 3315 2474 ra-

1775 2502 1869 2567 tio,
1906 2501 1991 2557 die
2028 2512 2244 2574 postera
2294 2505 2603 2574 baptizatur
2630 2507 2683 2559 in
2708 2509 2862 2571 mari,
2895 2514 2946 2561 et
2971 2523 3216 2578 regressa
3246 2509 3311 2564 ad

1778 2593 2073 2662 hospitium
2104 2592 2354 2647 omnibus
2381 2604 2775 2664 consequenter
2800 2597 3072 2666 mysteriis
3100 2599 3316 2668 religio-

1778 2683 1863 2736 nis
1894 2682 2170 2740 imbuitur.
2204 2682 2503 2738 Aderamus
2547 2691 2727 2738 autem
2768 2693 2821 2740 et
2843 2700 2942 2739 nos
2975 2684 3067 2739 ﬁlii
3093 2690 3197 2750 sui,
3222 2687 3317 2742 Ni-

1777 2781 1893 2827 ceta
1936 2780 1992 2827 et
2031 2773 2223 2841 Aquila
2253 2780 2306 2827 et
2349 2788 2447 2843 ego
2469 2771 2737 2829 Clemens.
2773 2773 2837 2828 Et
2861 2783 2982 2844 post
3008 2778 3121 2831 hac
3153 2778 3317 2833 simul

1778 2878 1899 2917 cum
1929 2878 1992 2917 ea
2021 2863 2357 2932 prandimus,
2390 2870 2443 2917 et
2486 2864 2647 2919 simul
2674 2865 3092 2936 gloriﬁcavimus
3123 2867 3315 2935 Deum,

1780 2952 2071 3008 referentes
2102 2956 2303 3024 gratias
2328 2953 2523 3009 studiis
2555 2963 2607 3010 et
2631 2957 2891 3010 doctrinm
2919 2957 3080 3023 Petri,
3103 2960 3192 3027 qui
3220 2976 3319 3014 no-

1779 3043 1862 3099 bis
1880 3043 2115 3098 ostendit
2144 3059 2240 3115 per
2267 3046 2604 3099 occasionem
2631 3048 2842 3109 matris,
2872 3050 3140 3116 quotuodo
3164 3049 3319 3118 pudi-

1779 3134 1920 3189 citia:
1947 3135 2144 3197 bonum
2175 3149 2281 3190 non
2306 3143 2485 3205 pereat
2506 3138 2644 3206 apud
2671 3135 2856 3201 Deum,
2888 3139 3030 3192 sicut
3059 3148 3320 3194 econtra-

1780 3226 1863 3280 rio
1904 3226 2260 3295 impudicitia,
2302 3228 2498 3297 inquit,
2529 3228 2739 3283 etiamsi
2770 3244 2876 3282 non
2906 3232 3108 3295 statim,
3142 3240 3319 3285 tamen

1782 3316 1906 3371 licet
1956 3317 2112 3372 tarde
2157 3332 2265 3371 non
2317 3319 2500 3387 ell’ugit
2531 3332 2765 3387 poenam.
2794 3318 2853 3371 In
2904 3325 3112 3372 tantum
3141 3328 3319 3374 autem

1783 3404 2060 3474 pudi¢itia,
2090 3406 2284 3474 inquit,
2313 3404 2422 3459 Deo
2463 3406 2659 3475 placita
2689 3414 2791 3470 est,
2825 3415 2883 3459 ut
2915 3407 3075 3460 etiam
3109 3408 3195 3462 bis
3226 3410 3319 3477 qui

1784 3497 1838 3549 in
1864 3510 2046 3550 errore
2103 3507 2229 3550 sunt
2272 3496 2456 3564 positi,
2489 3497 2734 3549 nonnihil
2769 3498 2952 3566 gratia:
2982 3496 3035 3551 in
3067 3500 3319 3568 prazsenti

1784 3584 2026 3639 conferat
2050 3587 2181 3639 vita.
2216 3583 2349 3637 Nam
2382 3582 2560 3636 futura
2592 3580 2865 3638 beatitudo
2896 3585 3003 3640 illis
3029 3589 3202 3640 solum
3237 3604 3322 3642 re-

1784 3674 1959 3742 posita
2011 3684 2113 3738 est,
2142 3674 2233 3745 qui
2287 3688 2381 3742 per
2426 3673 2651 3741 gratiam
2702 3673 2955 3740 baptismi
3010 3675 3321 3742 pudicitiam

1781 3763 2153 3833 justitiamque
2180 3765 2535 3818 servaverint.
2567 3762 2807 3833 Denique
2828 3765 3070 3835 exemplo
3096 3776 3179 3820 est
3197 3767 3323 3820 huic

1784 3855 1864 3908 rei
1899 3856 2062 3908 etiam
2092 3855 2216 3917 hoc,
2249 3855 2390 3923 quod
2429 3870 2553 3924 erga
2593 3862 2816 3909 matrem
2856 3864 3087 3910 vestram
3116 3866 3323 3926 gestum

1785 3952 1889 4008 est,
1922 3944 2009 3998 cui
2058 3945 2208 3999 salus
2248 3945 2361 3999 haec
2409 3946 2584 3998 omnis
2626 3960 2722 4015 pro
2766 3948 3012 4001 mercede
3056 3947 3330 4016 pudicitiae

1788 4036 2033 4101 reparata
2062 4038 2164 4092 est,
2197 4031 2261 4084 ad
2292 4045 2453 4101 quam
2485 4033 2889 4085 custodiendam
2923 4042 2971 4087 et
3004 4050 3327 4089 conservan-

1787 4119 1909 4172 dam
1952 4134 2057 4172 non
2099 4119 2301 4174 sufﬁcit
2328 4122 2442 4173 sola
2470 4122 2820 4180 continentia,
2851 4121 2942 4173 sed
2978 4122 3065 4174 ubi
3097 4124 3328 4178 senserit

1788 4210 1910 4278 quis
1939 4206 2166 4262 insidias
2194 4216 2247 4263 et
2286 4208 2651 4279 deceptionem
2670 4209 2867 4279 parari,
2899 4213 3154 4266 continuo
3185 4214 3329 4267 sicut
3362 4222 3367 4229 ‘

1789 4300 1858 4353 ab
1889 4300 2029 4369 ignis
2076 4302 2276 4368 impetu
2315 4311 2406 4354 aut
2437 4303 2657 4356 incursu
2688 4303 2839 4357 canis
2875 4304 3043 4357 rabidi
3076 4303 3329 4375 refugiat,

151 4384 262 4445 Non
286 4408 417 4465 ergo
448 4399 627 4469 pigeat
655 4412 754 4452 nos
786 4401 953 4466 magis
983 4398 1225 4451 laborare
1268 4410 1388 4448 cum
1416 4395 1528 4457 illa,
1559 4395 1685 4463 quia
1719 4414 1760 4468 ι)
1788 4406 1887 4445 nec
1911 4389 2145 4444 conﬁdat
2173 4391 2316 4458 quod
2358 4391 2666 4459 hujusmodi
2708 4393 2933 4447 insidias
2976 4397 3143 4462 possit
3172 4395 3333 4450 facile

152 4492 307 4539 omne
327 4488 640 4542 mandatum
674 4488 945 4556 praeterire
970 4493 1247 4555 peccatum
1271 4493 1370 4539 est.
1390 4484 1692 4538 Doceamus

152 4573 326 4622 autem
378 4587 576 4628 sensus
613 4582 828 4628 nostros
872 4572 1178 4642 corporales
1227 4572 1317 4639 qui
1347 4572 1689 4625 extrinsecus

152 4666 293 4723 sunt,
321 4663 890 4718 servireinterioribus
904 4662 1170 4725 sensibus,
1199 4670 1371 4713 etnon
1399 4662 1685 4715 interiores

152 4757 365 4812 sensus,
398 4752 494 4821 qui
537 4766 655 4820 qua:
686 4750 777 4805 Dei
822 4758 947 4805 sunt
980 4749 1217 4818 sapiunt,
1248 4761 1507 4815 cogamus
1533 4746 1687 4817 sequi

151 4838 468 4905 exteriores,
502 4841 591 4910 qui
638 4856 757 4909 qua:
804 4841 983 4894 carnis
1015 4849 1139 4893 sunt
1176 4838 1414 4904 sapiunt.
1466 4837 1689 4908 PrOpter

156 4917 311 4976 hoc"
342 4931 486 4984 enim
516 4938 569 4985 et
601 4929 854 4983 Dominus
893 4926 1201 4980 mandatum
1243 4926 1413 4989 dedit,
1447 4928 1639 4983 dicens
1671 4947 1683 4982 :

157 5008 459 5087 Quicunque
484 5019 665 5075 viderit
688 5019 950 5071 mulierem
972 5015 1038 5069 ad
1052 5016 1514 5082 concupiscendam
1547 5036 1683 5085 eam,

1796 4480 1991 4550 aliquis
2022 4480 2449 4549 philosophando
2480 4490 2573 4535 aut
2604 4481 2869 4551 palpando
2899 4482 3181 4547 cohibere;
3207 4483 3331 4550 sed,

1792 4576 1850 4622 ut
1897 4569 2030 4631 dixi,
2076 4568 2436 4638 effugiendum
2488 4578 2571 4624 est
2616 4581 2667 4645 ct
2702 4572 2856 4640 longe
2908 4570 3334 4637 abscedentium,

1794 4660 1933 4714 sicut
1963 4658 2089 4713 fecit
2129 4668 2181 4712 et
2215 4668 2395 4714 vestra
2441 4650 2618 4713 mater.
2643 4677 2767 4715 vere
2805 4667 2857 4714 et
2886 4660 3095 4732 integre
3128 4664 3331 4717 bonum

1793 4750 2020 4820 diligens
2040 4748 2334 4820 pudicitiae.
2383 4748 2613 4821 Pr0pter
2633 4751 2775 4819 quod
2802 4758 2855 4804 et
2885 4760 3206 4805 conservata
3237 4768 3333 4807 vo-

1794 4838 1876 4896 bis
1905 4847 1989 4895 est
2022 4854 2085 4894 ac
2123 4857 2219 4895 vos
2258 4842 2353 4905 illi,
2388 4841 2608 4909 insuper
2639 4848 2815 4894 autem
2857 4845 2910 4893 et
2950 4848 3165 4894 aeterna:
3212 4845 3335 4896 vitai

1793 4931 2063 5001 agnitione
2092 4930 2311 4985 donata.
2335 4930 2469 4984 Cum
2497 4930 2610 4983 hzec
2637 4936 2691 4983 et
2722 4928 2885 4982 multa
2922 4929 3027 4981 alia
3058 4930 3145 4984 his
3180 4932 3333 4986 simi-

1794 5019 1866 5074 lia
1893 5021 2140 5086 disisset,
2176 5037 2397 5091 vespere
2425 5020 2566 5073 facto
2599 5019 2981 5088 requievimus.

223 5205 267 5237 ⁸⁸
297 5211 439 5268 Unde
462 5226 508 5269 ει
530 5215 948 5286 ego—imminere
964 5211 1214 5278 supplicia
1237 5230 1341 5267 non
1376 5214 1639 5339 lgeguntur
1661 5220 1714 5274 in
1748 5218 1905 5276 codd.
1940 5219 2117 5291 Lipss.
2206 5220 2249 5252 ³¹
2284 5218 2507 5285 Propter
2538 5215 2689 5271 hoc—
2703 5215 2903 5268 lenones
2933 5212 3065 5264 mali
3093 5211 3348 5267 desiderii

223 5291 352 5334 sunt
380 5284 435 5339 in
461 5288 616 5339 codd.
650 5284 823 5339 Lipss.
896 5283 940 5313 ⁸²
966 5281 1149 5333 Matth.
1181 5297 1229 5339 v.
1252 5282 1343 5339 28.
1462 5327 1479 5339 .

161 5269 352 5334 desunt
380 5284 435 5339 in
461 5269 616 5340 codd.
650 5284 823 5355 Lipss.
896 5283 940 5313 "
966 5269 1149 5333 Μέιίιιι-
1181 5297 1229 5345 ν,
1252 5282 1343 5347 28,

1403 5431 1780 5493 GOTELERII
1814 5435 2042 5493 NOTIE.

228 5564 338 5637 (47)
386 5573 483 5627 Vos
528 5581 576 5626 et
622 5588 708 5641 ego
757 5558 992 5641 uobiscum
1024 5560 1178 5641 hgdie
1202 5565 1525 5634 jejunemus
1568 5585 1689 5641 cum

169 5629 295 5703 tps'a,
320 5629 421 5697 etc.
455 5642 540 5697 Sic
572 5629 670 5695 lib."
684 5657 731 5705 χ,
772 5652 872 5708 cap.
916 5634 1003 5688 ult.
1056 5629 1262 5690 Petrus
1292 5644 1531 5736 patrem
1564 5639 1688 5696 ωε-

1793 5570 1986 5624 mentis
2014 5567 2408 5637 baptizaturus.
2444 5563 2647 5637 indicit
2693 5557 2949 5637 ieiunium
2991 5554 3151 5637 omni
3198 5552 3383 5637 plebi,

2016 5620 2123 5692 t'it‘u
2155 5620 2509 5704 Apologia
2541 5629 2578 5688 ’Ξ
2606 5620 2803 5689 Insnit".
2828 5624 3069 5697 Martyris
3090 5661 3105 5684 ,
3143 5636 3205 5688 ιι.
3245 5620 3347 5671 νδ.
