3904 6356
498 312 635 371 1371

1385 306 1443 362 S.
1478 304 1873 363 CLEMENTIS
1909 304 1931 359 ι
1968 303 2139 365 ROM.
2174 304 2378 363 PONT.
2419 302 2651 362 OPERA
2690 301 2923 359 DUBIA.

3623 299 3759 355 ιδῃ

504 459 3759 491 MM

1602 627 1960 717 LIBER
2032 625 2616 720 OCTAVUS.

576 985 616 1040 l.
658 983 888 1038 Postera
916 990 1099 1035 autem
1124 979 1213 1035 die
1244 978 1442 1034 Petrus
1466 994 1626 1034 mane
1654 980 1952 1052 assumptis
1973 978 2086 1034 l'ra-
2112 982 2161 1040 Α
2188 988 2310 1029 mus
2363 972 2483 1044 ipse
2542 971 2754 1042 incipit,
2779 986 2882 1029 nec
2916 981 3291 1042 contemptum
3337 972 3497 1027 senis
3551 970 3768 1034 habuit,

502 1076 682 1130 tribus
713 1072 849 1126 meis
880 1078 937 1125 et
968 1085 1077 1134 me,
1108 1069 1477 1125 descenditad
1506 1078 1747 1139 portum,
1788 1078 1849 1125 ut
1868 1070 1925 1124 in
1942 1069 2081 1124 mari

508 1168 843 1227 lavaremus,
875 1172 930 1219 et
975 1169 1100 1234 post
1141 1160 1245 1215 hoc
1267 1161 1332 1214 ad
1365 1161 1546 1215 locum
1576 1160 1865 1231 quemdam
1895 1176 2083 1216 secre-

502 1259 700 1314 tiorem
733 1256 1071 1313 secessimus
1122 1254 1390 1309 orationis
1433 1252 1628 1323 gratia.
1676 1250 1855 1307 Senex
1898 1259 2081 1306 autem

500 1350 726 1423 quidam
758 1363 985 1419 pauper,
1023 1355 1076 1402 et
1128 1357 1186 1402 ut
1228 1345 1527 1417 apparebat
1564 1360 1630 1399 ex
1662 1344 1850 1398 babitu
1884 1358 2083 1412 opera-

502 1444 643 1504 rius,
688 1440 908 1494 curiose
937 1454 1005 1491 ex
1035 1437 1257 1492 occulto
1306 1436 1607 1491 observare
1648 1450 1750 1489 nos
1798 1434 1988 1503 carpit,
2025 1440 2083 1488 ut

500 1536 710 1592 videret
748 1532 879 1605 quid
930 1546 1216 1603 ageremus
1264 1529 1321 1585 in
1372 1536 1587 1584 secreto
1618 1528 1804 1598 positi.
1836 1527 2084 1597 Cumque

503 1644 604 1685 nos
632 1636 855 1683 orantes
886 1625 1136 1686 vidisset,
1168 1622 1516 1692 exspectavit
1559 1621 1736 1675 donec
1780 1620 2079 1683 exiremus,

503 1728 558 1774 et
588 1719 837 1775 salutans
866 1730 969 1771 nos
997 1716 1071 1768 ait
1104 1729 1118 1766 :
1149 1712 1207 1767 Si
1236 1729 1347 1768 non
1375 1728 1519 1783 aegre
1547 1712 1819 1781 accipitis,
1844 1720 1899 1766 et
1922 1710 2082 1783 quasi

502 1812 782 1867 curiosum
822 1825 908 1865 me
952 1816 1049 1862 aut
1101 1806 1480 1878 importunum
1522 1806 1752 1869 notatis,
1793 1805 1954 1860 velim
1984 1820 2082 1859 vo-

502 1904 719 1959 biscum
751 1901 1006 1957 conferre
1054 1906 1389 1962 sermonem,
1422 1897 1553 1967 quia
1598 1896 1812 1952 habens
1847 1896 2083 1952 misera-

502 1994 707 2049 tionem
738 1992 931 2056 vestri,
964 1990 1067 2046 sub
1104 1990 1287 2060 specie
1330 1991 1584 2046 veritatis
1616 2004 1808 2045 errare
1836 2005 1933 2044 vos
1954 1988 2080 2043 nol-

502 2087 609 2143 lem
643 2092 699 2141 et
728 2086 933 2140 habere
962 2088 1168 2136 metum
1198 2081 1266 2137 de
1298 2082 1384 2138 bis
1413 2098 1536 2153 qua:
1561 2098 1671 2137 non
1718 2091 1880 2149 sunt;
1912 2090 2006 2136 aut
2033 2082 2081 2137 si

504 2177 711 2251 putatis
752 2192 876 2233 esse
927 2175 1135 2247 aliquid
1186 2175 1323 2239 veri,
1376 2173 1574 2228 tradite
1620 2174 1785 2229 etiam
1832 2172 1988 2228 mibi.
2022 2171 2081 2228 Si

503 2288 636 2342 ergo
668 2272 940 2341 patienter
965 2267 1238 2338 accipitis,
1265 2280 1487 2336 possum
1519 2280 1616 2317 vos
1641 2264 1831 2333 paucis
1852 2263 2082 2318 edocere

500 2379 625 2436 qua:
655 2372 806 2419 recta
829 2371 979 2428 sunt;
1004 2361 1052 2415 si
1089 2374 1218 2415 vero
1247 2358 1557 2421 molestum,
1593 2370 1813 2426 pergam
1844 2364 1896 2410 et
1932 2370 2084 2410 meos

503 2465 662 2514 actus
702 2471 883 2528 agam.
940 2454 1043 2509 Cui
1090 2451 1289 2508 Petrus
1320 2450 1603 2520 respondit
1634 2448 1771 2503 :Dic
1800 2463 1901 2519 age
1936 2449 2082 2517 quod

502 2548 604 2605 tibi
635 2532 852 2603 videtur
887 2544 1116 2608 bonum,
1152 2549 1208 2597 et
1256 2542 1490 2595 libenter
1531 2538 1834 2608 accipimus
1876 2540 1993 2595 sive
2030 2538 2084 2593 id

503 2651 696 2693 verum
737 2635 855 2690 sive
896 2634 1064 2689 etiam
1102 2632 1302 2686 l‘alsum
1342 2632 1448 2695 sit;
1485 2627 1899 2701 amplectendus
1936 2630 2083 2685 enim

503 2744 587 2793 es,
620 2727 750 2798 quia
789 2725 938 2798 quod
968 2724 1071 2780 tibi
1109 2724 1313 2781 bonum
1366 2721 1602 2786 videtur,
1636 2728 1897 2792 tanquam
1929 2730 2086 2793 pater

503 2836 605 2894 pro
636 2818 765 2874 llliis
800 2818 1071 2874 sollicitus
1105 2828 1457 2870 connuonere
1488 2814 1730 2870 voluisti.

578 2911 640 2966 ll.
689 2912 833 2967 Tum
862 2909 1046 2966 senior
1067 2908 1235 2978 carpit
1254 2906 1437 2962 dicere
1466 2926 1477 2962 :
1504 2905 1561 2961 In
1595 2907 1731 2961 mari
1764 2923 1863 2962 vos
1886 2907 2087 2963 lavisse

503 3003 639 3066 vidi,
672 3011 727 3058 et
769 3009 893 3075 post
929 3001 1033 3057 hoc
1089 3000 1158 3055 ad
1215 3011 1488 3058 secretum
1534 3000 1833 3056 secessisse
1876 3000 2087 3065 locum;

503 3093 810 3149 observans
841 3108 973 3163 ergo
996 3092 1064 3147 de
1096 3094 1313 3148 occulto
1336 3092 1470 3163 quid
1502 3092 1556 3145 in
1586 3098 1801 3147 secreto
1830 3090 2085 3161 ageretis,

504 3194 728 3241 orantes
756 3186 1004 3256 inspexi;
1032 3186 1327 3241 miseratus
1352 3186 1521 3256 igitur
1550 3200 1796 3240 errorem
1817 3192 2085 3246 vestrum,

505 3276 751 3349 Opperiri
797 3277 963 3348 coepi,
1023 3292 1311 3348 usquequo
1366 3292 1623 3347 egressos
1668 3277 1981 3346 alloquerer
2035 3282 2091 3331 et

508 3372 789 3432 docerem,
824 3385 894 3424 ne
914 3370 1113 3425 erretis
1137 3369 1190 3427 in
1220 3368 1535 3437 bujusmodi
1572 3368 1940 3433 observantia,
1960 3369 2089 3438 quia

508 3478 687 3533 neque
715 3460 859 3517 Deus
876 3468 960 3516 est
991 3477 1169 3532 neque
1200 3461 1382 3517 cultus
1414 3461 1503 3515 bic
1529 3462 1732 3533 aliquis
1771 3469 1879 3525 est,
1914 3477 2091 3532 neque

510 3550 853 3623 providentia
880 3551 934 3605 in
961 3551 1188 3613 mundo,
1221 3550 1315 3605 sed
1349 3550 1609 3605 fortuitus
1647 3567 1811 3606 casus
1854 3562 1909 3607 et
1933 3566 2093 3621 gene-

510 3648 588 3700 sis
624 3651 793 3714 agunt
839 3643 1049 3707 omnia,
1090 3644 1236 3699 sicut
1283 3660 1384 3715 ego
1419 3659 1485 3698 ex
1520 3643 1727 3713 meipso
1754 3644 2090 3699 manifestis-

513 3734 652 3787 sime
686 3732 927 3803 comperi
962 3733 1015 3787 in
1049 3732 1340 3803 disciplina
1376 3733 1687 3788 matheseos
1721 3750 1832 3805 pra:
1873 3736 2086 3791 caeteris

512 3824 784 3879 eruditus.
808 3821 987 3879 Nolite
1013 3840 1145 3895 ergo
1171 3841 1392 3891 errare;
1428 3825 1542 3879 sive
1569 3826 1715 3879 enim
1739 3828 1932 3891 oretis,
1968 3828 2086 3884 sive

515 3934 625 3972 non
666 3916 856 3985 oretis,
887 3917 1034 3988 quod
1079 3919 1295 3989 genesis
1330 3926 1512 3973 vestra
1544 3920 1811 3981 continet,
1841 3920 1945 3975 hoc
1980 3922 2086 3975 erit

514 4009 694 4065 vobis.
720 4007 784 4063 Et
809 4025 909 4079 ego
934 4008 1185 4063 Clemens
1217 4011 1406 4064 nescio
1448 4010 1578 4080 quid
1609 4012 1775 4066 corde
1808 4012 2088 4081 pulsabar,

514 4100 685 4155 multa
709 4099 867 4170 quasi
901 4108 1028 4153 nota
1076 4099 1209 4153 mihi
1266 4100 1513 4156 recolens
1539 4101 1716 4167 ineo;
1763 4101 1902 4156 bene
1945 4104 2091 4157 enim

515 4190 593 4245 ait
622 4189 868 4260 quidam,
903 4190 1030 4256 quia
1056 4189 1199 4259 quod
1225 4206 1288 4243 ex
1322 4190 1505 4259 aliquo
1530 4200 1717 4245 natum
1747 4201 1850 4256 est,
1875 4194 2091 4249 etiamsi

516 4284 691 4336 multo
721 4293 961 4350 tempore
1003 4281 1263 4343 abfuerit,
1300 4298 1576 4352 nunquam
1632 4293 1811 4339 tamen
1856 4287 2093 4341 scintilla

518 4374 946 4446 propinquitatis
979 4374 1372 4445 exstinguitur.
1403 4374 1555 4444 (Σαξρί
1587 4391 1717 4447 ergo
1754 4378 2094 4449 interrogare

516 4468 585 4521 ab
624 4483 710 4528 eo,
739 4466 863 4537 quis
891 4475 945 4520 et
986 4466 1129 4519 unde
1166 4478 1330 4531 esset,
1366 4467 1451 4521 vel
1496 4469 1772 4537 quomodo
1820 4479 1996 4526 ortus.
2027 4473 2096 4527 At

519 4561 609 4614 ille
645 4559 711 4613 ad
734 4559 848 4614 haec
874 4558 1206 4628 respondere
1232 4560 1426 4615 nolens
1457 4579 1469 4615 :
1506 4560 1673 4627 Quid,
1709 4562 1805 4627 ait,
1839 4563 1943 4618 boc
1968 4580 2098 4635 per-

520 4654 659 4708 tinet
684 4651 753 4707 ad
807 4666 871 4707 ea
911 4668 1031 4723 quae
1060 4651 1174 4705 dixi
1202 4652 1395 4706 vobis?
1418 4651 1524 4708 Sed
1551 4654 1746 4724 primo,
1779 4656 1825 4710 si
1860 4657 2094 4723 videtur,

521 4759 706 4799 sermo
748 4740 818 4798 de
860 4742 947 4798 his
1000 4758 1121 4814 qua:
1150 4745 1540 4814 proposuimus
1570 4745 1856 4812 habeatur,
1891 4756 1945 4803 et
1972 4758 2098 4819 post

520 4835 637 4890 lucc
661 4834 708 4890 si
730 4834 803 4889 ita
829 4850 916 4890 res
938 4833 1268 4905 poposcerit,
1293 4852 1491 4890 nomen
1513 4847 1565 4891 et
1587 4852 1758 4908 genus
1778 4854 1840 4893 ac
1864 4842 2098 4910 patriam

2185 1082 2362 1137 neque
2391 1066 2641 1137 despexit
2669 1066 2815 1136 quod
2846 1066 2971 1121 vilis
2992 1066 3043 1122 ei
3070 1067 3309 1122 amictus
3332 1074 3483 1120 esset
3502 1073 3559 1119 et
3587 1064 3771 1118 sordi-

2184 1157 2309 1214 dus.
2340 1158 2431 1213 Ait
2478 1172 2650 1228 ergo:
2682 1156 2952 1223 Quoniam
3001 1156 3222 1227 quidem
3268 1156 3477 1212 videris
3510 1156 3656 1210 mibi
3686 1158 3771 1211 vir

2184 1251 2436 1307 eruditus
2468 1265 2593 1305 esse
2621 1259 2676 1304 et
2706 1249 3024 1305 misericors
3066 1264 3133 1304 ex
3160 1264 3227 1305 eo
3254 1249 3403 1321 quod
3439 1249 3611 1304 adisti
3646 1264 3769 1312 nos,

2184 1351 2240 1400 et
2273 1341 2423 1414 quod
2469 1342 2569 1395 tibi
2607 1341 2813 1396 bonum
2858 1341 3147 1397 videbatur
3175 1341 3412 1397 celatum
3450 1342 3620 1398 nobis
3650 1356 3777 1397 esse

2185 1437 2435 1506 noluisti,
2464 1436 2717 1491 volumus
2765 1445 2821 1491 et
2865 1450 2969 1492 nos
3003 1435 3104 1491 tibi
3135 1451 3257 1507 qua:
3303 1436 3463 1491 nobis
3520 1434 3670 1490 bona
3719 1444 3777 1489 et

2184 1538 2337 1585 recta
2367 1530 2668 1585 creduntur
2699 1542 2995 1598 exponere,
3026 1542 3149 1597 qua!
3191 1528 3241 1583 si
3277 1527 3378 1581 tibi
3408 1527 3599 1582 minus
3646 1543 3775 1581 vera

2183 1612 2535 1685 videbuntur,
2568 1622 2736 1678 etiam
2772 1628 2831 1676 tu
2865 1628 3117 1675 nostrum
3149 1634 3279 1690 erga
3314 1627 3369 1674 te
3391 1620 3602 1673 bonum
3644 1634 3776 1687 pro-

2183 1714 2421 1785 positum
2452 1714 2685 1768 libenter
2708 1711 2954 1782 suscipe,
2980 1710 3123 1767 sicut
3137 1716 3193 1764 et
3215 1724 3318 1763 nos
3347 1719 3530 1764 tuum.
3560 1708 3629 1761 Et
3646 1725 3773 1763 cum

2185 1810 2301 1864 haec
2328 1807 2535 1863 diceret
2592 1805 2828 1867 Petrus.
2881 1806 3116 1875 plurima
3152 1803 3449 1858 multitudo
3490 1804 3773 1859 convenit.

2186 1898 2326 1955 Tum
2350 1916 2519 1956 senex
2549 1919 2563 1955 :
2597 1898 2898 1965 Fortassis,
2930 1898 3136 1967 inquit,
3164 1895 3466 1952 contristat
3491 1910 3596 1950 vos
3625 1910 3766 1965 pra:-

2182 1992 2359 2048 sentia
2390 1991 2780 2046 multitudinis.
2800 1989 2864 2045 Et
2898 1988 3093 2045 Petrus
3118 2002 3133 2041 :
3159 1986 3544 2059 Nequaquam,
3571 1988 3774 2057 inquit,

2183 2085 2292 2139 nisi
2326 2084 2427 2140 hoc
2454 2084 2634 2138 solum
2666 2096 2883 2145 vereor,
2910 2096 2979 2136 ne
3000 2078 3140 2135 torte
3163 2078 3586 2151 disputantibus
3613 2078 3777 2132 nobis

2183 2190 2309 2229 cum
2341 2175 2527 2245 palam
2560 2173 2703 2228 facta
2734 2173 2905 2229 fuerit
2933 2172 3141 2228 veritas
3160 2180 3222 2226 tu
3248 2170 3647 2226 verecundiam
3680 2186 3778 2240 pa-

2184 2266 2342 2320 tiaris
2376 2281 2477 2334 pro
2508 2265 2796 2336 prmsentia
2839 2262 3211 2318 multitudinis
3231 2262 3430 2318 cedere
3459 2273 3518 2317 et
3546 2264 3769 2332 acquie-

2115 2344 2158 2398 Β
2187 2371 2345 2412 scere
2375 2356 2464 2411 bis
2492 2371 2612 2427 quae
2649 2372 2774 2410 vera
2808 2354 2918 2409 dici
2950 2355 3313 2411 intellexeris.
3344 2352 3428 2407 Ad
3464 2352 3584 2408 haec
3607 2368 3774 2407 senex

2189 2446 2268 2500 ait
2302 2465 2314 2498 :
2349 2444 2462 2517 Ego
2504 2460 2615 2500 non
2659 2445 2735 2498 ita
2783 2445 2987 2500 stultus
3023 2443 3315 2508 consenui,
3358 2451 3420 2498 ut
3460 2444 3777 2513 intelligens

2184 2541 2332 2611 quod
2358 2556 2547 2596 verum
2575 2550 2686 2609 est,
2708 2542 2943 2596 abnuam
2968 2540 3025 2595 id
3056 2540 3125 2596 ad
3151 2539 3299 2610 vulgi
3330 2539 3595 2611 gratiam.

2257 2632 2348 2691 Ν.
2374 2632 2553 2704 Coepit
2582 2649 2713 2711 ergo
2734 2632 2933 2688 Petrus
2958 2633 3147 2689 dicere
3177 2648 3193 2685 ε
3223 2630 3498 2688 Videntur
3526 2630 3667 2686 mihi
3692 2631 3773 2696 bi,

2186 2729 2277 2798 qui
2319 2726 2622 2797 loquuntur
2658 2726 2885 2781 verbum
2930 2725 3185 2782 veritatis
3228 2731 3285 2781 et
3319 2725 3417 2796 qui
3456 2724 3779 2779 illuminant

2187 2820 2403 2875 animas
2444 2818 2755 2883 hominum,
2798 2816 3009 2873 similes
3042 2832 3166 2873 esse
3195 2816 3367 2872 radiis
3397 2817 3561 2878 solis.
3592 2816 3691 2886 qui
3718 2823 3779 2869 ut

2188 2911 2560 2983 processerint
2577 2917 2634 2965 et
2661 2909 3020 2979 apparuerint
3046 2909 3274 2987 mundo,
3309 2909 3483 2964 celari
3512 2909 3660 2963 ultra
3682 2916 3781 2962 aut

2187 3004 2456 3061 occultari
2483 3004 2801 3059 nullatenus
2834 3009 3088 3073 possunt,
3127 3001 3259 3057 dum
3290 3018 3410 3057 non
3435 3011 3551 3057 tam
3583 3002 3782 3057 viden-

2190 3105 2280 3152 tur
2299 3096 2369 3151 ab
2394 3095 2729 3161 hominibus,
2760 3108 2928 3163 qnam
2967 3092 3156 3148 videre
3186 3093 3447 3148 omnibus
3488 3100 3779 3163 praestant.

2192 3188 2348 3244 Unde
2397 3195 2452 3243 et
2507 3187 2647 3242 bene
2695 3201 2726 3239 a
2773 3185 3015 3256 quodam
3052 3185 3262 3240 dictum
3312 3193 3400 3239 est
3429 3185 3499 3239 ad
3528 3185 3782 3241 veritatis

2190 3296 2471 3353 praecones
2504 3295 2517 3331 :
2566 3278 2665 3333 Vos
2694 3278 2819 3332 estis
2852 3277 2944 3331 lus
2986 3277 3190 3339 mundi,
3223 3286 3272 3331 et
3316 3294 3420 3332 non
3448 3286 3623 3345 potest
3651 3279 3782 3330 ciri-

2190 3383 2273 3427 tas
2311 3369 2565 3426 abscondi
2596 3386 2761 3438 supra
2790 3378 3015 3422 montem
3055 3369 3252 3436 posita,
3284 3383 3450 3437 neque
3482 3366 3778 3420 accendant

2192 3465 2465 3519 lucernam
2504 3472 2554 3517 et
2584 3471 2789 3531 ponunt
2816 3477 2937 3515 eam
2965 3460 3062 3513 sub
3092 3459 3293 3525 modio,
3329 3458 3423 3514 sed
3454 3474 3620 3526 super
3647 3475 3777 3512 can-

2191 3558 2468 3612 delabrum
2500 3566 2557 3610 It
2590 3554 2834 3609 omnibus
2879 3556 3047 3608 luceat
3081 3554 3171 3624 qui
3204 3553 3257 3605 in
3287 3552 3444 3605 domo
3470 3551 3685 3605 sunt".
3714 3549 3778 3604 Ει

2194 3666 2360 3707 senex
2394 3649 2579 3704 :Benc
2616 3647 2772 3703 valde
2806 3647 2967 3711 dixit,
2992 3647 3247 3717 quisquis
3278 3646 3370 3700 ille
3393 3653 3505 3699 est.
3547 3642 3658 3698 Sed
3684 3658 3777 3697 ex-

2194 3750 2363 3813 ponat
2417 3742 2620 3811 aliquis
2649 3750 2916 3802 vestrum,
2945 3741 3092 3808 quod
3123 3738 3227 3793 sibi
3256 3735 3602 3806 sequendum
3630 3733 3776 3789 vide—

2192 3848 2304 3897 ttr,
2331 3844 2390 3888 ut
2412 3832 2481 3887 ad
2517 3840 2726 3887 certqu
2757 3838 3108 3901 prospectum
3133 3828 3456 3883 emittamus
3491 3840 3774 3883 sermones

2192 3937 2437 3983 nostros.
2476 3924 2595 3979 Non
2631 3926 2777 3978 enim
2808 3921 3005 3977 sullieit
3035 3921 3103 3975 ad
3134 3919 3527 3975 inveniendam
3562 3921 3767 3973 verita-

2194 4031 2302 4077 tem
2328 4019 2612 4073 destruere
2655 4030 2742 4078 ea,
2777 4030 2899 4084 qua:
2930 4030 2961 4069 e
2989 4012 3208 4068 diverso
3252 4011 3543 4075 dicuntur,
3579 4010 3677 4065 sed
3722 4016 3775 4065 et

2195 4114 2375 4184 ipsum
2415 4108 2663 4180 proferre
2716 4109 2772 4160 in
2811 4107 3070 4167 medium,
3103 4105 3247 4173 quod
3295 4105 3471 4174 possit
3510 4105 3608 4175 qui
3637 4120 3667 4157 e
3696 4104 3777 4157 di-

2197 4218 2361 4259 verso
2405 4209 2491 4256 est
2544 4201 2887 4270 impugnare.
2948 4196 3017 4252 Ut
3059 4212 3192 4267 ergo
3240 4198 3487 4267 partium
3518 4197 3594 4251 sit
3625 4211 3776 4266 aequa

2196 4290 2539 4362 congressio,
2586 4299 2794 4344 rectum
2839 4288 2971 4341 mihi
3038 4287 3255 4341 videtur
3306 4294 3364 4341 ut
3413 4288 3606 4357 prius,
3651 4286 3779 4355 quid

2198 4393 2431 4454 uterque
2480 4389 2733 4437 nostrum
2773 4379 3054 4442 defendat,
3087 4379 3368 4445 enuntiet;
3395 4387 3451 4434 et
3492 4380 3542 4433 si
3580 4380 3780 4449 placet,

2190 4477 2306 4549 ipse
2330 4478 2540 4546 primus
2565 4476 2841 4545 incipiam.
2875 4474 2987 4541 Ego
3012 4474 3157 4537 dico,
3198 4487 3304 4526 non
3334 4472 3644 4527 secundum
3686 4471 3777 4525 Dei

2190 4570 2584 4639 providentiam
2622 4569 2910 4638 gubernari
2949 4566 3233 4630 mundum,
3264 4571 3391 4633 quia
3419 4564 3595 4619 multa
3631 4566 3685 4616 in
3718 4579 3780 4617 eo

2191 4656 2391 4724 injuste
2442 4664 2497 4710 et
2546 4656 2851 4710 inordinate
2904 4654 3016 4722 geri
3056 4654 3331 4718 videmus,
3370 4654 3465 4709 sed
3536 4655 3778 4723 genesim

2188 4748 2311 4802 dico
2344 4763 2486 4813 esse,
2522 4762 2645 4818 qua:
2673 4747 2856 4802 omnia
2890 4746 2997 4815 agit
3027 4754 3083 4800 et
3114 4746 3383 4805 continet.

2274 4842 2339 4899 V.
2380 4843 2463 4897 Ad
2486 4842 2601 4897 haec
2623 4856 2747 4895 cum
2774 4839 2970 4896 Petrus
3005 4839 3340 4908 respondere
3366 4838 3553 4898 vellet,
3597 4837 3781 4893 Niceta

521 4935 572 4983 et
599 4936 795 4983 caetera
846 4943 966 4998 quae
1018 4928 1135 4981 haec
1193 4938 1520 4998 sequuntur,
1554 4929 1790 4984 invicem
1834 4932 1992 4986 nobis
2043 4943 2101 4988 ut
2202 4934 2541 5004 praeveniens
2567 4934 2686 4989 ait:
2727 4932 3009 5002 lndulgeat
3038 4932 3172 4985 mibi
3212 4930 3469 4984 dominus
3506 4946 3665 4984 meus
3687 4929 3781 4985 Pe-

523 5019 683 5073 amici
708 5020 900 5074 amicis
933 5021 1234 5089 poterimus
1268 5020 1504 5090 aperire.
1542 5020 1878 5076 Mirabamur
1909 5030 2092 5078 tamen
2129 5044 2171 5099 ι)
2202 5036 2319 5083 trus
2351 5027 2416 5081 ad
2449 5027 2563 5081 lucc
2594 5025 2942 5096 respondere,
2967 5033 3021 5079 ct
3046 5040 3160 5078 non
3202 5023 3450 5077 videatur
3467 5030 3780 5091 protervum

524 5124 716 5164 omnes
773 5109 1142 5179 eloquentiam
1205 5110 1342 5174 viri,
1397 5118 1450 5165 et
1502 5112 1824 5184 gravitatem
1881 5130 2096 5168 morum

525 5200 1088 5272 tranquillitatemque
1117 5201 1413 5257 sermonis.
1511 5182 1527 5184 τ
1615 5182 1622 5189 ’

598 5291 687 5347 ιιι.
729 5292 924 5347 Pe‘trus
971 5301 1154 5347 autem
1223 5292 1428 5348 sensim
1478 5297 1899 5353 sermocinando
1951 5298 2100 5355 ince-

2200 5118 2346 5191 quod
2370 5118 2590 5188 juvenis
2622 5134 2745 5172 eum
2790 5132 2920 5173 sene
2961 5114 3273 5171 conﬂictum
3306 5114 3567 5177 habeam,
3605 5114 3697 5168 sed
3731 5121 3780 5166 nt

2204 5212 2348 5265 lilius
2392 5226 2516 5264 cum
2563 5218 2717 5280 patre
2745 5210 3049 5279 colloquar.
3088 5207 3151 5260 Et
3188 5222 3357 5261 senex
3394 5224 3407 5259 :
3445 5204 3569 5259 Non
3610 5206 3779 5259 solum

2205 5310 2286 5362 tu,
2340 5301 2540 5370 inquit,
2583 5301 2681 5362 liii,
2735 5300 2877 5371 quod
2932 5300 3026 5353 tibi
3079 5298 3293 5353 videtur
3324 5306 3381 5351 ut
3431 5296 3777 5367 prosequaris

526 5382 687 5444 deus,
718 5389 1086 5454 opportunum
1133 5384 1201 5438 ad
1251 5384 1672 5456 colloquendum
1725 5389 1990 5459 prospicit
2019 5389 2102 5442 lo-
2204 5394 2350 5458 volo,
2384 5393 2482 5448 sed
2522 5403 2573 5447 et
2599 5394 2646 5448 si
2679 5394 2773 5463 qui
2815 5409 2878 5447 ex
2915 5391 3198 5446 sodalibus
3237 5390 3367 5452 tuis,
3405 5388 3455 5444 si
3490 5388 3590 5460 qui
3625 5388 3781 5443 etiam

527 5490 675 5528 cum.
711 5474 778 5529 Et
817 5491 941 5531 cum
982 5476 1312 5547 pervidisset
1349 5477 1507 5547 juxta
1548 5488 1764 5551 portum
1816 5497 2097 5538 recessum

528 5566 819 5634 quemdam
856 5577 1153 5635 secretum,
1194 5570 1434 5627 residere
1484 5588 1586 5630 nos
1630 5574 1777 5641 fecit,
1808 5582 1862 5631 ct
1887 5575 1961 5630 ita
1992 5574 2105 5646 pri-

607 5750 649 5776 "
685 5747 871 5805 Matth.
917 5768 965 5816 ν,
1001 5752 1202 5817 Ηριδ.

2208 5483 2277 5539 de
2310 5485 2615 5539 astantibus
2661 5482 2879 5538 videtur
2919 5482 3062 5536 scire
3116 5479 3345 5549 aliquid,
3399 5479 3775 5533 incunctanter

2214 5577 2474 5648 proferat,
2516 5578 2749 5633 libenter
2786 5575 3121 5645 accipimus;
3169 5572 3388 5627 collatio
3427 5571 3583 5627 enim
3622 5570 3775 5646 pluri-
