3848 6322
92 411 277 467 1373

1341 408 1889 468 RECOGNITIO‘NUM
1930 412 2057 463 ιω.
2101 408 2224 463 Vill.

3208 412 3343 468 ιδτι

40 561 43 571 .
90 538 366 577 tuorum
412 525 632 582 facilius
656 542 719 583 ea
756 543 873 598 qua:
901 528 1211 597 ignorantur
1236 524 1467 578 inveniet
1489 523 1553 577 “.
1574 522 1708 574 Tum
1738 526 1783 581 Α
1814 521 1962 587 prius
1999 522 2196 581 dicere,
2242 520 2355 575 sive
2380 519 2484 573 hoc
2526 521 2695 590 magis
2727 520 2902 589 placet
2928 530 2984 576 ut
3009 537 3112 593 ego
3139 524 3339 589 dicam,

87 612 256 682 ergo
301 611 523 669 Niceta
572 618 886 686 respondit:
918 616 1033 670 Non
1089 631 1173 669 me
1217 614 1483 675 aestimes,
1526 610 1707 676 Pater,

87 709 354 759 temere
403 705 631 774 fecisse,
680 708 823 777 quod
875 707 1079 761 inserui
1125 722 1208 760 ine
1250 703 1586 760 sermonibus
1614 702 1710 755 do-

84 793 262 846 mini
327 795 454 850 inei
506 795 670 856 Petri,
704 798 797 850 sed
843 797 1011 865 magis
1052 812 1149 865 pro
1202 797 1405 849 honore
1450 795 1568 861 ejus
1607 794 1709 846 hoc

90 883 253 934 mihi
299 881 510 938 facere
538 886 689 939 visus
719 901 859 940 sum.
894 884 1065 939 Homo
1095 885 1238 939 enim
1268 882 1361 937 Dei
1387 892 1489 943 est,
1520 883 1708 952 plenus

88 972 304 1026 totius
346 974 631 1037 scientia,
667 990 825 1042 quem
847 989 915 1027 ne
936 973 1117 1026 Graeca
1138 972 1350 1041 quidem
1378 973 1503 1025 latet
1530 972 1707 1025 erudi-

90 1064 209 1125 tio,
250 1064 417 1132 quia
457 1063 666 1132 Spiritu
696 1063 788 1117 Dei
816 1064 1049 1132 repletus
1078 1071 1159 1117 est
1194 1077 1351 1133 quem
1382 1062 1516 1115 nihil
1558 1063 1705 1115 latet.

89 1153 223 1208 Sed
270 1156 434 1223 quia
464 1156 568 1224 ipsi
608 1155 673 1210 de
701 1156 1009 1210 cmlestibus
1038 1154 1183 1223 loqui
1208 1155 1481 1218 convenit,
1514 1168 1613 1222 ego
1642 1153 1709 1207 de

91 1247 196 1300 bis
230 1262 387 1315 quae
430 1246 499 1299 ad
532 1244 839 1299 Graecorum
884 1244 1262 1313 loquacitatem
1298 1243 1585 1313 pertinent,
1620 1257 1707 1296 re-

89 1335 464 1405 spondebo.
523 1332 717 1387 POStca
769 1347 896 1387 vero
937 1346 1098 1400 quam
1140 1346 1169 1383 a
1201 1331 1357 1383 nobis
1400 1328 1705 1383 Graacorum

90 1437 280 1476 more
338 1420 527 1474 fuerit
570 1420 922 1488 disputatum,
958 1427 1116 1487 atque
1153 1417 1219 1470 ad
1258 1417 1311 1471 id
1351 1424 1588 1480 ventum,
1618 1418 1707 1472 ubi

89 1510 317 1564 exitus
366 1509 569 1563 nullus
614 1514 887 1576 appareat,
936 1514 1064 1560 tunc
1113 1505 1227 1575 ipse
1280 1506 1434 1575 quasi
1483 1506 1706 1560 scientia

90 1599 207 1652 Dei
248 1599 555 1667 repletus,
603 1605 787 1666 aperte
832 1604 885 1652 et
930 1596 1164 1651 dilucide
1194 1610 1372 1649 rerum
1402 1597 1557 1650 nobis
1591 1611 1707 1649 om-

91 1693 277 1743 nium
326 1687 640 1757 patefaciet
680 1688 981 1751 veritatem,
1014 1695 1071 1740 ut
1099 1701 1206 1739 non
1235 1687 1412 1739 solum
1456 1700 1576 1748 nos,
1609 1686 1704 1740 sed

93 1790 155 1837 et
191 1792 435 1834 omnes
471 1778 565 1848 qui
599 1786 795 1847 praesto
845 1786 971 1831 sunt
1011 1775 1307 1839 auditores,
1337 1777 1475 1828 viam
1508 1777 1703 1829 verita—

92 1870 175 1923 tis
215 1873 589 1938 agnoscant.
621 1866 685 1918 Et
722 1865 840 1919 ideo
878 1880 1021 1919 nunc
1052 1865 1164 1934 ipse
1201 1865 1355 1934 quasi
1383 1865 1584 1918 arbiter
1612 1880 1699 1919 se-
1734 1848 1772 1901 Β

94 1959 270 2019 deat,
318 1965 394 2009 ut
440 1970 568 2009 cum
616 1969 758 2008 unus
787 1954 980 2022 aliquis
1009 1969 1075 2008 ex
1108 1954 1263 2006 nobis
1294 1955 1539 2019 cesserit,
1572 1961 1701 2007 tunc

93 2048 231 2117 ipse
260 2046 607 2114 suscipiens
638 2042 989 2096 indubitatam
1020 2044 1339 2096 sententiam
1372 2041 1526 2097 ierat.

174 2136 284 2192 Vl.
342 2134 487 2188 Haec
523 2148 647 2186 cum
694 2133 919 2186 dixisset
954 2130 1159 2192 Niceta,
1206 2130 1261 2183 bi
1308 2131 1399 2200 qui
1444 2144 1703 2185 convene-

94 2234 241 2282 rant
301 2226 476 2279 inter
517 2222 833 2291 semetipsos
869 2220 1312 2290 colloquebantur
1350 2237 1365 2274 :
1408 2219 1577 2273 Hicue
1620 2227 1703 2274 est

93 2316 198 2369 ille
251 2328 451 2383 quem
495 2308 843 2364 audiebamus
890 2306 1101 2371 Petrus,
1135 2307 1276 2362 illius
1307 2306 1399 2377 qui
1435 2307 1488 2360 in
1519 2305 1699 2360 Iudaea

95 2404 399 2473 apparuit
435 2408 493 2456 ct
529 2400 683 2468 signa
723 2412 786 2451 ac
824 2396 1047 2450 virtutes
1074 2396 1333 2465 plurimas
1360 2395 1507 2459 fecit,
1537 2395 1701 2451 disci-

95 2494 287 2564 pulus
325 2486 799 2562 probatissimus?
824 2484 889 2537 Et
926 2485 1263 2539 intendentes
1303 2485 1357 2538 in
1399 2500 1543 2548 eum,
1575 2499 1699 2538 cum

96 2586 330 2637 timore
397 2595 469 2633 ac
517 2577 858 2633 veneratione
907 2577 1109 2644 ingenti
1164 2576 1411 2639 stabant,
1441 2583 1698 2644 tanquam

96 2676 243 2729 boni
281 2671 454 2728 servi
489 2669 749 2722 honorem
797 2669 1015 2722 domino
1044 2665 1366 2721 deferentes.
1406 2666 1560 2733 Quod
1606 2668 1699 2721 ubi

100 2761 333 2815 Petrus
373 2757 583 2820 sensit,
620 2757 694 2808 ait
725 2755 791 2809 ad
820 2771 914 2811 eos
939 2771 952 2806 :
980 2755 1249 2809 Attentius
1276 2754 1576 2819 audiamus,
1610 2770 1700 2810 re-

100 2860 269 2906 ctum
295 2854 572 2903 tenentes
596 2846 856 2913 judicium
872 2845 938 2899 de
961 2846 1041 2898 his
1061 2860 1179 2914 quae
1199 2846 1445 2899 dicentur
1463 2846 1529 2899 ab
1552 2854 1700 2899 utro-

103 2957 243 3011 que,
279 2949 347 2995 et
374 2942 513 3007 post
548 2937 785 3004 ipsorum
815 2932 1141 2999 conﬂictum,
1162 2936 1304 3004 quod
1333 2935 1698 2990 necessarium

102 3034 307 3088 visum
338 3029 542 3090 luerit,
572 3026 832 3081 addemus
863 3034 915 3080 et
943 3040 1061 3079 nos.
1095 3025 1158 3078 Et
1187 3040 1307 3080 cum
1345 3025 1457 3080 haec
1477 3025 1698 3081 dixisset

106 3121 356 3183 Petrus,
403 3117 609 3189 gavisae
648 3123 775 3169 sunt
808 3115 993 3169 turbae.
1030 3114 1211 3170 Niceta
1244 3129 1370 3169 vero
1400 3114 1575 3171 dicere
1596 3115 1699 3170 hoc

107 3213 291 3266 modo
349 3221 663 3279 aggressus
717 3216 799 3261 est
832 3224 845 3260 :
874 3205 1135 3271 Deﬁnisti,
1186 3204 1365 3269 Pater,
1406 3206 1548 3275 quod
1589 3220 1697 3259 non

111 3319 212 3372 per
246 3301 362 3355 Dei
408 3296 802 3367 providentiam
834 3295 1065 3349 mundus
1112 3305 1349 3364 regatur,
1383 3295 1476 3350 sed
1520 3296 1697 3349 omnia

108 3388 319 3457 genesi
390 3383 739 3450 subjaceant,
812 3382 894 3435 vel
943 3395 1062 3450 qua:
1116 3382 1182 3436 ad
1235 3396 1410 3437 mores
1443 3383 1700 3438 uniuscu-

108 3479 333 3548 jusque
365 3475 463 3529 νει
505 3488 624 3541 quae
652 3474 716 3526 ad
758 3483 906 3541 gesta
937 3472 1221 3541 pertinent.
1254 3471 1333 3526 Ad
1366 3489 1485 3543 qua:
1513 3476 1696 3529 statim

112 3568 360 3637 quidem
404 3564 561 3631 potui
592 3561 934 3628 respondere,
964 3561 1057 3615 sed
1089 3563 1214 3630 quia
1242 3562 1449 3631 justum
1469 3571 1551 3618 est
1580 3579 1696 3618 ser-

111 3672 254 3711 vare
313 3652 613 3714 ordinem,
659 3650 942 3705 deﬁnimus
988 3659 1040 3705 et
1086 3667 1185 3706 nos
1229 3652 1356 3722 quid
1396 3661 1694 3717 teneamus,

115 3750 271 3801 sicut
325 3748 467 3813 ipse
503 3738 616 3793 ﬁcri
649 3740 870 3807 rogasti.
908 3740 1016 3809 Ego
1062 3740 1182 3794 dico
1225 3741 1559 3810 providentia
1601 3743 1695 3797 Dei

117 3831 454 3906 gubernari
487 3828 766 3889 mundum,
802 3828 854 3880 in
892 3828 976 3882 his
1005 3828 1262 3882 duntaxat
1286 3845 1404 3898 quae
1431 3831 1697 3899 guberna-

117 3931 275 3982 ιίοιιε
324 3924 472 3992 ejus
505 3917 763 3985 indigent.
811 3916 963 3971 Unus
994 3925 1075 3972 est
1110 3919 1254 3972 enim
1287 3920 1466 3973 omnia
1506 3929 1698 3977 tenens

114 4020 213 4085 qui
276 4025 342 4072 ei.
401 4007 669 4065 mundum
704 4005 848 4071 fecit,
878 4009 1056 4075 justus
1088 4006 1250 4072 Deus,
1294 4010 1584 4081 unicuique
1611 4028 1696 4067 se-

116 4107 393 4160 cundum
423 4102 578 4167 gesta
608 4109 703 4150 sua
731 4095 1052 4165 quandoque
1076 4096 1405 4151 redditurus.
1431 4096 1568 4153 Ecce
1594 4099 1693 4152 ha-

116 4193 221 4249 bes
256 4200 321 4247 et
348 4192 609 4244 nostram
641 4182 1033 4250 deﬁnitionem;
1065 4200 1210 4239 nunc
1254 4184 1396 4255 quod
1417 4187 1497 4241 vis
1519 4203 1700 4258 prose-

118 4297 328 4351 quere,
358 4275 459 4332 vel
496 4287 613 4327 mea
634 4272 939 4334 destruens,
972 4272 1056 4328 vel
1085 4281 1176 4327 tua
1208 4290 1479 4339 asserens,
1514 4284 1571 4330 ut
1597 4291 1698 4347 ego

118 4375 211 4427 his
244 4384 393 4442 qum
431 4380 463 4417 a
504 4371 555 4418 te
600 4369 1010 4431 prosequentur,
1051 4377 1355 4421 occurram.
1392 4366 1497 4421 Aut
1532 4367 1579 4421 si
1610 4382 1695 4424 me

121 4466 210 4518 vis
254 4462 517 4532 priorem
540 4453 737 4512 dicere,
765 4467 873 4505 non
904 4454 1172 4509 morabor.

198 4552 327 4607 γη,
378 4547 453 4601 Et
500 4560 662 4598 senex
710 4543 1020 4612 respondit:
1053 4544 1177 4600 Sive
1216 4546 1315 4600 tibi
1363 4548 1555 4618 placet,
1593 4550 1688 4616 ﬁli,

1726 3149 1768 3206 ϐ

1722 4445 1768 4501 D

1808 609 1939 661 nihil
1980 609 2220 671 interest,
2253 609 2394 679 apud
2438 624 2531 663 eos
2561 612 2850 679 praecipue,
2879 612 2969 680 qui
3007 612 3148 667 bona
3184 615 3339 669 venia

1805 696 2100 764 disputant.
2148 697 2243 752 Dic
2291 706 2470 751 tamen
2511 708 2567 751 tu
2610 700 2779 768 prior,
2828 700 3058 755 libenter
3108 704 3336 774 accipio,

1806 793 1965 854 atque
1995 788 2195 840 utinam
2226 788 2402 855 possis
2430 789 2588 841 etiam
2617 805 2735 858 qua
2766 804 2795 841 a
2829 805 2913 844 me
2958 793 3181 845 dicenda
3214 805 3341 849 sunt

1806 879 2077 946 prosequi,
2110 887 2271 948 atque
2298 879 2382 933 his
2409 894 2529 948 qua:
2550 880 2823 933 contraria
2848 891 2972 934 sunt
3002 882 3257 949 objicere,
3283 891 3338 937 et

1806 982 1871 1021 ex
1911 975 2259 1037 utrorumque
2290 970 2580 1023 collatione
2606 970 2890 1024 ostendere
2916 973 3213 1026 veritatem.
3243 972 3339 1025 Ni-

1805 1067 1920 1114 ceta
1957 1060 2229 1128 respondit
2257 1079 2268 1112 :
2299 1059 2354 1113 Si
2399 1062 2503 1121 vis,
2548 1060 2741 1129 inquit,
2771 1076 2989 1128 possum
3031 1063 3190 1116 etiam
3217 1071 3336 1116 tuas

1805 1155 1983 1217 partes
2022 1148 2219 1210 dicere,
2256 1156 2309 1203 et
2354 1150 2420 1202 ad
2473 1150 2584 1202 haec
2634 1150 2974 1219 respondere.
3019 1151 3083 1204 Et
3126 1167 3287 1205 senex
3316 1169 3333 1204 :

1804 1236 2035 1292 Ostende
2075 1240 2202 1291 mihi
2244 1240 2413 1308 prius.
2455 1240 2724 1308 quomodo
2766 1250 2918 1310 potes
2959 1243 3101 1297 scire
3128 1259 3188 1296 ea
3214 1260 3335 1312 qua:

1804 1329 2041 1383 nondum
2070 1329 2281 1382 locutus
2308 1344 2446 1391 sum,
2480 1338 2531 1382 et
2562 1330 2633 1381 ita
2662 1330 2757 1382 tibi
2786 1330 3023 1393 credam,
3045 1331 3187 1400 quod
3212 1349 3336 1400 par-

1804 1425 1885 1472 tes
1909 1433 2053 1472 meas
2083 1419 2332 1487 prosequi
2364 1420 2559 1487 possis.
2587 1417 2653 1472 Et
2678 1419 2863 1474 Niceta
2891 1439 2904 1474 ε
2931 1416 3107 1484 Secta,
3138 1422 3332 1491 inquit,

1803 1516 1893 1562 tua
1923 1515 1976 1562 et
2003 1509 2265 1562 sententia
2295 1523 2453 1576 quam
2485 1507 2737 1572 deﬁnisti,
2802 1509 3086 1564 manifesta
3134 1520 3215 1566 est
3250 1512 3343 1569 his

1803 1597 1895 1668 qui
1924 1597 2119 1651 eruditi
2151 1604 2279 1651 sunt
2315 1596 2369 1649 in
2398 1596 2703 1664 huiusmodi
2732 1598 3050 1667 disciplinis,
3080 1610 3335 1671 certaque

1803 1695 1885 1743 est
1905 1687 2022 1755 ejus
2046 1686 2448 1756 consequentia.
2476 1686 2539 1740 Et
2560 1687 2684 1756 quia
2712 1703 2810 1757 ego
2838 1701 2945 1743 non
2967 1706 3083 1744 sum
3113 1691 3335 1760 ignarus

1804 1794 1922 1848 quae
1964 1778 2071 1832 sint
2118 1777 2455 1832 deﬁnitiones
2493 1777 2951 1847 philosophorum,
2984 1795 3049 1835 ex
3091 1781 3175 1834 his
3209 1796 3332 1850 qua:

1801 1865 2148 1938 proposuisti,
2206 1866 2335 1935 quid
2391 1876 2752 1937 consequatur
2785 1882 3059 1945 .agnosco,
3103 1870 3334 1924 maxime

1801 1958 1926 2028 quia
1960 1973 2069 2027 pra:
2109 1957 2314 2012 caeteris
2357 1956 2689 2025 philosophis
2736 1956 2951 2026 Epicuri
2984 1958 3197 2013 scholas
3224 1959 3336 2013 fre-

1800 2048 2073 2118 quentavi.
2124 2046 2313 2101 Frater
2350 2055 2526 2100 autem
2570 2061 2721 2100 meus
2752 2046 2965 2115 Aquila,
2998 2047 3170 2115 magis
3197 2046 3334 2120 Pyr-

1799 2135 2019 2190 rhonios
2054 2142 2269 2189 secutus
2298 2140 2400 2193 est,
2428 2133 2564 2185 alius
2601 2140 2777 2186 autem
2810 2132 2976 2186 frater
3004 2142 3187 2188 noster
3210 2132 3336 2187 Pla-

1799 2225 2009 2279 tonicos
2037 2230 2090 2277 et
2124 2221 2493 2276 Aristotelicos
2523 2220 2666 2289 (48);
2710 2220 2892 2290 itaque
2932 2235 3055 2275 cum
3104 2221 3334 2277 eruditis

1800 2314 1895 2369 tibi
1911 2312 2242 2366 auditoribus
2256 2325 2431 2365 sermo
2443 2317 2543 2365 est.
2561 2308 2698 2361 Tum
2720 2324 2883 2363 senex
2911 2329 2925 2365 :
2956 2310 3117 2373 Bene,
3135 2312 3329 2380 inquit,

1798 2411 1851 2457 et
1864 2407 2254 2471 consequenter
2265 2399 2516 2458 docuisti.
2532 2398 2799 2468 quomodo
2815 2414 2878 2453 ex
2903 2400 2984 2453 bis
3005 2415 3122 2468 qua:
3135 2415 3333 2469 propo-
3434 2444 3437 2447 .

1800 2492 1917 2547 sitae
1945 2499 2069 2545 sunt
2097 2489 2515 2548 deﬁnitionibus,
2532 2488 2691 2540 etiam
2711 2502 2771 2541 ea
2788 2503 2908 2557 quae
2928 2500 3335 2558 consequuntur

1798 2580 2122 2635 adverteres.
2146 2576 2249 2632 Sed
2273 2592 2371 2647 ego
2399 2576 2627 2646 amplius
2656 2577 2856 2646 aliquid
2880 2578 3155 2646 professus
3188 2595 3331 2645 sum,

1798 2684 1958 2739 quam
2017 2669 2180 2723 sentit
2230 2667 2522 2737 Epicurus,
2577 2665 2701 2734 quia
2754 2666 3026 2720 introduxi
3073 2669 3331 2737 genesim,

1797 2773 2018 2827 eamque
2035 2772 2249 2811 causam
2279 2758 2511 2811 omnium
2535 2768 2802 2828 gestorum
2826 2758 3131 2815 hominibus
3154 2763 3330 2830 posui.

1865 2844 1999 2900 VIII.
2040 2844 2280 2915 Cumque
2316 2846 2430 2900 haec
2470 2862 2631 2901 senex
2671 2847 2915 2915 dixisset,
2958 2864 3056 2919 ego
3085 2850 3332 2905 Clemens

1798 2933 1885 2988 aio
1910 2933 1975 2987 ad
2007 2950 2126 2988 eum
2160 2949 2173 2985 :
2210 2935 2367 2998 Audi,
2397 2934 2573 2999 Pater,
2590 2933 2634 2987 si
2657 2945 2757 2990 ate
2780 2936 2943 2992 frater
2965 2953 3114 2994 meus
3144 2937 3330 2994 Niceta

1798 3024 2113 3087 obtinuerit,
2139 3026 2264 3094 quia
2303 3040 2410 3078 non
2451 3026 2567 3081 sine
2599 3025 2691 3081 Dei
2722 3028 3057 3097 providentia
3097 3030 3330 3087 mundus

1801 3113 1999 3183 agitur,
2042 3114 2097 3167 in
2134 3114 2234 3168 ista
2264 3122 2415 3185 parte
2448 3130 2568 3184 qua:
2611 3124 2858 3184 superest
2885 3117 2954 3171 de
2985 3119 3192 3186 genesi,
3226 3135 3329 3189 ego

1802 3203 1897 3257 tibi
1925 3210 2110 3272 potero
2140 3202 2494 3272 respondere;
2522 3212 2604 3257 est
2630 3205 2770 3259 enim
2800 3206 2930 3259 mihi
2955 3208 3143 3261 notitia
3166 3209 3330 3278 hujus

1800 3293 2055 3348 scientiae.
2086 3292 2289 3347 Etcum
2313 3295 2425 3348 hzec
2442 3294 2722 3359 dixissem,
2749 3294 2913 3351 frater
2936 3313 3086 3355 meus
3107 3299 3331 3370 Aquila:

1798 3382 1937 3447 Quid
1969 3398 2188 3437 necesse
2232 3391 2335 3445 est,
2359 3384 2551 3452 inquit,
2580 3396 2638 3437 ut
2668 3400 2789 3439 eum
2819 3394 3022 3454 patrem
3053 3403 3328 3451 vocemus,

1797 3488 1918 3527 cum
1952 3474 2005 3527 in
2034 3471 2301 3526 mandatis
2328 3472 2620 3526 habeamus
2649 3475 2913 3529 neminem
2945 3490 3106 3543 super
3131 3486 3329 3532 terram

1798 3572 2003 3632 patrem
2031 3561 2263 3614 vocare?
2291 3559 2353 3611 Et
2381 3570 2502 3628 post
2540 3562 2651 3615 hate
2672 3563 2967 3631 respiciens
2997 3565 3063 3618 ad
3093 3581 3277 3620 senem
3304 3582 3323 3618 :

1797 3650 1915 3705 Non
1961 3651 2240 3720 injuriose,
2284 3650 2479 3718 inquit,
2533 3651 2791 3720 accipias,
2822 3651 3002 3718 Pater,
3047 3656 3189 3725 quod
3222 3656 3331 3710 fra-

1800 3747 1935 3796 trem
1979 3755 2155 3795 meum
2206 3739 2438 3810 culpavi,
2470 3740 2595 3810 quia
2640 3749 2694 3796 te
2720 3750 2925 3811 patrem
2956 3757 3203 3813 vocaret;
3234 3748 3328 3801 ha-

1798 3831 1986 3884 bemus
2014 3829 2156 3883 enim
2201 3829 2307 3884 tale
2362 3829 2695 3894 mandatum,
2724 3845 2793 3885 ne
2844 3832 3075 3900 aliquem
3105 3834 3327 3888 nomine

1796 3919 1903 3974 isto
1957 3919 2251 3973 vocitemus
2270 3920 2336 3973 ⁸⁸.
2375 3918 2616 3987 Cumque
2671 3920 2784 3973 haec
2835 3922 3322 3993 dixisset.Aquila,

1783 4010 1916 4084 ,risit
1967 4009 2204 4063 omnium
2254 4010 2541 4064 astantium
2593 4017 2764 4064 cattus
2801 4026 2905 4064 una
2948 4027 3069 4065 cum
3120 4028 3249 4068 sene
3275 4021 3330 4069 et

1782 4091 1973 4153 Petro.
2004 4098 2195 4168 Aquila
2225 4105 2400 4152 autem
2429 4096 2733 4167 requirente
2751 4114 2989 4164 causam,
3017 4118 3114 4155 cur
3141 4118 3330 4159 omnes

1795 4187 2036 4250 riserint,
2072 4188 2155 4241 aio
2178 4185 2244 4239 ad
2281 4201 2404 4240 eum
2435 4205 2448 4240 :
2477 4186 2629 4252 Quod
2658 4195 2714 4240 tu
2746 4188 2800 4242 in
2824 4204 2932 4258 quo
2954 4190 3090 4246 alios
3118 4193 3329 4261 culpas,

1795 4278 1847 4332 id
1876 4279 1988 4347 ipse
2014 4277 2165 4338 facis,
2190 4276 2281 4345 qui
2301 4292 2481 4331 senem
2503 4277 2852 4345 appellaveris
2881 4286 3108 4348 patrem.
3140 4282 3208 4335 At
3242 4282 3333 4335 ille

1794 4370 2046 4437 negabat,
2074 4368 2260 4421 dicens
2278 4365 2435 4421 :Vere
2462 4367 2650 4422 nescio
2674 4369 2719 4422 si
2748 4384 2868 4422 eum
2895 4377 3102 4437 patrem
3122 4372 3331 4424 vocavi.

1796 4458 1998 4513 Interea
2021 4456 2209 4511 Petrus
2236 4457 2547 4511 movebatur
2566 4459 2964 4528 suspicionibus
2984 4460 3333 4527 quibusdam,

1797 4550 1937 4603 sicut
1991 4548 2105 4617 ipse
2152 4548 2307 4601 nobis
2356 4549 2627 4602 enarravit
2666 4548 3035 4618 postmodum,
3060 4556 3119 4601 et
3163 4546 3343 4616 respi-

202 4735 255 4766 εδ
290 4732 442 4797 Quae
467 4731 767 4797 sequuntur
788 4724 1053 4797 usquead
1076 4724 1231 4797 ﬁnem
1258 4725 1588 4797 hujuslibri,
1618 4729 1849 4784 breviter
1878 4725 2246 4780 tantummodo
2278 4735 2330 4779 et
2361 4724 2414 4777 in
2442 4722 2817 4792 compendium
2850 4718 3074 4775 redacta
3106 4722 3168 4776 in
3196 4723 3357 4777 codd.

127 4818 272 4858 mss.
304 4792 520 4868 Lipss.
546 4792 905 4847 continentur.
930 4792 1049 4847 Vid.
1080 4792 1284 4862 praefat.
1330 4792 1601 4852 "Matth.
1633 4811 1783 4862 xxnt,

1812 4797 1865 4850 9.

1436 4930 1794 4984 COTELEREI
1830 4929 2055 4985 NOTAE.

209 5098 329 5177 (48)
376 5090 532 5177 Alitis.
561 5081 1468 5177 anteinlfrateiznostelrhPiatpnicos
1492 5094 1540 5166 et
1572 5084 1692 5177 ,θήρ

135 5151 440 5219 διοίειίεοε.
476 5156 655 5220 Elogia
683 5153 970 5206 Clementis
997 5154 1047 5205 in
1077 5151 1267 5203 litteris
1298 5152 1549 5207 humanis
1580 5154 1691 5206 haec

136 5243 272 5286 sunt
307 5253 321 5287 :
361 5228 600 5283 Clemens
628 5238 691 5276 ea:
717 5221 1013 5288 philosopho
1051 5233 1249 5286 magna?
1270 5220 1544 5288 doctrina:
1582 5223 1691 5283 vir;

134 5286 561 5354 Commentario
595 5286 759 5359 Epist.
780 5290 845 5340 ad
882 5286 1484 5359 Philippensemjnc.av,
1509 5288 1667 5343 LVIII

137 5365 467 5438 Hieronymi
495 5380 508 5414 :
528 5355 759 5438 Clemens
780 5359 918 5409 omni
936 5356 1148 5437 scientia
1169 5355 1412 5438 refertus,
1443 5360 1695 5438 omniain:-

140 5422 236 5507 φιό
267 5422 574 5490 Ιὶιιέναιὶιιηι
623 5430 811 5481 artium
840 5426 1207 5507 peritissimus;
1244 5422 1571 5507 Eucherius,
1599 5425 1698 5478 Pa-

143 5493 340 5561 renesi
382 5503 459 5555 De
488 5507 772 5569 contemptu
796 5494 966 5569 mundi
1000 5507 1017 5544 :
1050 5493 1326 5569 Acceperat
1358 5493 1428 5548 B.
1452 5494 1686 5569 Clemens

145 5577 427 5629 scientiam
454 5562 899 5635 quamplnrimcm,
920 5566 990 5635 ita
1015 5569 1087 5635 ‘ul
1125 5562 1347 5622 optimus
1378 5563 1592 5635 quidem
1621 5562 1690 5615 ει-

144 5628 247 5696 lius
296 5628 550 5706 temporis
592 5628 907 5706 philema/ius
938 5628 1225 5706 haberetur,
1267 5630 1418 5706 apud
1452 5630 1688 5706 Βςτγηπ..

145 5693 273 5766 dum
300 5693 560 5766 PS‘cr'mone
592 5693 657 5756 Ide
688 5703 741 5758 S.
784 5693 1029 5755 Clemente
1054 5710 1071 5747 :
1108 5693 1325 5766 Κλήμης
1360 5701 1390 5749 ὁ
1427 5700 1594 5763 πολὺς
1635 5704 1689 5753 ὲν

1790 5088 1948 5156 σοφίᾳ
1973 5086 2065 5139 καὶ
2087 5081 2915 5156 γεξώςειηᾹειίιειφιειε,λυρόερὶ
2948 5090 3076 5142 cap.
3106 5073 3174 5156 εἴ.
3209 5072 3409 5156 Page;

1791 5140 2021 5210 meniem
2058 5140 2439 5222 philosophum
2464 5140 2720 5222 Dionysio
2752 5140 3061 5222 laydtauni
3100 5140 3417 5222 Derdi‘uinis

1790 5207 2101 5292 nontinibui,
2135 5236 2253 5289 cap.
2273 5207 2348 5287 '5;
2394 5207 2741 5292 Maximusget
2774 5217 3229 5292 ‘?a£||_y.llleﬁ:(3‘8
3249 5207 3427 5292 "hunc

1790 5274 2737 5360 Romanum,interpretanturNerba
2772 5286 2844 5360 SI
2882 5274 2997 5360 Filii
3018 5274 3430 5360 futltfljb.‘llv

1790 5336 2085 5431 amitis"?
2102 5336 2288 5431 [uti
2296 5336 2779 5431 Eoi'i‘liqég'iiég
2796 5336 2852 5404 ίδ
2884 5336 3443 5431 ξΔλεξςν-ξςέἷὶιςὲόέ

1790 5403 1963 5516 ῗὲόῖδ
2260 5403 3107 5516 ἓῶνῖὖιᾶῖὶλὲδρξεῖξζν.διῗι
3119 5403 3450 5516 seen:

2630 5470 2741 5549 si:
2756 5470 2870 5567 :v'e
2877 5470 3012 5567 rto':
3030 5470 3453 5567 ltiti:

2630 5542 2965 5635 :hrigafpr

1794 5617 1988 5690 Christi
2010 5617 2149 5695 :non
2181 5632 2433 5697 Clemens,
2458 5617 2736 5685 Romanus
2766 5617 3199 5693 philosophus.
