1952 3189
266 160 337 190 45·ιὸ

694 157 723 185 S.
741 154 965 185 CLEMENTISI
985 154 1070 183 ROM.
1086 152 1307 182 PONTDPEM
1326 152 1443 183 DUBIA.

1832 154 1892 181 ιδῑε

265 219 343 248 ciens
357 218 391 246 ad
404 217 545 245 Nico-tam:
560 215 782 252 Expedi,inquit,
792 214 864 250 quod
875 212 1052 249 proposuisti.
1069 216 1094 245 Α
1108 216 1233 245 vocatur,
1250 211 1354 240 frustra
1364 211 1473 247 justitia
1492 211 1656 246 custoditur,
1677 212 1783 248 quippe
1801 211 1826 239 si
1847 220 1895 239 non

296 263 344 292 IX.
365 263 435 292 Tum
461 262 556 290 Niceta
579 262 632 290 hoc
657 261 740 290 modo
761 267 879 289 exorsus
894 258 1056 287 est:0mne

264 310 338 346 quod
358 313 412 341 est.
428 313 475 336 aut
499 309 615 344 simplex
638 312 681 336 est
706 310 754 335 aut
766 306 959 342 compositum.
975 305 1056 338 Quod

265 357 383 392 simplex
397 359 441 383 est
455 355 523 392 (49).
546 358 623 383 caret
647 361 774 385 numero,
790 351 937 384 divisione,
952 351 1054 384 colore,

265 402 433 434 dill‘erentis,
460 401 620 436 asperitate.
646 400 770 431 lenitate,
787 398 917 434 pondere,
928 397 1055 430 levitate,

265 449 409 484 qualitate.
430 448 594 483 quantitate.
615 450 643 475 et
661 447 697 474 ob
719 446 770 473 hoc
789 445 872 472 etiam
891 443 956 471 line.
976 442 1056 477 Quod

265 502 330 523 vero
344 493 527 529 compositum
549 496 602 525 est,
622 496 670 519 aut
687 500 721 519 ex
736 491 846 519 duobus
861 494 909 517 aut
921 498 955 517 ex
966 489 1055 517 tribus

265 544 312 567 aut
324 540 406 567 etiam
424 546 458 567 ex
472 542 591 574 quatuor
603 537 786 573 compositum
801 541 854 569 est,
871 539 920 563 aut
933 539 1008 563 certe
1022 542 1054 562 ex

265 586 402 622 pluribus,
414 590 441 613 et
455 592 517 620 quae
530 584 683 619 composita
705 587 781 615 sunt,
798 582 955 610 necessario
973 581 1054 609 etiam

264 631 351 660 dividi
367 634 493 667 possunt.
515 630 549 657 Et
562 638 645 658 senex
660 629 777 656 audiens
791 628 849 655 haec
860 637 867 655 :
878 627 997 663 Optime,
1011 626 1055 654 iu-

264 678 336 714 quit,
351 682 379 705 et
398 677 559 705 doctissime
579 676 659 707 dicis,
676 675 725 703 lili.
739 674 773 702 Et
787 674 883 702 Niceta
899 682 907 701 :
920 673 1008 709 Igitur
1022 672 1055 699 ilo

264 723 311 750 lud
326 721 400 757 quod
415 721 530 757 simplex
546 726 589 749 est
601 726 629 749 et
645 720 688 749 bis
705 720 835 748 omnibus
849 722 937 751 caret,
953 718 1055 754 quibus

264 769 334 797 solvi
348 768 422 804 quod
443 767 581 799 subsistit,
601 769 704 802 potest,
717 766 779 793 sine
793 765 877 793 dubio
899 765 1064 800 incompre—,

264 814 401 842 heusibile
414 816 443 841 et
463 813 629 841 immensum
646 814 700 844 est,
716 819 805 847 neque
827 811 936 838 initium
966 810 1051 838 ullum

264 869 354 897 neque
367 860 451 888 ﬁnem
471 858 574 891 sciens,
589 861 619 885 et
634 857 695 885 ideo
710 865 796 884 unum
811 860 838 884 et
852 857 942 885 solum
954 860 1008 888 est,
1026 860 1053 883 et

263 907 325 935 sine
347 909 463 934 auctore
482 905 651 933 subsistens.
666 902 746 936 Quod
763 906 855 930 autem
869 903 1053 938 compositum

263 958 318 986 est,
334 957 361 982 et
374 959 491 981 numero
500 959 533 979 ac
548 950 703 979 diversitati
717 950 902 985 divisionique
917 949 1052 984 subiacet,

263 998 425 1027 necessario
436 1001 549 1025 auctore
563 996 657 1031 aliquo
670 996 853 1031 compositum
868 1001 920 1028 est,
930 1000 1013 1031 atque
1024 995 1054 1023 in

263 1050 348 1071 unam
374 1042 493 1078 speciem
518 1041 664 1070 diversitas
687 1047 862 1077 congregata.
886 1041 964 1076 Quod
990 1050 1055 1079 ergo

264 1089 428 1117 immensum
441 1092 493 1119 est.
509 1087 632 1114 bonitate
652 1091 729 1121 pater
740 1091 793 1119 est,
805 1087 905 1115 virtute
919 1088 1055 1116 conditor.

264 1133 357 1168 Neque
380 1140 445 1168 ergo
471 1132 605 1160 condendi
627 1132 714 1160 virtus
736 1133 764 1160 in
786 1133 921 1160 immenso
947 1141 1056 1162 cessare

263 1181 364 1215 potuit,
381 1187 470 1211 neque
485 1179 594 1207 bonitas
605 1180 699 1212 otiari,
711 1180 759 1207 sed
770 1179 803 1207 ad
816 1180 1006 1208 substituenda
1023 1186 1057 1208 ea

263 1234 326 1260 quae
340 1230 420 1258 sunt,
442 1225 564 1253 bonitate
577 1245 586 1258 ,
609 1225 644 1252 ad
667 1225 855 1261 componenda
871 1230 899 1253 et
913 1225 1056 1259 lirmauda,

263 1271 366 1299 virtute
385 1274 563 1305 provocatur.
583 1268 797 1297 Substituuntur
810 1276 875 1305 ergo
891 1272 917 1296 et
940 1277 1054 1305 compo-

263 1322 368 1345 nuntur
382 1315 518 1352 quaedam,
532 1320 563 1343 ut
577 1315 706 1347 diximus,
722 1323 755 1342 ex
774 1314 883 1342 duobus
897 1315 938 1343 vel
953 1322 987 1342 ex
1002 1315 1053 1342 tri-

263 1364 326 1395 bus,
349 1362 474 1398 quaedam
494 1369 560 1389 vero
582 1369 616 1389 ex
637 1366 767 1397 quatuor.
787 1359 841 1388 alia
863 1368 897 1388 ex
916 1360 1051 1396 pluribus.

264 1408 320 1436 Sed
333 1407 466 1444 quoniam
482 1414 555 1435 nunc
570 1407 650 1434 nobis
666 1407 700 1434 de
718 1406 813 1434 mundi
835 1407 939 1434 ratione
954 1405 1049 1442 quaeri-

263 1460 307 1482 tur
318 1458 347 1482 et
363 1455 397 1482 de
412 1453 566 1481 substantia
596 1452 668 1487 ejus,
685 1460 770 1488 quam
795 1460 830 1480 ex
852 1457 970 1488 quatuor
994 1452 1052 1479 ele-

261 1501 363 1528 mentis
386 1507 449 1528 esse
474 1499 654 1534 compositam
679 1502 799 1531 constat.
821 1498 865 1526 cui
888 1506 983 1526 omnes
999 1498 1052 1526 illa:

261 1546 355 1574 decem
370 1545 531 1573 diderentiae
542 1552 611 1579 quas
629 1552 714 1580 supra
731 1545 990 1579 comprehendimus
1004 1551 1052 1572 ac—
1066 1558 1088 1589 ρ

261 1592 368 1625 cidunt,
381 1591 418 1618 ab
430 1590 473 1618 his
489 1589 669 1618 inferioribus
680 1590 843 1625 incipientes
859 1591 1001 1625 gradibus,
1018 1591 1053 1619 ad

261 1638 405 1673 superiora
422 1635 634 1664 vcniemus.Via
647 1636 720 1664 enim
737 1637 817 1664 nobis
833 1637 867 1663 ad
878 1637 1054 1664 intellectua-

260 1685 298 1711 lia
313 1687 340 1711 ct
355 1683 504 1710 invisibilia
523 1682 558 1710 ab
570 1682 612 1710 his
626 1690 689 1718 quae
707 1682 830 1710 videmus
850 1686 877 1710 et
897 1686 1053 1710 contrecta-

261 1737 322 1758 mus
341 1728 432 1761 datur,
450 1728 524 1756 sicut
538 1728 697 1755 continetur
717 1728 745 1756 in
767 1728 948 1757 arithmeticis
967 1729 1052 1758 disci—

260 1775 354 1810 plinis,
365 1774 413 1801 ubi
425 1781 489 1801 cum
504 1773 540 1801 de
553 1773 654 1801 divinis
664 1774 808 1809 qua-ritur,
825 1774 859 1801 ab
875 1774 1051 1803 inferioribus

260 1820 297 1848 ad
323 1820 481 1855 superiores
510 1827 641 1848 numeros
663 1820 834 1853 ascenditur,
851 1828 913 1848 cum
935 1828 1001 1849 vero
1019 1821 1053 1850 de

261 1865 446 1902 prasentibus
467 1870 494 1894 et
518 1865 675 1894 visibilibus
695 1867 766 1893 ratio
779 1866 937 1902 exponitur,
954 1866 990 1895 de
1004 1875 1052 1896 su-

260 1914 416 1949 perioribus
441 1913 474 1941 ad
502 1913 648 1941 inferiores
670 1921 800 1941 numeros
824 1913 892 1942 ordo
914 1914 1051 1951 dirigitur.

260 1961 315 1987 Aut
332 1967 386 1988 non
400 1960 438 1986 ita
452 1959 513 1987 est?

296 2005 332 2033 Χ.
352 2005 385 2032 Et
404 2013 487 2033 senex
500 2005 539 2032 ait
556 2013 562 2031 :
576 2005 662 2032 Valde
673 2004 742 2033 bene
757 2005 943 2041 prosequeris.
956 2004 992 2032 Et
1004 2004 1052 2033 NL-

260 2055 321 2080 ccta
337 2062 344 2080 :
362 2052 401 2079 De
414 2052 510 2079 mundi
525 2059 598 2078 nunc
618 2058 684 2086 ergo
708 2051 815 2080 ratione
828 2052 1051 2088 prosequendum

260 2101 314 2131 est.
331 2097 411 2132 cujus
430 2098 519 2132 prima
537 2098 653 2133 quaestio
666 2097 695 2124 in
712 2097 783 2125 duas
797 2103 889 2130 partes
904 2098 1051 2128 dividitur.

260 2142 399 2177 Quaeritur
412 2143 486 2170 enim
502 2147 595 2171 utrum
611 2143 701 2171 factus
712 2143 760 2176 sit,
772 2151 807 2170 an
821 2151 876 2171 non
887 2152 894 2178 ;
907 2147 935 2171 et
952 2143 977 2171 si
989 2144 1051 2179 qui-

260 2190 322 2218 de‘m
339 2197 394 2217 non
413 2193 456 2217 est
480 2189 582 2223 iactus,
594 2190 654 2224 ipse
670 2190 723 2217 erit
744 2189 814 2217 illud
833 2189 997 2225 ingenitum,
1014 2197 1048 2218 ex

260 2245 315 2272 quo
330 2237 432 2264 omnia.
450 2236 479 2263 Si
493 2244 558 2264 vero
572 2236 663 2264 factus
677 2240 732 2269 est,
748 2236 783 2264 de
801 2236 854 2263 hoc
869 2244 969 2265 rursus
978 2244 1051 2271 quac-
1067 2229 1088 2257 Ι)

259 2282 314 2310 stio
329 2282 358 2310 in
370 2282 439 2310 duas
457 2286 552 2318 partes
566 2281 712 2315 scinditur,
726 2286 883 2309 utrumnam
893 2290 926 2311 ex
944 2290 975 2310 se
990 2282 1050 2318 ipso

261 2328 351 2357 factus
373 2332 426 2361 est,
447 2336 482 2355 an
504 2328 539 2355 ab
558 2328 623 2355 alio.
649 2327 684 2355 Et
704 2328 728 2355 si
748 2327 859 2363 quidem
873 2335 889 2355 a
903 2328 1051 2363 semetipso

259 2377 313 2405 est,
327 2374 481 2401 excluditur
498 2373 558 2401 sine
572 2372 655 2400 dubio
664 2372 847 2400 Providentia.
857 2370 886 2399 Si
899 2371 1050 2401 Providen-

261 2419 298 2446 tia
311 2427 366 2447 non
379 2420 520 2454 recipitur,
533 2419 636 2447 frustra
660 2418 770 2446 animus
790 2417 825 2446 ad
847 2418 975 2447 virtutem
991 2427 1053 2455 pro-

1070 888 1090 915 Β

1107 262 1149 286 est
1171 258 1219 293 qui
1239 257 1317 293 justo
1341 266 1392 293 pro
1407 257 1516 285 meritis
1528 257 1675 293 aliquando
1684 258 1830 291 restituat.
1847 257 1897 286 Sed

1106 313 1142 332 ne
1153 304 1244 332 anim
1259 304 1368 339 quidem
1384 303 1443 339 ipsa
1455 303 1618 331 immortalis
1631 299 1783 337 videbitur,
1800 303 1825 332 si
1842 311 1898 331 eam

1106 356 1169 388 post
1200 351 1401 380 absolutionem
1435 350 1560 386 corporis
1587 350 1690 379 nullius
1719 349 1901 387 providentia

1105 398 1225 433 excipiat
1243 396 1424 434 dispensatio.

1142 443 1186 472 XI.
1197 442 1257 471 Jam
1266 444 1290 472 si
1304 444 1437 472 doceatur
1445 451 1507 471 esse
1515 442 1700 474 Providentia,
1710 447 1738 471 et
1751 450 1802 478 per
1814 442 1901 478 ipsam

1106 490 1196 519 factus
1210 499 1274 520 esse
1286 491 1405 519 mundus
1417 511 1426 523 ,
1449 491 1503 518 alia
1522 498 1620 518 rursus
1636 498 1698 525 quae
1713 490 1902 517 discutiantur

1106 542 1272 572 occurrunt;
1287 536 1444 573 requiretur
1458 537 1531 565 enim
1544 544 1600 572 quo
1612 536 1694 564 modo
1708 536 1746 564 sit
1755 535 1902 563 Providen-

1106 584 1157 616 tia,
1174 589 1266 612 utrum
1280 584 1445 620 generaliter
1467 590 1532 618 erga
1546 582 1637 610 omnia
1648 603 1657 615 ,
1681 590 1719 610 an
1744 581 1901 617 specialiter

1105 637 1169 665 erga
1185 633 1289 664 partes,
1305 636 1339 656 an
1354 632 1382 656 et
1392 628 1557 664 generaliter
1570 636 1636 663 erga
1649 633 1753 663 partes,
1766 635 1803 654 an
1814 632 1841 655 et
1856 635 1900 662 ge-

1105 675 1235 703 neraliter
1250 682 1315 710 erga
1329 674 1421 702 omnia
1431 678 1458 703 et
1470 674 1625 710 specialiter
1636 681 1700 709 erga
1719 676 1830 710 partes.
1851 671 1902 699 Ge-

1106 722 1208 749 neralis
1222 726 1313 749 autem
1327 721 1491 756 intelligitur
1502 721 1556 748 hoc
1568 720 1660 753 modo,
1674 720 1756 756 quasi
1771 720 1808 747 ab
1825 719 1902 746 initio

1105 767 1177 795 Deus
1196 767 1300 796 iaciens
1318 765 1451 794 mundum
1472 767 1598 794 ordinem
1632 767 1739 795 dederit
1764 766 1852 794 rebus
1877 770 1904 794 et

1105 820 1217 841 cursum
1232 813 1371 845 statuerit,
1386 816 1414 840 et
1427 812 1499 839 ultra
1509 819 1604 839 eorum
1619 819 1713 839 curam
1722 819 1785 847 qua:
1799 819 1904 847 gerun-

1105 862 1161 891 tur,
1177 859 1277 886 habere
1292 858 1454 888 cessaverit,
1475 855 1611 893 Specialis
1635 865 1701 885 vero
1715 865 1781 892 erga
1808 862 1904 892 partes

1105 905 1157 932 hoc
1169 904 1249 932 modo
1261 908 1313 937 est,
1327 909 1357 932 ut
1367 903 1549 939 quorumdam
1563 903 1674 939 quidem
1691 903 1734 931 vel
1755 904 1903 931 hominum

1104 952 1146 980 vel
1173 952 1295 980 locorum
1310 953 1512 988 providentiam
1527 955 1615 987 gerat,
1628 951 1815 986 quorumdam
1838 959 1903 979 vero

1105 1007 1159 1027 non
1172 1004 1260 1034 gerat.
1282 998 1426 1026 Gcneralis
1449 1003 1542 1026 autem
1566 998 1691 1026 omnium
1715 1002 1743 1026 et
1772 998 1903 1033 specialis

1105 1045 1222 1080 partium
1236 1045 1318 1072 simul
1347 1045 1399 1072 hoc
1420 1044 1502 1072 modo
1528 1047 1583 1078 est,
1599 1044 1679 1079 quasi
1705 1049 1733 1071 et
1761 1044 1799 1071 ab
1825 1043 1904 1070 initio

1103 1090 1197 1119 omnia
1214 1090 1311 1118 fecerit
1326 1090 1400 1118 Deus
1412 1110 1421 1122 .
1440 1095 1467 1118 et
1481 1097 1570 1126 usque
1591 1089 1627 1118 ad
1638 1089 1721 1118 ﬁnem
1736 1098 1786 1125 per
1806 1090 1905 1125 singu-

1104 1136 1145 1164 los
1157 1143 1282 1171 quosque
1292 1136 1493 1171 providentiam
1517 1139 1607 1172 gerat,
1636 1139 1664 1164 et
1674 1135 1830 1171 unicuique
1841 1135 1904 1162 red-

1103 1181 1150 1208 dat
1166 1188 1214 1215 pro
1230 1181 1338 1208 actibus
1354 1180 1424 1208 suis.

1139 1225 1195 1253 Xll.
1208 1226 1299 1253 Prima
1310 1233 1377 1262 ergo
1386 1226 1431 1254 illa
1444 1225 1608 1262 propositio,
1619 1233 1680 1262 quae
1690 1225 1767 1257 dicit.
1784 1225 1852 1261 quia
1867 1226 1903 1254 ab

1103 1272 1182 1300 initio
1201 1272 1274 1300 Deus
1289 1272 1384 1300 iecerit
1412 1272 1517 1305 omnia,
1534 1276 1562 1301 et
1578 1280 1662 1300 cursu
1693 1276 1775 1308 atque
1803 1273 1903 1301 ordine

1103 1317 1186 1345 rebus
1201 1317 1329 1353 imposito
1347 1317 1381 1346 de
1393 1318 1501 1353 reliquo
1512 1317 1630 1347 nihilad
1653 1325 1684 1346 se
1708 1322 1831 1351 revocet,
1857 1327 1904 1347 εει

1103 1363 1223 1391 cundum
1244 1364 1367 1399 genesim
1394 1364 1452 1399 geri
1477 1367 1577 1392 cuncta
1594 1363 1750 1391 conﬁrmat.
1773 1364 1819 1391 Ad
1847 1364 1904 1392 hoc

1102 1415 1169 1443 ergo
1178 1407 1267 1443 primo
1279 1409 1521 1443 respondebimus,
1532 1413 1560 1437 et
1572 1409 1616 1437 bis
1627 1410 1763 1445 praecipue
1774 1410 1825 1445 qui
1832 1409 1903 1438 deos

1103 1453 1198 1481 colunt
1211 1457 1239 1481 et
1253 1454 1376 1489 genesim
1385 1454 1547 1487 defendunt,
1560 1455 1609 1490 qui
1619 1455 1713 1491 utique
1724 1463 1787 1483 cum
1799 1456 1905 1483 immo-

1104 1499 1162 1527 lant
1171 1499 1226 1527 diis
1236 1504 1264 1528 et
1279 1504 1394 1528 exorant
1407 1508 1467 1533 eos,
1484 1500 1544 1529 sine
1561 1501 1647 1529 dubio
1658 1505 1756 1529 contra
1771 1502 1904 1537 genesim

1105 1553 1135 1573 se
1146 1545 1343 1581 impetraturos
1356 1546 1460 1582 aliquid
1475 1551 1598 1583 sperant,
1610 1551 1637 1575 et
1651 1555 1699 1582 per
1708 1547 1760 1575 hoc
1768 1548 1903 1582 genesim

1104 1591 1224 1620 solvunt.
1235 1590 1304 1619 Cum
1320 1599 1384 1619 vero
1396 1592 1487 1620 rident
1506 1593 1554 1628 qui
1585 1593 1619 1620 ad
1636 1593 1766 1621 virtutem
1796 1602 1905 1629 provo-

1103 1640 1167 1664 cant
1178 1639 1205 1664 et
1216 1635 1250 1664 ad
1262 1636 1460 1664 continentiam
1475 1637 1664 1671 cohortantur,
1673 1643 1700 1666 et
1711 1639 1820 1671 dicunt,
1832 1639 1905 1674 quia

1103 1690 1185 1711 nemo
1196 1687 1288 1718 potest
1302 1682 1395 1711 facere
1412 1683 1515 1719 aliquid
1525 1688 1573 1711 aut
1588 1685 1664 1720 pati,
1687 1685 1743 1713 nisi
1773 1686 1851 1721 quod
1879 1686 1905 1713 ei

1104 1728 1160 1757 l'ato
1175 1728 1316 1759 decretum
1332 1732 1384 1762 est,
1398 1737 1494 1758 omnes
1509 1730 1632 1765 profecto
1644 1732 1749 1759 cultum
1763 1731 1904 1759 Divinita-

1103 1775 1139 1803 tis
1151 1775 1327 1803 abscindimt.
1344 1775 1416 1809 Quid
1430 1776 1504 1804 enim
1516 1777 1592 1805 colas
1609 1784 1668 1812 eos,
1680 1785 1697 1805 a
1713 1779 1820 1813 quibus
1835 1787 1904 1815 pro-

1103 1820 1201 1848 mereri
1214 1820 1284 1847 nihil
1299 1821 1401 1856 possis,
1416 1820 1490 1856 quod
1501 1829 1556 1849 non
1568 1822 1689 1857 patiatur
1699 1822 1770 1849 ratio
1782 1823 1905 1851 decreti?

1103 1863 1166 1892 Hec
1191 1864 1301 1892 interim
1327 1865 1459 1893 adversus
1484 1865 1546 1894 illos
1570 1866 1644 1893 dicta
1659 1872 1734 1894 sunt.
1759 1867 1818 1902 Ego
1833 1876 1903 1896 vero

1103 1911 1236 1939 mundum
1246 1910 1309 1938 dico
1325 1910 1383 1947 (50)
1399 1919 1414 1938 a
1429 1911 1486 1939 Deo
1502 1911 1617 1946 factum,
1634 1918 1661 1941 et
1675 1912 1710 1941 ab
1727 1914 1788 1948 ipso
1808 1922 1901 1950 quan-

1102 1957 1193 1993 doque
1208 1964 1271 1986 esse
1286 1958 1462 1991 solvendum,
1481 1964 1511 1986 ut
1528 1959 1574 1986 ille
1600 1964 1731 1995 appareat
1751 1961 1801 1996 qui
1817 1966 1901 1988 atter-

1102 2011 1155 2031 nus
1175 2006 1220 2032 est
1234 2007 1261 2031 et
1275 2003 1310 2030 ad
1330 2003 1383 2031 hoc
1398 2003 1499 2037 iactus,
1525 2010 1555 2031 ut
1566 2012 1675 2039 semper
1698 2005 1734 2033 sit
1757 2010 1784 2033 et
1800 2005 1901 2042 dignos

1102 2057 1132 2076 se
1146 2048 1261 2084 recipiat
1272 2048 1377 2084 judicio
1400 2048 1459 2078 Dei.
1472 2048 1551 2083 Quod
1577 2054 1669 2078 autem
1681 2051 1719 2078 sit
1735 2051 1811 2079 alius
1827 2052 1902 2079 invi-

1103 2095 1192 2123 sibilis
1209 2095 1340 2127 mundus,
1356 2094 1413 2131 :qui
1433 2095 1508 2123 hunc
1535 2096 1671 2124 visibilem
1699 2095 1774 2124 intra
1800 2102 1902 2125 semet-

1102 2140 1193 2176 ipsum
1218 2141 1370 2174 contineat,
1395 2145 1574 2177 posteaquam
1597 2141 1632 2170 de
1659 2142 1764 2170 visibili
1795 2144 1902 2170 mundo

1101 2186 1327 2221 discusserimus,
1343 2191 1409 2216 tunc
1424 2192 1452 2216 et
1464 2188 1498 2216 ad
1510 2189 1587 2216 illum
1600 2189 1754 2217 veniemus.

1135 2231 1206 2261 Xlll.
1222 2232 1301 2261 Nunc
1317 2234 1439 2266 interim,
1453 2234 1518 2270 quia
1533 2234 1623 2263 factus
1652 2235 1689 2263 sit
1705 2236 1830 2264 mundus
1847 2236 1902 2263 iste

1100 2278 1228 2313 visibilis,
1256 2283 1394 2308 testantur
1418 2280 1501 2309 etiam
1529 2280 1758 2317 philosophorum
1785 2282 1900 2317 plurimi

1100 2326 1239 2361 sapientes
1254 2326 1317 2354 viri.
1335 2325 1388 2354 Sed
1402 2334 1437 2354 ne
1451 2327 1594 2355 videamur
1618 2328 1698 2363 quasi
1712 2333 1831 2363 egentes
1854 2337 1900 2356 as-

1100 2372 1269 2400 sertionibus
1283 2372 1323 2400 uti
1337 2373 1460 2401 voluisse
1473 2373 1601 2406 testibus,
1614 2374 1648 2402 de
1664 2374 1813 2410 principiis
1824 2376 1898 2410 eius,

1101 2419 1125 2447 si
1138 2417 1258 2454 videtur,
1290 2427 1455 2455 qumramus.
1483 2420 1654 2456 Corporeum
1673 2429 1737 2450 esse
1760 2422 1899 2450 mundum

917 2514 1099 2544 COTELERII
1118 2514 1235 2545 ΝΟΤᾹΞ.

296 2605 353 2641 (49)
374 2604 452 2641 Quod
463 2604 576 2639 simplex
599 2608 649 2641 est,
659 2607 724 2641 etc.
738 2603 780 2631 Ad
795 2604 852 2632 hinc
866 2608 894 2633 et
907 2607 1051 2641 aequentia

259 2639 332 2668 forte
356 2640 506 2675 respiciens
516 2644 618 2675 auctor
630 2639 825 2674 Disputationir
837 2645 930 2667 contra
942 2639 1050 2674 Arium,

259 2680 327 2703 tom.
347 2675 489 2711 10perum
510 2674 544 2711 Si
557 2675 712 2711 Athanasii,
730 2675 829 2711 p.135,
841 2676 953 2704 scribit:
969 2677 1004 2703 Σὺ
1021 2676 1051 2704 δὲ

258 2711 285 2747 τι
302 2712 355 2746 φής
422 2710 431 2747 [
444 2710 462 2738 f.
480 2719 524 2747 μρι
535 2710 544 2745 ]
555 2710 647 2747 elicitos
662 2710 837 2747 συντίθεσθαι
852 2710 883 2747 to
899 2711 984 2747 listov;
1000 2712 1051 2739 οὐκ

258 2720 285 2737 τι
422 2720 429 2747 l
444 2720 462 2738 Ι.
480 2720 524 2746 μοι
539 2720 544 2745 1
561 2720 647 2737 αιοιον
662 2720 837 2737 -συντιυεσυαι
852 2720 883 2737 το
899 2720 984 2744 υειον;
1000 2720 1051 2739 ουκ

258 2720 425 2782 Lampadio
446 2746 511 2773 ποτὲ
529 2745 686 2782 Κλήμεντος
700 2745 747 2772 τοῦ
763 2745 1051 2782 πᾳρακολρνθήσαγτος

260 2754 425 2787 ιπηκροαεω
446 2754 511 2773 ποτε
529 2754 686 2812 ιιληέἓντος
700 2754 747 2772 του
763 2754 1048 2787 παρακολρνυησαντος

260 2780 356 2822 ρέτρῳ
371 2789 410 2816 τῳ
427 2781 590 2822 among,
632 2780 812 2822 καθαιρεξςεῂν
820 2789 947 2822 τᾳαυτην
956 2781 1048 2815 δόξανς

260 2814 302 2851 Tu
318 2814 376 2842 uera
390 2814 452 2851 quid
469 2817 509 2843 ait
524 2814 599 2847 milli,
614 2814 739 2843 auruum
752 2814 828 2851 nam
842 2814 971 2844 Deum—ea
984 2824 1047 2851 par-

261 2850 332 2876 ribus
360 2850 507 2878 constitui?
526 2852 621 2878 Annon
644 2851 770 2879 audivisti
791 2850 950 2878 Clementem
973 2850 1047 2879 Petri

261 2886 373 2914 anastoli
387 2888 602 2921 sectatorcm,qui
611 2886 761 2919 huiusmodi
770 2887 916 2922 opinionem
930 2887 1047 2915 subruit?

1157 2616 1173 2636 e
1183 2608 1299 2645 Condit.
1315 2610 1418 2643 sputo!
1432 2629 1441 2642 .
1453 2618 1490 2644 vi,
1508 2611 1550 2643 ll,
1564 2619 1596 2638 ac
1608 2611 1725 2645 Epilom.
1741 2612 1784 2639 l7.

1149 2644 1195 2679 50)
1215 2643 1271 2682 Ego
1277 2653 1341 2682 gero
1352 2645 1500 2682 "nimiumL
1500 2651 1553 2674 etc.
1568 2646 1604 2675 De
1618 2643 1720 2682 duplici
1734 2647 1842 2674 rutundo
1854 2656 1901 2675 rc-

1101 2679 1179 2706 mitto
1191 2683 1220 2707 te
1230 2679 1265 2706 ad
1275 2679 1433 2707 Platonicos
1444 2685 1472 2708 et
1486 2680 1627 2710 Philonem
1643 2679 1699 2709 :‘ex
1713 2683 1820 2710 nostris
1829 2691 1900 2710 vero

1100 2714 1318 2752 gd_Clementem
1330 2715 1480 2752 Alexandg.
1498 2716 1600 2745 Strom.
1620 2725 1648 2749 v.
1668 2724 1730 2752 pag.
1748 2717 1813 2748 Μ
1829 2718 1898 2750 599;

1098 2748 1253 2787 Origeuem.
1262 2750 1357 2778 bomil.
1374 2751 1391 2778 ὅ
1405 2751 1432 2778 in
1443 2749 1582 2779 Canticum
1596 2748 1773 2783 canticorum,
1784 2757 1816 2779 et
1825 2748 1898 2781 tum.

1098 2788 1145 2807 XII
1187 2785 1214 2811 iu
1223 2784 1353 2813 Joannem
1366 2793 1375 2814 :
1413 2786 1570 2814 Eusebium.
1597 2787 1750 2814 Prtimui-at.
1773 2788 1898 2814 eum.

1243 2793 1375 2816 omanem;
1413 2793 1570 2816 musculum.
1597 2793 1750 2817 rrwpumt.
1773 2793 1899 2817 υσυαλ.

1098 2788 1145 2807 ιιι
1187 2788 1214 2811 tu
1223 2788 1353 2813 Joannem
1366 2793 1375 2816 ;
1413 2788 1570 2816 Eusebium.
1597 2788 1750 2821 Prwpurat.
1773 2788 1899 2823 amyci.

1097 2820 1151 2858 lib._
1159 2827 1267 2858 x_l.cap‘.
1277 2821 1381 2858 253‘;
1393 2822 1603 2858 Augustinum:
1612 2822 1858 2858 Retractatiosum,
1870 2824 1899 2857 3,

1098 2859 1125 2882 et
1139 2854 1424 2885 falsum’Auibrosium
1437 2854 1462 2884 in
1479 2857 1492 2884 Ι
1508 2857 1627 2885 Corinth.
1645 2866 1682 2892 vr,
1695 2858 1722 2887 2.
