3904 6408
564 302 706 387 ιω

1440 297 1498 353 S.
1539 296 1931 354 CLEMENTIS
1965 296 1985 350 Ι
2023 294 2189 352 ΒΟΜ.
2233 294 2433 352 ΡΟΝΤ.
2472 293 2702 351 OPERA
2740 293 2945 349 DUBIA

3686 296 3793 352 i380

559 420 727 476 etiam
756 419 913 491 plura
931 419 1066 481 sint,
1093 417 1180 473 vel
1221 416 1514 471 innumera
1548 428 1620 471 ex
1648 413 1855 484 quibus
1905 413 2147 469 mundus
2174 424 2220 481 Α
2250 427 2466 481 semper
2491 410 2735 472 veniunt,
2771 420 2825 467 et
2849 412 3013 466 rebus
3042 425 3273 480 quarum
3300 409 3417 481 jam
3446 423 3705 464 mensura
3735 410 3799 462 in-

558 519 803 575 constat,
834 511 981 565 omni
1015 524 1079 563 ex
1113 516 1291 578 parte,
1321 506 1419 578 qui
1450 507 1610 577 plura
1642 506 1698 561 in
1722 521 1892 560 unum
1915 505 2150 577 college-

560 609 638 659 rtt
665 611 720 659 et
752 617 946 658 rursus
989 600 1219 655 collecta
1244 598 1299 655 in
1333 599 1587 656 diversas
1632 599 1847 670 species
1902 600 2143 664 duxerit,

559 694 877 751 ostenditur
899 693 1063 754 Deus,
1088 699 1144 746 et
1174 692 1440 762 probatur
1470 707 1566 761 per
1592 691 1708 747 haec
1735 707 1845 747 non
1894 694 2146 763 potuisse

558 785 874 840 machinam
899 781 1086 836 mundi
1103 783 1223 838 sine
1251 780 1447 853 opiﬁce
1475 790 1529 837 et
1554 783 1839 853 provisore
1854 792 2141 841 constare.

634 872 774 930 XVI.
810 871 915 929 Sed
955 881 1009 928 et
1036 874 1140 929 hoc
1166 873 1288 944 ipso
1330 874 1477 943 quod
1508 874 1563 928 in
1596 874 1989 944 conjunctione
2027 875 2142 931 ele-

559 972 892 1026 mentorum,
919 962 1206 1018 deficiente
1230 963 1401 1018 altero
1420 973 1517 1017 aut
1568 962 1906 1027 abundante,
1943 974 2141 1019 caetera

557 1055 914 1114 resolvuntur
955 1061 1011 1108 et
1044 1052 1370 1118 concidunt,
1400 1052 1714 1109 ostenditur
1744 1069 1811 1109 ex
1857 1053 2032 1109 nihilo
2078 1070 2140 1109 ea

556 1144 840 1213 accepisse
869 1143 1225 1214 principium.
1263 1140 1399 1196 Nam
1427 1140 1577 1198 verbi
1606 1142 1784 1212 gratia
1828 1143 1877 1198 si
1922 1142 2140 1198 deficiat

556 1238 613 1290 in
634 1236 824 1305 aliquo
846 1234 1067 1298 humor,
1100 1248 1203 1288 nec
1234 1232 1451 1288 aridum
1491 1234 1692 1301 stabit;
1728 1234 1960 1291 humore
1990 1236 2137 1291 enim

555 1328 805 1398 pascitur
834 1326 1049 1382 aridum
1080 1325 1224 1381 sicut
1275 1334 1332 1381 et
1368 1324 1544 1395 frigus
1576 1326 1777 1392 calido,
1804 1327 1860 1381 in
1909 1327 2133 1397 quibus,

555 1427 619 1474 ut
648 1416 912 1479 diximus.
944 1417 991 1473 si
1024 1417 1257 1472 alterum
1279 1416 1517 1481 deﬁciat,
1552 1419 1771 1488 penitus
1792 1425 1989 1471 cuncta
2022 1418 2134 1473 sul-

552 1518 780 1572 vuntur,
804 1518 861 1565 et
891 1510 947 1564 in
977 1508 1084 1563 hoc
1115 1507 1347 1578 originis
1371 1524 1485 1564 suae
1514 1525 1622 1579 qua
1656 1526 1722 1565 ex
1755 1510 1930 1564 nihilo
1988 1510 2131 1565 facta

553 1610 705 1666 sunt,
736 1601 1046 1673 produntur
1073 1601 1295 1657 indicia.
1320 1601 1476 1667 Quod
1519 1600 1565 1656 si
1592 1602 1817 1656 materia
1847 1602 1963 1671 ipsa
2006 1618 2131 1673 pro-

550 1694 715 1749 batur
740 1709 866 1750 esse
896 1693 1061 1757 facta,
1083 1691 1358 1765 quomodo
1388 1699 1569 1762 partes
1591 1692 1712 1760 ejus
1744 1701 1797 1747 et
1829 1693 2039 1763 species
2063 1710 2129 1749 ex

2249 510 2402 572 tegra
2427 512 2665 566 constat,
2693 502 2990 566 adduntur,
3021 500 3290 573 quomodo
3321 512 3472 557 stare
3498 500 3802 555 universitas

2250 602 2451 666 potest.
2477 610 2601 650 cum
2625 601 2735 649 tam
2764 595 3043 650 immensis
3076 594 3409 665 ponderibus
3438 609 3581 649 nova
3617 610 3803 663 semper

2251 688 2490 758 pondera
2513 686 2899 741 cumulentur?
2926 685 3029 741 Sed
3063 694 3117 741 et
3150 684 3281 740 illud
3329 686 3581 755 requiro.
3616 684 3662 739 si
3695 701 3805 755 pau-

2247 779 2395 832 latim
2418 777 2744 832 coeuntibus
2766 776 3107 846 corpusculis
3128 777 3519 830 exstruebatur
3544 774 3631 829 hic
3668 791 3805 844 quem

2248 867 2497 925 videmus
2520 867 2758 922 ambitus
2806 866 3259 938 cmli,quomodo
3302 884 3412 922 non
3462 867 3520 921 in
3570 881 3638 919 eo
3683 865 3810 917 illico

2243 977 2368 1018 cum
2401 971 2759 1031 consurgeret
2786 961 3032 1016 corruit?
3051 960 3095 1017 si
3122 961 3340 1031 quidem
3371 960 3538 1014 hians
3564 957 3813 1012 machinae

2243 1050 2418 1122 ipsius
2452 1052 2763 1115 summitas,
2802 1052 2969 1108 nullis
3023 1052 3247 1107 suﬂ'ulta
3276 1052 3558 1123 repagulis
3591 1052 3812 1121 stringe.

2242 1149 2414 1199 retur.
2443 1138 2598 1196 Sicut
2626 1142 2773 1198 enim
2804 1141 2897 1213 qui
2926 1141 3282 1196 aedificiorum
3324 1142 3508 1197 tholos
3564 1141 3619 1194 in
3650 1141 3810 1195 circa.

2240 1230 2352 1285 lum
2401 1231 2713 1299 instruunt,
2763 1232 2868 1287 nisi
2906 1231 3321 1286 conclusionem
3371 1230 3539 1285 medii
3601 1232 3810 1285 verticis

2241 1324 2615 1387 strinxerint,
2668 1324 2989 1379 universum
3042 1324 3247 1394 pariter
3301 1324 3577 1391 solvitur;
3647 1323 3715 1376 ita
3762 1332 3810 1377 et

2238 1414 2427 1469 tnundi
2457 1415 2719 1478 circulus,
2756 1430 2919 1485 quem
2952 1423 3060 1468 tam
3088 1414 3285 1469 decora
3316 1415 3502 1484 specie
3533 1415 3807 1469 collectum

2238 1506 2508 1573 videmus,
2535 1506 2578 1561 si
2613 1522 2721 1561 non
2754 1506 2937 1563 subito
2970 1514 3025 1561 et
3056 1506 3160 1561 sub
3211 1522 3321 1561 uno
3354 1506 3557 1561 divine
3603 1507 3810 1561 virtutis

2238 1603 2419 1650 rotatu
2447 1596 2688 1665 potentia
2718 1596 3023 1652 conditoris
3052 1596 3279 1652 eﬂ‘cctus
3307 1605 3411 1661 cst,
3440 1598 3536 1654 sed
3561 1598 3809 1668 paulatim

2236 1684 2696 1741 eunettrrcntibus
2723 1689 2920 1744 atomis
2945 1696 2997 1744 et
3016 1687 3441 1751 inStruentibus.
3471 1706 3580 1743 non
3607 1690 3813 1742 utratio

546 1786 754 1856 quibus
781 1785 1018 1841 mundus
1047 1792 1304 1849 constat,
1356 1783 1688 1839 videbuntur
1741 1784 1992 1841 infecta}?
2025 1783 2129 1841 sed
2162 1770 2207 1829 B
2236 1778 2474 1848 petebat,
2506 1779 2602 1834 sed
2637 1789 2695 1835 ut
2733 1780 2998 1836 fortuitus
3041 1783 3326 1838 incidisset
3372 1790 3629 1841 eventus.
3683 1797 3811 1851 qne-

547 1877 620 1933 de
642 1877 867 1933 materia
879 1876 1300 1948 etqualitatibus
1323 1893 1431 1932 non
1453 1886 1538 1933 est
1560 1891 1705 1932 nunc
1726 1875 1941 1931 dicendi
1961 1877 2132 1945 locus;

549 1967 656 2023 hoc
680 1968 857 2024 solum
888 1968 1148 2023 docuisse
1176 1966 1431 2032 sutliciat,
1489 1968 1658 2023 Deum
1709 1983 1833 2024 esse
1889 1968 2131 2022 omnium

545 2059 916 2126 conditorem,
941 2060 1071 2129 quia
1101 2074 1278 2130 neque
1328 2060 1376 2116 si
1430 2060 1668 2115 solidum
1722 2069 1776 2115 et
1825 2073 2133 2114 connexum

546 2152 652 2208 fuit
673 2167 873 2223 corpus
886 2168 950 2208 ex
976 2167 1087 2222 quo
1100 2151 1339 2208 mundus
1362 2158 1599 2218 constat,
1614 2151 1797 2206 dirimi
1819 2160 1872 2206 ct
1892 2150 2133 2207 discerni

544 2246 668 2302 sine
693 2245 1000 2309 conditore,
1015 2260 1194 2316 neque
1207 2244 1253 2300 si
1269 2260 1337 2300 ex
1362 2245 1597 2301 diversis
1618 2244 1941 2302 etdiscretis
1962 2246 2130 2316 parti-

546 2338 652 2393 bus
674 2338 735 2392 in
767 2354 937 2393 unum
950 2337 1239 2393 collectum
1250 2344 1359 2402 est,
1374 2338 1695 2410 congregari
1716 2348 1769 2394 et
1782 2339 1998 2395 misceri
2012 2337 2132 2393 sine

544 2429 759 2484 artifice
801 2430 997 2499 potuit.
1029 2429 1201 2501 Igitur
1228 2428 1277 2485 si
1325 2428 1515 2486 mundi
1544 2430 1800 2485 conditor
1830 2428 1974 2486 Deus
2006 2443 2130 2485 esse

545 2525 660 2574 tam
689 2519 973 2576 evidenter
1001 2520 1331 2585 ostenditur,
1380 2520 1473 2591 qui
1524 2522 1630 2577 erit
1684 2520 1921 2592 Epicuro
1972 2521 2127 2577 locus

546 2609 930 2667 introducendi
963 2620 1199 2676 atomos,
1228 2620 1284 2668 et
1306 2612 1589 2669 asserendi
1614 2612 1761 2682 quod
1808 2628 1875 2669 ex
1927 2628 2129 2683 corpu-

544 2702 717 2758 sculis
747 2702 1166 2759 insensibilibus
1195 2718 1308 2758 non
1332 2704 1509 2759 solum
1536 2704 1819 2759 sensibilia
1868 2718 2122 2775 corpora,

544 2791 641 2848 sed
671 2800 724 2847 et
747 2801 957 2849 mentes
987 2792 1386 2850 intellectuales
1410 2809 1475 2848 ac
1507 2793 1807 2849 rationales
1838 2793 2005 2848 fiant?

614 2881 777 2939 XVII.
821 2882 926 2939 Sed
955 2883 1128 2948 dices,
1144 2892 1203 2939 ut
1234 2884 1467 2956 Epicuro
1483 2887 1661 2942 visum
1685 2893 1798 2941 est:
1822 2884 2125 2940 Continua-

544 2973 724 3030 tiones
752 2984 1061 3031 atomorum
1084 2976 1413 3033 indesinenti
1445 2992 1613 3034 cursu
1634 2978 1992 3042 venientium,
2024 2992 2124 3047 per

2238 1869 2397 1926 modo
2441 1887 2547 1925 non
2594 1874 2748 1943 prius
2788 1889 2952 1943 quam
2983 1873 3166 1945 colligi
3197 1883 3386 1944 posset
3438 1882 3494 1928 et
3536 1873 3805 1934 concludi,

2235 1960 2479 2035 dilapsus
2509 1972 2594 2021 est
2624 1975 2680 2021 et
2705 1966 3046 2023 dissolutus?
3073 1967 3150 2021 Ad
3188 1968 3302 2022 haec
3351 1970 3519 2023 etiam
3563 1967 3694 2022 illud
3732 1984 3811 2021 τρε

2234 2054 2416 2125 quiro,
2450 2056 2593 2127 quod
2619 2057 2690 2112 sit
2719 2059 3028 2121 munimen,
3056 2073 3222 2129 super
3238 2060 3384 2129 quod
3408 2068 3521 2112 tam
3545 2060 3813 2112 immensae

2235 2148 2566 2218 molis‘jacta
2604 2150 2715 2205 sint
2741 2149 3132 2206 fundamenta?
3157 2151 3223 2205 Et
3243 2168 3441 2207 rursus
3474 2150 3609 2205 illud
3641 2152 3811 2220 ipsum

2232 2239 2379 2310 quod
2411 2239 2620 2296 dixeris
2649 2245 2950 2307 munimen,
2984 2259 3153 2314 super
3180 2243 3310 2314 quid
3338 2243 3565 2312 jaceat?
3592 2241 3657 2295 Et
3689 2243 3814 2296 item

2232 2332 2366 2389 illud
2394 2334 2563 2399 aliud,
2579 2350 2746 2407 super
2763 2336 2933 2406 quid?
2950 2344 3004 2391 et
3026 2352 3269 2407 eousque
3284 2335 3675 2407 interrOgaudo
3690 2352 3815 2406 pro-

2230 2424 2465 2495 grediar.
2491 2426 2665 2481 donec
2686 2428 2969 2497 responsio
2986 2426 3055 2481 ad
3080 2427 3289 2483 mhilet
3312 2428 3478 2482 inane
3512 2425 3811 2497 perveniat.

2305 2514 2447 2571 XIX.
2492 2517 2648 2584 Quod
2679 2518 2727 2573 si
2780 2517 2928 2573 dicat
2986 2518 3186 2588 aliquis
3211 2557 3227 2581 ,
3258 2518 3389 2588 quia
3418 2518 3589 2571 atomi
3641 2518 3810 2588 igneae

2229 2609 2513 2680 qualitatis
2543 2610 2855 2681 conjunctae
2877 2611 2980 2666 sibi
3012 2625 3214 2680 corpus
3241 2626 3410 2664 unum
3457 2609 3728 2671 fecerunt,
3760 2620 3811 2662 et

2226 2699 2355 2769 quia
2386 2699 2525 2771 ignis
2548 2701 2789 2772 qualitas
2811 2717 2918 2755 non
2951 2700 3208 2756 deorsum
3238 2699 3333 2755 sed
3359 2716 3585 2754 sursum
3616 2698 3809 2761 tendit,

2227 2789 2537 2860 impositam
2559 2792 2747 2847 mundi
2773 2793 2969 2847 molem
2987 2793 3057 2848 ad
3078 2792 3365 2865 superiora
3387 2807 3611 2863 semper
3633 2790 3813 2845 nitens

2226 2883 2365 2956 ignis
2377 2892 2569 2939 natura
2588 2887 2902 2954 subvectat;
2928 2887 2994 2941 ad
3013 2887 3129 2942 hac
3142 2886 3606 2956 respondebimus
3626 2905 3641 2941 :
3666 2884 3813 2952 Quo—

2223 2976 2386 3031 modo
2409 2984 2705 3046 potuerunt
2723 2979 2888 3032 atomi
2917 2978 3091 3051 ignea:
3114 2979 3420 3050 qualitatis,
3446 2993 3575 3047 qme
3599 2992 3814 3047 semper

546 3063 815 3120 immensa
843 3074 897 3122 et
926 3066 1047 3123 sine
1071 3068 1174 3124 fine
1206 3078 1451 3140 tempora
1482 3069 1831 3125 miscentium
1863 3084 1922 3124 se
1956 3077 2122 3141 atque
2148 3110 2193 3168 ο
2226 3066 2292 3121 ad
2312 3067 2597 3136 superiora
2637 3068 2978 3124 contendunt
2998 3109 3014 3133 ,
3050 3069 3107 3123 in
3150 3068 3411 3123 inferiora
3452 3066 3816 3132 descendere,

544 3155 602 3210 in
626 3172 795 3210 unum
826 3159 1291 3228 conglobantium,
1323 3173 1557 3231 corpora
1586 3146 1760 3218 solida
1789 3160 2116 3217 ctliciuntur.

545 3244 665 3301 Non
686 3247 846 3303 venio
866 3249 932 3304 ad
958 3250 1094 3315 hac,
1125 3258 1185 3305 ut
1207 3266 1321 3307 rem
1345 3252 1647 3308 fabulosam
1670 3260 1727 3308 et
1760 3254 1941 3323 inepte
1969 3267 2124 3308 com-

545 3340 778 3410 positam
810 3341 1023 3410 dicam;
1076 3343 1359 3399 videamus
1406 3345 1581 3417 magis
1634 3346 1682 3401 si
1738 3345 2121 3416 qualecunque

545 3428 692 3485 istud
728 3438 842 3496 est,
875 3439 1055 3501 potest
1075 3441 1226 3499 stare
1261 3434 1410 3505 quod
1471 3436 1692 3492 dicitur.
1753 3435 1921 3491 Aiunt
1971 3434 2117 3490 enim

541 3523 870 3592 corpuscula
896 3524 1014 3594 ipsa
1044 3542 1165 3596 quae
1188 3534 1401 3584 atomos
1424 3528 1698 3598 appellant
1721 3528 1858 3601 (62),
1884 3528 2119 3587 diversis

540 3627 667 3666 esse
694 3614 1074 3682 qualitatibus,
1106 3628 1159 3673 et
1189 3620 1294 3674 alia
1328 3619 1549 3690 quidem
1581 3619 1803 3674 humida
1834 3628 1888 3675 et
1917 3620 1988 3675 ob
2014 3621 2118 3675 hoc

542 3704 730 3773 gravia
753 3720 817 3760 ac
842 3707 1099 3765 deorsum
1129 3712 1427 3777 tendentia,
1450 3711 1558 3766 alia
1584 3728 1712 3767 vero
1737 3711 1889 3768 arida
1920 3722 1975 3769 et
2004 3721 2120 3769 ter-

544 3811 675 3850 rena
702 3806 866 3869 atque
893 3800 964 3855 ob
986 3800 1089 3857 hoc
1113 3803 1470 3861 nihilominus
1513 3805 1699 3876 gravia
1723 3846 1739 3871 ,
1791 3805 1900 3860 alia
1932 3813 2114 3862 autem

543 3888 702 3958 ignea
733 3898 787 3945 et
817 3892 889 3946 ob
919 3893 1021 3947 hoc
1045 3910 1264 3951 sursum
1295 3912 1512 3968 semper
1536 3896 1787 3961 nitentia,
1823 3899 1926 3953 alia
1984 3915 2115 3954 vero

541 3976 740 4050 frigida
771 3989 825 4036 et
853 3983 924 4038 ob
950 3983 1052 4039 hoc
1077 3986 1229 4057 pigra
1260 3995 1315 4043 et
1344 4005 1559 4059 semper
1584 3990 1783 4044 media.
1828 3989 2114 4056 Quomodo

537 4084 671 4141 emo
700 4087 824 4126 cum
850 4074 955 4128 alia
986 4092 1200 4146 semper
1220 4095 1440 4135 sursum
1467 4081 1691 4135 tendant
1718 4090 1906 4150 utpote
1932 4082 2110 4153 ignea,

536 4170 593 4217 ct
619 4164 723 4217 alia
754 4180 971 4235 semper
1026 4167 1284 4225 deorsum
1341 4180 1525 4241 utpote
1556 4172 1780 4226 humida
1830 4184 1885 4229 et
1934 4175 2110 4241 arida,

539 4253 646 4307 alia
672 4270 799 4310 vero
831 4256 1009 4311 media
1038 4265 1092 4312 et
1126 4274 1233 4313 non
1262 4260 1457 4331 aequali
1478 4275 1643 4316 cursu
1668 4261 1940 4326 incedant,
1962 4263 2113 4320 coire

537 4343 703 4398 simul
732 4353 1103 4414 potueruntet
1132 4365 1297 4403 unum
1333 4365 1533 4421 corpus
1568 4350 1819 4408 edicere?
1876 4350 1935 4407 Si
1986 4352 2110 4424 quis

2225 3168 2279 3217 et
2302 3162 2356 3216 in
2388 3160 2662 3233 profundo
2687 3176 2751 3216 ac
2785 3162 2891 3218 sub
2919 3162 3102 3217 omnia
3124 3161 3376 3218 demerso
3398 3164 3642 3217 inveniri
3671 3164 3817 3219 loco?

2223 3251 2362 3307 Cum
2392 3252 2585 3322 utique
2623 3251 2907 3323 graviores
2947 3267 3176 3323 quaeque
3200 3292 3215 3316 ,
3260 3253 3311 3307 id
3340 3259 3426 3308 est
3469 3260 3709 3308 terrena:
3733 3254 3817 3307 vel

2224 3342 2459 3398 humidae
2488 3344 2784 3415 qualitates
2806 3345 3162 3414 praeveniant,
3182 3352 3241 3399 ut
3263 3344 3535 3409 diximus.
3558 3345 3816 3409 leviores,

2222 3436 2368 3492 unde
2395 3445 2448 3493 et
2469 3438 2668 3493 ccelum
2703 3440 2851 3493 velut
2904 3438 3248 3508 superiorum
3302 3438 3582 3492 fabricam
3636 3440 3817 3509 igneis

2223 3532 2446 3596 atomis,
2479 3546 2603 3603 qua:
2625 3540 2681 3585 et
2711 3530 2947 3587 leviores
2975 3542 3105 3587 sunt
3125 3541 3178 3585 et
3208 3546 3434 3585 sursum
3463 3548 3689 3602 semper
3724 3533 3809 3585 fu-

2220 3624 2396 3696 giunt,
2423 3634 2681 3678 asserunt
2710 3630 2999 3679 structam.
3033 3620 3221 3691 Neque
3264 3637 3400 3692 ergo
3449 3621 3815 3675 fundamenta

2220 3715 2363 3788 ignis
2392 3725 2487 3770 aut
2524 3716 2627 3770 alia
2679 3716 2787 3770 ulla
2818 3715 3022 3770 habere
3074 3712 3315 3769 mundus
3376 3721 3589 3783 potest,
3639 3729 3815 3784 neque

2218 3806 2416 3862 atomis
2446 3806 2795 3878 gravioribus
2826 3821 2951 3860 cum
2987 3805 3307 3868 levioribus,
3342 3804 3396 3858 id
3435 3814 3524 3860 est
3554 3806 3644 3861 liis
3690 3822 3811 3876 qua:

2216 3898 2475 3955 deorsum
2517 3913 2735 3970 semper
2772 3898 3189 3969 praecipitantur
3229 3905 3282 3951 et
3315 3898 3405 3951 his
3431 3914 3560 3967 qua:
3587 3913 3808 3967 semper

2216 4004 2438 4045 sursum
2462 3988 2698 4061 fugiunt,
2721 3989 2958 4046 societas
2988 3998 3085 4043 aut
3106 3989 3515 4060 compaginatio
3541 3990 3657 4043 ulta
3677 4006 3809 4043 con—

2214 4080 2415 4135 veniat.
2474 4079 2645 4151 Igitur
2695 4079 2840 4151 quod
2878 4080 3216 4150 impossibile
3264 4082 3336 4137 sit
3364 4096 3437 4134 ex
3484 4089 3803 4136 atomorum

2212 4169 2604 4237 conjunctione
2646 4184 2876 4239 corpora
2928 4170 3119 4224 mundi
3152 4170 3402 4237 solidati,
3466 4172 3805 4229 sufﬁcienter

2211 4258 2442 4321 dictum,
2473 4265 2530 4314 et
2553 4259 2698 4329 quod
2717 4274 2829 4314 non
2859 4262 3139 4331 potuerint
3158 4260 3511 4318 insensibilia
3544 4280 3803 4334 corpora.

2211 4349 2424 4404 etiamsi
2453 4350 2564 4404 ulla
2611 4350 2827 4405 ratione
2868 4351 3019 4406 coire
3061 4360 3117 4406 et
3160 4354 3416 4408 connecti
3464 4355 3802 4424 potuissent.

535 4433 682 4487 enim
742 4435 811 4490 de
860 4439 1258 4507 superioribus,
1291 4441 1443 4497 verbi
1486 4443 1657 4511 gratia
1707 4443 2106 4499 minutissimas
2138 4445 2184 4500 D
2212 4439 2416 4496 formas
2446 4442 2579 4497 dare
2606 4442 2953 4512 corporibus,
2982 4451 3038 4499 et
3066 4459 3378 4511 mensuras,
3415 4448 3673 4502 membr‘a
3708 4448 3809 4501 lin-

536 4525 744 4595 paleas,
773 4534 828 4581 et
856 4528 923 4582 ad
960 4531 1204 4585 eamdem
1264 4532 1692 4602 magnitudinem
1750 4533 2109 4590 minutissimi

537 4616 743 4684 plumbi
767 4618 1067 4687 particulas
1088 4619 1342 4676 deorsum
1369 4622 1560 4691 jaciat,
1583 4622 1831 4692 nunquid
1854 4632 2109 4692 poterunt

531 4708 786 4775 quamvis
839 4713 1075 4780 aequales
1126 4713 1239 4767 sint
1291 4713 1687 4783 magnitudine,
1747 4715 1892 4769 leves
1941 4714 2109 4785 palea:

534 4808 718 4870 partes
755 4803 963 4872 plumbi
994 4804 1292 4874 particulas
1320 4805 1627 4875 consequi?
1658 4806 1818 4876 longe
1841 4807 1987 4860 enim
2012 4822 2107 4862 ve—

532 4889 709 4946 locius
734 4892 803 4947 ad
849 4893 1019 4948 imum
1071 4896 1322 4966 graviora
1362 4896 1706 4965 perveniunt.
1770 4898 1845 4952 Ita
1892 4912 2024 4967 ergo
2053 4906 2110 4953 et

432 5038 437 5047 ,
528 4983 721 5048 atomi,
766 4985 983 5041 etiamsi
1022 4986 1393 5057 magnitudine
1422 4989 1659 5058 aequales
1682 4988 1814 5055 sint,
1871 4988 2109 5059 pondere

530 5081 716 5130 tamen
739 5077 1056 5146 inaquales.
1083 5094 1363 5148 nunquam
1384 5088 1640 5150 poterunt
1660 5097 1782 5152 qua-
1814 5082 1958 5135 leves
1980 5091 2109 5136 sunt

528 5166 794 5235 consequi
823 5168 1132 5237 graviores;
1158 5168 1304 5238 quod
1338 5171 1385 5223 si
1417 5171 1679 5240 consequi
1704 5187 1812 5227 non
1848 5180 2101 5243 possunt,

529 5254 653 5312 sine
680 5257 850 5314 dubio
870 5275 972 5315 nec
1002 5260 1221 5337 misceri
1246 5276 1347 5315 nec
1377 5276 1578 5331 corpus
1600 5263 1836 5317 efficere.

604 5345 791 5405 XVIII.
822 5348 962 5405 Tum
1007 5350 1206 5405 deinde
1234 5352 1281 5407 si
1336 5352 1710 5409 indesinenter
1755 5354 2011 5410 feruntur
2047 5363 2103 5412 et

2208 4547 2362 4604 gere,
2393 4533 2478 4587 vel
2505 4533 2798 4603 qualitates
2831 4533 3073 4600 efficere,
3107 4536 3193 4591 vel
3229 4538 3549 4606 exprimere
3580 4542 3807 4610 quanti-

2212 4632 2389 4692 tates;
2419 4640 2540 4694 quaz
2567 4625 2757 4695 utique
2783 4628 2969 4681 omnia
3000 4627 3374 4683 modulatione
3420 4632 3544 4693 sui,
3581 4648 3805 4685 manum

2211 4722 2481 4771 testantur
2508 4716 2734 4771 artiﬁcis
2763 4724 2817 4770 et
2847 4732 2985 4787 opus
3017 4720 3246 4775 rationis
3276 4722 3609 4785 ostendunt,
3638 4741 3804 4794 quam

2211 4806 2477 4861 rationem
2511 4821 2613 4875 ego
2636 4804 2872 4860 Verbum
2899 4815 2952 4860 et
2987 4806 3151 4861 Deum
3187 4811 3428 4879 appello.

2198 4926 2201 4927 ν
2282 4893 2401 4948 XX.
2435 4894 2542 4950 Sed
2570 4895 2719 4950 dicet
2745 4896 2946 4966 aliquis
2969 4895 3083 4951 Ιιωο
3105 4913 3136 4950 a
3163 4908 3359 4952 natura
3384 4900 3536 4959 ﬁeri.
3590 4900 3715 4955 .Iam
3750 4904 3803 4955 in

2208 4985 2315 5041 hoc
2339 4986 2407 5041 de
2428 4986 2649 5042 nomine
2679 4988 3054 5042 controversia
3083 4996 3187 5044 est.
3221 4989 3358 5044 Cum
3382 4994 3538 5046 enim
3584 5003 3806 5048 constet

2209 5079 2411 5133 mentis
2438 5094 2561 5135 esse
2582 5087 2637 5134 et
2658 5080 2890 5135 rationis
2916 5095 3078 5149 opus,
3131 5080 3234 5135 hoc
3263 5084 3409 5151 quod
3446 5093 3503 5139 tu
3540 5092 3802 5139 naturam

2206 5186 2395 5235 vocas,
2426 5187 2525 5241 ego
2549 5170 2719 5227 Deum
2751 5173 3093 5229 conditorem
3116 5191 3284 5243 voco;
3311 5185 3537 5232 constat
3572 5194 3678 5232 nec
3704 5193 3806 5247 βυτ

2206 5264 2381 5319 tuisse
2410 5279 2511 5319 nec
2544 5279 2707 5335 posse
2737 5266 2820 5321 vel
2848 5281 3141 5337 corporum
3180 5269 3393 5341 Species
3435 5280 3550 5324 tam
3596 5286 3801 5325 neces-

2210 5356 2372 5411 sariis
2398 5356 2847 5411 distinctionibus
2878 5357 3180 5425 institutas,
3212 5359 3294 5414 vel
3323 5361 3645 5417 animorum
3670 5376 3801 5417 seu.

1828 5490 2198 5549 COTELERII
2233 5493 2464 5550 NOTAE.

602 5620 725 5711 φῖ)Δ
752 5622 1092 5711 ᾼξκηιῌοηὶηι
1132 5632 1585 5711 σοφυετυῄιαῇιηοα
1613 5648 1729 5701 qua:
1754 5642 1958 5711 atomos
2001 5650 2099 5711 ap-

2204 5634 2480 5713 tribuebat
2529 5636 2873 5695 solummodo
2911 5639 3139 5711 ﬁguram
3169 5679 3184 5707 ,
3215 5639 3683 5713 magnitudinem
3743 5646 3801 5698 et

527 5692 750 5762 pellant,
771 5703 879 5753 etc.
904 5695 1025 5754 Non
1052 5697 1159 5756 hoc
1185 5692 1401 5757 dicebat
1428 5692 1730 5771 Epicurus;
1762 5703 1871 5759 imo
1899 5692 2097 5759 atomis
2200 5705 2436 5771 pondus.
