3848 6246
148 302 263 359 I381
1304 303 1860 362 RECOGNITIONUM
1898 309 2024 363 LIB.
2055 309 2186 364 VIII.
3173 322 3311 380 1382

154 433 257 481 sus,
287 414 638 470 irrationabili
661 432 833 487 opere
851 428 905 475 et
926 421 1070 489 quod
1102 436 1261 477 sensu
1290 429 1471 475 careat
1508 422 1665 477 emei.
1695 432 1741 487 Α
1838 422 1998 479 XXII.
2057 423 2160 479 Sed
2206 414 2273 479 ne
2319 425 2385 480 de
2423 425 2507 481 his
2548 441 2665 496 que
2701 444 2807 483 non
2834 431 3084 489 omnibus
3131 437 3303 503 palam

132 505 290 570 Quod
314 505 357 558 si
380 504 556 559 idonei
582 506 681 562 tibi
717 516 879 563 testes
905 510 1151 563 videntur
1171 510 1492 580 philosophi,
1518 510 1668 565 Plato
1768 520 1915 576 sunt,
1942 515 2145 568 incerta
2171 515 2415 597 videatur
2436 520 2684 581 assertio,
2711 517 2776 571 ad
2806 533 2867 573 ea
2887 523 3165 579 veniamus
3186 543 3305 597 quae

152 598 208 653 de
232 598 310 652 his
336 607 565 653 testatur
587 600 642 654 in
666 599 860 656 Timeo
890 604 1022 675 (65),
1052 606 1141 659 ubi
1172 606 1237 659 de
1263 607 1445 661 mundi
1463 607 1667 663 factura

150 686 427 742 discutiens
478 690 731 757 requirit,
768 699 1071 747 utrumnam
1113 710 1322 763 semper
1374 694 1563 759 fuerit,
1598 712 1666 750 an

149 775 336 831 initium
364 766 681 846 sumpserit,
711 787 764 834 et
800 784 1110 851 pronuntiat
1157 784 1283 853 quia
1333 784 1506 839 factus
1538 786 1608 840 sit
1644 801 1658 837 :

150 863 365 919 Visihilis
398 865 565 930 enim,
597 866 793 937 inquit,
826 878 988 925 estet
1034 873 1315 942 palpabilis
1347 883 1507 940 atque
1536 889 1662 928 cor-

143 968 339 1023 poreus,
371 954 554 1008 omnia
583 964 764 1012 autem
792 974 912 1027 que
966 961 1271 1030 huiusmodi
1324 970 1470 1026 sunt,
1520 962 1660 1017 facta

139 1058 243 1097 esse
274 1051 518 1109 constat;
549 1047 697 1115 quod
728 1056 906 1103 autem
940 1049 1136 1103 factum
1164 1060 1267 1115 est,
1297 1054 1529 1123 aliquem
1556 1054 1657 1106 ha-

137 1132 211 1186 bet
249 1134 360 1187 sine
389 1134 553 1189 dubio
583 1144 860 1192 auctorem
881 1177 896 1201 ,
927 1154 957 1193 a
988 1155 1095 1209 quo
1128 1139 1325 1196 factum
1355 1153 1454 1199 est.
1503 1143 1658 1202 Hunc

133 1237 261 1291 ergo,
287 1224 482 1292 inquit,
522 1225 781 1282 factorem
803 1239 1179 1300 parentemque
1204 1233 1462 1295 omnium,
1489 1242 1543 1289 et
1570 1235 1655 1290 in-

134 1314 294 1367 venire
313 1313 528 1370 dilIicile
564 1324 649 1371 est
670 1327 724 1370 et
770 1318 1044 1373 inventum
1079 1323 1235 1394 vulgo
1263 1340 1518 1380 enarrare
1553 1328 1655 1381 im—

130 1403 383 1468 possibile.
417 1403 543 1457 Hec
590 1407 810 1475 quidem
850 1407 1003 1464 Plato
1030 1412 1159 1466 dicit
1185 1430 1200 1479 ;
1231 1414 1327 1467 sed
1370 1422 1423 1469 et
1465 1417 1511 1470 si
1542 1417 1654 1485 ipse

129 1492 307 1560 aliique
336 1492 648 1565 Grecorum
683 1497 987 1568 philosophi
1018 1500 1084 1555 de
1113 1501 1319 1557 factura
1360 1506 1543 1559 mundi
1578 1506 1650 1560 si-

128 1582 221 1635 lere
247 1583 563 1647 voluissent,
600 1602 782 1641 nonne
811 1590 1064 1645 omnibus
1097 1591 1424 1648 intellectum
1447 1595 1650 1650 haben-

129 1671 254 1724 tibus
299 1672 472 1739 palam
531 1676 718 1728 esset?
745 1674 876 1741 Quis
906 1679 1050 1732 enim
1104 1688 1188 1736 est
1244 1683 1420 1750 exigui
1456 1685 1646 1739 saltem

1767 603 2030 658 neminem
2064 605 2250 658 latent.
2267 586 2410 669 'Quis
2425 614 2690 660 astrorum
2708 622 2901 663 cursus
2924 618 3069 664 tanta
3094 615 3304 673 ratione

1765 690 2051 761 disposuit,
2086 701 2345 763 ortusque
2366 710 2552 749 eorum
2582 704 2636 751 et
2653 699 3151 765 occasusinstituit,
3182 720 3302 759 cer-

1764 781 1939 850 tisque
1983 790 2037 836 et
2091 783 2361 839 demensis
2404 786 2735 853 temporibus
2781 788 3070 859 unicuique
3118 801 3301 849 tenere

1762 873 1883 926 celi
1915 873 2173 927 ambitum
2206 873 2389 928 dedit?
2418 876 2550 941 Quis
2572 877 2637 930 ad
2664 893 2913 933 occasum
2942 881 3063 935 aliis
3090 898 3301 952 semper

1760 962 1998 1025 tendere,
2030 963 2151 1017 aliis
2181 964 2343 1017 etiam
2371 965 2545 1020 rcdire
2572 966 2626 1019 in
2657 975 2834 1020 ortum
2857 970 3137 1037 permisit?
3165 972 3297 1037 Quis

1758 1048 2015 1118 imposuit
2041 1050 2255 1103 modum
2288 1052 2539 1106 cursibus
2569 1054 2719 1116 solis,
2746 1062 2804 1108 ut
2833 1056 2995 1110 horas
3016 1063 3071 1111 et
3099 1057 3214 1113 dies
3242 1067 3297 1114 et

1756 1154 1970 1193 menses
1997 1147 2051 1193 et
2085 1147 2383 1208 temporum
2410 1143 2811 1199 vicissitudines
2855 1145 3088 1201 diversis
3132 1150 3295 1203 moti-

1755 1226 1856 1281 bus
1885 1229 2092 1297 signet,
2123 1236 2175 1282 et
2204 1243 2346 1282 nunc
2390 1229 2617 1284 hiemem
2642 1270 2655 1294 ,
2704 1232 2831 1286 inde
2870 1250 2984 1299 ver,
3020 1244 3255 1291 aestatem
3275 1277 3293 1302 ,

1755 1322 1875 1383 post
1898 1326 1951 1369 et
1973 1322 2286 1369 autumnum
2308 1323 2453 1370 certa
2476 1332 2672 1373 cursus
2702 1320 2786 1373 sui
2815 1320 3153 1378 dimensione
3181 1325 3298 1379 dis-

1754 1411 1973 1467 cernat,
2054 1413 2107 1459 et
2155 1420 2367 1474 semper
2418 1408 2618 1463 eisdem
2686 1411 2893 1465 vicibus
2939 1414 3065 1467 anni
3109 1416 3293 1470 orbein

1753 1494 2035 1549 inconfusa
2081 1496 2339 1551 varietate
2385 1498 2768 1571 constringat?
2820 1501 2985 1567 Quis,
3041 1505 3289 1575 inquam,

1751 1584 1884 1637 tanti
1910 1583 2116 1639 ordinis
2159 1586 2607 1651 moderatricem,
2658 1605 2765 1643 non
2811 1590 2986 1660 ipsam
3029 1591 3120 1646 Dei
3165 1608 3292 1662 pro-

1749 1674 1957 1729 nuntiet
1985 1676 2300 1744 sapientiam
2324 1677 2348 1729 ?
2377 1676 2441 1729 Et
2468 1678 2579 1731 hec
2623 1680 2837 1748 quidem
2873 1683 3165 1737 secundum
3201 1686 3291 1739 illa

125 1774 297 1814 sensus
320 1760 509 1825 homo,
537 1764 632 1832 qui
680 1779 803 1817 cum
832 1774 1016 1820 cernat
1044 1768 1261 1823 domum
1302 1772 1482 1825 omnia
1524 1790 1642 1843 qum
1673 1763 1714 1816 Β
1735 1764 1896 1818 nobis
1924 1764 2069 1818 ὁίοῑει
2095 1766 2226 1827 sint,
2251 1781 2369 1835 quae
2397 1766 2463 1822 de
2487 1769 2821 1824 CXCGISOI'IIID
2849 1770 3150 1842 disciplinis
3178 1782 3293 1829 tra-

124 1847 179 1900 ad
206 1863 330 1903 usus
350 1851 665 1905 necesSaria
692 1861 819 1908 sunt
848 1854 1154 1922 habentem,
1185 1858 1340 1926 cujus
1380 1874 1645 1915 cameram

124 1933 404 2003 insphere
421 1953 609 2007 gyrum
633 1941 817 1997 videat
870 1945 1171 2011 collectam,
1228 1962 1452 2016 eamque
1497 1949 1647 2002 vario

122 2021 385 2089 splendore
413 2034 470 2080 et
496 2026 731 2086 diversis
756 2031 1077 2101 imaginibus
1093 2033 1381 2103 depictam,
1413 2035 1645 2090 lumina-

122 2110 252 2165 ribus
280 2114 568 2184 praecipuis
612 2127 668 2173 et
700 2121 946 2175 maximis
978 2122 1331 2190 adornatam;
1369 2124 1514 2194 quis,
1561 2126 1646 2180 in-

119 2215 280 2268 quam,
332 2214 436 2269 est,
493 2209 589 2279 qui
639 2210 951 2280 liujusmodi
979 2211 1236 2267 fabricam
1283 2214 1489 2281 videns,
1535 2233 1642 2271 non

119 2291 275 2345 statim
312 2299 624 2366 pronuntiet
669 2314 700 2353 a
736 2302 1135 2369 sapientissimo
1164 2311 1218 2359 et
1266 2307 1643 2375 potentissimo

117 2379 300 2439 artiﬁce
344 2389 754 2443 constructam?
782 2389 847 2443 Et
894 2391 968 2445 ita
994 2393 1117 2464 quis
1171 2395 1473 2452 invenietur
1508 2399 1642 2454 insi-

118 2472 287 2538 piens,
308 2482 365 2530 ut
393 2493 516 2530 cum
541 2478 669 2534 celi
687 2495 825 2548 opus
855 2481 1130 2551 inSpiciat,
1151 2485 1489 2553 splendorem
1511 2491 1641 2546 solis

116 2569 280 2615 cernat
304 2577 366 2617 ac
396 2565 557 2628 Iune,
592 2573 868 2621 astrorum
898 2583 1092 2623 cursus
1122 2576 1175 2623 et
1195 2571 1401 2638 species
1430 2582 1485 2627 et
1527 2574 1641 2628 vias

115 2652 259 2706 certis
286 2654 590 2710 rationibus
607 2663 662 2711 et
680 2658 1014 2726 temporibus
1034 2659 1213 2714 videat
1230 2659 1501 2727 deﬁnitas,
1532 2679 1638 2717 non

116 2746 206 2794 tam
237 2756 266 2795 a
292 2745 533 2813 sapiente
559 2746 677 2800 hec
701 2748 908 2803 artifice
937 2759 989 2804 et
1013 2751 1354 2817 rationabili,
1387 2769 1546 2823 quam
1573 2754 1639 2806 ab

115 2829 213 2898 ipsa
233 2834 496 2902 sapientia
522 2844 576 2890 et
605 2840 817 2891 ratione
850 2838 1044 2893 clamet
1074 2839 1297 2895 effecta?

171 2918 298 2975 XXI.
324 2923 478 2989 Quod
506 2933 560 2980 et
580 2928 629 2982 si
658 2928 952 2982 secundum
977 2929 1111 2984 alios
1132 2929 1438 2986 Grecorum
1463 2933 1638 3003 philo~

112 3007 289 3075 sophos
322 3013 512 3067 audire
538 3014 644 3077 vis,
675 3021 729 3068 et
758 3015 1087 3072 mechanicis
1117 3017 1357 3074 imbutus
1386 3036 1444 3075 es
1470 3021 1635 3077 disci-

1749 1854 1952 1908 duntur
1977 1869 2006 1907 a
2037 1853 2258 1910 Grecis.

1816 1939 2004 1995 XXIII.
2048 1941 2186 2008 Quid
2214 1950 2393 1998 autem
2422 1952 2474 1999 et
2500 1945 2566 2000 de
2590 1945 2729 2009 his,‘
2753 1964 2871 2016 que
2910 1950 2991 2003 vel
3031 1951 3084 2004 in
3125 1954 3288 2010 terris

1746 2034 1828 2088 vel
1862 2035 1915 2087 in
1944 2035 2078 2089 mari
2111 2035 2356 2091 videmus
2379 2026 2411 2088 ’ἶ
2438 2053 2618 2092 nonne
2657 2040 2936 2094 evidenter
2976 2043 3284 2107 edocemur,

1745 2123 1839 2179 Dei
1875 2125 1927 2178 in
1955 2125 2039 2179 his
2067 2139 2175 2178 non
2216 2125 2388 2180 solum
2430 2142 2563 2195 opus
2601 2143 2751 2191 esse,
2784 2129 2876 2184 sed
2911 2138 2964 2184 et
3000 2132 3288 2201 providen-

1744 2213 1917 2267 tiam?
1941 2212 2073 2266 Nam
2099 2213 2242 2282 quod
2272 2216 2325 2268 in
2358 2224 2498 2269 terra
2529 2225 2735 2273 montes
2758 2221 2956 2276 excelsi
2982 2222 3091 2292 (65)
3121 2226 3287 2281 certis

1743 2303 2047 2373 quibusque
2075 2303 2344 2359 habentur
2373 2306 2426 2358 in
2458 2306 2593 2361 locis
2613 2347 2627 2371 ,
2660 2316 2719 2361 ut
2744 2326 2809 2363 ex
2836 2310 2920 2365 his
2949 2313 3093 2366 velut
3135 2329 3283 2367 com-

1743 2407 1962 2461 pressus
1984 2400 2039 2447 et
2069 2402 2456 2463 coangustatns
2485 2410 2576 2450 aer
2603 2398 2946 2454 ordinatione
2981 2399 3075 2466 Dei
3120 2416 3284 2471 coga-

1742 2490 1828 2535 tur
1856 2490 1909 2535 et
1936 2482 2270 2552 exprimatur
2298 2484 2353 2539 in
2381 2493 2605 2550 ventos,
2635 2502 2701 2541 ex
2727 2488 2925 2556 quibus
2969 2496 3022 2543 et
3066 2488 3279 2547 fructus

1740 2586 1956 2641 germen
2001 2573 2348 2643 concipiant,
2397 2582 2451 2628 et
2495 2576 2714 2631 estivus
2761 2577 2924 2631 ardor
2970 2581 3281 2650 temperiem

1739 2671 1947 2726 sumat,
1992 2676 2115 2716 cum
2152 2661 2394 2719 Pleiades
2440 2664 2551 2736 (66)
2594 2666 2775 2735 ignita:
2815 2668 2948 2722 solis
2990 2670 3280 2726 ardoribus

1740 2751 2134 2808 incanduerint.
2184 2752 2287 2809 Sed
2333 2755 2520 2811 dices:
2565 2755 2678 2810 Cur
2720 2766 2775 2812 et
2811 2758 2973 2813 ardor
3011 2762 3173 2827 solis,
3220 2772 3281 2816 ut

1738 2844 2022 2913 temperies
2053 2845 2401 2913 requiratur?
2433 2845 2496 2898 Et
2524 2846 2792 2915 quomodo
2822 2847 3001 2918 fruges
3028 2849 3279 2907 humanis

1737 2933 1926 2988 usibus
1953 2935 2270 2990 necessarie
2301 2938 2771 2991 maturescerent?
2801 2936 2905 2993 Sed
2936 2945 2990 2993 et
3019 2939 3149 2994 illud
3182 2941 3276 2994 ad-

1736 3030 1916 3087 verte,
1972 3023 2112 3092 quod
2161 3023 2228 3083 ad
2259 3038 2411 3079 axem
2468 3026 2861 3092 meridianum,
2909 3028 2998 3083 ubi
3041 3029 3163 3099 plus
3195 3039 3278 3085 est

113 3096 274 3163 plinis,
303 3100 368 3156 de
389 3105 621 3158 excelsis
641 3119 760 3173 que
782 3105 1090 3169 traduntur,
1117 3123 1219 3161 non
1250 3118 1301 3163 te
1327 3111 1444 3166 sine
1471 3112 1634 3168 dubio
1662 3082 1703 3139 ϐ
1737 3113 1967 3169 caloris.
1998 3129 2108 3168 non
2139 3115 2308 3167 multa
2336 3114 2496 3168 datur
2522 3116 2745 3169 nubium
2776 3118 3134 3187 constipatio,
3174 3136 3278 3175 nec

112 3183 278 3244 latent.
311 3189 525 3245 Ponunt
560 3194 704 3247 enim
755 3194 1022 3261 spheram
1048 3199 1327 3265 equalitcr
1371 3215 1438 3254 ex
1487 3204 1631 3256 omni

112 3285 243 3343 parte
270 3281 572 3344 collectam,
592 3289 647 3336 et
674 3282 740 3335 ad
762 3284 942 3337 omnia
959 3285 1207 3342 similiter
1232 3288 1628 3360 reSpicientcm,

108 3369 248 3432 amne
271 3380 301 3419 a
323 3378 511 3424 centro
531 3377 691 3423 terre
715 3372 885 3440 equis
912 3374 1103 3442 spatiis
1128 3374 1459 3442 distinctam,
1489 3381 1634 3450 ipsa-

106 3466 196 3520 que
218 3456 300 3509 sui
328 3458 637 3526 equalitate
677 3458 749 3511 ita
778 3460 1045 3529 stabilem,
1080 3474 1138 3519 ut
1163 3479 1281 3519 eam
1331 3466 1385 3520 in
1428 3471 1629 3523 nullam

104 3552 289 3609 partem
342 3547 620 3602 declinare
658 3549 899 3623 undique
931 3554 1209 3624 equalitas
1253 3558 1479 3612 collecta
1508 3575 1630 3628 per-

104 3630 293 3700 mittat;
327 3642 380 3688 et
410 3636 489 3691 ita
514 3651 546 3692 a
576 3638 727 3693 nullo
766 3640 1076 3697 fulcimento
1111 3644 1364 3699 subvecta
1412 3654 1631 3702 susten-

102 3725 233 3778 tatur
260 3727 492 3796 sphera.
522 3729 674 3794 Quod
704 3729 749 3785 si
773 3746 896 3785 vere
927 3731 1065 3787 hanc
1096 3734 1293 3789 habeat
1324 3734 1632 3791 similitudi-

101 3825 208 3867 nem
232 3817 421 3870 mundi
460 3817 731 3883 machina,
763 3819 983 3875 evidens
1010 3830 1094 3876 est
1141 3839 1278 3893 opus
1305 3824 1358 3877 in
1391 3840 1452 3880 ea
1492 3825 1632 3880 divi-

99 3914 213 3956 num
258 3906 313 3959 Si
350 3921 501 3969 vero,
522 3914 580 3958 ut
608 3907 728 3960 aliis
743 3909 916 3963 visum
940 3916 1042 3970 est,
1073 3926 1235 3980 super
1259 3927 1427 3981 aquas
1454 3917 1627 3983 posita

99 3990 294 4057 Sphau-a
331 3994 445 4064 (64)
477 3995 559 4049 vel
585 4011 747 4066 super
772 3997 917 4067 ipsas
945 3997 1134 4065 fertur,
1160 4001 1242 4054 vel
1271 4002 1324 4053 in
1348 4001 1481 4069 ipsis
1508 4004 1626 4057 vol-

96 4078 245 4146 vitur,
282 4086 448 4139 etiam
480 4085 562 4140 sic
611 4088 786 4158 magni
820 4089 874 4143 in
905 4102 967 4143 ea
996 4088 1220 4147 artiﬁcis
1267 4104 1404 4160 opus
1447 4093 1628 4149 decla-

94 4176 249 4226 ratur.

1739 3200 2021 3257 abundans
2083 3203 2237 3271 c0pia
2295 3201 2544 3256 imbrium
2608 3203 2874 3267 funditur,
2928 3222 2996 3261 ne
3053 3210 3275 3263 morbus

1732 3276 2100 3347 habitantibus
2138 3299 2468 3362 generetur;
2514 3293 2746 3348 humide
2790 3295 2931 3349 enim
2981 3296 3182 3361 nubes,
3227 3299 3274 3352 si

1729 3384 1908 3436 calore
1950 3381 2137 3452 rapido
2165 3391 2487 3451 coquantur,
2517 3400 2692 3439 aerem
2737 3397 3049 3455 corruptum
3087 3396 3143 3441 et
3180 3404 3275 3457 pe-

1730 3473 1976 3529 stiferum
2022 3472 2270 3529 reddunt.
2324 3472 2429 3528 Sed
2475 3484 2529 3528 et
2578 3482 2720 3529 terra
2766 3476 2997 3530 calidum
3045 3478 3270 3534 imbrem

1728 3563 2203 3632 suscipiens,non
2231 3563 2561 3617 nutrimenta
2604 3566 2904 3634 segetibus,
2956 3566 3049 3621 sed
3090 3569 3273 3637 perni-

1727 3649 1864 3705 ciem
1893 3649 2133 3719 prebet;
2163 3650 2218 3703 in
2246 3666 2354 3720 quo
2380 3652 2503 3721 quis
2532 3652 2741 3707 dubitat
2770 3669 2904 3723 opus
2932 3670 3052 3711 esse
3076 3655 3273 3711 divina

1728 3738 2082 3793 Providentie
2107 3740 2131 3793 ?
2161 3738 2398 3809 Denique
2433 3741 2857 3812 Egyptus.quia
2889 3742 3210 3813 Ethiopicis
3238 3762 3271 3801 e

1730 3828 1906 3882 vicino
1936 3828 2126 3899 ﬂagrat
2153 3829 2466 3893 ardoribus,
2510 3846 2578 3884 ne
2622 3832 2948 3887 insanabiles
2983 3841 3267 3902 corrupte-

1730 3918 1810 3972 las
1833 3919 1974 3973 aeris
2021 3919 2271 3973 imbrium
2320 3921 2646 3974 necessitate
2696 3921 3036 3991 susciperet,
3091 3922 3269 3991 campi

1729 4009 1848 4077 ejus
1891 4025 1995 4062 non
2035 4010 2269 4079 pluviam
2308 4011 2543 4066 nubibus
2581 4012 2971 4074 ministratam,
3015 4014 3113 4068 sed
3159 4022 3271 4067 ter-

1729 4115 1917 4153 renum
1947 4099 2341 4168 quodammodo
2370 4101 2591 4156 imbrem
2621 4101 2741 4158 Nilo
2772 4101 3065 4157 inundante
3092 4105 3271 4160 susci-

1728 4190 1883 4259 pittnt
1916 4189 2049 4260 (67).

1357 4379 1723 4437 COTELERII
1757 4382 1985 4439 NOTAE.

152 4559 261 4629 (63)
297 4560 366 4615 In
400 4562 618 4619 Timeo.
648 4564 845 4636 Accipe
865 4570 1130 4693 integrum
1164 4566 1403 4628 Platonis
1430 4574 1625 4643 locum,
1659 4590 1702 4645 ι)
1727 4584 1779 4632 et
1804 4578 1999 4634 celum
2024 4595 2365 4653 empyreum.

153 4642 186 4679 n
207 4631 425 4694 quidem
457 4643 517 4686 ut
539 4635 733 4689 citatur
754 4641 821 4691 ab
839 4639 978 4694 Euse
1017 4642 1087 4694 io.
1112 4638 1457 4694 Theodorito.
1481 4648 1628 4694 aliis-
1804 4648 1914 4694 (65)
1957 4649 2094 4694 Nam
2115 4654 2250 4694 nnnd
2273 4655 2324 4694 δη
2358 4666 2365 4694 ι

90 4639 186 4679 non
207 4631 425 4708 quidem
457 4643 517 4686 ut
539 4635 733 4708 citetur
754 4631 821 4691 ab
839 4631 1087 4703 Eusebio,
1112 4638 1457 4708 Theodorito,
1481 4631 1628 4701 aliis;

86 4708 203 4780 que,
372 4715 484 4780 qyo
508 4704 902 4780 _r_nmlo_leg_itui_-
928 4699 1268 4780 apud'ipsum
1304 4699 1623 4769 Platonem:

390 4761 405 4768 -
759 4761 788 4774 υ
878 4776 902 4787 _
965 4761 979 4780 ,
1016 4761 1049 4790 ,κ
1316 4761 1574 4792 ;-η--------
1609 4761 1623 4769 .

86 4761 342 4853 Ege-34w
374 4767 470 4823 οὖν
492 4771 565 4853 ιδὴ
594 4772 719 4853 περὶ
745 4776 904 4853 apsqu
935 4778 1199 4853 (_xqcp.ou)
1232 4795 1458 4850 πρωτον,
1493 4785 1627 4853 ὅπερ

87 4828 354 4921 ξττύὶιίιται
384 4841 514 4921 crept
546 4828 744 4921 ἇταγὲὸς
768 4845 824 4894 ὲν
842 4828 984 4921 -ᾲρίῇ
1013 4828 1125 4921 δέξω(
1150 4828 1625 4921 ﬂagiti-{7:61;};

85 4891 281 4989 ξιξ
302 4891 576 4985 χενέᾶεὼς
606 4891 816 4989 ﬂexit);

86 4936 281 5021 2%,?“
302 4936 573 4985 ⁹⁴ιςνεωιιψς
622 4936 791 4979 aququ
839 4936 987 4998 Exwv‘
1016 4936 1285 5004 ουοεμιαγ,
1319 4936 1352 4989 η
1388 4936 1621 5040 Ἑεγονεν,

88 4976 1199 5069 ληλξζτὶςιὲγοξέιείέἒξιξνέςέηιμέΙτέγεν·
1226 4990 1391 5069 ,ρρσξτ
1423 5006 1451 5051 ς
1496 4990 1621 5069 res.

88 5034 334 5124 ἔᾘόέξέέ
348 5034 499 5124 Ῠέςτξ,
518 5034 610 5124 tu}
632 5034 791 5124 ξ’ίῦιξα
814 5034 955 5124 gigni
974 5067 987 5080 ·
1014 5034 1191 5124 ﬂayed
1297 5034 1622 5124 ἓᾶἶδιαδζᾶζ

324 5126 338 5139 ο
358 5111 429 5198 et?
454 5113 512 5166 δὲ
540 5104 787 5198 αισθῃτξὰ,
808 5104 930 5198 δόξῃ
950 5119 1148 5198 ’περιλη

87 5140 309 5177 -.υνιμυι
360 5140 429 5164 ιιι
454 5140 512 5166 ut:
540 5140 787 5183 αιυυητιι,
808 5140 930 5188 cogn
959 5140 1025 5170 πε
1068 5140 1264 5191 ιΑηπτα
1365 5140 1409 5176 τ’
1438 5140 1626 5198 atavi)-

87 5184 236 5262 ἶεῳς,
254 5181 563 5262 Ᾱγιγγόμξνα
717 5187 915 5262 γενηιξὰ
946 5140 1135 5262 epit").
1179 5191 1266 5262 Τῷ
1294 5140 1432 5246 ξίξαῦ
1477 5212 1627 5262 γενο-

468 5252 556 5302 ὐπ’
575 5238 742 5339 αἰξίοῦ
769 5238 909 5339 suis;
934 5238 1336 5339 didyx'nvizfvavt
1349 5238 1621 5339 ἱένέὲδαῖ.

92 5260 445 5379 ιὶενῳμῗαμεν,
468 5260 556 5302 ὑπ’
575 5260 742 5304 αἰτίου
769 5260 909 5317 τινὸς
934 5260 1336 5336 ἁνάγκηνρῖναι
1349 5260 1620 5339 χενέὰθαι.

127 5306 185 5389 ῥν
285 5330 314 5365 ν
344 5313 435 5371 οὖν
466 5319 691 5390 ποιητὴν
729 5322 822 5373 καὶ
869 5323 1074 5390 πατέρα
1102 5326 1253 5378 τουδε
1283 5345 1377 5381 του
1405 5332 1620 5398 παντὸς,

92 5381 261 5443 ᾷμρεῖν
304 5399 365 5435 τε
413 5386 602 5443 ἔργον.
640 5389 734 5441 καὶ
758 5391 997 5443 εὑρόντα.
1031 5394 1110 5443 εις
1136 5394 1341 5443 πάντας
1370 5399 1620 5443 ἀδύνατον

184 5394 261 5432 ειν
304 5399 365 5435 τε

95 5439 277 5508 λέγειν.

162 5514 365 5605 (ΡΖ-ιλιςὶ
391 5539 529 5605 vero,
560 5534 617 5605 ut
648 5528 957 5605 αἰίἱίυέδᾳῃι
984 5534 1084 5605 εις,
1110 5546 1265 5605 super
1291 5550 1456 5603 aqua:
1478 5541 1620 5605 posi-

98 5583 149 5628 ta
174 5583 390 5655 sphwra,
421 5583 524 5647 etc.
558 5594 735 5664 Aquas
753 5596 1005 5669 _intetlige
1046 5583 1193 5654 inter
1219 5583 1614 5661 humiliatus.

443 5389 602 5457 ργθν,
640 5389 734 5441 καὶ
758 5389 1110 5461 εὑρόντα,⁷εις
1136 5394 1341 5459 πάντας
1370 5389 1624 5454 ἁδύνατὸὗ

1804 4648 2250 4730 (65)nN‘am_2]_uod
2273 4655 2325 4730 in
2358 4663 2494 4708 terra
2525 4664 2717 4710 montes
2739 4657 2963 4730 excelsi,_
2975 4663 3082 4730 etc.
3119 4662 3264 4719 Cita.

1729 4716 1819 4796 t_ur
1848 4716 2071 4796 a'B‘eda,
2103 4716 2240 4796 libro
2271 4722 2557 4796 De_natura
2582 4742 2771 4796 rerum,
2794 4741 2911 4796 cap.
2932 4716 3028 4792 '26,
3063 4716 3152 4787 ubi

1731 4784 1917 4839 dende
1942 4784 2143 4843 Glosse
2173 4791 2358 4845 incerti
2392 4795 2647 4849 auctoris.
2744 4834 2755 4845 ,

1801 4854 1910 4934 (66)
1941 4856 2401 4934 Pleiades._Eji_tio
2430 4861 2768 4934 Basileensis,
2800 4872 2852 4919 et
2879 4865 2997 4921 libri
3022 4866 3085 4921 R.
3119 4881 3171 4926 et
3194 4872 3255 4928 P.

1731 4919 1969 5007 Pliades;
1981 4927 2095 5005 Qua
2123 4929 2189 4983 de
2217 4929 2442 5007 lectique
2464 4919 2909 5007 ἱῃ-Ειειηιοιόοἱεό
2933 4919 3034 4991 suo
3055 4919 3261 4997 doctis;

1728 4991 1897 5066 simus
1930 4992 2170 5066 [ossius,
2198 5012 2326 5050 voce
2358 4996 2606 5066 Yirgiliw.

1791 5061 1901 5132 (67)
1941 5062 2218 5136 Terrenum
2258 5061 2634 5136 quodammodo
2683 5068 2895 5127 imbrem
2940 5073 3063 5131 Nilo
3101 5078 3259 5131 iuuit-

1721 5126 2202 5200 dante'suscipiunt.

1833 5239 1906 5275 ._.
1950 5240 1965 5254 .
2009 5242 2021 5255 .
2065 5240 2079 5254 .
2123 5239 2138 5255 .
2291 5242 2309 5275 ._
2351 5242 2366 5256 .
2405 5201 2641 5275 coeloque
2672 5218 2880 5262 vacante

1831 5267 2143 5349 gerres-trem
2170 5270 2396 5349 pluviam
2425 5267 2649 5349 cii/fusus
2676 5278 2894 5349 porrigit
2923 5284 3112 5349 amnis,

1722 5334 1790 5391 de
1817 5334 1937 5391 Nilo
1962 5330 2198 5416 Alcimus
2220 5339 2408 5416 A_vitus
2424 5330 2731 5416 Poematis};
2760 5330 2886 5416 lilii
2901 5330 3256 5416 {apti-dhre-

1722 5419 1817 5487 cos
1844 5421 1971 5487 vero
1988 5406 2141 5487 Ρῃειρ
2163 5407 2377 5487 ludens
2406 5424 2422 5461 ι
2441 5408 2529 5487 .οο
2541 5411 2644 5465 vita
2663 5412 2851 5487 Mysis,
2874 5406 2925 5487 p'.
2955 5406 3056 5474 634
3075 5440 3089 5475 ε
3108 5406 3254 5475 ma

1719 5474 1813 5527 καὶ
1859 5475 1927 5560 γῇ
1977 5475 2227 5560 naitham;
2259 5475 2409 5560 ὑετρν
2437 5474 2892 5560 ἠνεγκενςοχᾶῥ
2912 5489 2973 5560 Δὲν
3002 5474 3256 5560 Αἰγύέιτῳ

1719 5542 2333 5629 τωταμδςηκαθᾚκξισςτον
2361 5542 2602 5629 ᾗνιᾲυτὶξν
2624 5552 2739 5612 ταῖς
2766 5542 3253 5629 emanavit).an

1719 5617 1920 5683 μυρῶν,
1948 5614 2070 5670 ὅταν
2099 5612 2293 5684 ἀρδεύῃ
2319 5612 2414 5676 τὰς
2444 5616 2706 5690 ἀρούρας,
2739 5619 2791 5672 τι
2824 5624 3003 5696 ἕτερον
3036 5626 3071 5696 ἢ
3102 5612 3254 5689 ὐέιῗὸς
