3904 6360
144 303 277 359 I385

1326 302 1898 361 BECOGNITIONUM
1938 304 2063 360 un.
2102 288 2241 363 'vut.

3264 314 3285 369 I
3301 316 3399 371 536

140 422 219 474 vis
250 422 342 474 illa
375 418 633 490 spiritus,
669 434 789 490 quae
823 421 1003 475 inesse
1036 421 1193 491 aquis
1223 420 1350 474 data
1378 428 1495 487 est,
1530 426 1718 490 utpote
1747 419 1795 479 Α
1821 434 1984 491 opere
2009 431 2211 478 cuncta
2235 422 2373 479 eﬁici
2399 431 2454 477 et
2477 424 2733 480 universa
2762 437 3040 483 constare.
3075 427 3181 483 Sed
3212 434 3393 485 venia-

137 512 463 579 incorporea
497 518 922 573 transcurrens.
959 510 1027 564 ad
1067 511 1463 565 incrementum
1507 510 1717 565 semina

135 602 375 656 suscitat
403 608 457 655 et
482 604 850 658 crescentium
884 606 1098 675 species
1133 605 1353 659 format.
1412 604 1719 659 Ministerio

132 695 306 764 igitur
362 693 572 748 humidi
625 696 917 761 elementi,
974 699 1061 752 cui
1112 699 1295 753 vitalis
1352 698 1444 753 ille
1488 698 1717 768 spiritus

132 785 336 841 insitus
390 798 606 855 semper
642 799 695 842 et
730 788 1011 858 ingenitus
1058 797 1175 853 est,
1221 789 1463 844 efﬁcitur
1506 797 1566 844 ut
1607 806 1715 845 non

129 880 313 932 sofum
367 887 683 949 reparetur,
736 881 831 936 sed
880 889 940 936 ut
984 898 1079 953 per
1122 883 1306 938 omnia
1345 883 1545 939 similis
1586 900 1713 954 spe-

129 972 248 1026 cies
284 979 339 1026 ct
376 972 550 1027 forma
589 974 676 1031 his
711 978 1005 1047 quzejacta
1048 977 1249 1033 fuerint
1278 977 1578 1034 seminibus
1599 975 1723 1033 red-

123 1071 233 1116 eat.
320 1065 453 1131 Quae
496 1069 634 1123 ratio
676 1071 767 1125 cui
808 1072 893 1125 vel
935 1071 1154 1127 brevem
1197 1087 1418 1127 sensum
1461 1076 1709 1139 habenti,

127 1170 225 1225 per
269 1156 705 1216 irrationabilem
746 1171 1033 1226 naturam,
1077 1172 1131 1219 et
1179 1179 1284 1217 non
1333 1180 1427 1234 per
1471 1164 1709 1220 divinam

127 1251 455 1321 sapientiam
489 1262 746 1311 constare
783 1256 1091 1312 videbitur?
1128 1257 1367 1326 Denique
1393 1257 1557 1311 etiam
1599 1258 1712 1313 haec

127 1340 194 1395 ad
218 1341 641 1399 similitudinem
670 1345 921 1401 humanae
945 1347 1249 1402 nativitatis
1285 1348 1515 1403 formata
1542 1359 1706 1416 sunt;

125 1430 348 1486 videtur
392 1433 537 1488 enim
585 1443 736 1489 terra
784 1436 958 1490 vulva:
1002 1437 1180 1491 locum
1219 1444 1442 1503 tenere,
1491 1440 1581 1493 cui
1625 1455 1711 1494 se-

125 1541 249 1579 men
315 1526 581 1595 injectum
640 1543 738 1597 per
791 1544 947 1599 aqum
986 1537 1039 1585 et
1082 1531 1313 1599 spiritus
1365 1533 1510 1598 vim,
1568 1534 1710 1589 sicut

126 1628 295 1684 supra
338 1615 611 1679 diximus,
653 1624 708 1671 et
750 1614 1019 1670 formatur
1056 1625 1110 1672 et
1148 1619 1333 1673 alitur.

193 1704 410 1762 XXVII.
445 1704 549 1761 Sed
571 1716 622 1761 et
648 1708 702 1760 in
733 1707 835 1762 hoc
859 1711 1176 1764 admiranda
1207 1720 1291 1766 est
1313 1711 1494 1766 divina
1516 1711 1710 1767 Provi-

123 1796 340 1861 dentia,
373 1799 519 1868 quod
568 1800 753 1855 videre
778 1817 877 1855 nos
911 1803 1129 1871 quidem
1159 1812 1212 1857 et
1250 1820 1548 1875 agnoscere
1579 1807 1707 1859 facit

121 1905 243 1959 qua:
295 1890 466 1956 ﬁunt,
500 1906 609 1960 quo
653 1892 815 1945 modo
858 1902 1039 1949 autem
1078 1904 1131 1948 et
1172 1898 1406 1964 qualiter
1455 1896 1618 1962 ﬁant,
1653 1899 1705 1951 in

124 1990 338 2036 secreto
376 1983 555 2053 posuit
586 1992 637 2037 et
662 1986 913 2049 occulto,
944 1995 999 2040 ut
1027 2003 1131 2041 non
1179 1988 1415 2058 indignis
1450 1990 1515 2044 ad
1547 1992 1694 2061 agni-

124 2074 327 2130 tionem
361 2076 710 2145 subjaceant,
743 2078 836 2132 sed
864 2079 1045 2148 dignis
1069 2090 1121 2134 et
1152 2081 1403 2137 ﬁdelibus
1438 2099 1560 2136 cum
1595 2102 1709 2137 me-

123 2168 371 2234 ruerint,
405 2170 684 2240 pateﬁant.
712 2170 781 2225 Ut
806 2181 987 2227 autem
1014 2175 1176 2230 rebus
1197 2176 1329 2244 ipsis
1361 2185 1414 2231 et
1444 2179 1706 2247 exemplis

124 2261 443 2330 probemus,
469 2263 604 2316 nihil
628 2265 853 2318 omnino
877 2280 940 2319 ex
968 2276 1182 2321 terrena
1214 2268 1513 2322 substantia
1538 2270 1706 2324 semi-

123 2354 285 2409 nibus
309 2354 449 2416 dari.
480 2355 574 2411 sed
602 2364 777 2409 totum
808 2372 871 2410 ex
910 2358 1181 2412 elemento
1217 2375 1372 2428 aqum
1400 2368 1453 2412 et
1479 2361 1706 2429 spiritus

120 2444 213 2514 qui
248 2444 393 2498 inest
417 2445 464 2499 ei
497 2446 698 2500 virtute
724 2454 1002 2505 constare.
1030 2463 1170 2516 pone
1196 2448 1327 2500 mihi
1353 2448 1499 2503 verbi
1530 2452 1704 2518 gratia

121 2536 175 2590 in
218 2544 434 2592 cratere
483 2538 668 2608 aliquo
719 2539 1075 2607 amplissimae
1120 2540 1511 2609 magnitudinis
1554 2540 1703 2609 injiei

120 2642 279 2683 terra:
310 2630 515 2684 talenta
546 2640 802 2694 centum,
836 2641 887 2685 et
915 2632 1259 2686 semincntur
1291 2636 1344 2687 in
1377 2650 1441 2688 eo
1473 2634 1704 2689 diversae

124 2726 339 2796 species
367 2726 637 2781 seminum
664 2726 747 2779 vel
775 2726 983 2780 olerum
1016 2728 1096 2781 vel
1123 2726 1285 2781 etiam
1320 2728 1700 2798 virgultorum,

119 2818 203 2873 his
245 2818 555 2887 prazbeatur
582 2818 649 2871 ad
679 2817 965 2887 rigandum
1012 2834 1151 2889 aqua
1189 2819 1494 2885 sufﬁciens,
1528 2829 1580 2875 et
1607 2838 1704 2891 per

117 2925 293 2965 annos
327 2911 509 2980 plures
534 2911 797 2964 habeatur
827 2912 929 2964 ista
965 2911 1269 2980 diligentia,
1304 2922 1703 2983 congregemur

117 3008 303 3055 autem
358 3002 563 3056 semina
610 3017 731 3072 qua:
774 3003 1002 3055 collecta
1050 3002 1284 3066 fuerint,
1331 3005 1479 3058 verbi
1526 3006 1699 3076 gratia

119 3094 378 3149 frumenti
411 3094 494 3149 vel
530 3094 721 3150 hordei
752 3096 1091 3165 aliarumque
1122 3096 1424 3164 specierum
1459 3114 1553 3167 per
1582 3098 1697 3152 sin-
1719 3111 1768 3174 ς,

115 3186 271 3256 gulos
316 3202 490 3240 annos
523 3186 784 3250 seorsim,
827 3187 1001 3241 donec
1050 3186 1484 3258 uniuscujusque
1530 3190 1697 3242 semi-

115 3258 201 3330 nis
241 3291 472 3330 acervus
509 3276 574 3330 ad
610 3284 829 3330 centum
874 3277 1201 3330 talentorum
1246 3279 1459 3348 pondus
1502 3295 1697 3333 ascen-

114 3369 238 3431 dat,
266 3376 382 3422 tum
410 3368 575 3423 etiam
600 3369 823 3423 arbores
858 3368 1060 3423 avulsa:
1090 3370 1354 3425 radicitus
1385 3372 1698 3442 appendan-

113 3468 209 3516 tur
228 3501 242 3523 ,
270 3468 324 3513 et
355 3459 443 3514 his
466 3460 723 3514 omnibus
748 3476 811 3514 ex
846 3471 1057 3515 cratere
1095 3464 1330 3532 sumptis
1359 3464 1698 3534 appendatur

112 3562 294 3615 terra,
332 3560 551 3607 centum
602 3568 699 3605 sua
744 3552 1101 3607 nihilominus
1152 3554 1353 3608 talenta
1412 3557 1559 3609 salva
1610 3573 1701 3611 re-

114 3646 328 3700 stituet.
366 3643 519 3699 Unde
567 3659 695 3713 ergo
749 3643 995 3698 dicemus
1042 3660 1203 3700 omne
1258 3646 1390 3699 illud
1445 3649 1693 3715 pondus,

112 3750 444 3804 omnemque
475 3734 839 3803 quantitatem
863 3734 1133 3787 seminum
1161 3734 1502 3789 diversorum
1531 3746 1695 3806 atque

114 3828 373 3882 arborum
404 3826 751 3880 surrexisse?
778 3841 958 3879 nonne
989 3826 1271 3881 evidenter
1293 3839 1539 3898 apparet,
1564 3832 1693 3899 quia

109 3936 173 3974 ex
212 3918 415 3989 aquis?
452 3916 620 3972 Terra
664 3919 807 3972 enim
859 3917 1003 3987 quod
1057 3934 1216 3972 suum
1256 3928 1374 3983 est,
1420 3921 1692 3991 integrum

114 4019 300 4072 tenet.
335 4024 475 4080 aqua
500 4025 631 4064 vero
659 4024 780 4079 quae
809 4024 905 4077 per
936 4011 1146 4078 singula
1178 4010 1375 4080 injecta
1409 4023 1529 4080 est,
1556 4033 1693 4073 nus-

112 4117 276 4172 quam
322 4116 549 4171 prorsus
577 4106 696 4160 est,
724 4099 796 4151 ob
825 4106 1100 4167 potentem
1135 4101 1333 4156 divinae
1359 4105 1693 4164 conditionis

110 4197 402 4255 virtutem,
435 4208 559 4262 qua:
590 4207 684 4261 per
722 4206 889 4243 unam
942 4206 1097 4261 aqua:
1142 4195 1379 4264 speciem
1414 4204 1690 4255 tantorum

109 4284 383 4339 seminum
415 4283 886 4353 virgultorumque
912 4291 966 4336 et
991 4284 1327 4339 substantias
1362 4300 1579 4358 reparat
1599 4331 1613 4352 .
1638 4298 1693 4347 ct

110 4378 327 4447 species
380 4376 613 4441 format,
644 4383 699 4429 et
740 4391 913 4445 genus
960 4375 1147 4431 fenore
1196 4379 1560 4448 multiplicato
1594 4399 1690 4439 cu-

110 4471 299 4526 stodit.

181 4560 419 4616 XXVIII.
451 4560 527 4613 Ex
563 4559 762 4629 quibus
791 4558 1045 4613 omnibus
1072 4558 1206 4615 satis
1238 4561 1560 4636 abundeque
1590 4585 1687 4639 pa-

112 4660 227 4705 tere
260 4657 391 4719 puto
410 4688 423 4712 ,
450 4646 648 4701 artiﬁci
676 4662 839 4701 sensu
863 4653 916 4699 et
940 4662 1049 4701 non
1078 4648 1439 4708 irrationabili
1475 4667 1684 4717 natura

1820 529 1943 569 mus
1992 515 2203 581 adhuc,
2241 518 2286 570 si
2331 517 2581 581 videtur,
2610 519 2776 574 etiam
2814 519 2882 573 ad
2931 528 3207 585 nostram,
3232 522 3283 576 id
3315 531 3399 578 est

1818 607 1884 659 ad
1929 607 2166 662 hominis
2215 609 2618 674 substantiam,
2666 613 2757 681 qui
2802 622 2887 667 est
2932 628 3138 682 parvus
3185 614 3239 668 in
3285 616 3395 669 alio

1817 696 2055 751 mundus
2100 697 2250 767 (74),
2282 706 2338 752 et
2366 699 2779 756 consideremus
2828 709 3031 771 quanta
3069 706 3140 759 sit
3182 704 3395 759 ratione
3442 730 3463 751 -

1814 794 2186 856 compositus;
2229 797 2283 843 et
2313 804 2377 843 ex
2420 788 2525 845 hoc
2574 793 2846 862 praecipue
2885 794 3212 864 sapientiam
3244 796 3393 851 Con-

1814 876 2011 932 ditoris
2061 878 2365 947 intelliges.
2398 880 2491 949 qui
2524 895 2647 934 cum
2682 897 2746 936 ex
2786 881 3020 939 diversis
3069 885 3393 941 substantiis

1814 976 2052 1030 constet,
2084 970 2137 1023 id
2172 978 2257 1025 est
2289 972 2508 1026 mortali
2544 980 2598 1026 et
2627 972 2956 1039 immortali,
2991 991 3088 1044 per
3125 977 3389 1033 artiﬁcem

1812 1061 2209 1129 providentiam
2246 1062 2559 1118 Conditoris
2604 1066 2926 1121 societatem
2959 1067 3253 1123 diversitas
3279 1084 3389 1124 non

1812 1152 2096 1223 refugit,et
2118 1154 2335 1224 quidem
2356 1157 2514 1227 longe
2545 1172 2573 1210 a
2601 1173 2660 1213 se
2681 1159 3003 1216 substantiis
3030 1162 3151 1204 ⁸⁶-⁵⁷
3172 1160 3390 1233 [alienis

1811 1254 1867 1299 et
1895 1245 2173 1319 diversis].
2204 1248 2323 1301 Alia
2368 1265 2605 1320 namque
2641 1250 2708 1306 de
2750 1258 2897 1306 terra
2941 1255 3243 1309 assumitur
3279 1263 3331 1308 et
3359 1266 3390 1309 a

1801 1331 2096 1393 Conditore
2124 1339 2412 1405 formatur,
2446 1342 2551 1395 alia
2577 1358 2708 1397 vero
2731 1359 2795 1398 ex
2828 1344 3228 1402 immortalibus
3259 1349 3388 1403 sub-

1811 1432 2035 1487 stantiis
2074 1433 2239 1486 datur
2259 1474 2273 1497 ,
2308 1449 2408 1487 nec
2431 1442 2614 1490 tamen
2644 1437 2693 1491 ei
2726 1452 2821 1506 per
2848 1438 3228 1507 hujuscemodi
3258 1458 3391 1496 con-

1807 1522 2149 1592 junctionem
2199 1525 2377 1579 honor
2414 1526 2845 1585 immortalitatis
2896 1531 3246 1602 infringitur,
3288 1549 3388 1587 nec

1813 1620 1871 1666 ut
1899 1613 2226 1683 quibusdam
2255 1616 2470 1671 videtur
2500 1616 2589 1689 [ex
2616 1619 2926 1675 rationabili
2955 1629 3011 1675 et
3040 1623 3382 1694 concupisci-

1813 1706 1907 1760 bili
1933 1715 1986 1761 et
2006 1707 2268 1763 irascibili
2290 1708 2564 1773 subsistit,
2589 1711 2685 1766 sed
2734 1708 2909 1780 magis
2946 1713 3129 1770 inesse
3162 1716 3211 1770 ei
3251 1717 3387 1773 tales

1814 1800 2035 1868 quidam
2056 1801 2329 1874 videntur]
2350 1802 2601 1865 affectus,
2617 1805 2817 1874 quibus
2834 1806 2901 1859 ad
2919 1807 3031 1861 haec
3052 1809 3262 1877 singula
3278 1825 3391 1864 mo-

1813 1889 1926 1943 veri
1963 1890 2154 1959 possit.
2179 1890 2313 1944 Nam
2336 1906 2537 1962 corpus
2560 1893 2703 1963 quod
2726 1910 2789 1948 ex
2812 1896 3032 1951 ossibus
3051 1905 3105 1950 et
3130 1898 3385 1952 carnibus

1810 1991 2059 2043 constat,
2092 1983 2308 2037 initium
2343 1985 2512 2038 sumit
2539 1999 2605 2039 ex
2637 1987 2846 2040 semine
2874 1988 3009 2052 viri,
3042 1988 3182 2057 quod
3213 2005 3243 2043 e
3272 2006 3385 2045 me—

1809 2074 1974 2129 dullis
2006 2076 2158 2129 calor
2199 2076 2425 2130 eliciens
2456 2077 2630 2131 vulva:
2670 2078 2827 2147 quasi
2873 2087 3030 2133 terrae
3070 2082 3382 2151 consignat,

1808 2168 1897 2221 cui
1920 2168 2192 2223 inbzerens
2222 2184 2289 2223 ex
2321 2167 2471 2223 fonte
2502 2172 2784 2241 sanguinis
2824 2173 3082 2242 paulatim
3114 2173 3344 2243 rigatum
3365 2211 3380 2235 ,

1809 2258 1863 2311 in
1893 2273 2113 2315 carnem
2151 2270 2203 2314 et
2226 2275 2351 2314 ossa
2378 2262 2726 2330 producitur.
2757 2274 2919 2333 atque
2950 2265 3004 2318 in
3030 2265 3268 2333 speciem
3294 2279 3385 2318 au-

1744 2358 1755 2369 ‘
1806 2352 1978 2406 ctoris
2004 2351 2133 2417 jacti
2170 2352 2398 2407 seminis
2430 2351 2782 2409 reformatur.

1796 2481 1801 2486 .
1878 2440 2068 2496 XXIX.
2107 2441 2172 2494 Et
2208 2442 2333 2497 vide
2365 2442 2419 2496 in
2463 2443 2567 2497 hoc
2596 2440 2838 2499 Artiﬁcis
2885 2459 3024 2515 opus
3066 2444 3217 2512 (75),
3246 2462 3383 2515 quo-

1806 2535 1967 2589 modo
2012 2551 2139 2590 ossa
2180 2536 2328 2589 velut
2368 2535 2654 2621 columqas
2690 2537 2987 2607 quasdam,
3015 2538 3216 2607 quibus
3254 2552 3381 2592 caro

1803 2637 2148 2685 sustentetur
2169 2643 2231 2685 ac
2255 2638 2525 2701 portetur,
2544 2629 2791 2684 inseruit.
2814 2628 2952 2682 Tum
2977 2628 3175 2683 deinde
3199 2644 3383 2699 aequa-

1805 2723 1871 2777 lis
1902 2739 1967 2776 ex
2002 2732 2234 2792 utraque
2257 2732 2410 2792 parte
2430 2761 2445 2784 ,
2482 2721 2536 2775 id
2564 2730 2650 2775 est
2690 2719 2913 2776 dextera
2944 2728 2998 2775 et
3036 2721 3165 2775 lmva
3186 2761 3201 2785 ,
3226 2716 3415 2777 ωειλ

1802 2828 1928 2868 sura
1958 2822 2224 2877 servetur,
2259 2824 2317 2867 ut
2346 2824 2614 2884 congruat
2644 2829 2741 2884 pes
2772 2813 2923 2884 pedi,
2950 2822 3003 2868 et
3033 2829 3229 2868 manus
3260 2829 3381 2867 ma-

1802 2905 1896 2958 nui
1919 2945 1934 2968 ,
1969 2904 2123 2975 digiti
2168 2919 2386 2974 quoque
2426 2904 2614 2974 digitis
2637 2944 2653 2965 ,
2682 2914 2745 2958 ut
2783 2905 2983 2975 singuli
3030 2904 3097 2958 ad
3133 2905 3379 2974 singulos

1802 3006 1912 3051 tota
1947 2998 2256 3068 arqualitate
2287 2998 2659 3063 concordent;
2686 2998 2779 3052 sed
2810 3007 2864 3052 et
2893 2997 3089 3052 oculus
3109 3000 3291 3078 oculo,
3324 3008 3374 3053 et

1800 3090 1952 3144 auris
1981 3090 2130 3151 auri,
2169 3105 2290 3160 quae
2314 3104 2421 3143 non
2451 3090 2626 3145 solum
2670 3104 2911 3145 consona
2942 3090 3045 3143 sibi
3076 3099 3127 3144 et
3151 3105 3378 3145 concor-

1801 3182 2021 3245 dantia.
2055 3182 2150 3237 sed
2192 3193 2244 3238 et
2280 3183 2475 3238 usibus
2516 3182 2845 3237 necessariis
2883 3191 3010 3252 apta
3049 3182 3375 3237 formantur.

1803 3274 1996 3330 Manus
2029 3276 2250 3346 quidem
2296 3284 2356 3330 ut
2405 3276 2557 3347 operi
2600 3275 2900 3330 commodae
2944 3276 3089 3338 sint,
3120 3276 3284 3346 pedes
3320 3285 3379 3330 ut

1800 3368 2112 3437 gressibus,
2145 3367 2287 3421 oculi
2320 3374 2380 3419 ut
2408 3368 2617 3422 visibus
2668 3369 2907 3422 serviant
2956 3368 3375 3437 superciliorum

1800 3458 2050 3512 excubiis
2074 3458 2355 3519 custoditi,
2376 3473 2537 3512 aures
2564 3458 2629 3512 ad
2663 3457 2994 3513 audiendum
3027 3460 3099 3512 ita
3132 3462 3376 3516 formata:

1800 3558 1857 3603 ut
1890 3550 2141 3620 cymbalo
2185 3549 2392 3604 similes
2422 3551 2662 3619 suscepti
2696 3551 2843 3604 verbi
2871 3566 3253 3620 repercussum
3279 3569 3375 3608 so-

1798 3641 1971 3693 nitum
2008 3640 2173 3694 altius
2220 3639 2486 3705 reddant,
2524 3650 2579 3695 et
2616 3656 2788 3709 usque
2823 3642 2888 3695 ad
2919 3657 3140 3697 sensum
3191 3645 3374 3700 cordis

1797 3732 2080 3793 emittant,
2115 3731 2298 3800 lingua
2338 3739 2517 3786 autem
2556 3733 2623 3787 ad
2662 3733 2989 3803 loquendum
3024 3736 3163 3790 illisa
3192 3737 3372 3791 denti-

1797 3825 1901 3880 bus
1932 3824 2123 3895 plectri
2156 3823 2347 3878 reddat
2379 3824 2613 3879 oﬁicium
2635 3865 2649 3888 ,
2682 3826 2786 3895 ipsi
2818 3842 2945 3881 vero
2974 3827 3166 3883 dentes
3191 3830 3282 3883 alii
3314 3839 3373 3884 ut

1799 3918 2041 3972 incidant
2077 3926 2131 3973 et
2162 3917 2411 3972 dividant
2449 3918 2604 3972 cibos
2639 3926 2694 3973 et
2725 3919 3081 3975 interioribus
3119 3922 3368 3983 tradant.

1798 4010 2085 4067 interiores
2106 4026 2234 4065 vero
2257 4018 2315 4063 ut
2338 4012 2392 4065 in
2417 4011 2635 4065 modum
2658 4012 2815 4067 mola;
2836 4013 3131 4068 conﬁciant
3148 4022 3201 4069 et
3222 4031 3371 4068 com-

1797 4103 2066 4167 minuaot,
2088 4120 2197 4173 quo
2218 4105 2584 4175 opportunius
2608 4105 2894 4159 stomacho
2913 4106 3099 4160 traditi
3127 4121 3371 4177 coquan-

1796 4206 1914 4259 tur,
1954 4198 2096 4252 unde
2120 4205 2170 4252 et
2203 4199 2440 4254 molares
2462 4198 2719 4269 appellati
2745 4206 2893 4252 sunt.

1866 4289 2035 4345 XXX.
2080 4290 2184 4345 Sed
2224 4299 2278 4345 et
2326 4306 2521 4351 nares.
2568 4291 2910 4347 commeandi
2963 4291 3125 4349 ﬂatus
3164 4298 3220 4346 et
3253 4292 3372 4347 red-

1795 4380 1961 4443 dendi
1994 4398 2056 4438 ac
2091 4382 2387 4453 recipiendi
2430 4382 2605 4453 gratia
2652 4382 2809 4437 facta:
2852 4392 3010 4447 sunt,
3045 4394 3104 4437 ut
3150 4383 3371 4438 innova-

1717 4449 1766 4509 θ
1792 4484 1942 4535 tione
1972 4449 2389 4549 spiritus-calor
2425 4449 2693 4529 naturalis
2723 4474 2815 4543 qui
2849 4476 2902 4527 in
2933 4476 3097 4529 corde
3134 4484 3253 4539 est,
3287 4478 3368 4528 vel

1794 4572 2017 4629 accendi
2057 4570 2140 4625 vel
2189 4564 2524 4637 refrigerari,
2554 4580 2677 4620 cum
2710 4581 2796 4621 res
2827 4567 3161 4636 poposcerit,
3200 4575 3366 4635 queat

1792 4663 2065 4736 pulmonis
2110 4658 2317 4723 ofﬁcio,
2376 4656 2467 4726 qui
2512 4655 2718 4725 pectori
2774 4656 3038 4711 inhaerere
3080 4657 3244 4711 datus
3283 4666 3367 4711 est

181 4788 304 4865 ’ξδ’
331 4785 464 4853 Quze
490 4786 812 4841 auctoritate
842 4785 966 4840 eod.
991 4783 1365 4845 Parisinorum
1392 4798 1887 4857 vetustissimorum
1918 4802 1972 4855 in
1998 4805 2203 4855 textum
2235 4796 2559 4865 recepimus,
2577 4793 2630 4847 in
2663 4797 2820 4849 uncis
2837 4795 3240 4851 eaineludenda
3271 4812 3366 4850 cu-

110 4860 377 4913 ravimus.

1413 4998 1778 5062 COTELERII
1818 5003 2053 5061 ΝΟΤᾹΖ.

184 5128 297 5197 (74)
336 5127 540 5183 Parvus
558 5130 611 5182 in
640 5130 752 5182 alia
778 5128 1207 5200 mrtndus.Codex
1233 5129 1684 5200 Candclerianus.

104 5200 275 5275 alius_
301 5200 784 5275 parv_us_mundus.
813 5198 1216 5275 Caqnelitlcus,
1267 5203 1405 5275 atina
1438 5205 1493 5258 in
1527 5198 1688 5275 parre

105 5268 362 5324 rotundus.
417 5268 616 5324 Eodem
650 5284 814 5323 sensu
849 5288 862 5323 :
902 5268 1135 5336 Physiri,
1170 5269 1343 5338 inquit
1374 5268 1686 5332 Macrobius

106 5343 203 5395 lib.
242 5355 279 5393 tt
332 5341 401 5416 in_
438 5340 716 5416 Somnium
762 5338 1019 5416 Scipionis
1063 5356 1182 5416 cap.
1236 5341 1304 5395 12
1346 5362 1358 5397 :
1403 5344 1685 5416 Mundam,

104 5426 358 5480 "uagitum
380 5410 661 5465 hominem.
687 5420 735 5463 et
761 5410 1040 5473 hominem,
1072 5412 1269 5463 brevem
1299 5414 1549 5469 mundum
1576 5410 1687 5472 esse

104 5482 379 5535 dixerunt.
409 5482 563 5547 Quod
607 5482 688 5535 sic
716 5494 1035 5550 expressum
1081 5491 1164 5535 est
1188 5497 1216 5534 a
1246 5481 1471 5540 Philone
1497 5486 1685 5543 Judan

108 5553 253 5607 libro
315 5551 651 5621 Quisgrerum
681 5551 981 5605 divinarum
1013 5550 1204 5610 haeres.
1236 5568 1289 5621 p.
1323 5555 1427 5609 502
1460 5575 1473 5609 :
1502 5556 1685 5611 Ἑναλ-

102 5623 413 5698 ξᾶτξογτες,
450 5619 653 5698 βρςχὺν
694 5621 1024 5698 μὲν-κόσμον
1052 5621 1143 5673 τὸν
1176 5619 1479 5698 ᾴνθρωξτον,
1516 5628 1689 5698 μέγαν

106 5693 163 5746 δὲ
197 5688 718 5765 ἄνθρωπτέσὲᾡὰσαῇι
771 5690 862 5743 τὸν
887 5688 1112 5765 ⁸δὲὸσμθν
1158 5688 1315 5765 εἶναί,
1352 5694 1426 5751 De
1468 5688 1690 5753 nomine

107 5761 479 5824 mitrae—armo,
510 5763 704 5815 minori
738 5761 960 5826 mundo,
986 5761 1173 5833 κόσμῳ
1209 5761 1454 5837 συνλτόμῳ
1484 5768 1686 5841 ubique

356 5858 624 5919 I‘aruut.
668 5857 785 5915 (In.
848 5857 891 5916 I.

1788 5141 1955 5194 leges.

1840 5155 1973 5278 8(".7853
2016 5207 2082 5261 Et
2110 5206 2224 5261 vide
2262 5207 2319 5278 in
2348 5207 2444 5262 hoc
2472 5209 2711 5278 artiﬁcis?
2736 5222 2887 5277 opus,
2919 5217 3029 5267 etc.
3061 5209 3254 5268 Totum
3286 5214 3370 5267 lo-

1790 5276 1914 5349 cum
1935 5276 2717 5349 coufcr_cumResponsionead
2738 5276 3217 5349 interrogationem
3239 5286 3363 5349 I40,

1787 5350 1842 5403 in
1876 5348 2095 5404 Czesarii
2126 5346 2407 5413 Dialogis':
2442 5363 2539 5402 nec
2574 5348 2853 5404 dubitabis
2894 5346 3142 5406 asserere
3182 5370 3210 5408 a
3249 5346 3367 5410 Car-

1791 5421 1937 5475 sario
1986 5420 2079 5472 illo
2128 5418 2430 5489 suppilatas
2493 5418 2661 5475 fuisse
2707 5417 3122 5489 Recoguitiones.
3188 5425 3364 5483 Minus

1789 5490 2075 5544 commode
2114 5488 2390 5543 Arnobius
2434 5489 2525 5543 lib.
2560 5504 2620 5543 Ill
2658 5508 2670 5544 :
2706 5487 2854 5543 Nam‘
2894 5492 3019 5554 quid
3060 5496 3112 5546 in
3158 5495 3364 5551 homine

1791 5560 2069 5629 pulchrum
2095 5569 2195 5621 est,
2219 5558 2366 5627 quid.
2398 5577 2598 5630 quwso.
2626 5559 2960 5621 admirabile.
2982 5562 3060 5617 rel
3095 5564 3360 5625 decorum.

1796 5630 1901 5683 nisi
1928 5630 2065 5709 quod
2096 5637 2144 5681 et
2177 5630 2452 5709 veterinoj
2474 5630 2663 5709 legunt
2708 5632 2914 5709 cl‘urino
2941 5648 2971 5687 e
3000 5650 3134 5691 mss.
3172 5636 3359 5709 Regio,

1794 5715 1917 5775 cum
1951 5702 2115 5775 etiam
2144 5700 2308 5754 scribi
2339 5700 2605 5775 potuisset
2632 5704 2878 5771 verrino)
2918 5720 3034 5757 cum
3063 5700 3363 5775 pecore'na-

1794 5772 1904 5825 scio
1934 5772 2048 5839 quis
2077 5780 2264 5824 auctor
2289 5770 2451 5824 voluit
2477 5787 2588 5825 esse
2609 5770 2917 5829 commune‘

2894 5868 2967 5927 ῑιὶ
