3904 6376
538 278 675 338 1387

1394 274 1450 330 S.
1485 270 1883 329 CLEMENTIS
1915 271 1934 325 1
1975 270 2139 328 ROM.
2179 272 2380 331 ΡΟΝΤ.
2422 274 2649 331 OPERA
2685 273 2911 329 DUBIA.

3651 275 3774 332 I588

537 402 595 450 ut
624 393 854 449 mollitie
900 393 986 449 sui
1016 393 1197 463 palpet
1221 399 1275 446 et
1307 389 1489 445 foveat
1517 390 1701 446 cordis
1746 390 2020 460 vigorem,
2050 392 2105 445 in
2134 398 2182 455 Α
2210 398 2264 448 et
2292 408 2466 464 quare
2496 401 2609 447 tam
2636 393 2835 448 tarde?
2880 390 2995 446 IIoc
3036 392 3215 463 possis
3256 390 3553 447 obtendere
3576 393 3780 449 etiamsi

534 503 645 558 quo
673 486 890 542 videtur
919 486 1027 539 vita
1055 482 1378 546 consistere,
1412 480 1524 537 vita
1562 480 1687 536 dico
1710 519 1727 546 ,
1755 495 1867 534 non
1901 481 2104 536 anima.

533 578 669 633 Nam
698 579 829 650 quid
851 578 1030 633 dicam
1054 578 1123 635 de
1146 578 1458 634 substantia
1486 576 1771 648 sanguinis
1790 615 1805 640 ,
1838 575 1933 646 qui
1962 576 2111 630 velut

470 706 488 727 .
534 671 734 727 fluvius
756 688 825 727 ex
858 669 1007 727 fonte
1052 670 1376 742 procedens,
1410 676 1464 725 et
1497 685 1608 725 uno
1650 668 1803 739 prius
1843 668 1997 724 alveo
2026 669 2110 724 in-

535 770 724 818 vectus
753 773 865 817 tum
892 762 1090 818 deinde
1119 778 1215 832 per
1244 762 1560 816 innumeras
1594 775 1763 816 venas
1782 800 1797 825 ,
1827 760 1985 831 quasi
2011 775 2110 830 per

534 869 694 909 areas
747 851 1058 915 derivatus,
1113 859 1283 905 totam
1333 851 1557 906 humani
1608 850 1857 920 corporis
1906 857 2109 905 terram

534 945 793 1000 vitalibus
832 945 974 1014 rigat
1012 943 1267 1010 fluentis,
1294 944 1502 1014 jecoris
1531 958 1697 1014 opere
1727 943 2107 1010 ministratus,

535 1036 681 1105 quod
711 1036 780 1089 ad
813 1035 1109 1091 efﬁcaciam
1157 1036 1478 1108 digestionis
1527 1038 1808 1103 ciborum,
1852 1046 2016 1111 atque
2052 1041 2108 1095 in

532 1126 852 1197 sanguinem
900 1127 1284 1182 mutandorum
1316 1126 1374 1181 in
1421 1128 1617 1183 dextro
1657 1129 1826 1185 latere
1846 1130 2015 1199 jacet.
2048 1132 2109 1186 1n

535 1220 761 1273 sinistro
798 1234 927 1273 vero
970 1219 1177 1289 Splenis
1196 1228 1281 1274 est
1313 1220 1489 1283 locus,
1523 1222 1615 1290 qui
1640 1220 1855 1276 trahere
1876 1220 1944 1274 ad
1969 1236 2029 1277 se
2054 1230 2109 1277 et

535 1326 768 1380 purgare
795 1310 1200 1380 quodammodo
1231 1310 1425 1366 sordes
1456 1312 1745 1382 sanguinis
1773 1313 1968 1382 possit.

604 1402 797 1459 XXXI.
842 1403 1231 1458 Intestinorum
1280 1420 1501 1475 quoque
1548 1406 1689 1460 ratio
1737 1414 1944 1476 quanta
1994 1408 2105 1462 est!

534 1512 658 1567 quae
682 1497 890 1551 idcirco
917 1496 1095 1566 longis
1143 1496 1376 1552 nexibus
1405 1497 1459 1551 in
1491 1497 1824 1553 circulorum
1856 1496 2109 1554 ordinata

534 1599 664 1645 sunt
715 1588 976 1653 modum,
1024 1596 1083 1641 ιιι
1126 1596 1412 1659 susceptas
1475 1590 1812 1661 digestiones
1861 1591 2108 1646 ciborum

533 1682 795 1753 paulatim
842 1688 1097 1751 egerant,
1144 1697 1253 1751 quo
1298 1696 1474 1751 neque
1518 1682 1586 1737 ad
1627 1683 1871 1738 subitum
1916 1683 2107 1739 inanes

533 1774 771 1829 efIiciant
817 1776 1000 1839 locos,
1031 1781 1086 1829 et
1114 1774 1199 1828 his
1239 1774 1333 1844 qui
1381 1774 1719 1845 superadditi
1762 1774 1968 1831 fuerint
1999 1792 2111 1831 non

534 1868 902 1939 impediantur
931 1867 1090 1923 cibis.
1122 1865 1453 1922 Membrana:
1476 1875 1655 1923 autem
1688 1871 1743 1922 in
1772 1868 1993 1923 modum
2023 1870 2112 1925 id-

535 1961 687 2015 circo
733 1959 878 2013 facta
922 1966 1088 2023 sunt,
1121 1965 1179 2012 ut
1208 1974 1274 2013 ex
1320 1958 1456 2028 ipsis
1502 1974 1566 2013 ea
1605 1975 1727 2030 qua:
1768 1963 2111 2018 extrinsecus

536 2062 696 2115 sunt,
736 2050 1021 2105 humorem
1069 2050 1270 2104 sensim
1304 2050 1642 2120 suscipiant,
1675 2051 1768 2121 qui
1814 2066 1990 2121 neque
2017 2068 2112 2107 su-

537 2147 652 2200 bito
676 2142 883 2200 equsus
907 2143 1219 2199 exinaniret
1248 2143 1483 2209 interna,
1510 2160 1689 2214 neque
1711 2145 1966 2201 densiore
1987 2156 2112 2203 cute

538 2238 883 2310 prohibitus,
935 2237 1087 2291 arida
1137 2252 1257 2306 quae
1296 2237 1640 2293 extrinsecus
1683 2238 1953 2293 habentur
1995 2239 2110 2294 elli-

536 2338 719 2395 ceret,
747 2339 801 2385 et
831 2337 997 2385 totam
1020 2329 1262 2384 hominis
1311 2328 1570 2385 fabricam
1618 2331 1740 2388 sitis
1784 2333 2113 2391 necessitate

536 2424 805 2479 turbaret.

607 2515 819 2571 XXXII.
863 2515 1033 2570 Porro
1062 2531 1191 2571 vero
1221 2515 1452 2587 feminea
1484 2517 1703 2587 positio,
1730 2526 1784 2573 et
1816 2519 1989 2575 vulvae
2037 2521 2115 2577 si-

538 2626 645 2666 nus
675 2610 743 2664 ad
771 2608 1144 2679 recipiendum
1174 2586 1397 2679 germen
1424 2616 1478 2664 et
1506 2609 1907 2671 confovendum
1936 2614 2114 2668 vivifi-

537 2703 881 2772 candumque
932 2700 1433 2767 commodissimus,
1487 2716 1648 2771 quem
1679 2716 1788 2756 non
1814 2705 2026 2759 ratione
2058 2713 2111 2761 et

537 2793 827 2867 prudentia
849 2792 1036 2848 effecta
1065 2808 1187 2848 esse
1215 2808 1336 2863 quae
1359 2791 1499 2848 facta
1525 2803 1674 2857 sunt,
1702 2794 2114 2866 suadeat,quod

537 2889 595 2941 in
623 2902 688 2942 ea
720 2886 897 2941 solum
952 2892 1105 2955 parte
1155 2885 1525 2939 membrorum
1551 2900 1582 2937 a
1614 2885 1758 2940 virili
1818 2890 1997 2958 specie
2036 2889 2115 2943 fe-

538 2980 686 3034 mina
719 2979 1012 3047 discrepat,
1063 2992 1170 3047 qua
1221 2978 1513 3047 posteritas
1561 2987 1679 3033 sala
1731 2980 2031 3050 suscipitur
2062 2990 2115 3036 et

540 3072 779 3135 fovetur,
809 3078 862 3125 et
894 3085 1086 3124 rursus
1140 3070 1313 3123 virilis
1364 3069 1585 3124 habitus
1613 3086 1677 3124 ea
1734 3073 2113 3127 tantummodo

539 3166 914 3220 membrorum
968 3170 1121 3232 parte
1153 3163 1492 3225 immutatur,
1547 3177 1653 3232 qua
1682 3162 1731 3217 ei
1781 3164 1865 3219 vis
1897 3164 2112 3219 serendi

540 3269 596 3316 et
630 3256 927 3330 generandi
983 3255 1219 3309 hominis
1248 3255 1421 3309 inest?
1459 3254 1524 3307 Et
1574 3256 1627 3309 in
1683 3254 1786 3309 hoc
1856 3271 2114 3326 magnum

541 3353 761 3423 quidem
792 3346 1167 3404 testimonium
1217 3346 1577 3402 Providentiae
1618 3346 1802 3408 datur,
1827 3363 1893 3402 ex
1924 3365 2115 3405 neces-

540 3444 691 3499 saria
719 3442 1040 3498 diversitate
1069 3439 1461 3504 membrorum,
1492 3439 1587 3494 sed
1614 3439 1686 3494 ibi
1712 3441 1907 3507 majus,
1943 3442 2034 3496 ubi
2057 3442 2114 3497 in

538 3537 765 3591 habitus
818 3532 1196 3600 similitudine,
1250 3548 1388 3588 usus
1425 3532 1716 3589 diversitas
1746 3541 1801 3588 et
1827 3533 1987 3589 ofIicii
2020 3551 2115 3592 va-

540 3629 712 3683 rietas
741 3626 1036 3682 invenitur.
1097 3623 1233 3678 Nam
1266 3624 1519 3679 mamillae
1557 3625 1692 3679 viris
1712 3640 1866 3696 aeque
1890 3635 2018 3682 sunt
2050 3643 2115 3683 ac

544 3719 785 3783 feminis,
816 3717 911 3774 sed
942 3716 1265 3772 feminarum
1312 3716 1441 3771 sola:
1482 3724 1611 3771 sunt
1646 3733 1767 3787 quae
1807 3718 1966 3775 lactis
1994 3736 2116 3774 mu-

542 3829 673 3869 nere
697 3812 998 3883 replentur,
1054 3817 1113 3864 ut
1167 3809 1351 3866 statim
1378 3808 1469 3863 ubi
1516 3810 1826 3879 genuerint,
1858 3822 1983 3883 apta
2009 3813 2115 3869 sibi

544 3906 806 3977 parvulus
828 3903 1068 3959 inveniat
1093 3901 1453 3956 nutrimenta.
1476 3899 1631 3967 Quod
1659 3902 1877 3971 si,tanta
1903 3904 2116 3961 ratione

541 3998 793 4053 videmus
826 3996 881 4054 in
911 3994 1132 4049 homine
1166 3992 1412 4047 membra
1457 3992 1742 4063 disposita,
1778 4002 1837 4048 ιιι
1864 3995 1919 4048 in
1955 4003 2115 4052 caete-

542 4090 622 4144 ris
650 4086 905 4142 omnibus
956 4084 1152 4141 similis
1205 4084 1426 4139 habitus
1480 4084 1750 4150 videatur,
1783 4084 1838 4138 in
1868 4085 1954 4139 his
1989 4096 2114 4141 tan-

543 4179 825 4234 tummodo
853 4178 1187 4246 discrepent,
1244 4175 1300 4230 in
1345 4176 1545 4245 quibus
1582 4192 1714 4231 usus
1744 4177 2115 4234 diversitatem

544 4268 796 4339 requirit,
854 4275 913 4322 et
948 4282 1125 4336 neque
1176 4267 1231 4320 in
1253 4266 1373 4319 viro
1408 4266 1611 4337 aliquid
1655 4268 1989 4338 superfluum
2020 4276 2115 4324 aut

543 4376 730 4431 egens,
765 4375 939 4429 neque
965 4360 1023 4413 in
1085 4357 1286 4412 femina
1334 4358 1482 4427 quod
1540 4359 1682 4414 desit
1708 4360 2005 4427 ,videamus
2030 4364 2116 4418 vel

2209 494 2339 541 ante
2365 486 2544 541 factus
2571 485 2806 554 fuisset;
2860 485 3074 541 diceres
3102 485 3272 549 enim,
3303 483 3417 540 Cur
3446 501 3557 539 non
3590 496 3647 541 et
3670 499 3783 544 ante

2208 578 2353 634 hoc?
2379 591 2433 636 et
2459 580 2532 634 ita
2563 579 2831 635 immensa
2878 579 3081 635 sarcula
3124 578 3525 635 transcendens
3576 596 3785 651 semper

2210 670 2391 740 possis
2419 672 2722 742 requirere,
2783 686 2883 726 cur
2920 686 3031 725 non
3062 677 3117 727 et
3149 678 3277 727 ante
3304 671 3448 727 hoc?
3497 670 3608 727 Sed
3637 673 3786 731 nobis

2210 778 2359 817 nunc
2386 779 2569 819 sermo
2596 779 2705 819 non
2734 763 2885 819 deeo
2911 770 2997 819 est
3052 762 3175 835 [cur
3212 779 3320 818 non
3352 764 3423 819 sit
3457 773 3585 820 ante
3618 763 3788 821 factus

2209 870 2373 924 quam
2412 854 2590 911 factus
2618 854 2752 928 est],
2786 854 2881 911 sed
2914 856 2959 911 si
2984 856 3210 911 omnino
3239 855 3418 913 factus
3433 863 3539 913 est.
3566 855 3627 911 Si
3652 858 3791 912 enim

2208 943 2414 999 factum
2444 954 2683 1009 constat,
2716 946 3030 1002 necessario
3060 948 3297 1016 potentis
3326 955 3381 1002 et
3434 948 3640 1003 summi
3672 950 3795 1002 arti-

2210 1035 2329 1091 ﬁcis
2350 1052 2488 1107 opus
2518 1046 2640 1107 est;
2673 1037 2820 1108 quod
2853 1039 2900 1094 si
2934 1047 3175 1109 constat,
3212 1039 3433 1110 quando
3457 1055 3584 1095 eum
3621 1038 3795 1095 facere

2210 1127 2467 1193 voluerit,
2530 1129 2795 1200 sapientis
2840 1130 3068 1187 artificis
3100 1131 3332 1187 arbitrio
3364 1132 3687 1202 judicioque
3718 1149 3796 1187 re-

2210 1219 2568 1289 linquendum
2610 1231 2714 1278 est.
2777 1222 2896 1278 Nisi
2925 1224 3175 1278 videatur
3216 1224 3315 1278 tibi
3349 1226 3529 1281 omnis
3568 1226 3689 1279 hare
3721 1241 3796 1279 sa-

2210 1311 2455 1382 pientia,
2533 1329 2655 1383 quae
2726 1322 2837 1368 tam
2894 1315 3189 1370 immanem
3237 1316 3427 1371 mundi
3484 1316 3795 1371 machinam

2212 1404 2433 1469 struxit,
2457 1414 2511 1459 et
2546 1406 2782 1476 singulis
2812 1407 3128 1478 quibusque
3172 1407 3337 1464 rebus
3360 1408 3565 1465 formas
3596 1419 3653 1464 et
3678 1424 3799 1479 spe-

2211 1494 2325 1551 cies
2353 1495 2523 1561 dedit,
2550 1512 2784 1568 quarum
2817 1499 3067 1554 habitum
3101 1515 3213 1555 non
3243 1500 3433 1555 decori
3460 1502 3644 1555 solum
3676 1516 3801 1563 con-

2210 1588 2541 1655 venientem,
2575 1589 2671 1644 sed
2701 1600 2756 1645 et
2800 1588 3003 1645 futuris
3028 1592 3224 1647 usibus
3254 1593 3605 1663 aptissimum
3627 1602 3684 1649 et
3708 1610 3801 1648 ne-

2213 1681 2515 1735 cessarium
2546 1690 2795 1751 poneret,
2828 1682 2932 1738 hoc
2952 1699 3074 1739 eam
3104 1685 3280 1740 solum
3306 1685 3528 1757 fugerit,
3551 1702 3669 1756 quo
3692 1694 3799 1739 tam

2214 1772 2516 1844 magnificae
2548 1774 2885 1835 conditionis
2916 1783 3284 1846 opportunum
3311 1785 3528 1848 tempus
3561 1793 3803 1833 assume-

2212 1876 2315 1924 ret.
2346 1866 2440 1923 Est
2463 1868 2607 1938 apud
2637 1868 2793 1922 illum
2848 1869 3096 1939 profecto
3126 1878 3277 1925 certa
3334 1872 3500 1937 ratio,
3531 1879 3663 1926 sunt
3689 1873 3801 1925 evi-

2213 1958 2406 2013 dentes
2430 1973 2637 2023 causaa,
2653 1973 2752 2012 cur
2770 1965 2825 2013 et
2848 1959 3068 2028 quando
3095 1966 3149 2013 et
3170 1959 3410 2029 qualiter
3439 1958 3637 2014 fecerit
3653 1975 3800 2013 mun-

2212 2052 2365 2115 dum,
2398 2067 2535 2123 quas
2561 2050 2899 2119 hominibus,
2930 2052 3129 2122 quibus
3165 2052 3279 2106 haec
3301 2068 3423 2123 quae
3456 2059 3588 2107 ante
3614 2052 3802 2108 oculos

2212 2144 2388 2214 posita
2419 2153 2549 2199 sunt
2581 2156 2635 2200 et
2655 2150 2722 2200 de
2760 2144 2880 2216 ejus
2910 2143 3250 2214 providentia
3281 2150 3692 2209 contestantur,
3724 2145 3804 2198 in-

2212 2236 2431 2306 quirere
2488 2243 2542 2293 et
2588 2237 2894 2309 intelligere
2929 2238 3141 2309 pigrum
3192 2235 3320 2300 fuit,
3352 2238 3561 2308 aperiri
3618 2240 3803 2309 utique

2164 2349 2170 2355 ·
2213 2344 2322 2382 non
2352 2329 2628 2398 oportuit;
2672 2346 2793 2401 quae
2844 2328 2989 2385 enim
3051 2329 3108 2384 in
3164 2330 3382 2385 occulto
3440 2330 3726 2385 habentur
3752 2341 3804 2386 et

2213 2421 2358 2475 intra
2392 2422 2674 2491 sapientiae
2704 2439 2921 2488 sensus,
2949 2422 3097 2477 velut
3127 2422 3270 2475 intra
3302 2421 3489 2492 regios
3512 2422 3801 2478 thesauros

2214 2512 2496 2567 recondita
2526 2523 2676 2579 sunt,
2704 2514 2910 2569 nemini
2966 2520 3175 2583 patent,
3211 2512 3317 2567 nisi
3350 2513 3435 2568 his
3476 2514 3573 2583 qui
3614 2514 3684 2569 ab
3714 2515 3802 2568 illo

2213 2606 2526 2674 didicerint,
2561 2607 2706 2678 apud
2738 2622 2902 2678 quem
2942 2609 3155 2678 signata
3188 2614 3315 2661 sunt
3366 2606 3483 2660 haec
3538 2615 3596 2661 et
3646 2623 3803 2678 repo-

2214 2698 2340 2753 sita.
2368 2696 2512 2754 Deus
2541 2713 2671 2769 ergo
2700 2709 2782 2754 est
2831 2699 2923 2771 qui
2984 2699 3113 2754 fecit
3141 2699 3346 2763 omnia,
3397 2707 3451 2753 et
3502 2699 3623 2770 ipse
3656 2716 3688 2754 a
3717 2718 3805 2755 ne-

2214 2790 2365 2845 mine
2392 2789 2570 2845 factus
2599 2799 2704 2846 est.
2737 2788 2841 2856 Qui
2866 2798 3048 2845 autem
3074 2798 3325 2844 naturam
3357 2806 3457 2860 pro
3479 2790 3595 2845 Deo
3627 2794 3804 2846 nomi-

2214 2892 2369 2945 nant,
2400 2892 2453 2936 CI.
2484 2898 2579 2953 per
2634 2890 2887 2937 naturam
2919 2881 3064 2937 facta
3112 2897 3234 2938 esse
3262 2891 3466 2938 cuncta
3506 2892 3803 2944 testantur.

2214 2974 2349 3030 latet
2367 2990 2463 3030 eos
2500 2975 2884 3046 appellationis
2915 2990 3026 3030 suae
3050 2989 3225 3030 error.
3266 2972 3322 3029 Si
3361 2976 3511 3030 enim
3546 2985 3804 3031 naturam

2142 3107 2182 3163 Ο
2218 3065 2648 3121 irrationabilem
2681 3073 2897 3136 putant,
2923 3065 3307 3121 stultissimum
3355 3075 3441 3121 est
3497 3068 3807 3122 rationabi-

2218 3162 2320 3214 lem
2354 3159 2621 3214 facturam
2650 3160 2721 3215 ab
2771 3159 3134 3214 irrationabili
3181 3156 3391 3215 factore
3429 3161 3714 3232 progredi.
3750 3160 3805 3215 Si

2216 3267 2346 3307 vero
2376 3252 2516 3305 ratio
2538 3257 2645 3315 est,
2678 3249 2732 3305 id
2766 3257 2851 3306 est
2893 3250 3068 3321 logos,
3105 3266 3202 3321 per
3224 3266 3389 3320 quam
3416 3249 3566 3304 facta
3587 3260 3809 3306 constat

2216 3343 2492 3406 universa,
2518 3341 2796 3412 superfluo
2824 3357 3022 3397 nomen
3051 3343 3361 3406 immutant,
3388 3343 3485 3397 ubi
3519 3344 3589 3399 de
3606 3345 3809 3400 Condi-

2214 3435 2353 3490 toris
2379 3434 2589 3489 ratione
2617 3434 2959 3504 profiteutur.
2992 3433 3072 3489 Ad
3102 3435 3218 3491 haec
3241 3435 3287 3491 si
3317 3436 3450 3505 quid
3478 3434 3673 3499 habes,
3703 3434 3810 3490 Pa-

2218 3535 2319 3589 [81⁸.
2347 3542 2701 3597 prosequere.

2284 3617 2501 3673 XXXV.
2578 3617 2704 3673 Haec
2764 3634 2889 3674 cum
2937 3617 3125 3673 Niceta
3179 3618 3450 3682 dixisset,
3513 3635 3682 3674 senex
3734 3620 3806 3673 ita

2216 3709 2527 3780 respondit:
2563 3708 2647 3764 Tu
2704 3709 2951 3781 quidem,
2990 3710 3087 3775 fili,
3145 3710 3445 3780 prudenter
3498 3720 3554 3765 et
3595 3711 3807 3766 forti‘er

2216 3808 2543 3872 prosecutus
2572 3817 2653 3867 es,
2717 3802 2775 3855 in
2821 3809 3034 3856 tantum
3066 3809 3125 3857 ut
3166 3802 3366 3857 melius
3395 3787 3509 3858 dici
3536 3819 3699 3873 posse
3737 3804 3805 3858 de

2216 3893 2567 3950 Providentia
2621 3909 2732 3948 non
2788 3903 2994 3964 putem.
3050 3893 3157 3949 Sed
3211 3895 3477 3965 quoniam
3536 3895 3669 3949 hora
3690 3896 3800 3965 jam

2216 3988 2386 4041 multa
2412 3995 2517 4051 est,
2577 3986 2823 4041 crastino
2882 3986 2951 4042 ad
3005 3986 3121 4041 haec
3159 4002 3279 4058 qua:
3330 3998 3664 4057 prosecutus
3718 4005 3798 4052 es,

2216 4080 2550 4150 respondere
2595 4080 2775 4150 aliqua
2814 4080 2957 4144 volo,
3011 4079 3079 4135 de
3106 4080 3308 4148 quibus
3332 4081 3380 4136 si
3404 4081 3543 4135 mihi
3586 4080 3805 4136 satisfe-

2216 4173 2361 4228 ceris
2381 4174 2570 4243 gratiaa
2600 4188 2689 4227 me
2734 4171 2907 4228 fateor
2929 4172 3253 4229 debitorem.
3288 4173 3353 4227 Et
3384 4174 3473 4229 his
3502 4189 3532 4228 a
3564 4189 3696 4229 sene
3720 4174 3803 4229 di-

2216 4266 2342 4329 ctis,
2370 4265 2608 4319 surrexit
2656 4264 2873 4320 Petrus.
2933 4265 3166 4330 Quidam
3219 4281 3348 4321 vero
3376 4281 3445 4320 ex
3491 4267 3802 4321 astantibus

2216 4354 2636 4439 Laodicensium
2666 4357 2879 4427 primus
2899 4357 3128 4427 rogabat
3149 4354 3373 4413 Petrum
3395 4367 3450 4413 et
3474 4373 3607 4425 nos,
3629 4366 3690 4414 ut
3715 4374 3798 4413 se-

543 4451 692 4521 quod
724 4449 982 4517 abundet,
1034 4449 1159 4519 quis
1212 4464 1276 4503 ex
1328 4448 1414 4504 his
1458 4451 1713 4506 omnibus
1758 4467 1868 4506 non
1897 4453 2119 4510 eviden-
2147 4465 2193 4522 ι)
2218 4446 2305 4503 nis
2333 4448 2650 4503 indumenta
2680 4463 2803 4519 qua:
2856 4447 3091 4502 habebat
3117 4450 3338 4503 sordida
3368 4460 3426 4505 et
3474 4452 3655 4506 scissa
3683 4466 3799 4504 mu-

543 4553 627 4597 ter
672 4549 931 4614 agnoscat
981 4540 1209 4595 rationis
1268 4556 1407 4611 opus
1446 4550 1499 4596 et
1542 4544 1863 4613 sapientiam
1908 4546 2114 4601 Condi-

541 4634 717 4689 toris?

618 4725 853 4782 XXXIII.
913 4726 1012 4783 Ilis
1066 4728 1391 4799 astipulatur
1444 4728 1607 4782 etiam
1659 4730 2118 4785 czeterorumani-

546 4819 769 4873 malium
799 4819 1145 4875 rationabilis
1169 4820 1480 4884 diversitas,
1516 4829 1569 4875 ct
1591 4836 1691 4875 suo
1709 4822 1962 4892 quodque
1991 4823 2115 4878 usui

546 4913 959 4983 ministerioque
1020 4913 1369 4970 conveniens.
1428 4912 1553 4969 Ilaec
1611 4921 1842 4969 testatur
1868 4922 1921 4969 et
1950 4916 2115 4969 arbo-

546 5019 665 5056 rum
703 5003 940 5056 varietas
987 5002 1394 5073 herbarumque
1446 5003 1759 5068 diversitas,
1792 5013 1902 5058 tam
1934 5006 2117 5075 specie

548 5096 753 5148 variata
802 5111 966 5165 quam
1018 5096 1220 5151 succis.
1279 5095 1402 5151 Ilaec
1450 5098 1647 5153 asserit
1698 5107 1751 5153 et
1790 5098 2119 5167 permutatio

545 5199 852 5259 temporum
914 5188 969 5241 in
1013 5198 1246 5257 quatuor
1294 5188 1554 5244 distincta
1603 5189 2030 5254 vicissitudines,
2065 5200 2118 5245 et

545 5282 714 5335 certis
744 5278 917 5341 horis,
970 5278 1186 5343 diebus,
1246 5280 1550 5344 mensibus,
1614 5296 1815 5333 annum
1876 5281 2117 5336 circulus

546 5372 827 5435 claudens,
848 5380 901 5427 et
926 5388 992 5427 ne
1021 5387 1180 5425 unam
1197 5372 1414 5441 quidem
1436 5372 1624 5428 horam
1648 5382 1863 5428 statuta:
1889 5374 2116 5429 rationis

548 5467 849 5531 excedens;
891 5465 1019 5519 hinc
1071 5465 1306 5534 denique
1358 5466 1520 5519 etiam
1545 5465 1732 5519 mundi
1768 5467 1939 5536 ipsius
1962 5474 2114 5525 tetas.

550 5568 698 5613 certa
727 5568 779 5615 et
810 5558 989 5617 stabili
1022 5558 1252 5622 ratione,
1283 5569 1546 5629 concepto
1587 5574 1852 5615 annorum
1890 5573 2118 5613 numero

546 5660 819 5709 Lensctur.

622 5745 857 5799 XXXlV.
914 5745 1016 5799 Sed
1043 5746 1219 5808 dices,
1256 5745 1487 5812 Quando
1521 5747 1756 5800 mundus
1809 5746 1984 5799 factus
2010 5752 2112 5809 est,

2219 4547 2395 4606 taret;
2420 4554 2580 4609 quem
2605 4537 2802 4595 Petrus
2824 4546 2879 4593 et
2905 4553 3009 4595 nos
3057 4539 3314 4609 amplexi,
3335 4548 3392 4595 et
3418 4540 3797 4596 collaudantes

2218 4646 2317 4701 pro
2343 4631 2573 4687 honesta
2619 4638 2675 4687 et
2702 4631 2908 4702 optima
2946 4631 3223 4687 voluntate
3278 4622 3400 4697 sua,
3431 4632 3752 4689 dicebamus
3777 4652 3794 4687 :

2217 4722 2356 4789 Quia
2388 4738 2486 4778 nec
2516 4738 2617 4779 nos
2663 4724 2735 4777 ita
2769 4723 3090 4794 insipientes
3113 4739 3304 4779 sumus
3332 4734 3386 4779 et
3417 4725 3599 4796 impii,
3627 4734 3685 4781 ut
3713 4728 3795 4781 cui

2216 4821 2327 4868 tam
2364 4817 2603 4885 pretiosa
2641 4814 3239 4881 verba-concredimus,
3269 4832 3378 4869 non
3420 4818 3600 4872 multo
3633 4818 3797 4888 magis

2217 4910 2379 4964 etiam
2414 4910 2530 4964 hmo
2567 4926 2690 4979 qua:
2713 4909 2778 4963 ad
2806 4926 3264 4981 ususcorporeos
3316 4920 3447 4966 sunt
3486 4913 3796 4967 necessaria

2218 5002 2580 5073 praebeamus,
2608 5017 2730 5071 qua:
2757 5016 2883 5056 eum
2916 5010 2970 5057 et
3002 5002 3238 5057 libenter
3267 5010 3660 5072 suscepturum
3684 5018 3800 5056 cre-

2218 5095 2421 5159 dimus,
2447 5104 2707 5165 tanquam
2738 5109 2768 5147 a
2792 5094 2917 5149 liliis
2943 5101 3174 5164 patrem,
3197 5095 3291 5149 sed
3318 5102 3373 5149 et
3403 5102 3615 5148 tectum
3643 5095 3799 5149 nobis

2216 5196 2271 5244 et
2296 5188 2461 5242 vitam
2501 5202 2844 5242 communem
2903 5186 3020 5241 fore
3048 5186 3346 5241 credimus.
3390 5185 3519 5241 Ilaec
3549 5202 3675 5241 cum
3700 5202 3799 5242 nos

2218 5279 2552 5343 diceremus,
2584 5288 2640 5335 et
2670 5280 2760 5334 ille
2789 5279 3091 5351 primarius
3120 5279 3360 5333 civitatis
3415 5295 3638 5334 summa
3665 5282 3717 5334 vi
3745 5290 3801 5335 et

2217 5372 2609 5427 blandimentis
2639 5372 2891 5442 plurimis
2948 5372 3180 5426 avellere
3207 5386 3237 5423 a
3262 5370 3426 5425 nobis
3456 5380 3683 5442 cuperet
3713 5388 3795 5426 se-

2218 5480 2366 5529 nem,
2398 5480 2501 5519 nos
2539 5480 2667 5519 vero
2697 5479 2763 5518 eo
2791 5463 3165 5518 vehementius
3198 5463 3590 5529 retineremus,
3621 5465 3798 5518 omnis

2218 5558 2453 5629 populus
2476 5557 2797 5611 acclamavit
2828 5565 2889 5610 ut
2936 5555 3069 5609 illud
3121 5556 3296 5623 magis
3327 5555 3444 5622 fiat,
3498 5558 3647 5628 quod
3696 5557 3792 5627 ipsi

2220 5652 2395 5719 placet
2423 5651 2573 5714 seni;
2609 5656 2662 5704 ct
2681 5655 2815 5703 ‘cum
2848 5647 3123 5702 silentium
3157 5648 3359 5702 factum
3387 5648 3608 5714 fuisset,
3633 5665 3789 5705 senex

2214 5744 2528 5813 jurameuto
2556 5742 2845 5811 praevenit,
2878 5740 3107 5796 dicens:
3168 5740 3339 5797 IIodic
3389 5742 3538 5813 apud
3587 5744 3787 5815 nullum
