3848 6262
78 826 83 879 Ι

210 342 329 399 I589

1320 342 1865 400 RFLOGNITIONUM
1898 343 2025 397 LIB.
2067 339 2198 394 VIII.

3204 341 3224 392 Ι
3237 340 3336 393 59⁸)

203 453 414 510 manebo
428 467 601 522 neque
622 455 689 509 ab
705 456 881 527 aliquo
902 454 1194 525 quidquam
1218 456 1527 526 suscipiam,
1553 458 1627 510 uti
1651 473 1718 513 ne
1744 463 1789 518 Α
1817 472 1955 511 mam
1982 453 2287 525 possidens,
2318 469 2414 508 cur
2434 455 2487 507 in
2518 454 2729 508 occulto
2757 453 2889 508 lates
2917 459 2969 509 et
3015 452 3335 507 verecundia

199 542 407 598 alterius
461 541 675 597 dilectio
720 545 938 600 alterius
988 545 1204 599 tristitia
1260 546 1377 612 fiat;
1426 549 1538 602 hinc
1564 550 1705 603 enim

196 631 516 701 postmodum
547 633 592 687 si
612 636 787 689 visum
817 635 997 698 fuerit,
1028 635 1137 689 ﬁeri
1165 649 1407 704 possunt.

256 719 482 775 XXXVI.
514 719 579 774 Et
612 736 733 776 cum
789 725 900 779 haec
926 726 1147 780 dixisset
1197 743 1378 791 senex,
1416 727 1605 785 Petrus
1635 731 1708 784 ait

191 811 250 864 ad
276 810 584 879 primarium
616 812 847 866 civitatis
875 833 887 868 :
941 814 1200 879 Quoniam
1232 818 1397 870 nostri
1426 819 1706 887 prazsentia

189 900 372 953 bonam
395 900 730 955 voluntatem
759 910 903 955 tuam
936 905 1236 966 ostendisti,
1268 907 1473 962 tristem
1522 913 1574 960 te
1600 924 1704 962 non

144 1004 145 1007 η
185 996 382 1056 oportet
406 990 717 1054 abscedere,
756 992 846 1046 sed
892 994 1214 1062 accipiemus
1267 996 1362 1051 abs
1402 1005 1455 1051 te
1480 1000 1703 1067 gratiam

185 1090 276 1145 pro
293 1078 480 1147 gratia,
510 1079 727 1133 domum
758 1090 900 1135 tuam
932 1085 1085 1139 nobis
1130 1087 1367 1150 ostende,
1396 1096 1447 1142 et
1471 1105 1704 1158 praepara

182 1181 291 1219 eam
324 1172 383 1219 ut
410 1170 653 1222 crastino
684 1170 974 1239 disputatio
1002 1190 1119 1241 qua;
1146 1174 1321 1228 futura
1367 1186 1448 1231 est
1494 1179 1567 1231 ibi
1616 1179 1707 1231 ha-

181 1254 378 1318 beatur,
405 1262 460 1309 et
506 1256 553 1309 si
585 1258 678 1326 qui
700 1260 885 1312 volunt
914 1261 1103 1317 adesse
1131 1265 1195 1316 ad
1227 1264 1551 1319 audiendum
1581 1282 1703 1336 per-

180 1344 471 1399 mittantur.
504 1344 636 1410 Quae
658 1361 779 1401 cum
810 1350 1047 1405 audisset
1073 1354 1277 1421 primus
1300 1355 1531 1408 civitatis
1552 1357 1704 1411 valde

180 1433 385 1500 gavisus
404 1443 508 1497 est,
537 1434 632 1489 sed
664 1443 717 1490 et
744 1438 917 1493 omnis
970 1441 1195 1509 p0pulus
1228 1442 1453 1497 libenter
1478 1444 1701 1499 audivit.

176 1520 407 1589 Cumque
434 1521 819 1580 discessissent
848 1527 1033 1591 turbae,
1087 1530 1300 1585 domum
1350 1548 1499 1588 suam
1521 1544 1701 1589 osten-

175 1611 279 1676 dit;
302 1611 580 1666 discedere
598 1621 775 1667 autem
801 1623 853 1668 et
881 1631 1041 1671 senex
1063 1621 1243 1687 carpit.
1270 1620 1379 1689 Ego
1406 1630 1581 1677 tamen
1609 1624 1702 1677 uni

175 1716 231 1753 ex
254 1701 592 1770 pedissequis
621 1704 757 1758 meis
788 1706 1041 1774 imperavi
1074 1710 1209 1763 clam
1261 1712 1511 1781 subsequi
1539 1715 1701 1767 vesti-

174 1792 306 1858 gium
357 1793 538 1853 senis,
593 1800 649 1846 et
698 1793 905 1849 discere
942 1796 1029 1850 ubi
1078 1809 1334 1855 maneret.
1383 1800 1491 1857 Nos
1523 1812 1698 1857 autem

174 1892 284 1930 cum
322 1879 655 1935 redissemus
683 1883 747 1935 ad
778 1884 1063 1952 hospitium
1089 1926 1103 1949 ,
1135 1891 1499 1943 enarravimus
1523 1892 1701 1944 omnia

174 1966 420 2023 fratribus
445 1985 566 2037 qua:
592 1972 751 2025 nobis
778 1988 898 2027 cum
926 1990 1054 2029 sene
1080 1977 1259 2031 habita
1288 1987 1431 2044 sunt,
1456 1990 1509 2034 et
1534 1983 1608 2034 ita
1634 1997 1699 2035 ex

172 2070 307 2110 more
328 2059 450 2111 cibo
477 2069 697 2129 sumpto
726 2063 1099 2130 requievimus.

233 2145 487 2202 XXXVII.
520 2148 621 2203 Die
656 2159 832 2204 autem
862 2163 1070 2221 postera
1116 2155 1303 2211 Petrus
1346 2167 1551 2213 mature
1577 2176 1698 2214 sur-

170 2249 291 2299 gens
315 2238 602 2291 suscitavit
626 2255 748 2302 nos,
776 2249 827 2294 et
848 2244 1176 2310 perreximus
1201 2247 1399 2314 pariter
1426 2249 1490 2301 ad
1524 2250 1696 2303 locum

171 2336 447 2388 secretum,
499 2327 556 2380 in
606 2344 717 2396 quo
749 2336 803 2383 et
844 2331 1012 2399 pridie
1038 2335 1296 2390 orationis
1332 2350 1494 2390 causa
1520 2338 1690 2391 fuera-

170 2426 311 2477 mus;
336 2423 498 2483 atque
520 2417 647 2471 inde
671 2426 793 2487 post
821 2422 1115 2489 orationem
1146 2424 1270 2476 dum
1301 2426 1603 2481 veniremus
1630 2428 1695 2480 ad

167 2503 503 2557 constitutam
525 2505 767 2569 domum,
790 2508 843 2561 in
868 2510 1055 2564 itinere
1081 2512 1327 2566 monebat
1349 2529 1467 2578 nos,
1489 2515 1691 2570 dicens:

169 2591 357 2648 Audite
405 2611 515 2659 me,
548 2598 798 2651 conservi
852 2599 1209 2663 dilectissimi,
1260 2602 1455 2656 bonum
1504 2613 1586 2658 est
1639 2616 1696 2658 ut

169 2683 537 2752 unusquisque
555 2693 802 2739 vestrum
829 2689 1119 2741 secundum
1145 2691 1283 2758 quod
1310 2700 1504 2761 potest,
1527 2696 1695 2763 prosit

164 2772 548 2828 accedentibus
598 2775 668 2828 ad
722 2775 875 2828 fidem
916 2777 1186 2846 religionis
1226 2788 1441 2849 nostrae,
1494 2792 1546 2835 et
1576 2784 1694 2837 ideo

162 2872 259 2911 non
286 2875 384 2915 vos
438 2864 622 2932 pigeat
660 2866 951 2918 secundum
999 2868 1340 2936 sapientiam,
1392 2886 1510 2939 quae
1545 2873 1693 2927 vobis

160 2964 248 3016 per
300 2951 393 3006 Dei
455 2954 852 3022 providentiam
922 2956 1113 3008 collata
1176 2966 1259 3011 est
1326 2959 1689 3027 disserentes,

1809 543 2151 615 contegeris?
2175 543 2364 597 accede
2388 543 2491 596 huc
2521 543 2711 611 magis,
2742 548 2796 595 ct
2822 556 2938 610 qua:
2971 542 3065 595 tibi
3089 540 3338 597 videntur

1803 648 2108 704 exsequere.

1885 722 2121 779 XXXIX.
2146 722 2248 776 Ubi
2268 722 2379 776 haec
2407 721 2542 775 dixit
2588 721 2798 783 Petrus,
2838 720 3013 774 statim
3056 719 3227 773 turha‘
3255 720 3336 772 Io»

1805 829 1926 867 cum
1965 814 2095 867 dare
2128 822 2408 882 coeperunt
2436 812 2574 866 seni.
2616 812 2854 880 Cumque
2898 811 3232 877 accessisset,
3260 810 3339 864 ita

1805 903 2000 973 coepit:
2041 902 2235 955 Eorum
2257 916 2374 970 quae
2394 896 2478 955 die
2504 901 2757 955 hesterno
2804 907 3121 968 prosecutus
3141 907 3223 953 est
3245 900 3335 967 ju-

1806 993 1980 1055 venis,
2005 993 2215 1046 etiamsi
2242 993 2401 1046 verba
2434 1006 2540 1044 non
2568 989 2806 1051 memini,
2834 1004 3047 1043 sensum
3074 995 3248 1042 tamen
3280 1000 3333 1043 et

1802 1083 2040 1136 ordinem
2066 1090 2241 1143 teneo,
2300 1089 2353 1135 et
2393 1081 2513 1134 ideo
2544 1079 2905 1131 necessarium
2940 1086 3068 1147 puto
3116 1086 3333 1146 propter

1801 1185 1894 1224 eos
1922 1171 2013 1239 qui
2041 1171 2290 1224 hesterno
2346 1186 2450 1222 non
2513 1169 2821 1233 adfuerunt,
2877 1166 3331 1235 anacephalaeosin

1804 1262 1979 1314 facere
2002 1275 2186 1313 eorum
2221 1275 2338 1328 quae
2391 1261 2535 1312 dicta
2592 1267 2737 1321 sunt,
2769 1267 2822 1312 et
2872 1259 3107 1311 breviter
3135 1264 3330 1310 cuncta

1802 1357 2060 1419 repetere,
2099 1360 2159 1403 ut
2183 1350 2390 1403 etiamsi
2421 1365 2504 1403 me
2531 1349 2731 1418 aliquid
2762 1348 3025 1417 effugerit,
3056 1347 3124 1401 ab
3152 1360 3216 1400 eo
3237 1346 3329 1414 qui

1802 1449 2115 1510 prosecutus
2153 1448 2236 1494 est
2268 1447 2528 1508 praasente
2571 1453 2931 1491 commonear.
2962 1435 3060 1489 Hic
3082 1450 3206 1504 ergo
3229 1435 3331 1489 fuit

1801 1531 2062 1584 hesterna:
2090 1529 2467 1599 disputationis
2504 1543 2715 1589 sensus,
2737 1526 2876 1595 quod
2910 1526 3085 1579 omnia
3108 1540 3226 1594 quae
3248 1525 3331 1577 vi-

1799 1619 2011 1682 dentur,
2049 1620 2302 1689 quoniam
2331 1626 2480 1671 certa
2531 1631 2782 1671 mensura
2812 1624 2863 1669 et
2905 1623 3020 1669 arte
3054 1615 3329 1683 formaque

1800 1724 1863 1763 ac
1890 1709 2068 1777 specie
2099 1716 2368 1771 constant,
2422 1708 2536 1763 sine
2566 1708 2729 1761 dubio
2757 1722 2786 1759 a
2838 1707 3077 1775 sapiente
3130 1705 3329 1758 virtute

1801 1798 1939 1850 facta
1970 1813 2089 1852 esse
2117 1796 2404 1867 [credenda
2434 1802 2593 1862 sunt;
2632 1796 2773 1864 quod
2807 1796 2853 1849 si
2904 1809 3054 1847 mens
3108 1801 3160 1847 et
3189 1795 3327 1846 ratio

1798 1894 1880 1943 est
1916 1903 2033 1956 quae
2067 1888 2176 1941 haec
2206 1888 2461 1948 condidit,
2484 1899 2816 1953 consequens
2840 1882 2979 1953 esse]
3016 1890 3074 1936 ut
3100 1883 3327 1936 rationis

1799 1977 1968 2046 ipsius
2021 1978 2351 2045 providentia
2403 1976 2631 2028 mundus
2666 1981 2900 2043 regatur,
2936 1972 3147 2027 etiamsi
3171 1972 3327 2025 nobis

1798 2081 1860 2119 ca
1889 2082 2005 2135 qua:
2028 2074 2284 2136 geruntur
2334 2066 2388 2118 in
2434 2065 2649 2130 mundo,
2703 2065 2880 2116 minus
2911 2070 3053 2116 recte
3108 2061 3217 2131 geri
3246 2062 3326 2114 vi-

1797 2156 2041 2208 deantur.
2078 2154 2437 2223 Consequitur
2468 2161 2664 2215 autem,
2694 2160 2752 2204 ut
2780 2152 2825 2207 si
2855 2158 3065 2205 creator
3087 2150 3325 2204 omnium

1798 2242 1937 2296 Deus
1968 2254 2050 2297 est
2079 2258 2141 2296 ac
2168 2258 2340 2304 mens,
2367 2242 2437 2297 sit
2458 2243 2618 2295 etiam
2642 2242 2856 2309 justus;
2902 2241 3044 2309 quod
3073 2241 3120 2292 si
3144 2240 3325 2307 justus

1795 2338 1898 2394 est,
1950 2331 2255 2385 necessario
2279 2330 2513 2399 judicat;
2539 2329 2583 2382 si
2625 2329 2853 2396 judicat,
2886 2343 3105 2382 necesse
3136 2338 3218 2382 est
3266 2337 3325 2380 ut

1797 2419 2036 2474 homines
2060 2420 2124 2474 de
2140 2421 2253 2474 suis
2282 2420 2490 2473 actibus
2515 2417 2851 2486 iudicentur;
2875 2424 2929 2471 et
2956 2418 3001 2469 si
3023 2416 3088 2470 de
3116 2418 3325 2469 actibus

1795 2508 1907 2562 suis
1938 2509 2309 2577 unusquisque
2354 2508 2648 2577 judicatur,
2686 2507 2790 2560 erit
2821 2521 2946 2574 ergo
2989 2506 3127 2557 inter
3146 2506 3324 2573 justos

1793 2605 2180 2665 etpeccatores
2228 2596 2431 2664 justum
2465 2595 2784 2663 quandoque
2836 2593 3143 2646 discrimen.
3202 2592 3325 2645 Haec

1794 2687 1915 2752 fuit,
1942 2693 1999 2740 ut
2024 2687 2233 2755 opinor,
2270 2686 2433 2739 totius
2474 2685 2621 2738 verbi
2651 2684 2995 2737 continentia.

1859 2775 1968 2830 XL.
2002 2774 2057 2829 Si
2092 2760 2218 2844 ergo
2240 2773 2448 2829 ostendi
2481 2782 2663 2842 potest
2706 2774 2847 2842 quod
2882 2789 3032 2827 mens
3068 2788 3130 2827 ac
3184 2774 3322 2827 ratio

1791 2877 1981 2922 cuncta
2008 2869 2323 2931 condiderit,
2377 2881 2711 2935 consequens
2764 2874 2847 2919 est
2906 2875 2959 2919 et
2993 2880 3055 2918 ea
3095 2880 3212 2934 quae
3238 2880 3323 2918 se-

1791 2968 2031 3026 quuntur
2059 2959 2265 3012 ratione
2296 2966 2347 3011 et
2372 2958 2702 3026 providentia
2719 2957 2848 3027 geri.
2882 2955 2936 3009 Si
2970 2971 3096 3010 vero
3135 2964 3322 3009 natura

157 3038 419 3095 instruere
450 3042 677 3111 ignaros
706 3050 758 3096 et
787 3044 997 3106 docere,
1024 3046 1094 3098 ita
1147 3055 1324 3102 tamen
1362 3059 1420 3104 ut
1445 3053 1526 3106 his
1580 3069 1692 3123 qua:

1797 3048 2107 3116 imprudens
2139 3056 2191 3102 et
2223 3062 2363 3102 caeca
2396 3048 2561 3118 gignit
2601 3047 2872 3110 universa,
2911 3047 3187 3116 perimitur
3207 3046 3322 3099 sine

76 3128 77 3131 “
157 3141 183 3179 a
206 3145 287 3183 me
331 3131 570 3187 audistis
599 3141 654 3187 et
694 3134 889 3187 tradita
934 3144 1059 3187 sunt
1089 3138 1261 3200 vobis,
1293 3142 1455 3194 vestri
1485 3150 1693 3198 tantum

150 3221 413 3275 sermonis
460 3222 828 3290 eloquentiam
885 3226 1118 3280 societis.
1162 3228 1269 3282 Nec
1316 3232 1515 3300 aliquid
1563 3248 1692 3302 pro-

153 3305 323 3372 prium
356 3316 413 3362 et
437 3309 586 3377 quod
640 3310 793 3364 vobis
842 3327 947 3364 non
979 3325 1058 3368 est
1113 3316 1362 3371 traditum
1412 3321 1696 3390 proloqua-

150 3395 299 3459 mini,
332 3399 557 3453 etiamsi
600 3400 754 3454 vobis
786 3403 1073 3458 verisimile
1119 3408 1379 3473 videatur,
1415 3411 1502 3463 sed
1526 3427 1608 3472 ea,
1635 3419 1694 3464 ut

144 3482 274 3549 dixi,
326 3502 453 3557 quae
494 3488 617 3556 ipse
670 3502 701 3540 a
759 3505 886 3543 vero
942 3495 1195 3563 propheta
1243 3508 1488 3567 suscepta
1542 3502 1692 3555 vobis

138 3574 359 3638 tradidi,
393 3578 837 3646 prosequamini,
870 3582 1075 3637 etiamsi
1108 3586 1283 3639 minus
1314 3590 1479 3655 plena:
1521 3605 1694 3643 asser-

132 3661 291 3746 tionis
315 3680 447 3720 esse
472 3666 828 3722 videbuntur.
886 3669 1019 3723 IIinc
1068 3675 1211 3726 enim
1262 3691 1399 3743 saepe
1436 3679 1692 3746 contingit

127 3745 407 3805 declinare
434 3751 710 3818 quosdam
732 3767 761 3803 a
784 3754 1026 3818 veritate,
1057 3758 1182 3837 dum
1211 3761 1439 3827 speciem
1474 3764 1571 3817 sibi
1602 3745 1692 3818 ve-

124 3835 287 3892 rioris
317 3846 376 3892 et
409 3838 709 3892 validioris
737 3842 997 3905 veritatis,
1027 3835 1255 3914 propriis
1282 3851 1689 3919 cogitationibus

122 3924 407 3988 reperisse
449 3938 513 3976 se
550 3924 805 3977 credunt.
1248 3922 1257 3927 “

186 4010 495 4065 XXXVIII.
534 4010 641 4062 IIis
681 4027 711 4064 a
735 4012 893 4067 Petro
934 4016 1091 4073 dictis
1126 4019 1353 4076 libenter
1381 4028 1686 4090 annuimus.

112 4092 365 4151 dicentes
390 4099 469 4160 ei,
501 4099 652 4151 nihil
696 4115 797 4154 nos
845 4112 1077 4169 acturos,
1113 4109 1213 4163 nisi
1245 4113 1385 4180 quod
1415 4116 1513 4184 ipsi
1544 4118 1690 4172 vide-

113 4193 290 4240 retur.
326 4187 480 4241 Tum
516 4189 615 4242 ille
647 4207 660 4240 :
688 4188 756 4244 Ut
770 4208 917 4262 ergo,
937 4195 1128 4263 inquit,
1154 4199 1269 4253 sine
1290 4206 1522 4269 periculo
1540 4223 1690 4262 exer-

105 4277 374 4346 ceamini,
413 4292 511 4331 me
543 4293 740 4333 coram
774 4281 1043 4351 disputate
1093 4288 1308 4356 singuli,
1364 4292 1436 4346 ita
1465 4304 1520 4347 ut
1548 4309 1688 4348 unus

101 4360 193 4415 alii
225 4364 511 4460 succedat
542 4382 614 4421 ac
646 4384 775 4424 suas
806 4374 1172 4443 unusquisque
1191 4379 1418 4446 explicet
1438 4385 1686 4453 quaestio-
1717 4361 1761 4416 D
1784 4389 1975 4450 habeo.
2004 4360 2122 4459 quae.
2150 4360 2427 4445 ostendam
2448 4394 2769 4460 competenti
2794 4360 3040 4446 mensura
3057 4406 3120 4444 ac
3142 4389 3311 4443 forma

99 4463 217 4506 nes.
257 4453 428 4510 Nunc
458 4472 604 4526 ergo
629 4461 883 4528 quoniam
915 4463 1170 4518 hesterno
1207 4468 1293 4522 die
1328 4469 1512 4526 Niceta
1548 4474 1686 4529 suffi-

100 4538 315 4595 cienter
336 4544 646 4608 disseruit,
677 4547 837 4603 hodie
859 4565 1158 4604 sermonem
1185 4554 1344 4611 faciat
1374 4563 1585 4629 Aquila,
1631 4569 1685 4617 et

99 4636 223 4690 post
254 4629 526 4697 Aquilam
550 4634 826 4697 Clemens,
854 4637 975 4691 inde
993 4654 1110 4710 ego,
1137 4642 1180 4695 si
1212 4650 1389 4699 tamen
1417 4652 1577 4704 etiam
1598 4668 1684 4708 me

101 4728 190 4769 res
215 4725 556 4808 poposcerit
589 4726 794 4793 aliquid
815 4728 1027 4781 addere.
1048 4727 1251 4785 Interea
1277 4734 1406 4790 dum
1434 4739 1685 4808 hujusce-

101 4806 248 4857 modi
280 4824 584 4866 sermones
617 4816 891 4876 caadimus,
922 4818 989 4869 ad
1021 4818 1234 4870 domum
1264 4833 1488 4880 ventum
1507 4806 1600 4883 Vest
1628 4831 1682 4883 in

106 4903 216 4956 qua
245 4900 572 4968 suscipiens
600 4918 703 4955 nos
732 4905 1137 4973 paterfamilias,
1166 4908 1467 4969 introducit
1504 4919 1571 4971 ad
1598 4919 1679 4971 Ιοο

107 4990 227 5034 cum
257 4993 558 5054 quemdam
591 4992 647 5045 in
678 4994 1080 5047 similitudinem
1135 4996 1338 5054 theatri
1393 5008 1677 5061 collectum

110 5074 165 5116 et
184 5075 415 5136 pulchre
442 5081 850 5143 exaedificatum,
910 5084 969 5134 in
1022 5100 1123 5151 quo
1168 5090 1370 5144 turbas
1410 5097 1672 5162 plurimas

114 5167 174 5208 ex
205 5165 447 5229 tempore
474 5170 655 5221 noctis
683 5169 1022 5237 Opperientes
1050 5186 1141 5223 nos
1169 5179 1514 5243 reperimus,
1540 5184 1681 5238 inter

118 5256 249 5336 quos
274 5258 329 5301 et.
354 5267 523 5307 senex
579 5258 668 5325 qui
717 5258 884 5327 pridie
929 5259 1202 5312 nobiscum
1264 5265 1673 5336 disputaverai,

122 5326 295 5401 Itaque
324 5344 555 5397 medium
587 5326 828 5401 habentes
853 5343 1074 5399 Petrum
1110 5326 1486 5417 ingrediriiur
1513 5326 1676 5419 etiam

119 5426 744 5498 “Wscircumspicientes
794 5432 987 5485 sicubi
1028 5451 1409 5498 ccrneremus
1458 5462 1675 5519 senem;

131 5515 271 5567 quem
304 5516 446 5579 prior
468 5518 645 5575 Petrus
674 5522 850 5574 videns
888 5518 953 5571 in
1001 5527 1167 5579 medio
1205 5533 1427 5588 turbae
1457 5515 1677 5595 latitans

124 5595 220 5644 teni
242 5606 465 5657 evocavit
495 5609 560 5662 ad
586 5626 652 5667 se.
680 5611 864 5663 dicens
903 5624 919 5657 :
962 5610 1246 5673 Clariorem
1302 5626 1535 5684 multis
1558 5632 1675 5686 aui-

1793 3137 1955 3190 dubio
2007 3137 2197 3205 judicii
2226 3137 2382 3201 ratio,
2418 3152 2517 3190 nec
2570 3136 2839 3190 discussio
2868 3145 3202 3204 peccatorum
3258 3150 3322 3189 ac

1791 3225 2188 3279 benefactorum
2242 3226 2600 3280 remuneratio
2656 3225 2975 3292 sperabitur,
3025 3222 3117 3274 ubi
3157 3222 3321 3288 judex

1791 3330 1897 3368 non
1927 3324 2024 3369 est.
2060 3314 2192 3379 Quia
2224 3330 2348 3384 ergo
2381 3316 2559 3367 omnia
2605 3315 2658 3367 in
2717 3314 2816 3365 hoc
2846 3310 3077 3380 pendent
3101 3318 3153 3362 et
3194 3310 3321 3363 huic

1791 3408 1948 3475 capiti
1986 3407 2277 3469 adhaerent,
2327 3422 2434 3459 non
2486 3406 2856 3471 indignemini,
2907 3406 2950 3456 si
2998 3403 3133 3456 forte
3163 3405 3320 3471 paulo

1792 3499 1948 3551 latius
1980 3500 2174 3553 discuti
2210 3501 2321 3553 hzec
2355 3506 2408 3552 et
2467 3500 2780 3567 pertractari
2826 3499 3063 3552 voluero.
3105 3498 3163 3550 In
3218 3499 3318 3549 hoc

1788 3590 1930 3641 enim
1959 3590 2084 3641 mihi
2114 3592 2179 3642 ad
2208 3590 2385 3643 omnia
2414 3606 2533 3658 qua:
2561 3597 2953 3659 pr0ponuntur,
2974 3588 3117 3641 velut
3148 3590 3316 3656 prima

1784 3677 1950 3744 janua
1977 3677 2263 3740 clauditur,
2294 3686 2348 3732 et
2378 3679 2496 3733 ideo
2518 3674 2806 3731 hanc‘mihi
2844 3688 2964 3730 ante
2988 3678 3166 3730 omnia
3199 3693 3319 3745 ape-

1788 3764 1884 3817 riri
1915 3767 2054 3819 volo.
2087 3764 2239 3821 Nunc
2263 3782 2390 3837 ergo
2418 3767 2594 3820 audite
2627 3782 2745 3835 quae
2792 3767 2977 3830 doceo,
3010 3773 3063 3821 et
3096 3781 3316 3833 respon-

1787 3854 1910 3907 deat
1932 3856 2063 3909 mihi
2093 3857 2136 3911 si
2160 3858 2281 3925 quis
2294 3865 2527 3909 vestrum
2545 3856 2712 3919 volet;
2738 3870 2842 3907 non
2857 3854 2994 3908 enim
3006 3854 3313 3906 erubescam

1787 3943 2013 4003 discere,
2050 3945 2095 3999 si
2117 3945 2337 3999 audiero
2366 3944 2506 4014 quod
2527 3960 2711 3997 verum
2739 3950 2841 4005 est,
2865 3950 2917 3993 et
2947 3949 3088 3995 recte
3111 3942 3310 3994 dicenti

1786 4033 2148 4102 acquiescere.
2182 4034 2344 4103 Igitur
2386 4035 2635 4089 hesterno
2675 4046 2712 4085 'a
2763 4040 2812 4085 te
2866 4032 3079 4085 habitus
3112 4047 3307 4093 sermo,

1785 4124 1875 4192 qui
1908 4125 2182 4179 asserebat
2212 4125 2353 4193 quod
2382 4132 2495 4178 arte
2522 4131 2575 4177 et
2602 4138 2850 4177 mensura
2876 4131 2928 4177 et
2954 4124 3158 4176 ratione
3179 4138 3313 4175 cuu-

1786 4219 1869 4265 cta
1899 4220 2226 4275 constarent,
2258 4228 2363 4267 non
2402 4213 2554 4267 valde
2599 4229 2683 4267 me
2713 4212 2932 4273 suadet,
2965 4219 3194 4265 mentem
3226 4227 3311 4264 ra-

1790 4302 2096 4370 tionemque
2127 4316 2245 4356 esse
2265 4318 2384 4372 qua:
2410 4303 2594 4357 fecerit
2641 4302 2928 4364 mundum;
2975 4302 3139 4355 multa
3168 4302 3308 4356 enim

1782 4485 1836 4530 et
1865 4479 2041 4546 specie
2072 4487 2339 4541 constare,
2377 4494 2474 4533 nec
2504 4487 2679 4533 tamen
2712 4495 2809 4547 per
2841 4486 3066 4533 mentem
3098 4478 3310 4532 condita

1782 4581 1845 4620 ac
1874 4567 2152 4619 rationem.
2192 4565 2325 4619 Tum
2351 4575 2604 4635 praeterea
2634 4568 2785 4621 video
2815 4567 2977 4618 multa
3016 4564 3307 4629 incondite,

1781 4654 2244 4722 incousequenter,
2270 4656 2468 4722 injuste
2498 4659 2611 4723 geri
2641 4656 2693 4708 in
2743 4655 2961 4717 mundo,
2988 4662 3041 4706 et
3069 4655 3184 4707 sine
3218 4667 3311 4719 ge-

1780 4743 1927 4797 nesis
1968 4758 2129 4797 cursu
2170 4744 2301 4796 nihil
2354 4745 2463 4797 ﬁeri
2518 4760 2711 4812 posse;
2771 4744 2915 4812 quod
2966 4754 3085 4812 post
3130 4743 3308 4798 omnia

1780 4832 1937 4882 etiam
1972 4846 2035 4885 ex
2066 4847 2148 4884 me
2174 4832 2289 4899 ipso
2323 4832 2754 4887 manifestissime
2789 4834 3115 4901 approbabo.

1846 4918 1982 4973 XLI.
2014 4919 2135 4973 Haec
2179 4935 2299 4973 cum
2330 4936 2491 4973 senex
2519 4922 2736 4982 diceret,
2772 4924 2959 4991 Aquila
2994 4922 3302 4990 respondit:

1781 5006 2037 5072 Quoniam
2062 5008 2174 5075 ipse
2200 5008 2542 5075 proposuisti,
2574 5016 2631 5061 ut
2658 5008 2723 5060 ad
2754 5024 2814 5063 ea
2836 5025 2954 5077 quae
2975 5010 3179 5063 diceres
3211 5010 3307 5061 ha-

1778 5096 1926 5151 beret
1950 5099 2153 5165 copiam
2180 5098 2533 5164 respondendi
2577 5099 2666 5165 qui
2714 5099 2858 5159 velit,
2906 5099 3150 5152 concedit
3174 5100 3303 5152 mihi

1779 5183 1942 5238 frater
1972 5202 2123 5239 meus
2153 5185 2334 5238 Niceta
2362 5186 2514 5239 hodie
2548 5184 2721 5239 facere
2753 5202 3075 5240 sermonem.
3128 5187 3193 5240 Et
3220 5203 3304 5241 sc-

1779 5288 1881 5326 nex
1912 5291 1924 5326 :
1960 5272 2309 5342 Prosequere,
2342 5276 2435 5335 ait,
2462 5276 2627 5336 fili,ut
2646 5275 2747 5328 vis.
2776 5274 2839 5326 Et
2864 5274 3054 5342 Aquila
3082 5292 3303 5347 respon—

1776 5369 1853 5422 dit
1892 5388 1904 5420 :
1961 5367 2257 5420 Promisisti
2312 5368 2453 5438 quod
2510 5366 2823 5422 ostenderes
2872 5369 3039 5421 multa
3088 5385 3207 5423 esse
3248 5371 3299 5422 in

1776 5456 2007 5517 mundo,
2040 5471 2155 5524 qua:
2203 5455 2423 5508 formam
2477 5471 2538 5509 ac
2587 5455 2813 5523 speciem
2868 5460 3057 5525 aequali
3100 5458 3301 5511 ratione

1776 5546 2051 5598 collectam
2075 5552 2280 5613 gerant,
2313 5561 2431 5614 quae
2462 5554 2638 5598 tamen
2669 5550 2877 5597 constet
2899 5561 3006 5599 non
3034 5547 3173 5599 efﬁci
3210 5563 3300 5615 per

1776 5634 2102 5687 conditorem
2158 5630 2341 5686 Deum.
2394 5633 2541 5686 Nunc
2600 5645 2727 5698 ergo
2772 5632 2915 5699 quod
2976 5636 3300 5704 promisisti,
