3904 6378
521 332 652 389 159!

1374 331 1432 386 S.
1469 330 1914 389 CLEMENTISI
1950 331 2115 389 80M.
2158 332 2362 391 PONT.
2399 331 2631 389 OPEBA
2669 333 2898 390 DUBIA.

3652 334 3770 391 I592

519 449 773 507 ostende.
810 448 876 504 Et
894 464 1101 507 senex:
1134 447 1275 503 Ecce
1332 463 1522 502 arcum
1564 447 1814 502 videmus
1861 447 1918 501 in
1955 448 2096 501 cmlo
2126 464 2173 515 Α
2204 448 2400 501 liorum
2453 456 2669 502 textura
2715 455 2771 503 et
2819 447 2887 503 de
2939 446 3123 517 parvis
3159 445 3500 501 animalibus
3550 443 3773 513 colligis,

518 543 788 598 circulum
826 552 1011 597 tenere
1056 540 1204 594 omni
1248 554 1503 594 mensura
1546 540 1835 595 collectum
1870 539 2006 610 (76),
2050 549 2103 595 et

522 634 727 690 habere
758 634 993 704 speciem
1020 633 1160 696 veri,
1192 646 1354 702 quam
1377 630 1628 686 fortassis
1656 646 1755 685 nec
1790 646 1946 686 mens
1967 646 2104 684 con-

521 725 655 782 dere
686 741 784 781 nec
814 724 1128 780 describere
1165 724 1305 778 ratio
1335 723 1622 793 potuisset,
1666 737 1767 777 nec
1802 728 1985 777 tamen
2017 722 2105 776 hic

524 819 594 875 ub
615 820 795 887 aliqua
827 825 1008 871 mente
1050 817 1129 872 ﬁt.
1166 815 1308 871 Ecce
1337 816 1393 870 in
1441 816 1590 870 brevi
1615 822 1790 869 totum
1822 814 2104 884 proposui,

522 908 794 980 responde
824 907 891 962 ad
925 908 1062 962 haec.

593 996 755 1053 XLII.
812 996 950 1051 Tum
1003 996 1241 1068 Aquila:
1294 995 1415 1053 Non
1468 997 1767 1059 continuo,
1823 995 2023 1065 inquit,
2058 994 2106 1051 si

518 1088 655 1161 quid
683 1103 751 1143 ex
782 1096 909 1158 typo
935 1094 989 1142 et
1020 1086 1195 1142 forma
1229 1088 1577 1157 exprimitur,
1614 1086 1673 1141 id
1712 1086 2043 1158 intelligitur
2075 1099 2107 1139 a

522 1182 740 1238 ratione
766 1198 891 1238 esse
916 1196 980 1237 ac
1012 1181 1133 1237 sine
1154 1188 1336 1237 mente
1359 1196 1469 1236 non
1501 1180 1617 1236 ﬁeri
1639 1195 1822 1251 posse,
1847 1180 2109 1251 quoniam

521 1281 689 1346 typus
718 1274 835 1343 ipse
858 1273 952 1343 qui
985 1272 1242 1343 exprimit
1262 1271 1465 1343 ﬁguras
1500 1286 1568 1325 ac
1597 1270 1824 1333 formas,
1859 1285 1969 1325 non
1992 1271 2111 1325 sine

524 1373 711 1421 mente
743 1364 921 1420 factus
966 1372 1077 1421 est.
1119 1363 1283 1420 Verbi
1340 1378 1533 1429 causa,
1584 1377 1714 1418 cera
1765 1362 1814 1418 si
1861 1360 2110 1431 alligatur

521 1459 745 1529 sculpto
772 1457 1000 1521 annulo,
1038 1457 1334 1529 imaginem
1357 1456 1583 1527 quidem
1612 1468 1664 1511 et
1698 1454 1925 1525 ﬁguram
1944 1455 2111 1509 sumit

527 1565 596 1605 cx
638 1552 864 1614 annulo,
913 1550 1006 1620 qui
1040 1551 1161 1605 sine
1193 1549 1362 1605 dubio
1394 1565 1559 1605 sensu
1593 1559 1765 1614 caret,
1806 1547 1903 1604 sed
1935 1562 2112 1602 annu-

526 1642 615 1697 lus
642 1643 735 1712 qui
788 1644 1044 1713 exprimit
1077 1641 1332 1712 elligiem,
1368 1656 1533 1696 manu
1576 1640 1807 1695 artificis
1860 1641 2111 1712 sculptus

526 1744 631 1798 est,
661 1743 716 1791 et
750 1752 903 1792 mens
938 1734 1042 1790 fuit
1074 1750 1137 1791 ac
1167 1736 1327 1800 ratio,
1364 1750 1486 1806 qua:
1536 1743 1723 1806 typum
1776 1734 1981 1790 annulo
2014 1736 2111 1791 de-

527 1828 625 1883 dit.
665 1829 744 1883 lta
778 1844 910 1900 ergo
942 1837 996 1884 et
1020 1844 1185 1884 arcus
1211 1829 1535 1900 exprimitur
1563 1830 1619 1883 in
1649 1844 1807 1896 aere;
1851 1830 1934 1886 sol
1964 1831 2109 1886 enim

527 1918 772 1975 nubibus
805 1919 1217 1974 rarescentibus
1274 1918 1460 1974 radios
1515 1933 1648 1973 suos
1682 1918 2024 1990 imprimens,
2055 1928 2111 1975 et

528 2008 747 2063 humori
787 2009 977 2064 nubilo
1028 2009 1179 2065 velut
1210 2024 1351 2064 certe
1384 2008 1535 2063 molli
1571 2008 1798 2078 afligens
1844 2010 1994 2064 orbis
2026 2010 2111 2066 sui

527 2108 740 2172 typum,
767 2116 932 2156 arcus
966 2103 1202 2171 speciem
1228 2100 1427 2166 reddit,
1463 2108 1517 2155 et
1558 2100 1728 2155 efﬁcit
1760 2100 1865 2156 hoc
1889 2102 2027 2171 ipsa,
2053 2108 2112 2157 ut

528 2192 664 2256 dixi,
700 2196 1047 2263 repercussio
1082 2193 1394 2263 splendoris
1420 2194 1554 2249 solis
1585 2194 1640 2248 in
1666 2193 1928 2256 nubibus,
1947 2200 2112 2263 atque

527 2302 595 2339 ex
630 2284 737 2340 illis
794 2284 1065 2355 fulgorem
1098 2287 1292 2340 circuli
1341 2285 1462 2355 ejus
1502 2286 1757 2342 reddens.
1808 2285 1894 2340 Fit
1928 2294 2108 2343 autem

530 2376 639 2431 hoc
687 2394 799 2433 non
858 2394 1110 2449 semper,
1182 2379 1279 2435 sed
1327 2395 1453 2434 cum
1504 2379 1970 2451 opportunitatem
2026 2380 2109 2436 sui

530 2470 802 2526 humecta:
831 2471 1007 2526 nubes
1060 2471 1393 2527 rarescendo
1426 2472 1805 2543 prastiterint.
1857 2469 2015 2525 Unde
2058 2478 2113 2526 et

528 2576 724 2617 rursus
746 2576 871 2616 cum
904 2560 1209 2617 densantur
1225 2564 1401 2619 nubes
1429 2571 1483 2619 et
1510 2572 1731 2630 coeunt,
1756 2578 1920 2619 arcus
1938 2561 2112 2617 forma

528 2652 826 2707 resolvitur
852 2660 909 2707 et
933 2654 1215 2718 exolescit,
1252 2654 1489 2725 denique
1518 2670 1798 2726 nunquam
1823 2656 1942 2712 sine
1997 2655 2114 2710 sole

526 2752 583 2799 et
619 2744 863 2801 nubibus
913 2758 1075 2800 arcus
1108 2754 1357 2816 apparet,
1411 2746 1559 2802 sicut
1586 2762 1689 2803 nec
1719 2748 1839 2804 sine
1889 2756 2018 2819 typo
2058 2752 2113 2803 et

529 2851 657 2891 cera
687 2837 773 2892 vel
796 2837 901 2891 alia
936 2838 1254 2909 bujusmodi
1290 2840 1519 2895 materia
1550 2841 1878 2911 exprimitur
1909 2841 2110 2912 imago.

529 2929 650 2986 Non
679 2946 810 3003 ergo
833 2934 1031 2986 mirum
1064 2939 1169 2997 est,
1218 2933 1265 2987 si
1296 2932 1550 2986 conditor
1576 2930 1722 2986 Deus
1752 2946 1819 2986 ex
1845 2930 2002 2986 initio
2030 2930 2112 2987 fe-

530 3023 608 3077 cit
650 3031 832 3095 typos,
866 3039 930 3079 ex
965 3024 1167 3094 quibus
1220 3039 1368 3078 nunc
1417 3024 1606 3078 formae
1646 3024 2022 3092 exprimantur
2048 3038 2112 3081 ac

535 3117 769 3185 species.
806 3114 994 3171 Simile
1029 3125 1210 3171 autem
1252 3116 1356 3170 hoc
1407 3122 1461 3171 et
1496 3115 1593 3178 illi,
1634 3116 1781 3184 quod
1838 3115 1905 3169 ab
1955 3115 2113 3170 initio

533 3202 681 3259 Deus
703 3206 971 3259 elementa
998 3204 1341 3260 insensibilia
1374 3205 1600 3267 creavit,
1651 3206 1854 3275 quibus
1881 3205 1946 3259 ad
1989 3206 2119 3260 reli-

534 3311 642 3367 qua
666 3296 848 3351 omnia
880 3295 1162 3350 formanda
1186 3305 1238 3350 et
1265 3296 1587 3366 explicanda
1634 3304 1903 3351 uteretur.
1935 3295 2038 3353 Sed
2067 3306 2123 3354 et

535 3388 628 3458 qui
656 3394 868 3442 statuas
898 3386 1175 3449 formant,
1228 3394 1415 3457 typum
1444 3387 1598 3457 prius
1626 3387 1724 3441 luti
1749 3388 1833 3442 vel
1859 3403 1998 3443 cerae
2029 3388 2123 3444 ﬁn-

534 3490 691 3553 gunt,
720 3489 775 3536 et
801 3498 865 3536 ex
892 3481 1011 3552 ipso
1038 3480 1288 3537 redditur
1313 3489 1507 3538 statuae
1530 3480 1899 3551 efﬁgies;tum
1925 3482 2124 3539 deinde

542 3584 600 3632 et
628 3575 822 3631 umbra
850 3574 1098 3630 redditur
1123 3592 1190 3631 ex
1215 3581 1419 3638 statua,
1450 3590 1570 3644 qua:
1595 3574 1787 3629 umbra
1817 3590 1915 3644 per
1938 3575 2122 3629 omnia

542 3666 774 3723 formam
804 3682 867 3723 ac
894 3666 1309 3723 similitudinem
1345 3675 1542 3722 statuae
1587 3666 1747 3737 gerit.
1798 3666 1939 3733 Quid
1987 3682 2120 3738 ergo

537 3760 786 3815 dicemus
807 3759 1177 3815 insensibilem
1202 3768 1440 3815 statuam
1465 3757 1703 3813 formare
1728 3759 2122 3821 umbram,tam

536 3851 785 3923 diligenti
812 3866 976 3922 quam
1003 3854 1122 3923 ipsa
1148 3858 1328 3907 statua
1356 3858 1441 3905 est
1468 3851 1682 3905 ratione
1703 3851 2031 3906 collectam?
2054 3867 2122 3907 an

542 3944 618 3999 illi
659 3945 779 4000 sine
805 3944 975 4000 dubio
1031 3944 1343 3999 ascribetur
1372 3943 1579 3998 umbrae
1622 3942 1907 4009 collectio,
1952 3944 2125 4014 quiet

537 4044 779 4092 statuam
805 4035 1001 4090 ﬁnxit?

613 4128 797 4184 XLIII.
831 4128 888 4182 Si
932 4126 1183 4197 ergotibi
1209 4126 1427 4182 videtur
1463 4126 1566 4182 hoc
1593 4127 1667 4180 ita
1714 4143 1774 4182 se
1820 4127 2021 4184 habere
2069 4136 2125 4183 et

540 4225 745 4281 sufﬁcit
769 4222 916 4294 quod
942 4221 1010 4278 de
1059 4222 1164 4277 hoc
1189 4222 1392 4277 dictum
1421 4229 1527 4285 est,
1554 4221 1621 4275 ad
1649 4222 1754 4275 alia
1798 4221 2125 4291 inquirenda

540 4317 854 4383 veniamus;
884 4324 977 4370 aut
1002 4315 1046 4370 si
1076 4315 1280 4387 aliquid
1332 4315 1511 4370 adhuc
1538 4313 1731 4370 deesse
1754 4323 1937 4384 putas.
1968 4331 2126 4384 repe~

525 4416 743 4465 'tamus.
774 4408 838 4463 Et
862 4424 1029 4465 senex
1053 4409 1131 4463 ait
1158 4427 1171 4464 :
1199 4407 1336 4463 Volo
1364 4415 1423 4463 ut
1472 4415 1689 4478 repetas
1716 4406 1784 4462 de
1813 4408 1938 4471 hoc,
1990 4418 2122 4464 sunt

2207 539 2353 611 quod
2379 555 2444 595 ex
2474 541 2561 594 bis
2590 539 2725 594 ﬁdes
2747 539 2909 595 etiam
2938 538 3255 594 melioribus
3304 535 3632 607 deroganda
3680 538 3776 601 sit;

2207 633 2303 688 sed
2330 648 2439 687 non
2464 639 2518 687 te
2544 632 2650 688 ista
2674 631 2967 702 decipiant,
2986 637 3047 684 ut
3072 637 3228 701 putes
3243 630 3401 700 quasi
3414 629 3640 684 duabus
3661 629 3780 683 solis

2208 722 2464 777 manibus
2490 729 2806 793 operantem
2830 720 2999 781 Deum
3026 736 3137 774 non
3163 735 3327 790 posse
3350 719 3620 773 universa
3644 732 3783 772 com~

2208 811 2355 882 plere
2378 827 2499 882 qua:
2545 811 2701 876 ﬁunt,
2734 810 2832 868 sed
2878 818 3152 865 memento
3196 810 3478 881 quomodo
3528 809 3784 863 hesterno

2208 903 2308 958 tibi
2334 902 2503 960 frater
2528 919 2682 960 meus
2709 902 2899 958 Niceta
2922 902 3225 974 respondit,
3240 910 3295 959 et
3315 903 3650 972 mysterium
3668 913 3789 958 ante

2207 1002 2427 1067 tempus
2452 996 2669 1066 aperuit
2711 1010 2841 1051 vere
2893 996 3053 1066 quasi
3102 984 3227 1051 cum
3252 1004 3407 1066 patre
3457 995 3714 1064 loquens,
3738 1001 3791 1047 et

2209 1103 2309 1144 cur
2332 1096 2387 1143 et
2413 1088 2689 1159 quomodo
2712 1089 2844 1143 ﬁant
2871 1088 2987 1143 haec
3006 1104 3129 1159 qua:
3156 1088 3368 1144 inutilia
3396 1086 3678 1149 videntur,
3699 1102 3791 1140 ex-

2208 1180 2412 1251 posuit.

2280 1270 2464 1328 XLIV.
2493 1271 2559 1326 Et
2586 1287 2753 1330 senex
2784 1292 2796 1327 :
2821 1271 2932 1328 Cur
2958 1272 3063 1328 ista
3090 1270 3305 1327 inutilia
3327 1272 3625 1327 voluntate
3652 1271 3790 1325 illius

2212 1378 2439 1420 Summa:
2462 1367 2661 1421 mentis
2683 1364 2835 1430 ﬁant,
2870 1367 3032 1421 velim
3059 1380 3089 1419 a
3116 1373 3171 1422 te
3217 1364 3429 1420 audire.
3482 1362 3567 1428 Si,
3600 1365 3792 1434 inquit,

2210 1455 2418 1524 liquido
2463 1456 2606 1526 apud
2634 1464 2689 1511 te
2717 1465 2960 1521 constat,
3009 1456 3159 1527 quod
3203 1456 3408 1513 mentis
3453 1464 3511 1512 ct
3559 1458 3792 1511 rationis

2210 1563 2350 1620 opus
2380 1549 2587 1619 inipsis
2613 1558 2717 1614 est,
2745 1556 2859 1603 tum
2905 1549 3123 1606 demum
3169 1550 3269 1605 tibi
3315 1552 3481 1607 etiam
3522 1566 3630 1605 cur
3663 1551 3793 1605 facta

2211 1646 2362 1702 sunt,
2391 1638 2573 1696 dicere
2622 1655 2731 1695 non
2786 1641 2992 1712 pigebit
3037 1649 3093 1696 et
3133 1640 3283 1712 quod
3314 1641 3468 1712 juste
3496 1641 3647 1697 facta
3689 1644 3795 1698 sint

2212 1732 2575 1789 edocere.Ad
2608 1732 2723 1788 haec
2770 1749 2935 1790 senex
2988 1734 3318 1804 respondit:
3373 1734 3495 1790 Non
3545 1750 3792 1806 possum.

2143 1811 2185 1871 Β
2215 1824 2310 1889 ﬁli,
2348 1840 2411 1879 ea
2438 1839 2559 1895 qua:
2580 1824 2836 1880 videntur
2882 1841 2950 1880 ex
2995 1833 3115 1882 arte
3168 1825 3432 1890 formata,
3484 1827 3674 1883 dicere
3696 1844 3793 1899 per

2212 1925 2446 1972 mentem
2476 1916 2615 1982 ﬁeri,
2650 1925 2877 1987 prepter
2926 1925 3124 1973 caetera
3165 1933 3287 1988 qua:
3323 1919 3533 1988 injuste
3568 1927 3627 1975 et
3652 1921 3794 1973 inor-

2212 2008 2397 2065 dinate
2427 2008 2541 2065 ﬁeri
2568 2008 2815 2065 videmus
2838 2010 2892 2065 in
2936 2010 3163 2067 mundo.
3190 2009 3246 2065 Si
3272 2018 3348 2073 te,
3376 2012 3561 2082 inquit
3583 2011 3794 2081 Aquila,

2212 2117 2274 2157 ea
2304 2117 2424 2172 quae
2448 2102 2757 2157 inordinate
2788 2102 2946 2165 ﬁunt,
2992 2102 3175 2159 dicere
3202 2105 3346 2173 quod
3377 2121 3475 2175 per
3501 2104 3797 2160 Providen-

2212 2192 2344 2246 tiam
2384 2192 2476 2248 Dei
2506 2192 2650 2247 faeta
2685 2193 2793 2248 sint
2833 2208 2941 2247 non
2969 2194 3180 2256 sinunt,
3210 2210 3311 2250 cur
3336 2211 3450 2251 non
3477 2212 3543 2252 ea
3568 2212 3691 2267 qua:
3714 2214 3800 2251 ore

2215 2284 2402 2342 dinate
2429 2284 2585 2349 ﬁunt,
2612 2286 2797 2342 dicere
2818 2296 2871 2341 te
2895 2287 3039 2357 quod
3067 2302 3098 2341 a
3129 2287 3239 2344 Deo
3261 2288 3405 2344 facta
3431 2291 3547 2346 sint
3573 2300 3797 2362 cogunt.

2215 2386 2268 2433 et
2300 2379 2427 2449 quia
2463 2380 2864 2436 irrationabilis
2888 2388 3087 2435 natura
3145 2395 3286 2451 Opus
3311 2384 3643 2439 rationabile
3673 2400 3798 2455 pro-

2215 2468 2359 2525 ferre
2406 2485 2515 2526 non
2550 2470 2768 2535 possit?
2812 2470 3042 2527 Certum
3087 2482 3172 2528 est
3217 2473 3388 2537 enim,
3443 2490 3549 2531 nec
3582 2478 3799 2530 omnino

2214 2576 2500 2633 negamus,
2552 2562 2681 2633 quia
2734 2564 2789 2618 in
2834 2563 2941 2619 hoc
2989 2563 3195 2620 mundo
3239 2565 3492 2635 quaedam
3531 2568 3797 2631 ordinate,

2214 2653 2460 2724 quredam
2516 2653 2823 2710 inordinate
2876 2656 3037 2723 liant;
3080 2672 3144 2711 ea
3193 2672 3325 2727 ergo
3381 2674 3507 2728 quae
3563 2660 3802 2714 rationa-

2212 2744 2401 2801 biliter
2450 2746 2607 2810 ﬁunt,
2646 2747 2810 2803 crede
2866 2747 3014 2817 quod
3062 2763 3161 2819 per
3205 2750 3614 2805 Providentiam
3652 2753 3801 2817 fiant,

2214 2853 2336 2909 qua:
2388 2853 2520 2893 vero
2566 2838 3020 2895 irrationabiliter
3056 2849 3112 2895 et
3156 2841 3471 2897 inordinate
3497 2881 3513 2905 ,
3548 2845 3679 2913 quia
3704 2859 3807 2898 na-

2215 2931 2463 2986 turaliter
2517 2933 2770 2987 eveniant
2818 2940 2872 2987 et
2926 2932 3152 2988 fortuito
3194 2935 3468 2991 accidant.
3510 2934 3682 2989 Miror
3711 2952 3807 2989 au-

2215 3028 2325 3077 tem
2376 3038 2488 3077 non
2541 3022 2829 3079 advertere
2880 3024 3150 3088 homines,
3177 3027 3305 3096 quia
3355 3027 3449 3081 ubi
3477 3044 3679 3083 sensus
3704 3037 3808 3091 est,

2144 3159 2187 3216 C
2220 3120 2453 3184 possunt
2482 3128 2572 3169 res
2601 3113 2854 3169 ordinate
2891 3114 3007 3170 ﬁeri
3036 3123 3092 3170 et
3117 3115 3453 3181 inordinate,
3488 3117 3585 3170 ubi
3626 3126 3807 3170 autem

2225 3206 2408 3261 nullus
2437 3214 2522 3261 est
2559 3222 2777 3271 sensus,
2808 3214 3061 3262 neutrum
3092 3209 3313 3263 omnino
3353 3208 3525 3273 effici;
3569 3224 3699 3263 nam
3728 3225 3815 3263 ra-

2225 3297 2302 3351 tio
2331 3295 2580 3351 ordinem
2612 3296 2763 3363 facit,
2796 3298 3006 3353 ordinis
3038 3305 3219 3353 autem
3269 3313 3493 3361 cursus,
3521 3298 3570 3353 si
3594 3308 3815 3353 contra-

2224 3388 2369 3444 rium
2405 3390 2536 3460 quid
2567 3391 2832 3447 acciderit
2860 3393 3006 3461 quod
3029 3393 3274 3448 ordinem
3306 3394 3518 3454 turbet,
3552 3409 3810 3448 necesse.

2225 3480 2308 3533 rio
2354 3479 2726 3535 inordinatum
2782 3481 2989 3553 aliquid
3047 3482 3275 3553 profert.
3335 3481 3405 3536 Et
3441 3498 3652 3540 senex:
3701 3482 3811 3537 Hoc

2224 3570 2405 3640 ipsum
2445 3571 2577 3627 mihi
2615 3586 2644 3625 a
2676 3580 2731 3627 te
2757 3573 2975 3629 ostendi
2998 3575 3141 3629 volo.

2296 3660 2460 3717 XLV.
2492 3661 2633 3729 Non,
2658 3664 2862 3735 inquit,
2890 3667 3147 3721 morabor
3172 3665 3393 3737 Aquila.
3426 3667 3551 3723 Duo
3576 3668 3811 3724 visibilia

2226 3752 2381 3824 signa
2404 3766 2783 3813 monstrantur
2828 3759 2884 3813 in
2936 3760 3098 3825 ctelo,
3133 3776 3302 3815 unum
3356 3762 3516 3823 solis,
3552 3762 3697 3815 aliud
3724 3762 3807 3814 ln-

2224 3861 2343 3912 me;
2379 3847 2492 3903 haec
2522 3857 2826 3919 sequuntur
2846 3858 2900 3905 et
2932 3850 3052 3905 alia:
3073 3852 3317 3923 quinque
3346 3854 3540 3916 stellae,
3568 3852 3813 3909 diversos

2225 3946 2278 3992 et
2302 3939 2557 4009 proprios
2591 3941 2822 4011 singulae
2863 3943 3203 4013 explicantes
3259 3961 3482 4001 cursus.
3532 3945 3657 4001 Haec
3686 3961 3815 4017 ergo

2224 4029 2368 4085 Deus
2397 4033 2579 4102 posuit
2604 4028 2677 4087 in'
2694 4033 2852 4099 coelo,
2873 4036 3072 4105 quibus
3104 4025 3250 4092 aeris
3271 4040 3574 4107 temperies
3605 4054 3707 4109 pro
3731 4056 3816 4093 ra-

2225 4121 2377 4178 tione
2406 4131 2714 4195 temporum
2740 4125 3109 4198 dispensetur,
3133 4140 3189 4186 et
3208 4130 3347 4183 ordo
3368 4132 3814 4186 vicissitudinum

2225 4216 2801 4288 permutationumque
2830 4229 3096 4275 servetur.
3120 4220 3327 4275 Horum
3358 4230 3542 4277 autem
3574 4228 3815 4293 ipsorum

2226 4307 2556 4373 ministerio,
2609 4315 2663 4365 et
2714 4310 2759 4364 si
2811 4311 3031 4379 quando
3078 4329 3179 4383 pro
3220 4315 3465 4383 peccatis
3528 4314 3816 4370 hominum

2224 4402 2382 4473 plaga
2413 4411 2467 4458 et
2492 4405 2776 4472 corruptio
2805 4406 2968 4459 terris
2994 4405 3263 4474 injicitur,
3290 4409 3656 4477 perturbatur
3704 4426 3815 4472 aer,

548 4499 698 4555 enim
727 4509 779 4555 et
802 4499 906 4553 alia
934 4499 1104 4553 multa
1131 4515 1253 4569 quae
1278 4500 1531 4556 similiter
1558 4501 1675 4555 ﬁeri
1703 4501 1891 4567 video;
1920 4516 2045 4555 nam
2073 4510 2127 4557 et
2159 4504 2201 4559 D
2230 4495 2351 4549 lues
2382 4495 2780 4558 animantibus,
2810 4498 3094 4567 corruptio
3125 4497 3395 4570 frugibus,
3421 4501 3697 4569 pestilens
3730 4517 3821 4570 per

545 4592 765 4648 fructus
809 4592 1066 4647 arborum
1093 4593 1259 4647 simili
1294 4592 1457 4647 modo
1484 4593 1713 4663 pulchre
1742 4592 1959 4647 formati
1986 4602 2040 4648 et
2065 4595 2119 4650 in

543 4685 837 4739 rotundum
886 4684 1022 4739 mire
1075 4684 1289 4739 collecti
1338 4693 1686 4747 nascuntur,
1763 4692 1816 4738 et
1865 4684 2122 4741 foliorum

544 4776 756 4845 species
802 4775 1008 4846 ingenti
1058 4775 1258 4830 decore
1305 4773 1595 4837 formatur,
1649 4782 1815 4844 atque
1848 4776 2124 4845 exquisita

544 4878 664 4923 arte
687 4866 879 4923 viridis
920 4867 1238 4921 membrana
1289 4864 1638 4930 contexitur;
1696 4872 1811 4918 tum
1864 4874 2124 4934 prmterea

546 4962 777 5032 pulices,
808 4975 1015 5019 mures,
1043 4958 1282 5013 lacertas
1334 4965 1389 5012 et
1418 4956 1503 5011 bis
1526 4957 1749 5020 similia,
1777 4957 2023 5027 nunquid
2069 4965 2126 5013 et

536 5054 661 5113 .haac
685 5050 1126 5108 dicemusaDeo
1178 5050 1333 5106 ﬁeri?
1382 5048 1539 5107 Unde
1584 5066 1648 5107 ex
1700 5049 1788 5106 his
1840 5052 2124 5107 vilioribus

544 5146 864 5216 conjectura
914 5145 1126 5214 capitur
1184 5143 1506 5205 meliorum,
1581 5140 1729 5212 quod
1777 5157 2126 5213 nequaquam

548 5239 746 5294 mentis
776 5248 895 5293 arte
923 5237 1246 5293 formentur.
1276 5235 1440 5303 Bene,
1466 5235 1645 5306 inquit
1687 5234 1903 5306 Aquila,
1931 5236 1999 5291 de
2047 5235 2128 5290 lo-

2229 4585 2414 4639 omnia
2445 4587 2773 4643 mortalibus
2798 4603 2976 4644 annus
2999 4588 3297 4655 inducitur,
3331 4598 3385 4645 et
3411 4591 3487 4644 ita
3520 4590 3602 4654 ﬁt,
3624 4602 3686 4646 ut
3716 4608 3819 4645 uno

2228 4679 2531 4751 eodemque
2561 4681 2868 4738 ministerio
2898 4690 2951 4737 et
3002 4691 3250 4737 servetur
3290 4683 3425 4737 ordo
3458 4692 3512 4739 et
3569 4699 3820 4739 corrum-

2230 4779 2409 4841 patur.
2446 4771 2660 4828 Etenim
2715 4773 2893 4843 palam
2939 4782 3024 4828 est
3087 4774 3386 4830 incredulis
3420 4785 3477 4831 et
3526 4776 3814 4847 imperitis,

2229 4862 2379 4934 quod
2403 4878 2602 4920 cursus
2630 4865 2763 4920 solis
2797 4864 2951 4921 utilis
2992 4872 3047 4919 et
3084 4867 3435 4922 necessarius
3464 4870 3698 4935 mundo,
3731 4885 3819 4939 per

2221 4958 2629 5016 Providentiam
2683 4958 2866 5025 datus,
2915 4964 3133 5029 semper
3189 4960 3481 5015 ordinatus
3524 4961 3816 5026 habeatur;

2230 5050 2374 5105 luna:
2425 5064 2557 5105 vero
2613 5049 2681 5105 ad
2747 5052 3213 5121 comparationem
3275 5069 3478 5110 cursus
3543 5055 3721 5117 solis,
3768 5054 3821 5108 in

2232 5142 2539 5212 augmentis
2586 5150 2640 5197 et
2670 5140 3014 5200 detrimentis
3037 5144 3153 5199 suis
3184 5145 3327 5215 apud
3353 5146 3645 5216 imperitos
3675 5147 3823 5199 inor-

2234 5234 2409 5289 dinati
2466 5251 2668 5290 cursus
2721 5235 2977 5291 videntur
3022 5243 3079 5292 et
3130 5237 3506 5308 incompositi.
3546 5238 3684 5294 Nam
3740 5239 3820 5295 sol

1856 5392 2220 5450 COTELEBII
2249 5393 2479 5450 ΝΟΤιιΕ.

629 5534 735 5606 (76)
776 5533 909 5589 Ecce
952 5550 1135 5587 arcum
1180 5530 1508 5606 videmnsjn
1545 5531 1833 5606 ρανίᾳ-εις.
1864 5528 2055 5606 graeca
2081 5530 2129 5585 si

554 5600 763 5665 ma'vis',
796 5614 851 5659 et
878 5620 978 5659 cur
1026 5620 1132 5656 non
1178 5602 1439 5656 mavelis?
1470 5602 1621 5655 dabit
1671 5601 1812 5655 idem
1855 5600 2129 5658 Caesarius

552 5676 979 5745 interrogatione
1010 5675 1114 5728 H5
1142 5692 1156 5745 ς
1185 5672 1316 5725 Ἰδοὺ
1342 5672 1439 5745 τῆς
1463 5673 1624 5745 Ipso);
1654 5671 1937 5745 (θεωμένης
1967 5672 2129 5745 ἀκρι-

552 5746 622 5827 εῇ
656 5742 1008 5832 περέφέρίιαν
1034 5743 1285 5832 ὲχούσῃξ,
1300 5742 1397 5832 καὶἐ
1416 5742 1677 5794 πάντοθεν
1698 5742 1841 5830 long.
1865 5742 1980 5793 οἷαν
1998 5742 2131 5832 ἐλῃ-

554 5811 662 5878 05);
686 5811 808 5868 οὐδὲ
836 5811 960 5877 ύοῦς
992 5811 1328 5886 περιγράψαι
1369 5811 1589 5866 δύναται
1613 5829 1625 5841 ⁸
1667 5815 1758 5864 καὶ
1798 5813 1945 5881 ὅμως
1992 5811 2125 5883 ὁρῶ-

2235 5549 2333 5603 μεν
2394 5531 2483 5584 ὑπ’
2510 5528 2724 5603 φῦδενὸς
2749 5530 2947 5603 Δαὐτὴν
2995 5528 3317 5599 γινομένην,
3353 5527 3471 5580 ἀλλ’
3500 5528 3817 5603 ade-opim);

2234 5599 2650 5671 ὰυνισταμένην.
2685 5599 2765 5671 Ad
2818 5599 2984 5670 caput
3033 5608 3214 5671 autem
3242 5614 3515 5671 sequens
3545 5600 3711 5668 legito
3742 5618 3810 5655 re

2235 5669 2585 5741 sponsionem
2660 5669 2907 5735 ejusdem
2966 5669 3287 5741 quaestionis
3315 5709 3334 5739 ,
3390 5678 3447 5724 et
3503 5678 3814 5739 sequentem

2234 5743 2590 5812 qtuestionctn
2622 5741 2744 5795 114.
2812 5762 2813 5765 η
