  <div class='ocr_page' id='page_1' title='image "/cluster/home/n/w/nwhite01/storage/ocr_20150623/1 (St. Clemens; pt. 1)/nyp.33433019854052/706.png"; bbox 0 0 3848 6278; ppageno 0'>
   <div class='ocr_carea' id='block_1_1' title="bbox 179 340 321 394">
    <p class='ocr_par' dir='ltr' id='par_1_1' title="bbox 179 340 321 394">
     <span class='ocr_line' id='line_1_1' title="bbox 179 340 321 394; baseline 0.007 -1"><span class='ocrx_word' id='word_1_1' title='bbox 179 341 202 393; x_wconf 82' lang='lat' dir='ltr'><strong>I</strong></span> <span class='ocrx_word' id='word_1_2' title='bbox 213 340 321 394; x_wconf 76' lang='lat'><strong>395</strong></span> 
     </span>
    </p>
   </div>
   <div class='ocr_carea' id='block_1_2' title="bbox 1338 344 2217 403">
    <p class='ocr_par' dir='ltr' id='par_1_2' title="bbox 1338 344 2217 403">
     <span class='ocr_line' id='line_1_2' title="bbox 1338 344 2217 403; baseline 0.005 -4"><span class='ocrx_word' id='word_1_3' title='bbox 1338 344 1887 401; x_wconf 76' lang='lat' dir='ltr'><strong>RECOGNITIONUM</strong></span> <span class='ocrx_word' id='word_1_4' title='bbox 1929 347 2053 402; x_wconf 86' lang='lat' dir='ltr'><strong>LIB.</strong></span> <span class='ocrx_word' id='word_1_5' title='bbox 2093 347 2217 403; x_wconf 85' lang='lat' dir='ltr'><strong>Vill.</strong></span> 
     </span>
    </p>
   </div>
   <div class='ocr_carea' id='block_1_3' title="bbox 3240 355 3370 410">
    <p class='ocr_par' dir='ltr' id='par_1_3' title="bbox 3240 355 3370 410">
     <span class='ocr_line' id='line_1_3' title="bbox 3240 355 3370 410; baseline -0.008 -1"><span class='ocrx_word' id='word_1_6' title='bbox 3240 355 3370 410; x_wconf 69' lang='lat' dir='ltr'><strong>I39I»</strong></span> 
     </span>
    </p>
   </div>
   <div class='ocr_carea' id='block_1_4' title="bbox 176 450 3419 536">
    <p class='ocr_par' dir='ltr' id='par_1_4' title="bbox 176 450 3419 536">
     <span class='ocr_line' id='line_1_4' title="bbox 176 450 3419 536; baseline 0.006 -33"><span class='ocrx_word' id='word_1_7' title='bbox 176 450 349 505; x_wconf 76' lang='lat' dir='ltr'><strong>certis</strong></span> <span class='ocrx_word' id='word_1_8' title='bbox 380 450 843 511; x_wconf 70' lang='lat' dir='ltr'><strong>distinctionibus</strong></span> <span class='ocrx_word' id='word_1_9' title='bbox 874 462 927 511; x_wconf 91' lang='lat' dir='ltr'><strong>et</strong></span> <span class='ocrx_word' id='word_1_10' title='bbox 947 454 1208 511; x_wconf 79' lang='lat' dir='ltr'><strong>ordinatis</strong></span> <span class='ocrx_word' id='word_1_11' title='bbox 1237 464 1512 523; x_wconf 77' lang='lat' dir='ltr'><strong>movetur;</strong></span> <span class='ocrx_word' id='word_1_12' title='bbox 1543 474 1606 513; x_wconf 82' lang='lat' dir='ltr'><strong>ex</strong></span> <span class='ocrx_word' id='word_1_13' title='bbox 1626 458 1743 526; x_wconf 88' lang='lat' dir='ltr'><strong>ipso</strong></span> <span class='ocrx_word' id='word_1_14' title='bbox 1772 464 1811 520; x_wconf 81' lang='grc' dir='ltr'>Α</span> <span class='ocrx_word' id='word_1_15' title='bbox 1840 459 1999 512; x_wconf 88' lang='lat' dir='ltr'><strong>etiam</strong></span> <span class='ocrx_word' id='word_1_16' title='bbox 2035 460 2283 514; x_wconf 81' lang='lat' dir='ltr'><strong>tremoris</strong></span> <span class='ocrx_word' id='word_1_17' title='bbox 2312 459 2537 529; x_wconf 86' lang='lat' dir='ltr'><strong>languor</strong></span> <span class='ocrx_word' id='word_1_18' title='bbox 2563 462 2853 529; x_wconf 87' lang='lat' dir='ltr'><strong>advenerit,</strong></span> <span class='ocrx_word' id='word_1_19' title='bbox 2881 473 2935 521; x_wconf 88' lang='lat' dir='ltr'><strong>et</strong></span> <span class='ocrx_word' id='word_1_20' title='bbox 2963 467 3104 536; x_wconf 88' lang='lat' dir='ltr'><strong>quod</strong></span> <span class='ocrx_word' id='word_1_21' title='bbox 3149 469 3260 525; x_wconf 67' lang='lat' dir='ltr'><strong>haec</strong></span> <span class='ocrx_word' id='word_1_22' title='bbox 3302 474 3369 528; x_wconf 86' lang='lat' dir='ltr'><strong>ah</strong></span> <span class='ocrx_word' id='word_1_23' title='bbox 3414 518 3419 521; x_wconf 21' lang='grc' dir='ltr'>χ</span> 
     </span>
    </p>
   </div>
   <div class='ocr_carea' id='block_1_5' title="bbox 177 539 1744 613">
    <p class='ocr_par' dir='ltr' id='par_1_5' title="bbox 177 539 1744 613">
     <span class='ocr_line' id='line_1_5' title="bbox 177 539 1744 613; baseline 0.005 -21"><span class='ocrx_word' id='word_1_24' title='bbox 177 539 326 593; x_wconf 86' lang='lat' dir='ltr'><strong>enim</strong></span> <span class='ocrx_word' id='word_1_25' title='bbox 361 549 498 594; x_wconf 91' lang='lat' dir='ltr'><strong>sunt</strong></span> <span class='ocrx_word' id='word_1_26' title='bbox 527 542 702 607; x_wconf 68' lang='lat' dir='ltr'><strong>horae,</strong></span> <span class='ocrx_word' id='word_1_27' title='bbox 722 559 787 598; x_wconf 88' lang='lat' dir='ltr'><strong>ex</strong></span> <span class='ocrx_word' id='word_1_28' title='bbox 819 544 937 613; x_wconf 87' lang='lat' dir='ltr'><strong>ipso</strong></span> <span class='ocrx_word' id='word_1_29' title='bbox 971 543 1085 598; x_wconf 90' lang='lat' dir='ltr'><strong>dies</strong></span> <span class='ocrx_word' id='word_1_30' title='bbox 1142 561 1263 599; x_wconf 90' lang='lat' dir='ltr'><strong>cum</strong></span> <span class='ocrx_word' id='word_1_31' title='bbox 1314 549 1638 609; x_wconf 83' lang='lat' dir='ltr'><strong>ascenderit,</strong></span> <span class='ocrx_word' id='word_1_32' title='bbox 1677 562 1744 602; x_wconf 87' lang='lat' dir='ltr'><strong>ex</strong></span> 
     </span>
    </p>
   </div>
   <div class='ocr_carea' id='block_1_6' title="bbox 180 628 1744 703">
    <p class='ocr_par' dir='ltr' id='par_1_6' title="bbox 180 628 1744 703">
     <span class='ocr_line' id='line_1_6' title="bbox 180 628 1744 703; baseline 0.006 -23"><span class='ocrx_word' id='word_1_33' title='bbox 180 628 303 695; x_wconf 89' lang='lat' dir='ltr'><strong>ipso</strong></span> <span class='ocrx_word' id='word_1_34' title='bbox 337 629 515 682; x_wconf 86' lang='lat' dir='ltr'><strong>etiam</strong></span> <span class='ocrx_word' id='word_1_35' title='bbox 546 646 659 685; x_wconf 83' lang='lat' dir='ltr'><strong>nox</strong></span> <span class='ocrx_word' id='word_1_36' title='bbox 686 646 807 685; x_wconf 91' lang='lat' dir='ltr'><strong>cum</strong></span> <span class='ocrx_word' id='word_1_37' title='bbox 859 631 1146 697; x_wconf 86' lang='lat' dir='ltr'><strong>occiderit,</strong></span> <span class='ocrx_word' id='word_1_38' title='bbox 1196 648 1260 687; x_wconf 92' lang='lat' dir='ltr'><strong>ex</strong></span> <span class='ocrx_word' id='word_1_39' title='bbox 1293 636 1409 703; x_wconf 87' lang='lat' dir='ltr'><strong>ipso</strong></span> <span class='ocrx_word' id='word_1_40' title='bbox 1454 650 1665 691; x_wconf 86' lang='lat' dir='ltr'><strong>menses</strong></span> <span class='ocrx_word' id='word_1_41' title='bbox 1692 644 1744 691; x_wconf 90' lang='lat' dir='ltr'><strong>et</strong></span> 
     </span>
    </p>
   </div>
   <div class='ocr_carea' id='block_1_7' title="bbox 181 716 1741 797">
    <p class='ocr_par' dir='ltr' id='par_1_7' title="bbox 181 716 1741 797">
     <span class='ocr_line' id='line_1_7' title="bbox 181 716 1741 797; baseline 0.008 -28"><span class='ocrx_word' id='word_1_42' title='bbox 181 716 308 771; x_wconf 91' lang='lat' dir='ltr'><strong>anni</strong></span> <span class='ocrx_word' id='word_1_43' title='bbox 336 729 738 783; x_wconf 89' lang='lat' dir='ltr'><strong>numerantur,</strong></span> <span class='ocrx_word' id='word_1_44' title='bbox 763 737 826 775; x_wconf 84' lang='lat' dir='ltr'><strong>ex</strong></span> <span class='ocrx_word' id='word_1_45' title='bbox 880 724 997 792; x_wconf 90' lang='lat' dir='ltr'><strong>ipso</strong></span> <span class='ocrx_word' id='word_1_46' title='bbox 1022 726 1418 782; x_wconf 86' lang='lat' dir='ltr'><strong>vicissitudines</strong></span> <span class='ocrx_word' id='word_1_47' title='bbox 1446 737 1741 797; x_wconf 88' lang='lat' dir='ltr'><strong>temporum</strong></span> 
     </span>
    </p>
   </div>
   <div class='ocr_carea' id='block_1_8' title="bbox 179 806 1740 886">
    <p class='ocr_par' dir='ltr' id='par_1_8' title="bbox 179 806 1740 886">
     <span class='ocr_line' id='line_1_8' title="bbox 179 806 1740 886; baseline 0.007 -27"><span class='ocrx_word' id='word_1_48' title='bbox 179 806 339 872; x_wconf 81' lang='lat' dir='ltr'><strong>ﬁunt,</strong></span> <span class='ocrx_word' id='word_1_49' title='bbox 370 807 509 860; x_wconf 92' lang='lat' dir='ltr'><strong>dum</strong></span> <span class='ocrx_word' id='word_1_50' title='bbox 542 809 617 863; x_wconf 91' lang='lat' dir='ltr'><strong>ad</strong></span> <span class='ocrx_word' id='word_1_51' title='bbox 670 817 945 878; x_wconf 77' lang='lat' dir='ltr'><strong>superiora</strong></span> <span class='ocrx_word' id='word_1_52' title='bbox 999 816 1363 870; x_wconf 88' lang='lat' dir='ltr'><strong>conscendens</strong></span> <span class='ocrx_word' id='word_1_53' title='bbox 1418 833 1510 870; x_wconf 90' lang='lat' dir='ltr'><strong>ver</strong></span> <span class='ocrx_word' id='word_1_54' title='bbox 1540 826 1740 886; x_wconf 87' lang='lat' dir='ltr'><strong>tempe-</strong></span> 
     </span>
    </p>
   </div>
   <div class='ocr_carea' id='block_1_9' title="bbox 177 895 1738 966">
    <p class='ocr_par' dir='ltr' id='par_1_9' title="bbox 177 895 1738 966">
     <span class='ocr_line' id='line_1_9' title="bbox 177 895 1738 966; baseline 0.009 -20"><span class='ocrx_word' id='word_1_55' title='bbox 177 901 283 958; x_wconf 85' lang='lat' dir='ltr'><strong>rat,</strong></span> <span class='ocrx_word' id='word_1_56' title='bbox 315 895 414 948; x_wconf 88' lang='lat' dir='ltr'><strong>uhi</strong></span> <span class='ocrx_word' id='word_1_57' title='bbox 438 903 633 950; x_wconf 88' lang='lat' dir='ltr'><strong>autem</strong></span> <span class='ocrx_word' id='word_1_58' title='bbox 662 898 728 950; x_wconf 92' lang='lat' dir='ltr'><strong>ad</strong></span> <span class='ocrx_word' id='word_1_59' title='bbox 777 914 1042 952; x_wconf 90' lang='lat' dir='ltr'><strong>summum</strong></span> <span class='ocrx_word' id='word_1_60' title='bbox 1078 903 1199 955; x_wconf 63' lang='grc' dir='ltr'><strong>ςαξιὶ</strong></span> <span class='ocrx_word' id='word_1_61' title='bbox 1256 905 1478 966; x_wconf 84' lang='lat' dir='ltr'><strong>venerit,</strong></span> <span class='ocrx_word' id='word_1_62' title='bbox 1526 905 1738 960; x_wconf 63' lang='lat' dir='ltr'><strong>aestivos</strong></span> 
     </span>
    </p>
   </div>
   <div class='ocr_carea' id='block_1_10' title="bbox 175 985 1738 1063">
    <p class='ocr_par' dir='ltr' id='par_1_10' title="bbox 175 985 1738 1063">
     <span class='ocr_line' id='line_1_10' title="bbox 175 985 1738 1063; baseline 0.007 -27"><span class='ocrx_word' id='word_1_63' title='bbox 175 985 435 1039; x_wconf 87' lang='lat' dir='ltr'><strong>accendit</strong></span> <span class='ocrx_word' id='word_1_64' title='bbox 473 987 729 1053; x_wconf 89' lang='lat' dir='ltr'><strong>calores;</strong></span> <span class='ocrx_word' id='word_1_65' title='bbox 761 987 1015 1044; x_wconf 88' lang='lat' dir='ltr'><strong>decidens</strong></span> <span class='ocrx_word' id='word_1_66' title='bbox 1042 1005 1231 1046; x_wconf 89' lang='lat' dir='ltr'><strong>rursus</strong></span> <span class='ocrx_word' id='word_1_67' title='bbox 1263 994 1503 1047; x_wconf 86' lang='lat' dir='ltr'><strong>autumni</strong></span> <span class='ocrx_word' id='word_1_68' title='bbox 1538 1002 1738 1063; x_wconf 86' lang='lat' dir='ltr'><strong>tempe-</strong></span> 
     </span>
    </p>
   </div>
   <div class='ocr_carea' id='block_1_11' title="bbox 174 1073 1737 1139">
    <p class='ocr_par' dir='ltr' id='par_1_11' title="bbox 174 1073 1737 1139">
     <span class='ocr_line' id='line_1_11' title="bbox 174 1073 1737 1139; baseline 0.006 -14"><span class='ocrx_word' id='word_1_69' title='bbox 174 1074 309 1128; x_wconf 89' lang='lat' dir='ltr'><strong>riem</strong></span> <span class='ocrx_word' id='word_1_70' title='bbox 334 1073 549 1139; x_wconf 87' lang='lat' dir='ltr'><strong>reddit,</strong></span> <span class='ocrx_word' id='word_1_71' title='bbox 578 1077 673 1129; x_wconf 89' lang='lat' dir='ltr'><strong>ubi</strong></span> <span class='ocrx_word' id='word_1_72' title='bbox 697 1092 822 1130; x_wconf 89' lang='lat' dir='ltr'><strong>vero</strong></span> <span class='ocrx_word' id='word_1_73' title='bbox 852 1076 917 1130; x_wconf 88' lang='lat' dir='ltr'><strong>ad</strong></span> <span class='ocrx_word' id='word_1_74' title='bbox 972 1078 1273 1134; x_wconf 90' lang='lat' dir='ltr'><strong>inferiorem</strong></span> <span class='ocrx_word' id='word_1_75' title='bbox 1320 1082 1537 1135; x_wconf 88' lang='lat' dir='ltr'><strong>redierit</strong></span> <span class='ocrx_word' id='word_1_76' title='bbox 1561 1082 1737 1135; x_wconf 90' lang='lat' dir='ltr'><strong>circu-</strong></span> 
     </span>
    </p>
   </div>
   <div class='ocr_carea' id='block_1_12' title="bbox 171 1164 1733 1239">
    <p class='ocr_par' dir='ltr' id='par_1_12' title="bbox 171 1164 1733 1239">
     <span class='ocr_line' id='line_1_12' title="bbox 171 1164 1733 1239; baseline 0.006 -24"><span class='ocrx_word' id='word_1_77' title='bbox 171 1164 308 1226; x_wconf 88' lang='lat' dir='ltr'><strong>lum,</strong></span> <span class='ocrx_word' id='word_1_78' title='bbox 336 1179 410 1216; x_wconf 87' lang='lat' dir='ltr'><strong>ex</strong></span> <span class='ocrx_word' id='word_1_79' title='bbox 434 1164 660 1232; x_wconf 80' lang='lat' dir='ltr'><strong>glaciali</strong></span> <span class='ocrx_word' id='word_1_80' title='bbox 684 1179 937 1236; x_wconf 82' lang='lat' dir='ltr'><strong>compage</strong></span> <span class='ocrx_word' id='word_1_81' title='bbox 958 1168 1079 1222; x_wconf 71' lang='lat' dir='ltr'><strong>cmli</strong></span> <span class='ocrx_word' id='word_1_82' title='bbox 1104 1171 1330 1239; x_wconf 79' lang='lat' dir='ltr'><strong>rigorem</strong></span> <span class='ocrx_word' id='word_1_83' title='bbox 1357 1171 1511 1225; x_wconf 93' lang='lat' dir='ltr'><strong>nobis</strong></span> <span class='ocrx_word' id='word_1_84' title='bbox 1529 1170 1733 1224; x_wconf 89' lang='lat' dir='ltr'><strong>hiberni</strong></span> 
     </span>
    </p>
   </div>
   <div class='ocr_carea' id='block_1_13' title="bbox 169 1252 792 1322">
    <p class='ocr_par' dir='ltr' id='par_1_13' title="bbox 169 1252 792 1322">
     <span class='ocr_line' id='line_1_13' title="bbox 169 1252 792 1322; baseline 0.006 -18"><span class='ocrx_word' id='word_1_85' title='bbox 169 1253 399 1321; x_wconf 86' lang='lat' dir='ltr'><strong>frigoris</strong></span> <span class='ocrx_word' id='word_1_86' title='bbox 430 1252 792 1322; x_wconf 89' lang='lat' dir='ltr'><strong>derelinquit.</strong></span> 
     </span>
    </p>
   </div>
   <div class='ocr_carea' id='block_1_14' title="bbox 236 1341 1730 1406">
    <p class='ocr_par' dir='ltr' id='par_1_14' title="bbox 236 1341 1730 1406">
     <span class='ocr_line' id='line_1_14' title="bbox 236 1341 1730 1406; baseline 0.009 -13"><span class='ocrx_word' id='word_1_87' title='bbox 236 1341 431 1395; x_wconf 82' lang='lat' dir='ltr'><strong>XLVI.</strong></span> <span class='ocrx_word' id='word_1_88' title='bbox 496 1341 614 1396; x_wconf 89' lang='lat' dir='ltr'><strong>Sed</strong></span> <span class='ocrx_word' id='word_1_89' title='bbox 645 1344 711 1397; x_wconf 91' lang='lat' dir='ltr'><strong>de</strong></span> <span class='ocrx_word' id='word_1_90' title='bbox 746 1345 830 1399; x_wconf 90' lang='lat' dir='ltr'><strong>his</strong></span> <span class='ocrx_word' id='word_1_91' title='bbox 853 1346 985 1401; x_wconf 89' lang='lat' dir='ltr'><strong>alias</strong></span> <span class='ocrx_word' id='word_1_92' title='bbox 1013 1347 1174 1403; x_wconf 89' lang='lat' dir='ltr'><strong>latius</strong></span> <span class='ocrx_word' id='word_1_93' title='bbox 1194 1348 1541 1406; x_wconf 89' lang='lat' dir='ltr'><strong>disseremus.</strong></span> <span class='ocrx_word' id='word_1_94' title='bbox 1571 1349 1730 1406; x_wconf 86' lang='lat' dir='ltr'><strong>Nunc</strong></span> 
     </span>
    </p>
   </div>
   <div class='ocr_carea' id='block_1_15' title="bbox 168 1432 1731 1504">
    <p class='ocr_par' dir='ltr' id='par_1_15' title="bbox 168 1432 1731 1504">
     <span class='ocr_line' id='line_1_15' title="bbox 168 1432 1731 1504; baseline 0.006 -19"><span class='ocrx_word' id='word_1_95' title='bbox 168 1432 421 1496; x_wconf 88' lang='lat' dir='ltr'><strong>interim,</strong></span> <span class='ocrx_word' id='word_1_96' title='bbox 454 1447 591 1485; x_wconf 84' lang='lat' dir='ltr'><strong>curn</strong></span> <span class='ocrx_word' id='word_1_97' title='bbox 630 1434 700 1486; x_wconf 91' lang='lat' dir='ltr'><strong>sit</strong></span> <span class='ocrx_word' id='word_1_98' title='bbox 729 1435 828 1489; x_wconf 91' lang='lat' dir='ltr'><strong>iste</strong></span> <span class='ocrx_word' id='word_1_99' title='bbox 870 1438 1114 1493; x_wconf 87' lang='lat' dir='ltr'><strong>minister</strong></span> <span class='ocrx_word' id='word_1_100' title='bbox 1152 1440 1347 1504; x_wconf 90' lang='lat' dir='ltr'><strong>bonus,</strong></span> <span class='ocrx_word' id='word_1_101' title='bbox 1379 1441 1445 1495; x_wconf 90' lang='lat' dir='ltr'><strong>ad</strong></span> <span class='ocrx_word' id='word_1_102' title='bbox 1469 1441 1731 1495; x_wconf 87' lang='lat' dir='ltr'><strong>vicissitu-</strong></span> 
     </span>
    </p>
   </div>
   <div class='ocr_carea' id='block_1_16' title="bbox 164 1522 1725 1597">
    <p class='ocr_par' dir='ltr' id='par_1_16' title="bbox 164 1522 1725 1597">
     <span class='ocr_line' id='line_1_16' title="bbox 164 1522 1725 1597; baseline 0.006 -22"><span class='ocrx_word' id='word_1_103' title='bbox 164 1522 323 1577; x_wconf 88' lang='lat' dir='ltr'><strong>dines</strong></span> <span class='ocrx_word' id='word_1_104' title='bbox 346 1530 673 1597; x_wconf 79' lang='lat' dir='ltr'><strong>temporum</strong></span> <span class='ocrx_word' id='word_1_105' title='bbox 708 1524 1078 1590; x_wconf 85' lang='lat' dir='ltr'><strong>moderandas,</strong></span> <span class='ocrx_word' id='word_1_106' title='bbox 1113 1536 1290 1584; x_wconf 89' lang='lat' dir='ltr'><strong>tamen</strong></span> <span class='ocrx_word' id='word_1_107' title='bbox 1327 1530 1412 1584; x_wconf 93' lang='lat' dir='ltr'><strong>ubi</strong></span> <span class='ocrx_word' id='word_1_108' title='bbox 1435 1530 1725 1585; x_wconf 90' lang='lat' dir='ltr'><strong>secundum</strong></span> 
     </span>
    </p>
   </div>
   <div class='ocr_carea' id='block_1_17' title="bbox 162 1609 1725 1683">
    <p class='ocr_par' dir='ltr' id='par_1_17' title="bbox 162 1609 1725 1683">
     <span class='ocr_line' id='line_1_17' title="bbox 162 1609 1725 1683; baseline 0.007 -20"><span class='ocrx_word' id='word_1_109' title='bbox 162 1612 512 1665; x_wconf 80' lang='lat' dir='ltr'><strong>voluntatem</strong></span> <span class='ocrx_word' id='word_1_110' title='bbox 574 1609 674 1663; x_wconf 88' lang='lat' dir='ltr'><strong>Dei</strong></span> <span class='ocrx_word' id='word_1_111' title='bbox 697 1615 963 1683; x_wconf 89' lang='lat' dir='ltr'><strong>correptio</strong></span> <span class='ocrx_word' id='word_1_112' title='bbox 993 1619 1307 1673; x_wconf 88' lang='lat' dir='ltr'><strong>mortalibus</strong></span> <span class='ocrx_word' id='word_1_113' title='bbox 1334 1619 1511 1683; x_wconf 91' lang='lat' dir='ltr'><strong>datur,</strong></span> <span class='ocrx_word' id='word_1_114' title='bbox 1545 1622 1725 1674; x_wconf 83' lang='lat' dir='ltr'><strong>incan-</strong></span> 
     </span>
    </p>
   </div>
   <div class='ocr_carea' id='block_1_18' title="bbox 160 1700 1721 1765">
    <p class='ocr_par' dir='ltr' id='par_1_18' title="bbox 160 1700 1721 1765">
     <span class='ocr_line' id='line_1_18' title="bbox 160 1700 1721 1765; baseline 0.008 -12"><span class='ocrx_word' id='word_1_115' title='bbox 160 1700 338 1754; x_wconf 89' lang='lat' dir='ltr'><strong>descit</strong></span> <span class='ocrx_word' id='word_1_116' title='bbox 398 1704 597 1758; x_wconf 90' lang='lat' dir='ltr'><strong>aerius</strong></span> <span class='ocrx_word' id='word_1_117' title='bbox 650 1709 703 1756; x_wconf 91' lang='lat' dir='ltr'><strong>et</strong></span> <span class='ocrx_word' id='word_1_118' title='bbox 758 1705 866 1756; x_wconf 92' lang='lat' dir='ltr'><strong>urit</strong></span> <span class='ocrx_word' id='word_1_119' title='bbox 924 1706 1180 1760; x_wconf 91' lang='lat' dir='ltr'><strong>mundum</strong></span> <span class='ocrx_word' id='word_1_120' title='bbox 1237 1709 1721 1765; x_wconf 80' lang='lat' dir='ltr'><strong>vehementioribus</strong></span> 
     </span>
    </p>
   </div>
   <div class='ocr_carea' id='block_1_19' title="bbox 1844 548 2832 621">
    <p class='ocr_par' dir='ltr' id='par_1_19' title="bbox 1844 548 2832 621">
     <span class='ocr_line' id='line_1_19' title="bbox 1844 548 2832 621; baseline 0.006 -19"><span class='ocrx_word' id='word_1_121' title='bbox 1844 550 1999 602; x_wconf 91' lang='lat' dir='ltr'><strong>initio</strong></span> <span class='ocrx_word' id='word_1_122' title='bbox 2032 548 2191 605; x_wconf 90' lang='lat' dir='ltr'><strong>fuerit</strong></span> <span class='ocrx_word' id='word_1_123' title='bbox 2219 549 2453 604; x_wconf 85' lang='lat' dir='ltr'><strong>vindicta</strong></span> <span class='ocrx_word' id='word_1_124' title='bbox 2475 553 2744 621; x_wconf 86' lang='lat' dir='ltr'><strong>parricidii</strong></span> <span class='ocrx_word' id='word_1_125' title='bbox 2767 555 2832 608; x_wconf 80' lang='grc'><strong>⁸⁸.</strong></span> 
     </span>
    </p>
   </div>
   <div class='ocr_carea' id='block_1_20' title="bbox 1908 637 3364 716">
    <p class='ocr_par' dir='ltr' id='par_1_20' title="bbox 1908 637 3364 716">
     <span class='ocr_line' id='line_1_20' title="bbox 1908 637 3364 716; baseline 0.012 -27"><span class='ocrx_word' id='word_1_126' title='bbox 1908 637 2131 692; x_wconf 80' lang='lat' dir='ltr'><strong>XLVIII.</strong></span> <span class='ocrx_word' id='word_1_127' title='bbox 2170 637 2303 692; x_wconf 85' lang='lat' dir='ltr'><strong>Nam</strong></span> <span class='ocrx_word' id='word_1_128' title='bbox 2328 639 2397 692; x_wconf 90' lang='lat' dir='ltr'><strong>ab</strong></span> <span class='ocrx_word' id='word_1_129' title='bbox 2423 640 2626 709; x_wconf 79' lang='lat' dir='ltr'><strong>origine</strong></span> <span class='ocrx_word' id='word_1_130' title='bbox 2655 643 2845 701; x_wconf 80' lang='lat' dir='ltr'><strong>mundi</strong></span> <span class='ocrx_word' id='word_1_131' title='bbox 2863 645 2995 699; x_wconf 90' lang='lat' dir='ltr'><strong>nihil</strong></span> <span class='ocrx_word' id='word_1_132' title='bbox 3024 647 3213 703; x_wconf 86' lang='lat' dir='ltr'><strong>horum</strong></span> <span class='ocrx_word' id='word_1_133' title='bbox 3244 650 3364 716; x_wconf 89' lang='lat' dir='ltr'><strong>fuit,</strong></span> 
     </span>
    </p>
   </div>
   <div class='ocr_carea' id='block_1_21' title="bbox 1838 724 3367 795">
    <p class='ocr_par' dir='ltr' id='par_1_21' title="bbox 1838 724 3367 795">
     <span class='ocr_line' id='line_1_21' title="bbox 1838 724 3367 795; baseline 0.009 -16"><span class='ocrx_word' id='word_1_134' title='bbox 1838 724 1930 779; x_wconf 75' lang='lat' dir='ltr'><strong>sed</strong></span> <span class='ocrx_word' id='word_1_135' title='bbox 1959 742 2021 780; x_wconf 83' lang='lat' dir='ltr'><strong>ex</strong></span> <span class='ocrx_word' id='word_1_136' title='bbox 2050 726 2322 795; x_wconf 86' lang='lat' dir='ltr'><strong>impietate</strong></span> <span class='ocrx_word' id='word_1_137' title='bbox 2352 727 2620 780; x_wconf 90' lang='lat' dir='ltr'><strong>hominum</strong></span> <span class='ocrx_word' id='word_1_138' title='bbox 2651 729 2860 783; x_wconf 91' lang='lat' dir='ltr'><strong>initium</strong></span> <span class='ocrx_word' id='word_1_139' title='bbox 2890 734 3027 786; x_wconf 91' lang='lat' dir='ltr'><strong>mala</strong></span> <span class='ocrx_word' id='word_1_140' title='bbox 3077 736 3176 790; x_wconf 90' lang='lat' dir='ltr'><strong>ista</strong></span> <span class='ocrx_word' id='word_1_141' title='bbox 3218 753 3367 792; x_wconf 91' lang='lat' dir='ltr'><strong>sum-</strong></span> 
     </span>
    </p>
   </div>
   <div class='ocr_carea' id='block_1_22' title="bbox 1835 816 3367 891">
    <p class='ocr_par' dir='ltr' id='par_1_22' title="bbox 1835 816 3367 891">
     <span class='ocr_line' id='line_1_22' title="bbox 1835 816 3367 891; baseline 0.011 -24"><span class='ocrx_word' id='word_1_142' title='bbox 1835 829 2007 881; x_wconf 86' lang='lat' dir='ltr'><strong>psere,</strong></span> <span class='ocrx_word' id='word_1_143' title='bbox 2036 823 2089 869; x_wconf 90' lang='lat' dir='ltr'><strong>et</strong></span> <span class='ocrx_word' id='word_1_144' title='bbox 2135 816 2258 869; x_wconf 88' lang='lat' dir='ltr'><strong>tnde</strong></span> <span class='ocrx_word' id='word_1_145' title='bbox 2298 830 2505 884; x_wconf 87' lang='lat' dir='ltr'><strong>semper</strong></span> <span class='ocrx_word' id='word_1_146' title='bbox 2533 821 2899 876; x_wconf 89' lang='lat' dir='ltr'><strong>crescentibus</strong></span> <span class='ocrx_word' id='word_1_147' title='bbox 2922 823 3290 891; x_wconf 81' lang='lat' dir='ltr'><strong>iniquitatibus</strong></span> <span class='ocrx_word' id='word_1_148' title='bbox 3315 840 3367 884; x_wconf 89' lang='lat' dir='ltr'><strong>et</strong></span> 
     </span>
    </p>
   </div>
   <div class='ocr_carea' id='block_1_23' title="bbox 1834 902 3361 971">
    <p class='ocr_par' dir='ltr' id='par_1_23' title="bbox 1834 902 3361 971">
     <span class='ocr_line' id='line_1_23' title="bbox 1834 902 3361 971; baseline 0.011 -16"><span class='ocrx_word' id='word_1_149' title='bbox 1834 902 2091 955; x_wconf 88' lang='lat' dir='ltr'><strong>malorum</strong></span> <span class='ocrx_word' id='word_1_150' title='bbox 2122 918 2375 958; x_wconf 90' lang='lat' dir='ltr'><strong>numerus</strong></span> <span class='ocrx_word' id='word_1_151' title='bbox 2396 905 2581 959; x_wconf 88' lang='lat' dir='ltr'><strong>crevit.</strong></span> <span class='ocrx_word' id='word_1_152' title='bbox 2608 906 2712 961; x_wconf 92' lang='lat' dir='ltr'><strong>Sed</strong></span> <span class='ocrx_word' id='word_1_153' title='bbox 2740 908 2941 965; x_wconf 91' lang='lat' dir='ltr'><strong>idcirco</strong></span> <span class='ocrx_word' id='word_1_154' title='bbox 2968 913 3147 967; x_wconf 90' lang='lat' dir='ltr'><strong>divina</strong></span> <span class='ocrx_word' id='word_1_155' title='bbox 3176 916 3361 971; x_wconf 85' lang='lat' dir='ltr'><strong>Provi-</strong></span> 
     </span>
    </p>
   </div>
   <div class='ocr_carea' id='block_1_24' title="bbox 1832 991 3362 1072">
    <p class='ocr_par' dir='ltr' id='par_1_24' title="bbox 1832 991 3362 1072">
     <span class='ocr_line' id='line_1_24' title="bbox 1832 991 3362 1072; baseline 0.013 -29"><span class='ocrx_word' id='word_1_156' title='bbox 1832 991 2010 1044; x_wconf 92' lang='lat' dir='ltr'><strong>dentia</strong></span> <span class='ocrx_word' id='word_1_157' title='bbox 2050 991 2307 1060; x_wconf 88' lang='lat' dir='ltr'><strong>judicium</strong></span> <span class='ocrx_word' id='word_1_158' title='bbox 2356 1007 2481 1061; x_wconf 88' lang='lat' dir='ltr'><strong>erga</strong></span> <span class='ocrx_word' id='word_1_159' title='bbox 2528 1009 2713 1051; x_wconf 90' lang='lat' dir='ltr'><strong>omnes</strong></span> <span class='ocrx_word' id='word_1_160' title='bbox 2757 1000 2963 1063; x_wconf 83' lang='lat' dir='ltr'><strong>statuit,</strong></span> <span class='ocrx_word' id='word_1_161' title='bbox 2994 1001 3114 1069; x_wconf 89' lang='lat' dir='ltr'><strong>quia</strong></span> <span class='ocrx_word' id='word_1_162' title='bbox 3129 1020 3362 1072; x_wconf 64' lang='lat' dir='ltr'><strong>praesens</strong></span> 
     </span>
    </p>
   </div>
   <div class='ocr_carea' id='block_1_25' title="bbox 1832 1082 3364 1164">
    <p class='ocr_par' dir='ltr' id='par_1_25' title="bbox 1832 1082 3364 1164">
     <span class='ocr_line' id='line_1_25' title="bbox 1832 1082 3364 1164; baseline 0.013 -31"><span class='ocrx_word' id='word_1_163' title='bbox 1832 1082 2083 1134; x_wconf 62' lang='lat' dir='ltr'><strong>sarculum</strong></span> <span class='ocrx_word' id='word_1_164' title='bbox 2116 1097 2221 1135; x_wconf 89' lang='lat' dir='ltr'><strong>non</strong></span> <span class='ocrx_word' id='word_1_165' title='bbox 2250 1092 2360 1136; x_wconf 81' lang='lat' dir='ltr'><strong>erat</strong></span> <span class='ocrx_word' id='word_1_166' title='bbox 2390 1084 2517 1147; x_wconf 91' lang='lat' dir='ltr'><strong>tale,</strong></span> <span class='ocrx_word' id='word_1_167' title='bbox 2550 1085 2602 1138; x_wconf 94' lang='lat' dir='ltr'><strong>in</strong></span> <span class='ocrx_word' id='word_1_168' title='bbox 2649 1102 2757 1155; x_wconf 92' lang='lat' dir='ltr'><strong>quo</strong></span> <span class='ocrx_word' id='word_1_169' title='bbox 2803 1092 3167 1161; x_wconf 85' lang='lat' dir='ltr'><strong>unusquisque</strong></span> <span class='ocrx_word' id='word_1_170' title='bbox 3194 1100 3364 1164; x_wconf 88' lang='lat' dir='ltr'><strong>possit</strong></span> 
     </span>
    </p>
   </div>
   <div class='ocr_carea' id='block_1_26' title="bbox 1832 1171 3361 1253">
    <p class='ocr_par' dir='ltr' id='par_1_26' title="bbox 1832 1171 3361 1253">
     <span class='ocr_line' id='line_1_26' title="bbox 1832 1171 3361 1253; baseline 0.012 -32"><span class='ocrx_word' id='word_1_171' title='bbox 1832 1183 1929 1237; x_wconf 93' lang='lat' dir='ltr'><strong>pro</strong></span> <span class='ocrx_word' id='word_1_172' title='bbox 1977 1171 2182 1225; x_wconf 90' lang='lat' dir='ltr'><strong>meritis</strong></span> <span class='ocrx_word' id='word_1_173' title='bbox 2225 1172 2544 1240; x_wconf 89' lang='lat' dir='ltr'><strong>dispensari.</strong></span> <span class='ocrx_word' id='word_1_174' title='bbox 2572 1173 2689 1228; x_wconf 86' lang='lat' dir='ltr'><strong>Non</strong></span> <span class='ocrx_word' id='word_1_175' title='bbox 2717 1191 2843 1245; x_wconf 88' lang='lat' dir='ltr'><strong>ergo</strong></span> <span class='ocrx_word' id='word_1_176' title='bbox 2885 1194 2951 1231; x_wconf 87' lang='lat' dir='ltr'><strong>ex</strong></span> <span class='ocrx_word' id='word_1_177' title='bbox 2982 1180 3086 1244; x_wconf 85' lang='lat' dir='ltr'><strong>his,</strong></span> <span class='ocrx_word' id='word_1_178' title='bbox 3116 1198 3235 1251; x_wconf 66' lang='lat' dir='ltr'><strong>qum</strong></span> <span class='ocrx_word' id='word_1_179' title='bbox 3263 1202 3361 1253; x_wconf 92' lang='lat' dir='ltr'><strong>pro</strong></span> 
     </span>
    </p>
   </div>
   <div class='ocr_carea' id='block_1_27' title="bbox 1829 1260 3355 1337">
    <p class='ocr_par' dir='ltr' id='par_1_27' title="bbox 1829 1260 3355 1337">
     <span class='ocr_line' id='line_1_27' title="bbox 1829 1260 3355 1337; baseline 0.01 -25"><span class='ocrx_word' id='word_1_180' title='bbox 1829 1260 2061 1328; x_wconf 81' lang='lat' dir='ltr'><strong>peccatis</strong></span> <span class='ocrx_word' id='word_1_181' title='bbox 2110 1260 2382 1315; x_wconf 89' lang='lat' dir='ltr'><strong>hominum</strong></span> <span class='ocrx_word' id='word_1_182' title='bbox 2431 1264 2629 1317; x_wconf 89' lang='lat' dir='ltr'><strong>mundo</strong></span> <span class='ocrx_word' id='word_1_183' title='bbox 2667 1266 2978 1321; x_wconf 88' lang='lat' dir='ltr'><strong>acciderunt</strong></span> <span class='ocrx_word' id='word_1_184' title='bbox 3031 1273 3218 1337; x_wconf 88' lang='lat' dir='ltr'><strong>malis,</strong></span> <span class='ocrx_word' id='word_1_185' title='bbox 3268 1276 3355 1327; x_wconf 89' lang='lat' dir='ltr'><strong>illa</strong></span> 
     </span>
    </p>
   </div>
   <div class='ocr_carea' id='block_1_28' title="bbox 1825 1348 3359 1419">
    <p class='ocr_par' dir='ltr' id='par_1_28' title="bbox 1825 1348 3359 1419">
     <span class='ocr_line' id='line_1_28' title="bbox 1825 1348 3359 1419; baseline 0.01 -19"><span class='ocrx_word' id='word_1_186' title='bbox 1825 1348 2233 1416; x_wconf 88' lang='lat' dir='ltr'><strong>contemplanda</strong></span> <span class='ocrx_word' id='word_1_187' title='bbox 2275 1358 2419 1413; x_wconf 91' lang='lat' dir='ltr'><strong>sunt,</strong></span> <span class='ocrx_word' id='word_1_188' title='bbox 2453 1365 2571 1419; x_wconf 74' lang='lat' dir='ltr'><strong>quae</strong></span> <span class='ocrx_word' id='word_1_189' title='bbox 2598 1351 2666 1404; x_wconf 88' lang='lat' dir='ltr'><strong>ab</strong></span> <span class='ocrx_word' id='word_1_190' title='bbox 2693 1352 2844 1405; x_wconf 91' lang='lat' dir='ltr'><strong>initio</strong></span> <span class='ocrx_word' id='word_1_191' title='bbox 2872 1370 2991 1408; x_wconf 93' lang='lat' dir='ltr'><strong>cum</strong></span> <span class='ocrx_word' id='word_1_192' title='bbox 3035 1360 3193 1413; x_wconf 66' lang='lat' dir='ltr'><strong>nulla:</strong></span> <span class='ocrx_word' id='word_1_193' title='bbox 3234 1364 3359 1416; x_wconf 87' lang='lat' dir='ltr'><strong>mali</strong></span> 
     </span>
    </p>
   </div>
   <div class='ocr_carea' id='block_1_29' title="bbox 1826 1441 3351 1509">
    <p class='ocr_par' dir='ltr' id='par_1_29' title="bbox 1826 1441 3351 1509">
     <span class='ocr_line' id='line_1_29' title="bbox 1826 1441 3351 1509; baseline 0.013 -19"><span class='ocrx_word' id='word_1_194' title='bbox 1826 1452 2001 1493; x_wconf 64' lang='lat' dir='ltr'><strong>causa)</strong></span> <span class='ocrx_word' id='word_1_195' title='bbox 2055 1441 2367 1505; x_wconf 82' lang='lat' dir='ltr'><strong>existerent,</strong></span> <span class='ocrx_word' id='word_1_196' title='bbox 2410 1443 2541 1497; x_wconf 89' lang='lat' dir='ltr'><strong>bene</strong></span> <span class='ocrx_word' id='word_1_197' title='bbox 2569 1451 2621 1496; x_wconf 92' lang='lat' dir='ltr'><strong>et</strong></span> <span class='ocrx_word' id='word_1_198' title='bbox 2651 1446 2895 1501; x_wconf 88' lang='lat' dir='ltr'><strong>ordinate</strong></span> <span class='ocrx_word' id='word_1_199' title='bbox 2924 1451 3168 1505; x_wconf 87' lang='lat' dir='ltr'><strong>instituta</strong></span> <span class='ocrx_word' id='word_1_200' title='bbox 3204 1464 3351 1509; x_wconf 90' lang='lat' dir='ltr'><strong>sunt.</strong></span> 
     </span>
    </p>
   </div>
   <div class='ocr_carea' id='block_1_30' title="bbox 1824 1525 3357 1605">
    <p class='ocr_par' dir='ltr' id='par_1_30' title="bbox 1824 1525 3357 1605">
     <span class='ocr_line' id='line_1_30' title="bbox 1824 1525 3357 1605; baseline 0.012 -27"><span class='ocrx_word' id='word_1_201' title='bbox 1824 1525 2062 1596; x_wconf 88' lang='lat' dir='ltr'><strong>Denique</strong></span> <span class='ocrx_word' id='word_1_202' title='bbox 2090 1529 2156 1581; x_wconf 92' lang='lat' dir='ltr'><strong>ad</strong></span> <span class='ocrx_word' id='word_1_203' title='bbox 2182 1529 2435 1583; x_wconf 91' lang='lat' dir='ltr'><strong>indicium</strong></span> <span class='ocrx_word' id='word_1_204' title='bbox 2464 1545 2647 1584; x_wconf 91' lang='lat' dir='ltr'><strong>eorum</strong></span> <span class='ocrx_word' id='word_1_205' title='bbox 2672 1549 2790 1601; x_wconf 70' lang='lat' dir='ltr'><strong>qum</strong></span> <span class='ocrx_word' id='word_1_206' title='bbox 2812 1536 2877 1590; x_wconf 90' lang='lat' dir='ltr'><strong>ab</strong></span> <span class='ocrx_word' id='word_1_207' title='bbox 2899 1538 3051 1592; x_wconf 91' lang='lat' dir='ltr'><strong>initio</strong></span> <span class='ocrx_word' id='word_1_208' title='bbox 3079 1539 3247 1605; x_wconf 89' lang='lat' dir='ltr'><strong>fuere,</strong></span> <span class='ocrx_word' id='word_1_209' title='bbox 3274 1543 3357 1597; x_wconf 86' lang='lat' dir='ltr'><strong>in-</strong></span> 
     </span>
    </p>
   </div>
   <div class='ocr_carea' id='block_1_31' title="bbox 1821 1616 3352 1699">
    <p class='ocr_par' dir='ltr' id='par_1_31' title="bbox 1821 1616 3352 1699">
     <span class='ocr_line' id='line_1_31' title="bbox 1821 1616 3352 1699; baseline 0.015 -34"><span class='ocrx_word' id='word_1_210' title='bbox 1821 1616 2108 1669; x_wconf 85' lang='lat' dir='ltr'><strong>veniuntur</strong></span> <span class='ocrx_word' id='word_1_211' title='bbox 2169 1619 2438 1673; x_wconf 73' lang='lat' dir='ltr'><strong>nonnullae</strong></span> <span class='ocrx_word' id='word_1_212' title='bbox 2486 1629 2668 1689; x_wconf 89' lang='lat' dir='ltr'><strong>gentes</strong></span> <span class='ocrx_word' id='word_1_213' title='bbox 2712 1624 2897 1679; x_wconf 71' lang='lat' dir='ltr'><strong>alienae</strong></span> <span class='ocrx_word' id='word_1_214' title='bbox 2940 1628 3007 1681; x_wconf 89' lang='lat' dir='ltr'><strong>ab</strong></span> <span class='ocrx_word' id='word_1_215' title='bbox 3051 1629 3352 1699; x_wconf 90' lang='lat' dir='ltr'><strong>hujusmodi</strong></span> 
     </span>
    </p>
   </div>
   <div class='ocr_carea' id='block_1_32' title="bbox 1821 1703 3353 1789">
    <p class='ocr_par' dir='ltr' id='par_1_32' title="bbox 1821 1703 3353 1789">
     <span class='ocr_line' id='line_1_32' title="bbox 1821 1703 3353 1789; baseline 0.015 -33"><span class='ocrx_word' id='word_1_216' title='bbox 1821 1704 1995 1758; x_wconf 88' lang='lat' dir='ltr'><strong>malis.</strong></span> <span class='ocrx_word' id='word_1_217' title='bbox 2024 1703 2155 1758; x_wconf 85' lang='lat' dir='ltr'><strong>Nam</strong></span> <span class='ocrx_word' id='word_1_218' title='bbox 2204 1704 2360 1762; x_wconf 85' lang='lat' dir='ltr'><strong>Seres</strong></span> <span class='ocrx_word' id='word_1_219' title='bbox 2395 1709 2501 1779; x_wconf 57' lang='lat'><strong>(77)</strong></span> <span class='ocrx_word' id='word_1_220' title='bbox 2532 1711 2657 1778; x_wconf 89' lang='lat' dir='ltr'><strong>quia</strong></span> <span class='ocrx_word' id='word_1_221' title='bbox 2685 1723 2831 1768; x_wconf 84' lang='lat' dir='ltr'><strong>caste</strong></span> <span class='ocrx_word' id='word_1_222' title='bbox 2855 1715 3071 1781; x_wconf 89' lang='lat' dir='ltr'><strong>vivunt,</strong></span> <span class='ocrx_word' id='word_1_223' title='bbox 3106 1731 3353 1789; x_wconf 80' lang='lat' dir='ltr'><strong>expertes</strong></span> 
     </span>
    </p>
   </div>
   <div class='ocr_carea' id='block_1_33' title="bbox 158 1778 3353 1873">
    <p class='ocr_par' dir='ltr' id='par_1_33' title="bbox 158 1778 3353 1873">
     <span class='ocr_line' id='line_1_33' title="bbox 158 1778 3353 1873; baseline 0.01 -30"><span class='ocrx_word' id='word_1_224' title='bbox 158 1790 419 1848; x_wconf 83' lang='lat' dir='ltr'><strong>flammis.</strong></span> <span class='ocrx_word' id='word_1_225' title='bbox 463 1792 738 1850; x_wconf 88' lang='lat' dir='ltr'><strong>Similiter</strong></span> <span class='ocrx_word' id='word_1_226' title='bbox 764 1800 817 1849; x_wconf 90' lang='lat' dir='ltr'><strong>et</strong></span> <span class='ocrx_word' id='word_1_227' title='bbox 857 1794 995 1849; x_wconf 65' lang='lat' dir='ltr'><strong>lunae</strong></span> <span class='ocrx_word' id='word_1_228' title='bbox 1016 1810 1229 1860; x_wconf 88' lang='lat' dir='ltr'><strong>cursus,</strong></span> <span class='ocrx_word' id='word_1_229' title='bbox 1260 1806 1417 1868; x_wconf 91' lang='lat' dir='ltr'><strong>atque</strong></span> <span class='ocrx_word' id='word_1_230' title='bbox 1450 1799 1561 1852; x_wconf 66' lang='lat' dir='ltr'><strong>haec</strong></span> <span class='ocrx_word' id='word_1_231' title='bbox 1603 1816 1721 1869; x_wconf 65' lang='lat' dir='ltr'><strong>quae</strong></span> <span class='ocrx_word' id='word_1_232' title='bbox 1750 1778 1791 1833; x_wconf 75' lang='grc' dir='ltr'>Β</span> <span class='ocrx_word' id='word_1_233' title='bbox 1819 1790 2081 1846; x_wconf 60' lang='lat' dir='ltr'><strong>habent&quot;?</strong></span> <span class='ocrx_word' id='word_1_234' title='bbox 2108 1794 2297 1848; x_wconf 64' lang='lat' dir='ltr'><strong>horum</strong></span> <span class='ocrx_word' id='word_1_235' title='bbox 2328 1798 2584 1864; x_wconf 60' lang='lat' dir='ltr'><strong>omnium:</strong></span> <span class='ocrx_word' id='word_1_236' title='bbox 2608 1801 2734 1868; x_wconf 71' lang='grc' dir='ltr'><strong>(ιυὶει</strong></span> <span class='ocrx_word' id='word_1_237' title='bbox 2778 1818 2952 1872; x_wconf 73' lang='lat' dir='ltr'><strong>neque</strong></span> <span class='ocrx_word' id='word_1_238' title='bbox 2992 1814 3111 1873; x_wconf 74' lang='grc' dir='ltr'><strong>Ροει</strong></span> <span class='ocrx_word' id='word_1_239' title='bbox 3158 1824 3353 1865; x_wconf 71' lang='grc' dir='ltr'><strong>ϐοηθε-</strong></span> 
     </span>
    </p>
   </div>
   <div class='ocr_carea' id='block_1_34' title="bbox 159 1882 1720 1955">
    <p class='ocr_par' dir='ltr' id='par_1_34' title="bbox 159 1882 1720 1955">
     <span class='ocr_line' id='line_1_34' title="bbox 159 1882 1720 1955; baseline 0.007 -21"><span class='ocrx_word' id='word_1_240' title='bbox 159 1882 434 1950; x_wconf 81' lang='lat' dir='ltr'><strong>ilnperitis</strong></span> <span class='ocrx_word' id='word_1_241' title='bbox 461 1884 686 1939; x_wconf 87' lang='lat' dir='ltr'><strong>videtur</strong></span> <span class='ocrx_word' id='word_1_242' title='bbox 735 1884 1033 1938; x_wconf 88' lang='lat' dir='ltr'><strong>inordinata</strong></span> <span class='ocrx_word' id='word_1_243' title='bbox 1058 1890 1395 1955; x_wconf 87' lang='lat' dir='ltr'><strong>permutatio,</strong></span> <span class='ocrx_word' id='word_1_244' title='bbox 1420 1889 1720 1945; x_wconf 88' lang='lat' dir='ltr'><strong>incremen-</strong></span> 
     </span>
    </p>
   </div>
   <div class='ocr_carea' id='block_1_35' title="bbox 157 1969 1715 2046">
    <p class='ocr_par' dir='ltr' id='par_1_35' title="bbox 157 1969 1715 2046">
     <span class='ocr_line' id='line_1_35' title="bbox 157 1969 1715 2046; baseline 0.007 -25"><span class='ocrx_word' id='word_1_245' title='bbox 157 1970 226 2022; x_wconf 89' lang='lat' dir='ltr'><strong>tis</strong></span> <span class='ocrx_word' id='word_1_246' title='bbox 274 1969 504 2039; x_wconf 82' lang='lat' dir='ltr'><strong>frugurn</strong></span> <span class='ocrx_word' id='word_1_247' title='bbox 561 1983 620 2027; x_wconf 92' lang='lat' dir='ltr'><strong>et</strong></span> <span class='ocrx_word' id='word_1_248' title='bbox 665 1974 925 2042; x_wconf 90' lang='lat' dir='ltr'><strong>pecudum</strong></span> <span class='ocrx_word' id='word_1_249' title='bbox 983 1977 1327 2046; x_wconf 88' lang='lat' dir='ltr'><strong>omniumque</strong></span> <span class='ocrx_word' id='word_1_250' title='bbox 1365 1978 1715 2032; x_wconf 91' lang='lat' dir='ltr'><strong>animantium</strong></span> 
     </span>
    </p>
   </div>
   <div class='ocr_carea' id='block_1_36' title="bbox 157 2059 1716 2136">
    <p class='ocr_par' dir='ltr' id='par_1_36' title="bbox 157 2059 1716 2136">
     <span class='ocr_line' id='line_1_36' title="bbox 157 2059 1716 2136; baseline 0.006 -26"><span class='ocrx_word' id='word_1_251' title='bbox 157 2059 450 2112; x_wconf 88' lang='lat' dir='ltr'><strong>commoda</strong></span> <span class='ocrx_word' id='word_1_252' title='bbox 484 2068 611 2125; x_wconf 90' lang='lat' dir='ltr'><strong>est;</strong></span> <span class='ocrx_word' id='word_1_253' title='bbox 642 2062 934 2131; x_wconf 91' lang='lat' dir='ltr'><strong>augmentis</strong></span> <span class='ocrx_word' id='word_1_254' title='bbox 962 2065 1101 2117; x_wconf 88' lang='lat' dir='ltr'><strong>enim</strong></span> <span class='ocrx_word' id='word_1_255' title='bbox 1129 2064 1246 2132; x_wconf 88' lang='lat' dir='ltr'><strong>ejus</strong></span> <span class='ocrx_word' id='word_1_256' title='bbox 1278 2065 1716 2136; x_wconf 91' lang='lat' dir='ltr'><strong>detrimentisque</strong></span> 
     </span>
    </p>
   </div>
   <div class='ocr_carea' id='block_1_37' title="bbox 156 2148 1737 2226">
    <p class='ocr_par' dir='ltr' id='par_1_37' title="bbox 156 2148 1737 2226">
     <span class='ocr_line' id='line_1_37' title="bbox 156 2148 1737 2226; baseline 0.008 -27"><span class='ocrx_word' id='word_1_257' title='bbox 156 2149 292 2200; x_wconf 88' lang='lat' dir='ltr'><strong>mira</strong></span> <span class='ocrx_word' id='word_1_258' title='bbox 323 2148 571 2217; x_wconf 87' lang='lat' dir='ltr'><strong>quadam</strong></span> <span class='ocrx_word' id='word_1_259' title='bbox 604 2151 954 2205; x_wconf 75' lang='lat' dir='ltr'><strong>Providentia:</strong></span> <span class='ocrx_word' id='word_1_260' title='bbox 981 2160 1096 2207; x_wconf 88' lang='lat' dir='ltr'><strong>arte</strong></span> <span class='ocrx_word' id='word_1_261' title='bbox 1127 2168 1283 2208; x_wconf 92' lang='lat' dir='ltr'><strong>omne</strong></span> <span class='ocrx_word' id='word_1_262' title='bbox 1309 2154 1449 2223; x_wconf 92' lang='lat' dir='ltr'><strong>quod</strong></span> <span class='ocrx_word' id='word_1_263' title='bbox 1482 2157 1737 2226; x_wconf 78' lang='lat' dir='ltr'><strong>gignitur,</strong></span> 
     </span>
    </p>
   </div>
   <div class='ocr_carea' id='block_1_38' title="bbox 156 2235 1716 2313">
    <p class='ocr_par' dir='ltr' id='par_1_38' title="bbox 156 2235 1716 2313">
     <span class='ocr_line' id='line_1_38' title="bbox 156 2235 1716 2313; baseline 0.008 -26"><span class='ocrx_word' id='word_1_264' title='bbox 156 2235 321 2289; x_wconf 87' lang='lat' dir='ltr'><strong>alitur</strong></span> <span class='ocrx_word' id='word_1_265' title='bbox 341 2244 398 2291; x_wconf 89' lang='lat' dir='ltr'><strong>et</strong></span> <span class='ocrx_word' id='word_1_266' title='bbox 434 2238 669 2301; x_wconf 91' lang='lat' dir='ltr'><strong>crescit,</strong></span> <span class='ocrx_word' id='word_1_267' title='bbox 702 2239 765 2293; x_wconf 93' lang='lat' dir='ltr'><strong>de</strong></span> <span class='ocrx_word' id='word_1_268' title='bbox 796 2240 991 2307; x_wconf 90' lang='lat' dir='ltr'><strong>quibus</strong></span> <span class='ocrx_word' id='word_1_269' title='bbox 1048 2241 1208 2295; x_wconf 89' lang='lat' dir='ltr'><strong>latius</strong></span> <span class='ocrx_word' id='word_1_270' title='bbox 1241 2244 1494 2312; x_wconf 90' lang='lat' dir='ltr'><strong>prosequi</strong></span> <span class='ocrx_word' id='word_1_271' title='bbox 1530 2260 1716 2313; x_wconf 89' lang='lat' dir='ltr'><strong>posse-</strong></span> 
     </span>
    </p>
   </div>
   <div class='ocr_carea' id='block_1_39' title="bbox 155 2326 1715 2401">
    <p class='ocr_par' dir='ltr' id='par_1_39' title="bbox 155 2326 1715 2401">
     <span class='ocr_line' id='line_1_39' title="bbox 155 2326 1715 2401; baseline 0.007 -26"><span class='ocrx_word' id='word_1_272' title='bbox 155 2339 276 2378; x_wconf 89' lang='lat' dir='ltr'><strong>mus</strong></span> <span class='ocrx_word' id='word_1_273' title='bbox 306 2334 363 2379; x_wconf 91' lang='lat' dir='ltr'><strong>et</strong></span> <span class='ocrx_word' id='word_1_274' title='bbox 392 2326 621 2393; x_wconf 90' lang='lat' dir='ltr'><strong>aperire</strong></span> <span class='ocrx_word' id='word_1_275' title='bbox 650 2327 714 2380; x_wconf 92' lang='lat' dir='ltr'><strong>de</strong></span> <span class='ocrx_word' id='word_1_276' title='bbox 744 2326 970 2396; x_wconf 83' lang='lat' dir='ltr'><strong>singulis</strong></span> <span class='ocrx_word' id='word_1_277' title='bbox 1001 2329 1281 2392; x_wconf 90' lang='lat' dir='ltr'><strong>rationem,</strong></span> <span class='ocrx_word' id='word_1_278' title='bbox 1335 2331 1437 2385; x_wconf 90' lang='lat' dir='ltr'><strong>nisi</strong></span> <span class='ocrx_word' id='word_1_279' title='bbox 1468 2347 1565 2385; x_wconf 92' lang='lat' dir='ltr'><strong>nos</strong></span> <span class='ocrx_word' id='word_1_280' title='bbox 1590 2347 1715 2401; x_wconf 88' lang='lat' dir='ltr'><strong>pro-</strong></span> 
     </span>
    </p>
   </div>
   <div class='ocr_carea' id='block_1_40' title="bbox 155 2410 1711 2490">
    <p class='ocr_par' dir='ltr' id='par_1_40' title="bbox 155 2410 1711 2490">
     <span class='ocr_line' id='line_1_40' title="bbox 155 2410 1711 2490; baseline 0.008 -25"><span class='ocrx_word' id='word_1_281' title='bbox 155 2413 347 2479; x_wconf 77' lang='lat' dir='ltr'><strong>positae</strong></span> <span class='ocrx_word' id='word_1_282' title='bbox 374 2413 707 2482; x_wconf 73' lang='lat' dir='ltr'><strong>quazstionis</strong></span> <span class='ocrx_word' id='word_1_283' title='bbox 736 2416 867 2469; x_wconf 90' lang='lat' dir='ltr'><strong>ordo</strong></span> <span class='ocrx_word' id='word_1_284' title='bbox 900 2425 1194 2472; x_wconf 86' lang='lat' dir='ltr'><strong>revocaret.</strong></span> <span class='ocrx_word' id='word_1_285' title='bbox 1217 2417 1311 2473; x_wconf 87' lang='lat' dir='ltr'><strong>His</strong></span> <span class='ocrx_word' id='word_1_286' title='bbox 1351 2410 1529 2475; x_wconf 75' lang='lat' dir='ltr'><strong>tamen</strong></span> <span class='ocrx_word' id='word_1_287' title='bbox 1578 2421 1711 2490; x_wconf 89' lang='lat' dir='ltr'><strong>ipsis</strong></span> 
     </span>
    </p>
   </div>
   <div class='ocr_carea' id='block_1_41' title="bbox 154 2502 1708 2578">
    <p class='ocr_par' dir='ltr' id='par_1_41' title="bbox 154 2502 1708 2578">
     <span class='ocr_line' id='line_1_41' title="bbox 154 2502 1708 2578; baseline 0.006 -23"><span class='ocrx_word' id='word_1_288' title='bbox 154 2502 481 2573; x_wconf 90' lang='lat' dir='ltr'><strong>eisdemque</strong></span> <span class='ocrx_word' id='word_1_289' title='bbox 526 2505 846 2560; x_wconf 89' lang='lat' dir='ltr'><strong>ministeriis</strong></span> <span class='ocrx_word' id='word_1_290' title='bbox 882 2507 1078 2576; x_wconf 90' lang='lat' dir='ltr'><strong>quibus</strong></span> <span class='ocrx_word' id='word_1_291' title='bbox 1126 2509 1435 2578; x_wconf 78' lang='lat' dir='ltr'><strong>gignuntur,</strong></span> <span class='ocrx_word' id='word_1_292' title='bbox 1472 2511 1708 2575; x_wconf 88' lang='lat' dir='ltr'><strong>aluntur,</strong></span> 
     </span>
    </p>
   </div>
   <div class='ocr_carea' id='block_1_42' title="bbox 156 2594 1710 2672">
    <p class='ocr_par' dir='ltr' id='par_1_42' title="bbox 156 2594 1710 2672">
     <span class='ocr_line' id='line_1_42' title="bbox 156 2594 1710 2672; baseline 0.008 -29"><span class='ocrx_word' id='word_1_293' title='bbox 156 2601 427 2661; x_wconf 86' lang='lat' dir='ltr'><strong>augentur</strong></span> <span class='ocrx_word' id='word_1_294' title='bbox 480 2594 779 2660; x_wconf 85' lang='lat' dir='ltr'><strong>universa;</strong></span> <span class='ocrx_word' id='word_1_295' title='bbox 845 2610 967 2650; x_wconf 92' lang='lat' dir='ltr'><strong>cum</strong></span> <span class='ocrx_word' id='word_1_296' title='bbox 1022 2597 1183 2653; x_wconf 89' lang='lat' dir='ltr'><strong>fuerit</strong></span> <span class='ocrx_word' id='word_1_297' title='bbox 1221 2598 1366 2668; x_wconf 90' lang='lat' dir='ltr'><strong>justa</strong></span> <span class='ocrx_word' id='word_1_298' title='bbox 1429 2601 1605 2672; x_wconf 90' lang='lat' dir='ltr'><strong>aliqua</strong></span> <span class='ocrx_word' id='word_1_299' title='bbox 1643 2617 1710 2657; x_wconf 86' lang='lat' dir='ltr'><strong>ex</strong></span> 
     </span>
    </p>
   </div>
   <div class='ocr_carea' id='block_1_43' title="bbox 154 2683 1707 2757">
    <p class='ocr_par' dir='ltr' id='par_1_43' title="bbox 154 2683 1707 2757">
     <span class='ocr_line' id='line_1_43' title="bbox 154 2683 1707 2757; baseline 0.008 -24"><span class='ocrx_word' id='word_1_300' title='bbox 154 2695 320 2737; x_wconf 88' lang='lat' dir='ltr'><strong>causa</strong></span> <span class='ocrx_word' id='word_1_301' title='bbox 380 2683 604 2738; x_wconf 88' lang='lat' dir='ltr'><strong>ordinis</strong></span> <span class='ocrx_word' id='word_1_302' title='bbox 645 2685 872 2739; x_wconf 90' lang='lat' dir='ltr'><strong>instituti</strong></span> <span class='ocrx_word' id='word_1_303' title='bbox 928 2694 1133 2741; x_wconf 90' lang='lat' dir='ltr'><strong>mutata</strong></span> <span class='ocrx_word' id='word_1_304' title='bbox 1186 2690 1485 2757; x_wconf 86' lang='lat' dir='ltr'><strong>temperies,</strong></span> <span class='ocrx_word' id='word_1_305' title='bbox 1519 2706 1707 2745; x_wconf 89' lang='lat' dir='ltr'><strong>corru-</strong></span> 
     </span>
    </p>
   </div>
   <div class='ocr_carea' id='block_1_44' title="bbox 155 2770 1701 2844">
    <p class='ocr_par' dir='ltr' id='par_1_44' title="bbox 155 2770 1701 2844">
     <span class='ocr_line' id='line_1_44' title="bbox 155 2770 1701 2844; baseline 0.008 -21"><span class='ocrx_word' id='word_1_306' title='bbox 155 2770 265 2839; x_wconf 85' lang='lat' dir='ltr'><strong>ptio</strong></span> <span class='ocrx_word' id='word_1_307' title='bbox 287 2772 473 2826; x_wconf 90' lang='lat' dir='ltr'><strong>oritur</strong></span> <span class='ocrx_word' id='word_1_308' title='bbox 502 2781 563 2827; x_wconf 90' lang='lat' dir='ltr'><strong>et</strong></span> <span class='ocrx_word' id='word_1_309' title='bbox 617 2774 1042 2844; x_wconf 89' lang='lat' dir='ltr'><strong>intemperantia,</strong></span> <span class='ocrx_word' id='word_1_310' title='bbox 1080 2786 1137 2830; x_wconf 90' lang='lat' dir='ltr'><strong>ut</strong></span> <span class='ocrx_word' id='word_1_311' title='bbox 1191 2778 1244 2831; x_wconf 94' lang='lat' dir='ltr'><strong>in</strong></span> <span class='ocrx_word' id='word_1_312' title='bbox 1295 2779 1570 2844; x_wconf 89' lang='lat' dir='ltr'><strong>homines,</strong></span> <span class='ocrx_word' id='word_1_313' title='bbox 1600 2782 1701 2836; x_wconf 83' lang='lat' dir='ltr'><strong>sic-</strong></span> 
     </span>
    </p>
   </div>
   <div class='ocr_carea' id='block_1_45' title="bbox 156 2860 1706 2940">
    <p class='ocr_par' dir='ltr' id='par_1_45' title="bbox 156 2860 1706 2940">
     <span class='ocr_line' id='line_1_45' title="bbox 156 2860 1706 2940; baseline 0.011 -31"><span class='ocrx_word' id='word_1_314' title='bbox 156 2866 213 2909; x_wconf 91' lang='lat' dir='ltr'><strong>ut</strong></span> <span class='ocrx_word' id='word_1_315' title='bbox 258 2874 430 2928; x_wconf 87' lang='lat' dir='ltr'><strong>supra</strong></span> <span class='ocrx_word' id='word_1_316' title='bbox 484 2860 749 2926; x_wconf 81' lang='lat' dir='ltr'><strong>diximus,</strong></span> <span class='ocrx_word' id='word_1_317' title='bbox 815 2864 1094 2934; x_wconf 88' lang='lat' dir='ltr'><strong>castigatio</strong></span> <span class='ocrx_word' id='word_1_318' title='bbox 1127 2865 1219 2922; x_wconf 91' lang='lat' dir='ltr'><strong>Dei</strong></span> <span class='ocrx_word' id='word_1_319' title='bbox 1278 2870 1549 2925; x_wconf 88' lang='lat' dir='ltr'><strong>voluntate</strong></span> <span class='ocrx_word' id='word_1_320' title='bbox 1579 2887 1706 2940; x_wconf 89' lang='lat' dir='ltr'><strong>pro-</strong></span> 
     </span>
    </p>
   </div>
   <div class='ocr_carea' id='block_1_46' title="bbox 155 2949 332 3004">
    <p class='ocr_par' dir='ltr' id='par_1_46' title="bbox 155 2949 332 3004">
     <span class='ocr_line' id='line_1_46' title="bbox 155 2949 332 3004; baseline 0.028 -5"><span class='ocrx_word' id='word_1_321' title='bbox 155 2949 332 3004; x_wconf 90' lang='lat' dir='ltr'><strong>cedat.</strong></span> 
     </span>
    </p>
   </div>
   <div class='ocr_carea' id='block_1_47' title="bbox 1815 1883 3351 1969">
    <p class='ocr_par' dir='ltr' id='par_1_47' title="bbox 1815 1883 3351 1969">
     <span class='ocr_line' id='line_1_47' title="bbox 1815 1883 3351 1969; baseline 0.016 -37"><span class='ocrx_word' id='word_1_322' title='bbox 1815 1890 1962 1949; x_wconf 91' lang='lat' dir='ltr'><strong>ptum</strong></span> <span class='ocrx_word' id='word_1_323' title='bbox 2013 1883 2147 1936; x_wconf 89' lang='lat' dir='ltr'><strong>adiri</strong></span> <span class='ocrx_word' id='word_1_324' title='bbox 2198 1886 2333 1937; x_wconf 87' lang='lat' dir='ltr'><strong>ultra</strong></span> <span class='ocrx_word' id='word_1_325' title='bbox 2364 1888 2502 1954; x_wconf 87' lang='lat' dir='ltr'><strong>apud</strong></span> <span class='ocrx_word' id='word_1_326' title='bbox 2532 1902 2623 1942; x_wconf 90' lang='lat' dir='ltr'><strong>eos</strong></span> <span class='ocrx_word' id='word_1_327' title='bbox 2651 1888 2903 1946; x_wconf 80' lang='lat' dir='ltr'><strong>feminam</strong></span> <span class='ocrx_word' id='word_1_328' title='bbox 2935 1894 3013 1949; x_wconf 84' lang='lat' dir='ltr'><strong>fas</strong></span> <span class='ocrx_word' id='word_1_329' title='bbox 3042 1908 3145 1965; x_wconf 91' lang='lat' dir='ltr'><strong>est,</strong></span> <span class='ocrx_word' id='word_1_330' title='bbox 3178 1915 3351 1969; x_wconf 91' lang='lat' dir='ltr'><strong>neque</strong></span> 
     </span>
    </p>
   </div>
   <div class='ocr_carea' id='block_1_48' title="bbox 1815 1977 3351 2046">
    <p class='ocr_par' dir='ltr' id='par_1_48' title="bbox 1815 1977 3351 2046">
     <span class='ocr_line' id='line_1_48' title="bbox 1815 1977 3351 2046; baseline 0.017 -25"><span class='ocrx_word' id='word_1_331' title='bbox 1815 1984 1933 2023; x_wconf 81' lang='lat' dir='ltr'><strong>eum</strong></span> <span class='ocrx_word' id='word_1_332' title='bbox 1957 1982 2247 2042; x_wconf 88' lang='lat' dir='ltr'><strong>purgatur;</strong></span> <span class='ocrx_word' id='word_1_333' title='bbox 2282 1977 2536 2031; x_wconf 89' lang='lat' dir='ltr'><strong>carnibus</strong></span> <span class='ocrx_word' id='word_1_334' title='bbox 2568 1980 2639 2033; x_wconf 91' lang='lat' dir='ltr'><strong>ibi</strong></span> <span class='ocrx_word' id='word_1_335' title='bbox 2672 1980 2961 2039; x_wconf 91' lang='lat' dir='ltr'><strong>immundis</strong></span> <span class='ocrx_word' id='word_1_336' title='bbox 2989 2002 3144 2042; x_wconf 89' lang='lat' dir='ltr'><strong>nemo</strong></span> <span class='ocrx_word' id='word_1_337' title='bbox 3176 1993 3351 2046; x_wconf 81' lang='lat' dir='ltr'><strong>vesci-</strong></span> 
     </span>
    </p>
   </div>
   <div class='ocr_carea' id='block_1_49' title="bbox 1814 2063 3350 2143">
    <p class='ocr_par' dir='ltr' id='par_1_49' title="bbox 1814 2063 3350 2143">
     <span class='ocr_line' id='line_1_49' title="bbox 1814 2063 3350 2143; baseline 0.015 -30"><span class='ocrx_word' id='word_1_338' title='bbox 1814 2068 1922 2125; x_wconf 91' lang='lat' dir='ltr'><strong>tur,</strong></span> <span class='ocrx_word' id='word_1_339' title='bbox 1956 2063 2214 2116; x_wconf 83' lang='lat' dir='ltr'><strong>sacriﬁcia</strong></span> <span class='ocrx_word' id='word_1_340' title='bbox 2244 2080 2402 2119; x_wconf 92' lang='lat' dir='ltr'><strong>nemo</strong></span> <span class='ocrx_word' id='word_1_341' title='bbox 2434 2070 2599 2131; x_wconf 87' lang='lat' dir='ltr'><strong>novit,</strong></span> <span class='ocrx_word' id='word_1_342' title='bbox 2629 2073 2923 2125; x_wconf 92' lang='lat' dir='ltr'><strong>secundum</strong></span> <span class='ocrx_word' id='word_1_343' title='bbox 2951 2074 3209 2143; x_wconf 85' lang='lat' dir='ltr'><strong>justitiam</strong></span> <span class='ocrx_word' id='word_1_344' title='bbox 3234 2095 3350 2135; x_wconf 88' lang='lat' dir='ltr'><strong>om-</strong></span> 
     </span>
    </p>
   </div>
   <div class='ocr_carea' id='block_1_50' title="bbox 1812 2152 3349 2234">
    <p class='ocr_par' dir='ltr' id='par_1_50' title="bbox 1812 2152 3349 2234">
     <span class='ocr_line' id='line_1_50' title="bbox 1812 2152 3349 2234; baseline 0.012 -30"><span class='ocrx_word' id='word_1_345' title='bbox 1812 2166 1906 2205; x_wconf 90' lang='lat' dir='ltr'><strong>nes</strong></span> <span class='ocrx_word' id='word_1_346' title='bbox 1936 2152 2037 2205; x_wconf 90' lang='lat' dir='ltr'><strong>sibi</strong></span> <span class='ocrx_word' id='word_1_347' title='bbox 2064 2152 2193 2220; x_wconf 91' lang='lat' dir='ltr'><strong>ipsis</strong></span> <span class='ocrx_word' id='word_1_348' title='bbox 2218 2153 2426 2221; x_wconf 90' lang='lat' dir='ltr'><strong>judices</strong></span> <span class='ocrx_word' id='word_1_349' title='bbox 2460 2154 2611 2212; x_wconf 85' lang='lat' dir='ltr'><strong>fiunt.</strong></span> <span class='ocrx_word' id='word_1_350' title='bbox 2645 2157 2853 2215; x_wconf 88' lang='lat' dir='ltr'><strong>Idcirco</strong></span> <span class='ocrx_word' id='word_1_351' title='bbox 2884 2162 3043 2230; x_wconf 85' lang='lat' dir='ltr'><strong>igitur</strong></span> <span class='ocrx_word' id='word_1_352' title='bbox 3070 2181 3242 2234; x_wconf 90' lang='lat' dir='ltr'><strong>neque</strong></span> <span class='ocrx_word' id='word_1_353' title='bbox 3260 2183 3349 2222; x_wconf 89' lang='lat' dir='ltr'><strong>ca-</strong></span> 
     </span>
    </p>
   </div>
   <div class='ocr_carea' id='block_1_51' title="bbox 1811 2239 3349 2323">
    <p class='ocr_par' dir='ltr' id='par_1_51' title="bbox 1811 2239 3349 2323">
     <span class='ocr_line' id='line_1_51' title="bbox 1811 2239 3349 2323; baseline 0.011 -30"><span class='ocrx_word' id='word_1_354' title='bbox 1811 2239 2076 2308; x_wconf 89' lang='lat' dir='ltr'><strong>stigantur</strong></span> <span class='ocrx_word' id='word_1_355' title='bbox 2110 2239 2229 2294; x_wconf 89' lang='lat' dir='ltr'><strong>istis</strong></span> <span class='ocrx_word' id='word_1_356' title='bbox 2259 2240 2428 2310; x_wconf 87' lang='lat' dir='ltr'><strong>plagis</strong></span> <span class='ocrx_word' id='word_1_357' title='bbox 2456 2259 2592 2312; x_wconf 91' lang='lat' dir='ltr'><strong>quas</strong></span> <span class='ocrx_word' id='word_1_358' title='bbox 2625 2261 2787 2316; x_wconf 86' lang='lat' dir='ltr'><strong>supra</strong></span> <span class='ocrx_word' id='word_1_359' title='bbox 2818 2250 3071 2317; x_wconf 84' lang='lat' dir='ltr'><strong>diximus,</strong></span> <span class='ocrx_word' id='word_1_360' title='bbox 3099 2262 3150 2307; x_wconf 90' lang='lat' dir='ltr'><strong>et</strong></span> <span class='ocrx_word' id='word_1_361' title='bbox 3182 2256 3349 2323; x_wconf 81' lang='lat' dir='ltr'><strong>pluri-</strong></span> 
     </span>
    </p>
   </div>
   <div class='ocr_carea' id='block_1_52' title="bbox 1810 2331 3348 2413">
    <p class='ocr_par' dir='ltr' id='par_1_52' title="bbox 1810 2331 3348 2413">
     <span class='ocr_line' id='line_1_52' title="bbox 1810 2331 3348 2413; baseline 0.015 -33"><span class='ocrx_word' id='word_1_362' title='bbox 1810 2342 1955 2380; x_wconf 91' lang='lat' dir='ltr'><strong>mum</strong></span> <span class='ocrx_word' id='word_1_363' title='bbox 1988 2331 2240 2398; x_wconf 89' lang='lat' dir='ltr'><strong>temporis</strong></span> <span class='ocrx_word' id='word_1_364' title='bbox 2270 2331 2325 2383; x_wconf 90' lang='lat' dir='ltr'><strong>in</strong></span> <span class='ocrx_word' id='word_1_365' title='bbox 2350 2332 2456 2385; x_wconf 90' lang='lat' dir='ltr'><strong>vita</strong></span> <span class='ocrx_word' id='word_1_366' title='bbox 2485 2333 2759 2400; x_wconf 90' lang='lat' dir='ltr'><strong>durantes,</strong></span> <span class='ocrx_word' id='word_1_367' title='bbox 2790 2340 2993 2409; x_wconf 89' lang='lat' dir='ltr'><strong>absque</strong></span> <span class='ocrx_word' id='word_1_368' title='bbox 3032 2344 3348 2413; x_wconf 64' lang='lat' dir='ltr'><strong>aegritudine</strong></span> 
     </span>
    </p>
   </div>
   <div class='ocr_carea' id='block_1_53' title="bbox 1810 2416 3346 2503">
    <p class='ocr_par' dir='ltr' id='par_1_53' title="bbox 1810 2416 3346 2503">
     <span class='ocr_line' id='line_1_53' title="bbox 1810 2416 3346 2503; baseline 0.013 -34"><span class='ocrx_word' id='word_1_369' title='bbox 1810 2416 2000 2469; x_wconf 85' lang='lat' dir='ltr'><strong>finiunt</strong></span> <span class='ocrx_word' id='word_1_370' title='bbox 2027 2419 2210 2473; x_wconf 91' lang='lat' dir='ltr'><strong>vitam.</strong></span> <span class='ocrx_word' id='word_1_371' title='bbox 2242 2418 2350 2473; x_wconf 85' lang='lat' dir='ltr'><strong>Nos</strong></span> <span class='ocrx_word' id='word_1_372' title='bbox 2374 2428 2550 2476; x_wconf 85' lang='lat' dir='ltr'><strong>autem</strong></span> <span class='ocrx_word' id='word_1_373' title='bbox 2581 2425 2782 2490; x_wconf 85' lang='lat' dir='ltr'><strong>miseri,</strong></span> <span class='ocrx_word' id='word_1_374' title='bbox 2812 2429 2955 2482; x_wconf 87' lang='lat' dir='ltr'><strong>velut</strong></span> <span class='ocrx_word' id='word_1_375' title='bbox 2986 2446 3105 2483; x_wconf 92' lang='lat' dir='ltr'><strong>cum</strong></span> <span class='ocrx_word' id='word_1_376' title='bbox 3130 2448 3346 2503; x_wconf 84' lang='lat' dir='ltr'><strong>serpen-</strong></span> 
     </span>
    </p>
   </div>
   <div class='ocr_carea' id='block_1_54' title="bbox 1807 2505 3344 2577">
    <p class='ocr_par' dir='ltr' id='par_1_54' title="bbox 1807 2505 3344 2577">
     <span class='ocr_line' id='line_1_54' title="bbox 1807 2505 3344 2577; baseline 0.012 -20"><span class='ocrx_word' id='word_1_377' title='bbox 1807 2505 1951 2560; x_wconf 90' lang='lat' dir='ltr'><strong>tibus</strong></span> <span class='ocrx_word' id='word_1_378' title='bbox 1997 2506 2245 2575; x_wconf 87' lang='lat' dir='ltr'><strong>pessimis</strong></span> <span class='ocrx_word' id='word_1_379' title='bbox 2284 2507 2665 2575; x_wconf 77' lang='lat' dir='ltr'><strong>habitantes”,</strong></span> <span class='ocrx_word' id='word_1_380' title='bbox 2692 2529 2813 2567; x_wconf 93' lang='lat' dir='ltr'><strong>cum</strong></span> <span class='ocrx_word' id='word_1_381' title='bbox 2869 2516 3175 2575; x_wconf 90' lang='lat' dir='ltr'><strong>hominibus</strong></span> <span class='ocrx_word' id='word_1_382' title='bbox 3220 2522 3344 2577; x_wconf 87' lang='lat' dir='ltr'><strong>dico</strong></span> 
     </span>
    </p>
   </div>
   <div class='ocr_carea' id='block_1_55' title="bbox 1805 2592 3341 2674">
    <p class='ocr_par' dir='ltr' id='par_1_55' title="bbox 1805 2592 3341 2674">
     <span class='ocr_line' id='line_1_55' title="bbox 1805 2592 3341 2674; baseline 0.014 -29"><span class='ocrx_word' id='word_1_383' title='bbox 1805 2592 2022 2663; x_wconf 89' lang='lat' dir='ltr'><strong>iniquis,</strong></span> <span class='ocrx_word' id='word_1_384' title='bbox 2060 2595 2375 2665; x_wconf 82' lang='lat' dir='ltr'><strong>perferimus</strong></span> <span class='ocrx_word' id='word_1_385' title='bbox 2404 2603 2709 2657; x_wconf 88' lang='lat' dir='ltr'><strong>necessario</strong></span> <span class='ocrx_word' id='word_1_386' title='bbox 2752 2618 2873 2657; x_wconf 91' lang='lat' dir='ltr'><strong>cum</strong></span> <span class='ocrx_word' id='word_1_387' title='bbox 2922 2606 3054 2674; x_wconf 88' lang='lat' dir='ltr'><strong>ipsis</strong></span> <span class='ocrx_word' id='word_1_388' title='bbox 3100 2609 3341 2666; x_wconf 79' lang='lat' dir='ltr'><strong>afﬂictio-</strong></span> 
     </span>
    </p>
   </div>
   <div class='ocr_carea' id='block_1_56' title="bbox 1804 2686 3338 2767">
    <p class='ocr_par' dir='ltr' id='par_1_56' title="bbox 1804 2686 3338 2767">
     <span class='ocr_line' id='line_1_56' title="bbox 1804 2686 3338 2767; baseline 0.013 -31"><span class='ocrx_word' id='word_1_389' title='bbox 1804 2699 1932 2737; x_wconf 88' lang='lat' dir='ltr'><strong>num</strong></span> <span class='ocrx_word' id='word_1_390' title='bbox 1982 2686 2162 2755; x_wconf 87' lang='lat' dir='ltr'><strong>plagas</strong></span> <span class='ocrx_word' id='word_1_391' title='bbox 2212 2687 2267 2740; x_wconf 93' lang='lat' dir='ltr'><strong>in</strong></span> <span class='ocrx_word' id='word_1_392' title='bbox 2315 2687 2417 2743; x_wconf 93' lang='lat' dir='ltr'><strong>hoc</strong></span> <span class='ocrx_word' id='word_1_393' title='bbox 2461 2691 2679 2755; x_wconf 90' lang='lat' dir='ltr'><strong>mundo,</strong></span> <span class='ocrx_word' id='word_1_394' title='bbox 2711 2692 2803 2746; x_wconf 91' lang='lat' dir='ltr'><strong>sed</strong></span> <span class='ocrx_word' id='word_1_395' title='bbox 2830 2710 2977 2764; x_wconf 87' lang='lat' dir='ltr'><strong>spem</strong></span> <span class='ocrx_word' id='word_1_396' title='bbox 3004 2699 3234 2767; x_wconf 88' lang='lat' dir='ltr'><strong>gerimus</strong></span> <span class='ocrx_word' id='word_1_397' title='bbox 3272 2717 3338 2757; x_wconf 84' lang='lat' dir='ltr'><strong>ex</strong></span> 
     </span>
    </p>
   </div>
   <div class='ocr_carea' id='block_1_57' title="bbox 1803 2774 2809 2837">
    <p class='ocr_par' dir='ltr' id='par_1_57' title="bbox 1803 2774 2809 2837">
     <span class='ocr_line' id='line_1_57' title="bbox 1803 2774 2809 2837; baseline 0.011 -13"><span class='ocrx_word' id='word_1_398' title='bbox 1803 2774 2169 2829; x_wconf 90' lang='lat' dir='ltr'><strong>consolatione</strong></span> <span class='ocrx_word' id='word_1_399' title='bbox 2199 2775 2498 2831; x_wconf 90' lang='lat' dir='ltr'><strong>futurorum</strong></span> <span class='ocrx_word' id='word_1_400' title='bbox 2526 2779 2809 2837; x_wconf 81' lang='lat' dir='ltr'><strong>bonorum.</strong></span> 
     </span>
    </p>
   </div>
   <div class='ocr_carea' id='block_1_58' title="bbox 1871 2860 3335 2945">
    <p class='ocr_par' dir='ltr' id='par_1_58' title="bbox 1871 2860 3335 2945">
     <span class='ocr_line' id='line_1_58' title="bbox 1871 2860 3335 2945; baseline 0.014 -31"><span class='ocrx_word' id='word_1_401' title='bbox 1871 2860 2051 2918; x_wconf 79' lang='lat' dir='ltr'><strong>XLIX.</strong></span> <span class='ocrx_word' id='word_1_402' title='bbox 2094 2864 2149 2917; x_wconf 86' lang='lat' dir='ltr'><strong>Si</strong></span> <span class='ocrx_word' id='word_1_403' title='bbox 2176 2877 2392 2937; x_wconf 85' lang='lat' dir='ltr'><strong>propter</strong></span> <span class='ocrx_word' id='word_1_404' title='bbox 2422 2870 2753 2938; x_wconf 87' lang='lat' dir='ltr'><strong>iniquitates,</strong></span> <span class='ocrx_word' id='word_1_405' title='bbox 2780 2874 2954 2943; x_wconf 89' lang='lat' dir='ltr'><strong>inquit</strong></span> <span class='ocrx_word' id='word_1_406' title='bbox 2989 2892 3173 2945; x_wconf 90' lang='lat' dir='ltr'><strong>senex,</strong></span> <span class='ocrx_word' id='word_1_407' title='bbox 3201 2880 3335 2935; x_wconf 76' lang='lat' dir='ltr'><strong>alio-</strong></span> 
     </span>
    </p>
   </div>
   <div class='ocr_carea' id='block_1_59' title="bbox 1800 2954 3336 3038">
    <p class='ocr_par' dir='ltr' id='par_1_59' title="bbox 1800 2954 3336 3038">
     <span class='ocr_line' id='line_1_59' title="bbox 1800 2954 3336 3038; baseline 0.01 -30"><span class='ocrx_word' id='word_1_408' title='bbox 1800 2968 1920 3008; x_wconf 86' lang='lat' dir='ltr'><strong>rum</strong></span> <span class='ocrx_word' id='word_1_409' title='bbox 1950 2954 2258 3009; x_wconf 91' lang='lat' dir='ltr'><strong>cruciantur</strong></span> <span class='ocrx_word' id='word_1_410' title='bbox 2284 2959 2442 3011; x_wconf 88' lang='lat' dir='ltr'><strong>etiam</strong></span> <span class='ocrx_word' id='word_1_411' title='bbox 2471 2960 2624 3028; x_wconf 84' lang='lat' dir='ltr'><strong>justi,</strong></span> <span class='ocrx_word' id='word_1_412' title='bbox 2644 2964 3058 3030; x_wconf 88' lang='lat' dir='ltr'><strong>oportuitDeum</strong></span> <span class='ocrx_word' id='word_1_413' title='bbox 3083 2975 3336 3038; x_wconf 89' lang='lat' dir='ltr'><strong>tanquam</strong></span> 
     </span>
    </p>
   </div>
   <div class='ocr_carea' id='block_1_60' title="bbox 220 3034 1705 3136">
    <p class='ocr_par' dir='ltr' id='par_1_60' title="bbox 220 3034 1700 3115">
     <span class='ocr_line' id='line_1_60' title="bbox 220 3034 1700 3115; baseline 0.009 -27"><span class='ocrx_word' id='word_1_414' title='bbox 220 3034 435 3090; x_wconf 77' lang='lat' dir='ltr'><strong>XLVII.</strong></span> <span class='ocrx_word' id='word_1_415' title='bbox 491 3038 603 3094; x_wconf 91' lang='lat' dir='ltr'><strong>Sed</strong></span> <span class='ocrx_word' id='word_1_416' title='bbox 640 3038 870 3096; x_wconf 79' lang='lat' dir='ltr'><strong>fortasse</strong></span> <span class='ocrx_word' id='word_1_417' title='bbox 916 3042 1062 3098; x_wconf 89' lang='lat' dir='ltr'><strong>dices</strong></span> <span class='ocrx_word' id='word_1_418' title='bbox 1092 3062 1104 3097; x_wconf 91' lang='lat'><strong>:</strong></span> <span class='ocrx_word' id='word_1_419' title='bbox 1151 3043 1307 3109; x_wconf 88' lang='lat' dir='ltr'><strong>Quid,</strong></span> <span class='ocrx_word' id='word_1_420' title='bbox 1341 3047 1482 3115; x_wconf 92' lang='lat' dir='ltr'><strong>quod</strong></span> <span class='ocrx_word' id='word_1_421' title='bbox 1512 3047 1565 3100; x_wconf 92' lang='lat' dir='ltr'><strong>in</strong></span> <span class='ocrx_word' id='word_1_422' title='bbox 1599 3048 1700 3101; x_wconf 86' lang='lat' dir='ltr'><strong>ista</strong></span> 
     </span>
    </p>
   </div>
   <div class='ocr_carea' id='block_1_61' title="bbox 1807 3034 3333 3136">
    <p class='ocr_par' dir='ltr' id='par_1_61' title="bbox 1807 3034 3333 3123">
     <span class='ocr_line' id='line_1_61' title="bbox 1807 3034 3333 3123; baseline 0.011 -29"><span class='ocrx_word' id='word_1_423' title='bbox 1807 3042 2129 3110; x_wconf 89' lang='lat' dir='ltr'><strong>provisorem</strong></span> <span class='ocrx_word' id='word_1_424' title='bbox 2158 3043 2347 3111; x_wconf 84' lang='lat' dir='ltr'><strong>jubere</strong></span> <span class='ocrx_word' id='word_1_425' title='bbox 2377 3047 2705 3111; x_wconf 91' lang='lat' dir='ltr'><strong>hominibus,</strong></span> <span class='ocrx_word' id='word_1_426' title='bbox 2738 3058 2799 3103; x_wconf 91' lang='lat' dir='ltr'><strong>ut</strong></span> <span class='ocrx_word' id='word_1_427' title='bbox 2846 3067 2952 3105; x_wconf 90' lang='lat' dir='ltr'><strong>non</strong></span> <span class='ocrx_word' id='word_1_428' title='bbox 2989 3034 3224 3109; x_wconf 64' lang='lat' dir='ltr'><strong>facerent</strong></span> <span class='ocrx_word' id='word_1_429' title='bbox 3249 3072 3333 3123; x_wconf 89' lang='lat' dir='ltr'><strong>ea,</strong></span> 
     </span>
    </p>
   </div>
   <div class='ocr_carea' id='block_1_62' title="bbox 152 3128 3334 3213">
    <p class='ocr_par' dir='ltr' id='par_1_62' title="bbox 152 3128 3334 3213">
     <span class='ocr_line' id='line_1_62' title="bbox 152 3128 3334 3213; baseline 0.007 -35"><span class='ocrx_word' id='word_1_430' title='bbox 152 3128 434 3181; x_wconf 86' lang='lat' dir='ltr'><strong>communi</strong></span> <span class='ocrx_word' id='word_1_431' title='bbox 484 3130 842 3199; x_wconf 86' lang='lat' dir='ltr'><strong>castigatione</strong></span> <span class='ocrx_word' id='word_1_432' title='bbox 901 3132 1096 3186; x_wconf 90' lang='lat' dir='ltr'><strong>similia</strong></span> <span class='ocrx_word' id='word_1_433' title='bbox 1145 3132 1293 3201; x_wconf 91' lang='lat' dir='ltr'><strong>impii</strong></span> <span class='ocrx_word' id='word_1_434' title='bbox 1346 3135 1620 3202; x_wconf 91' lang='lat' dir='ltr'><strong>patiuntur</strong></span> <span class='ocrx_word' id='word_1_435' title='bbox 1649 3144 1702 3189; x_wconf 89' lang='lat' dir='ltr'><strong>et</strong></span> <span class='ocrx_word' id='word_1_436' title='bbox 1734 3128 1767 3136; x_wconf 75' lang='grc'><strong><em>“</em></strong></span> <span class='ocrx_word' id='word_1_437' title='bbox 1799 3146 1864 3185; x_wconf 83' lang='lat' dir='ltr'><strong>ex</strong></span> <span class='ocrx_word' id='word_1_438' title='bbox 1892 3132 2088 3200; x_wconf 92' lang='lat' dir='ltr'><strong>quibus</strong></span> <span class='ocrx_word' id='word_1_439' title='bbox 2117 3148 2337 3188; x_wconf 89' lang='lat' dir='ltr'><strong>necesse</strong></span> <span class='ocrx_word' id='word_1_440' title='bbox 2366 3143 2506 3190; x_wconf 83' lang='lat' dir='ltr'><strong>esset</strong></span> <span class='ocrx_word' id='word_1_441' title='bbox 2550 3153 2671 3191; x_wconf 91' lang='lat' dir='ltr'><strong>cum</strong></span> <span class='ocrx_word' id='word_1_442' title='bbox 2717 3138 2935 3207; x_wconf 88' lang='lat' dir='ltr'><strong>injustis</strong></span> <span class='ocrx_word' id='word_1_443' title='bbox 2981 3144 3141 3213; x_wconf 79' lang='lat' dir='ltr'><strong>aﬂligi</strong></span> <span class='ocrx_word' id='word_1_444' title='bbox 3174 3148 3334 3202; x_wconf 88' lang='lat' dir='ltr'><strong>etiam</strong></span> 
     </span>
    </p>
   </div>
   <div class='ocr_carea' id='block_1_63' title="bbox 154 3214 1703 3293">
    <p class='ocr_par' dir='ltr' id='par_1_63' title="bbox 154 3214 1703 3293">
     <span class='ocr_line' id='line_1_63' title="bbox 154 3214 1703 3293; baseline 0.009 -28"><span class='ocrx_word' id='word_1_445' title='bbox 154 3214 259 3283; x_wconf 82' lang='lat' dir='ltr'><strong>pii?</strong></span> <span class='ocrx_word' id='word_1_446' title='bbox 290 3214 497 3270; x_wconf 83' lang='lat' dir='ltr'><strong>Verum</strong></span> <span class='ocrx_word' id='word_1_447' title='bbox 524 3226 630 3280; x_wconf 91' lang='lat' dir='ltr'><strong>est,</strong></span> <span class='ocrx_word' id='word_1_448' title='bbox 658 3219 817 3272; x_wconf 87' lang='lat' dir='ltr'><strong>etiam</strong></span> <span class='ocrx_word' id='word_1_449' title='bbox 855 3235 954 3274; x_wconf 91' lang='lat' dir='ltr'><strong>nos</strong></span> <span class='ocrx_word' id='word_1_450' title='bbox 1005 3220 1233 3275; x_wconf 90' lang='lat' dir='ltr'><strong>fatemur</strong></span> <span class='ocrx_word' id='word_1_451' title='bbox 1257 3240 1271 3288; x_wconf 92' lang='lat'><strong>;</strong></span> <span class='ocrx_word' id='word_1_452' title='bbox 1300 3224 1391 3277; x_wconf 90' lang='lat' dir='ltr'><strong>sed</strong></span> <span class='ocrx_word' id='word_1_453' title='bbox 1420 3224 1522 3293; x_wconf 90' lang='lat' dir='ltr'><strong>piis</strong></span> <span class='ocrx_word' id='word_1_454' title='bbox 1544 3227 1703 3279; x_wconf 84' lang='lat' dir='ltr'><strong>casti-</strong></span> 
     </span>
    </p>
   </div>
   <div class='ocr_carea' id='block_1_64' title="bbox 152 3306 1698 3380">
    <p class='ocr_par' dir='ltr' id='par_1_64' title="bbox 152 3306 1698 3380">
     <span class='ocr_line' id='line_1_64' title="bbox 152 3306 1698 3380; baseline 0.008 -24"><span class='ocrx_word' id='word_1_455' title='bbox 152 3306 296 3370; x_wconf 79' lang='lat' dir='ltr'><strong>gatio</strong></span> <span class='ocrx_word' id='word_1_456' title='bbox 321 3306 388 3361; x_wconf 92' lang='lat' dir='ltr'><strong>ad</strong></span> <span class='ocrx_word' id='word_1_457' title='bbox 413 3309 719 3376; x_wconf 86' lang='lat' dir='ltr'><strong>profectum</strong></span> <span class='ocrx_word' id='word_1_458' title='bbox 746 3310 903 3374; x_wconf 89' lang='lat' dir='ltr'><strong>cedit,</strong></span> <span class='ocrx_word' id='word_1_459' title='bbox 934 3317 991 3362; x_wconf 93' lang='lat' dir='ltr'><strong>ut</strong></span> <span class='ocrx_word' id='word_1_460' title='bbox 1038 3311 1091 3364; x_wconf 88' lang='lat' dir='ltr'><strong>in</strong></span> <span class='ocrx_word' id='word_1_461' title='bbox 1120 3323 1367 3380; x_wconf 65' lang='lat' dir='ltr'><strong>praesenti</strong></span> <span class='ocrx_word' id='word_1_462' title='bbox 1404 3315 1510 3367; x_wconf 88' lang='lat' dir='ltr'><strong>vita</strong></span> <span class='ocrx_word' id='word_1_463' title='bbox 1564 3316 1698 3368; x_wconf 81' lang='lat' dir='ltr'><strong>ami-</strong></span> 
     </span>
    </p>
   </div>
   <div class='ocr_carea' id='block_1_65' title="bbox 152 3395 1699 3471">
    <p class='ocr_par' dir='ltr' id='par_1_65' title="bbox 152 3395 1699 3471">
     <span class='ocr_line' id='line_1_65' title="bbox 152 3395 1699 3471; baseline 0.007 -25"><span class='ocrx_word' id='word_1_464' title='bbox 152 3395 220 3446; x_wconf 90' lang='lat' dir='ltr'><strong>cti</strong></span> <span class='ocrx_word' id='word_1_465' title='bbox 254 3398 610 3467; x_wconf 90' lang='lat' dir='ltr'><strong>purgatiores</strong></span> <span class='ocrx_word' id='word_1_466' title='bbox 650 3400 863 3452; x_wconf 89' lang='lat' dir='ltr'><strong>veniant</strong></span> <span class='ocrx_word' id='word_1_467' title='bbox 898 3399 964 3452; x_wconf 91' lang='lat' dir='ltr'><strong>ad</strong></span> <span class='ocrx_word' id='word_1_468' title='bbox 1015 3399 1271 3465; x_wconf 90' lang='lat' dir='ltr'><strong>futuram,</strong></span> <span class='ocrx_word' id='word_1_469' title='bbox 1324 3402 1377 3455; x_wconf 92' lang='lat' dir='ltr'><strong>in</strong></span> <span class='ocrx_word' id='word_1_470' title='bbox 1420 3418 1524 3471; x_wconf 89' lang='lat' dir='ltr'><strong>qua</strong></span> <span class='ocrx_word' id='word_1_471' title='bbox 1579 3420 1699 3471; x_wconf 86' lang='lat' dir='ltr'><strong>per-</strong></span> 
     </span>
    </p>
   </div>
   <div class='ocr_carea' id='block_1_66' title="bbox 151 3487 1699 3558">
    <p class='ocr_par' dir='ltr' id='par_1_66' title="bbox 151 3487 1699 3558">
     <span class='ocr_line' id='line_1_66' title="bbox 151 3487 1699 3558; baseline 0.007 -24"><span class='ocrx_word' id='word_1_472' title='bbox 151 3492 308 3549; x_wconf 89' lang='lat' dir='ltr'><strong>petua</strong></span> <span class='ocrx_word' id='word_1_473' title='bbox 339 3487 422 3540; x_wconf 90' lang='lat' dir='ltr'><strong>eis</strong></span> <span class='ocrx_word' id='word_1_474' title='bbox 450 3489 670 3555; x_wconf 90' lang='lat' dir='ltr'><strong>requies</strong></span> <span class='ocrx_word' id='word_1_475' title='bbox 704 3497 998 3558; x_wconf 60' lang='lat' dir='ltr'><strong>praeparata</strong></span> <span class='ocrx_word' id='word_1_476' title='bbox 1029 3498 1135 3552; x_wconf 89' lang='lat' dir='ltr'><strong>est,</strong></span> <span class='ocrx_word' id='word_1_477' title='bbox 1161 3490 1319 3544; x_wconf 90' lang='lat' dir='ltr'><strong>simul</strong></span> <span class='ocrx_word' id='word_1_478' title='bbox 1350 3503 1523 3545; x_wconf 90' lang='lat' dir='ltr'><strong>autem</strong></span> <span class='ocrx_word' id='word_1_479' title='bbox 1558 3500 1616 3545; x_wconf 91' lang='lat' dir='ltr'><strong>ut</strong></span> <span class='ocrx_word' id='word_1_480' title='bbox 1646 3501 1699 3545; x_wconf 88' lang='lat' dir='ltr'><strong>et</strong></span> 
     </span>
    </p>
   </div>
   <div class='ocr_carea' id='block_1_67' title="bbox 151 3574 1697 3649">
    <p class='ocr_par' dir='ltr' id='par_1_67' title="bbox 151 3574 1697 3649">
     <span class='ocr_line' id='line_1_67' title="bbox 151 3574 1697 3649; baseline 0.006 -24"><span class='ocrx_word' id='word_1_481' title='bbox 151 3574 299 3643; x_wconf 91' lang='lat' dir='ltr'><strong>impii</strong></span> <span class='ocrx_word' id='word_1_482' title='bbox 330 3576 732 3644; x_wconf 88' lang='lat' dir='ltr'><strong>aliquantulum</strong></span> <span class='ocrx_word' id='word_1_483' title='bbox 771 3593 835 3631; x_wconf 87' lang='lat' dir='ltr'><strong>ex</strong></span> <span class='ocrx_word' id='word_1_484' title='bbox 863 3579 1103 3647; x_wconf 91' lang='lat' dir='ltr'><strong>ipsorum</strong></span> <span class='ocrx_word' id='word_1_485' title='bbox 1159 3580 1508 3649; x_wconf 88' lang='lat' dir='ltr'><strong>castigatione</strong></span> <span class='ocrx_word' id='word_1_486' title='bbox 1536 3582 1697 3649; x_wconf 84' lang='lat' dir='ltr'><strong>profi-</strong></span> 
     </span>
    </p>
   </div>
   <div class='ocr_carea' id='block_1_68' title="bbox 157 3662 1699 3739">
    <p class='ocr_par' dir='ltr' id='par_1_68' title="bbox 157 3662 1699 3739">
     <span class='ocr_line' id='line_1_68' title="bbox 157 3662 1699 3739; baseline 0.007 -24"><span class='ocrx_word' id='word_1_487' title='bbox 157 3662 338 3727; x_wconf 87' lang='lat' dir='ltr'><strong>ciant,</strong></span> <span class='ocrx_word' id='word_1_488' title='bbox 383 3673 482 3717; x_wconf 72' lang='lat' dir='ltr'><strong>aut</strong></span> <span class='ocrx_word' id='word_1_489' title='bbox 515 3664 662 3732; x_wconf 86' lang='lat' dir='ltr'><strong>justa</strong></span> <span class='ocrx_word' id='word_1_490' title='bbox 700 3665 753 3719; x_wconf 91' lang='lat' dir='ltr'><strong>in</strong></span> <span class='ocrx_word' id='word_1_491' title='bbox 791 3682 884 3719; x_wconf 92' lang='lat' dir='ltr'><strong>eos</strong></span> <span class='ocrx_word' id='word_1_492' title='bbox 922 3667 1119 3722; x_wconf 89' lang='lat' dir='ltr'><strong>feratur</strong></span> <span class='ocrx_word' id='word_1_493' title='bbox 1149 3670 1332 3739; x_wconf 91' lang='lat' dir='ltr'><strong>judicii</strong></span> <span class='ocrx_word' id='word_1_494' title='bbox 1371 3670 1534 3726; x_wconf 90' lang='lat' dir='ltr'><strong>futuri</strong></span> <span class='ocrx_word' id='word_1_495' title='bbox 1572 3686 1699 3729; x_wconf 76' lang='lat' dir='ltr'><strong>sen-</strong></span> 
     </span>
    </p>
   </div>
   <div class='ocr_carea' id='block_1_69' title="bbox 158 3751 1698 3829">
    <p class='ocr_par' dir='ltr' id='par_1_69' title="bbox 158 3751 1698 3829">
     <span class='ocr_line' id='line_1_69' title="bbox 158 3751 1698 3829; baseline 0.01 -27"><span class='ocrx_word' id='word_1_496' title='bbox 158 3753 319 3806; x_wconf 90' lang='lat' dir='ltr'><strong>tentia</strong></span> <span class='ocrx_word' id='word_1_497' title='bbox 343 3791 358 3814; x_wconf 93' lang='lat'><strong>,</strong></span> <span class='ocrx_word' id='word_1_498' title='bbox 394 3767 521 3805; x_wconf 90' lang='lat' dir='ltr'><strong>cum</strong></span> <span class='ocrx_word' id='word_1_499' title='bbox 570 3751 621 3804; x_wconf 92' lang='lat' dir='ltr'><strong>in</strong></span> <span class='ocrx_word' id='word_1_500' title='bbox 660 3753 855 3807; x_wconf 89' lang='lat' dir='ltr'><strong>eisdem</strong></span> <span class='ocrx_word' id='word_1_501' title='bbox 884 3757 1311 3825; x_wconf 89' lang='lat' dir='ltr'><strong>castigationibus</strong></span> <span class='ocrx_word' id='word_1_502' title='bbox 1334 3759 1461 3826; x_wconf 88' lang='lat' dir='ltr'><strong>justi</strong></span> <span class='ocrx_word' id='word_1_503' title='bbox 1486 3761 1698 3829; x_wconf 89' lang='lat' dir='ltr'><strong>quidem</strong></span> 
     </span>
    </p>
   </div>
   <div class='ocr_carea' id='block_1_70' title="bbox 148 3841 1693 3917">
    <p class='ocr_par' dir='ltr' id='par_1_70' title="bbox 148 3841 1693 3917">
     <span class='ocr_line' id='line_1_70' title="bbox 148 3841 1693 3917; baseline 0.008 -26"><span class='ocrx_word' id='word_1_504' title='bbox 148 3843 350 3906; x_wconf 87' lang='lat' dir='ltr'><strong>gratias</strong></span> <span class='ocrx_word' id='word_1_505' title='bbox 385 3842 603 3910; x_wconf 87' lang='lat' dir='ltr'><strong>egerint</strong></span> <span class='ocrx_word' id='word_1_506' title='bbox 647 3841 773 3906; x_wconf 90' lang='lat' dir='ltr'><strong>Deo,</strong></span> <span class='ocrx_word' id='word_1_507' title='bbox 811 3845 995 3912; x_wconf 90' lang='lat' dir='ltr'><strong>injusti</strong></span> <span class='ocrx_word' id='word_1_508' title='bbox 1056 3853 1234 3900; x_wconf 90' lang='lat' dir='ltr'><strong>autem</strong></span> <span class='ocrx_word' id='word_1_509' title='bbox 1294 3846 1693 3917; x_wconf 88' lang='lat' dir='ltr'><strong>blasphemave-</strong></span> 
     </span>
    </p>
   </div>
   <div class='ocr_carea' id='block_1_71' title="bbox 148 3928 1694 4000">
    <p class='ocr_par' dir='ltr' id='par_1_71' title="bbox 148 3928 1694 4000">
     <span class='ocr_line' id='line_1_71' title="bbox 148 3928 1694 4000; baseline 0.007 -21"><span class='ocrx_word' id='word_1_510' title='bbox 148 3928 274 3983; x_wconf 91' lang='lat' dir='ltr'><strong>rint.</strong></span> <span class='ocrx_word' id='word_1_511' title='bbox 308 3928 484 3998; x_wconf 89' lang='lat' dir='ltr'><strong>Igitur</strong></span> <span class='ocrx_word' id='word_1_512' title='bbox 514 3944 637 3982; x_wconf 92' lang='lat' dir='ltr'><strong>cum</strong></span> <span class='ocrx_word' id='word_1_513' title='bbox 694 3930 749 3984; x_wconf 91' lang='lat' dir='ltr'><strong>in</strong></span> <span class='ocrx_word' id='word_1_514' title='bbox 786 3931 921 3987; x_wconf 93' lang='lat' dir='ltr'><strong>duas</strong></span> <span class='ocrx_word' id='word_1_515' title='bbox 969 3941 1150 4000; x_wconf 90' lang='lat' dir='ltr'><strong>partes</strong></span> <span class='ocrx_word' id='word_1_516' title='bbox 1200 3949 1377 3987; x_wconf 87' lang='lat' dir='ltr'><strong>rerum</strong></span> <span class='ocrx_word' id='word_1_517' title='bbox 1426 3937 1694 3992; x_wconf 84' lang='lat' dir='ltr'><strong>dividatur</strong></span> 
     </span>
    </p>
   </div>
   <div class='ocr_carea' id='block_1_72' title="bbox 146 4018 1691 4099">
    <p class='ocr_par' dir='ltr' id='par_1_72' title="bbox 146 4018 1691 4099">
     <span class='ocr_line' id='line_1_72' title="bbox 146 4018 1691 4099; baseline 0.009 -32"><span class='ocrx_word' id='word_1_518' title='bbox 146 4018 349 4084; x_wconf 88' lang='lat' dir='ltr'><strong>opinio,</strong></span> <span class='ocrx_word' id='word_1_519' title='bbox 376 4019 527 4087; x_wconf 92' lang='lat' dir='ltr'><strong>quod</strong></span> <span class='ocrx_word' id='word_1_520' title='bbox 559 4018 662 4072; x_wconf 90' lang='lat' dir='ltr'><strong>alia</strong></span> <span class='ocrx_word' id='word_1_521' title='bbox 694 4036 788 4088; x_wconf 91' lang='lat' dir='ltr'><strong>per</strong></span> <span class='ocrx_word' id='word_1_522' title='bbox 807 4022 1072 4085; x_wconf 90' lang='lat' dir='ltr'><strong>ordinem,</strong></span> <span class='ocrx_word' id='word_1_523' title='bbox 1102 4024 1205 4075; x_wconf 90' lang='lat' dir='ltr'><strong>alia</strong></span> <span class='ocrx_word' id='word_1_524' title='bbox 1234 4033 1421 4078; x_wconf 91' lang='lat' dir='ltr'><strong>contra</strong></span> <span class='ocrx_word' id='word_1_525' title='bbox 1450 4027 1691 4099; x_wconf 78' lang='lat' dir='ltr'><strong>ordinem</strong></span> 
     </span>
    </p>
   </div>
   <div class='ocr_carea' id='block_1_73' title="bbox 145 4102 1715 4177">
    <p class='ocr_par' dir='ltr' id='par_1_73' title="bbox 145 4102 1715 4177">
     <span class='ocr_line' id='line_1_73' title="bbox 145 4102 1715 4177; baseline 0.008 -23"><span class='ocrx_word' id='word_1_526' title='bbox 145 4102 274 4156; x_wconf 85' lang='lat' dir='ltr'><strong>ﬁant</strong></span> <span class='ocrx_word' id='word_1_527' title='bbox 301 4124 315 4159; x_wconf 92' lang='lat'><strong>:</strong></span> <span class='ocrx_word' id='word_1_528' title='bbox 348 4120 418 4159; x_wconf 83' lang='lat' dir='ltr'><strong>ex</strong></span> <span class='ocrx_word' id='word_1_529' title='bbox 456 4105 545 4158; x_wconf 91' lang='lat' dir='ltr'><strong>his</strong></span> <span class='ocrx_word' id='word_1_530' title='bbox 569 4105 780 4173; x_wconf 89' lang='lat' dir='ltr'><strong>quidem</strong></span> <span class='ocrx_word' id='word_1_531' title='bbox 810 4123 927 4176; x_wconf 70' lang='lat' dir='ltr'><strong>quae</strong></span> <span class='ocrx_word' id='word_1_532' title='bbox 956 4111 1245 4164; x_wconf 87' lang='lat' dir='ltr'><strong>secundum</strong></span> <span class='ocrx_word' id='word_1_533' title='bbox 1284 4112 1522 4166; x_wconf 89' lang='lat' dir='ltr'><strong>ordinem</strong></span> <span class='ocrx_word' id='word_1_534' title='bbox 1541 4122 1715 4177; x_wconf 80' lang='lat' dir='ltr'><strong>sunt,,</strong></span> 
     </span>
    </p>
   </div>
   <div class='ocr_carea' id='block_1_74' title="bbox 144 4190 1689 4269">
    <p class='ocr_par' dir='ltr' id='par_1_74' title="bbox 144 4190 1689 4269">
     <span class='ocr_line' id='line_1_74' title="bbox 144 4190 1689 4269; baseline 0.008 -27"><span class='ocrx_word' id='word_1_535' title='bbox 144 4196 385 4260; x_wconf 86' lang='lat' dir='ltr'><strong>oportuit</strong></span> <span class='ocrx_word' id='word_1_536' title='bbox 424 4193 578 4247; x_wconf 91' lang='lat' dir='ltr'><strong>credi</strong></span> <span class='ocrx_word' id='word_1_537' title='bbox 605 4208 722 4248; x_wconf 90' lang='lat' dir='ltr'><strong>esse</strong></span> <span class='ocrx_word' id='word_1_538' title='bbox 754 4190 1183 4263; x_wconf 81' lang='lat' dir='ltr'><strong>Providentiam;</strong></span> <span class='ocrx_word' id='word_1_539' title='bbox 1214 4198 1279 4253; x_wconf 91' lang='lat' dir='ltr'><strong>de</strong></span> <span class='ocrx_word' id='word_1_540' title='bbox 1308 4200 1391 4254; x_wconf 84' lang='lat' dir='ltr'><strong>his</strong></span> <span class='ocrx_word' id='word_1_541' title='bbox 1416 4216 1542 4255; x_wconf 87' lang='lat' dir='ltr'><strong>vero</strong></span> <span class='ocrx_word' id='word_1_542' title='bbox 1572 4217 1689 4269; x_wconf 67' lang='lat' dir='ltr'><strong>quae</strong></span> 
     </span>
    </p>
   </div>
   <div class='ocr_carea' id='block_1_75' title="bbox 143 4285 1686 4357">
    <p class='ocr_par' dir='ltr' id='par_1_75' title="bbox 143 4285 1686 4357">
     <span class='ocr_line' id='line_1_75' title="bbox 143 4285 1686 4357; baseline 0.008 -24"><span class='ocrx_word' id='word_1_543' title='bbox 143 4292 332 4335; x_wconf 88' lang='lat' dir='ltr'><strong>contra</strong></span> <span class='ocrx_word' id='word_1_544' title='bbox 380 4285 629 4336; x_wconf 91' lang='lat' dir='ltr'><strong>ordinem</strong></span> <span class='ocrx_word' id='word_1_545' title='bbox 663 4293 940 4352; x_wconf 83' lang='lat' dir='ltr'><strong>geruntur,</strong></span> <span class='ocrx_word' id='word_1_546' title='bbox 969 4302 1161 4342; x_wconf 88' lang='lat' dir='ltr'><strong>causas</strong></span> <span class='ocrx_word' id='word_1_547' title='bbox 1190 4289 1461 4357; x_wconf 90' lang='lat' dir='ltr'><strong>requirere</strong></span> <span class='ocrx_word' id='word_1_548' title='bbox 1489 4290 1556 4344; x_wconf 92' lang='lat' dir='ltr'><strong>ab</strong></span> <span class='ocrx_word' id='word_1_549' title='bbox 1583 4290 1686 4355; x_wconf 88' lang='lat' dir='ltr'><strong>his,</strong></span> 
     </span>
    </p>
   </div>
   <div class='ocr_carea' id='block_1_76' title="bbox 1794 3221 3333 3303">
    <p class='ocr_par' dir='ltr' id='par_1_76' title="bbox 1794 3221 3333 3303">
     <span class='ocr_line' id='line_1_76' title="bbox 1794 3221 3333 3303; baseline 0.011 -31"><span class='ocrx_word' id='word_1_550' title='bbox 1794 3221 1990 3289; x_wconf 90' lang='lat' dir='ltr'><strong>justos,</strong></span> <span class='ocrx_word' id='word_1_551' title='bbox 2018 3230 2109 3275; x_wconf 91' lang='lat' dir='ltr'><strong>aut</strong></span> <span class='ocrx_word' id='word_1_552' title='bbox 2156 3222 2201 3278; x_wconf 80' lang='lat' dir='ltr'><strong>si</strong></span> <span class='ocrx_word' id='word_1_553' title='bbox 2234 3222 2471 3279; x_wconf 89' lang='lat' dir='ltr'><strong>facerent</strong></span> <span class='ocrx_word' id='word_1_554' title='bbox 2499 3229 2923 3285; x_wconf 89' lang='lat' dir='ltr'><strong>emendationem</strong></span> <span class='ocrx_word' id='word_1_555' title='bbox 2960 3234 3210 3303; x_wconf 90' lang='lat' dir='ltr'><strong>aliquam,</strong></span> <span class='ocrx_word' id='word_1_556' title='bbox 3241 3246 3333 3291; x_wconf 87' lang='lat' dir='ltr'><strong>aut</strong></span> 
     </span>
    </p>
   </div>
   <div class='ocr_carea' id='block_1_77' title="bbox 1797 3312 3331 3394">
    <p class='ocr_par' dir='ltr' id='par_1_77' title="bbox 1797 3312 3331 3394">
     <span class='ocr_line' id='line_1_77' title="bbox 1797 3312 3331 3394; baseline 0.012 -30"><span class='ocrx_word' id='word_1_557' title='bbox 1797 3312 2218 3381; x_wconf 84' lang='lat' dir='ltr'><strong>purificationem</strong></span> <span class='ocrx_word' id='word_1_558' title='bbox 2275 3315 2477 3369; x_wconf 91' lang='lat' dir='ltr'><strong>mundo</strong></span> <span class='ocrx_word' id='word_1_559' title='bbox 2525 3318 2856 3374; x_wconf 87' lang='lat' dir='ltr'><strong>adhiberent.</strong></span> <span class='ocrx_word' id='word_1_560' title='bbox 2907 3319 3108 3384; x_wconf 84' lang='lat' dir='ltr'><strong>Jussit,</strong></span> <span class='ocrx_word' id='word_1_561' title='bbox 3160 3325 3331 3394; x_wconf 75' lang='lat' dir='ltr'><strong>inquit</strong></span> 
     </span>
    </p>
   </div>
   <div class='ocr_carea' id='block_1_78' title="bbox 1794 3402 3324 3481">
    <p class='ocr_par' dir='ltr' id='par_1_78' title="bbox 1794 3402 3324 3481">
     <span class='ocr_line' id='line_1_78' title="bbox 1794 3402 3324 3481; baseline 0.01 -26"><span class='ocrx_word' id='word_1_562' title='bbox 1794 3402 2007 3470; x_wconf 87' lang='lat' dir='ltr'><strong>Aquila,</strong></span> <span class='ocrx_word' id='word_1_563' title='bbox 2040 3402 2179 3457; x_wconf 90' lang='lat' dir='ltr'><strong>Deus</strong></span> <span class='ocrx_word' id='word_1_564' title='bbox 2206 3403 2318 3456; x_wconf 74' lang='lat' dir='ltr'><strong>haec</strong></span> <span class='ocrx_word' id='word_1_565' title='bbox 2344 3412 2397 3457; x_wconf 90' lang='lat' dir='ltr'><strong>et</strong></span> <span class='ocrx_word' id='word_1_566' title='bbox 2420 3405 2563 3459; x_wconf 89' lang='lat' dir='ltr'><strong>dedit</strong></span> <span class='ocrx_word' id='word_1_567' title='bbox 2593 3416 2853 3476; x_wconf 68' lang='lat' dir='ltr'><strong>prmeepta</strong></span> <span class='ocrx_word' id='word_1_568' title='bbox 2897 3425 2990 3477; x_wconf 89' lang='lat' dir='ltr'><strong>per</strong></span> <span class='ocrx_word' id='word_1_569' title='bbox 3018 3413 3324 3481; x_wconf 89' lang='lat' dir='ltr'><strong>prophetas,</strong></span> 
     </span>
    </p>
   </div>
   <div class='ocr_carea' id='block_1_79' title="bbox 1794 3491 3330 3561">
    <p class='ocr_par' dir='ltr' id='par_1_79' title="bbox 1794 3491 3330 3561">
     <span class='ocr_line' id='line_1_79' title="bbox 1794 3491 3330 3561; baseline 0.011 -19"><span class='ocrx_word' id='word_1_570' title='bbox 1794 3491 2062 3560; x_wconf 91' lang='lat' dir='ltr'><strong>quomodo</strong></span> <span class='ocrx_word' id='word_1_571' title='bbox 2090 3492 2333 3547; x_wconf 89' lang='lat' dir='ltr'><strong>homines</strong></span> <span class='ocrx_word' id='word_1_572' title='bbox 2358 3494 2533 3549; x_wconf 90' lang='lat' dir='ltr'><strong>vivere</strong></span> <span class='ocrx_word' id='word_1_573' title='bbox 2563 3495 2816 3550; x_wconf 88' lang='lat' dir='ltr'><strong>deberent</strong></span> <span class='ocrx_word' id='word_1_574' title='bbox 2834 3515 2849 3561; x_wconf 92' lang='lat'><strong>;</strong></span> <span class='ocrx_word' id='word_1_575' title='bbox 2870 3498 2964 3552; x_wconf 90' lang='lat' dir='ltr'><strong>sed</strong></span> <span class='ocrx_word' id='word_1_576' title='bbox 2986 3507 3038 3553; x_wconf 92' lang='lat' dir='ltr'><strong>et</strong></span> <span class='ocrx_word' id='word_1_577' title='bbox 3061 3501 3173 3556; x_wconf 64' lang='lat' dir='ltr'><strong>haec</strong></span> <span class='ocrx_word' id='word_1_578' title='bbox 3201 3519 3330 3559; x_wconf 89' lang='lat' dir='ltr'><strong>con-</strong></span> 
     </span>
    </p>
   </div>
   <div class='ocr_carea' id='block_1_80' title="bbox 1794 3583 3328 3656">
    <p class='ocr_par' dir='ltr' id='par_1_80' title="bbox 1794 3583 3328 3656">
     <span class='ocr_line' id='line_1_80' title="bbox 1794 3583 3328 3656; baseline 0.011 -23"><span class='ocrx_word' id='word_1_579' title='bbox 1794 3589 2139 3650; x_wconf 89' lang='lat' dir='ltr'><strong>tempserunt,</strong></span> <span class='ocrx_word' id='word_1_580' title='bbox 2166 3583 2273 3635; x_wconf 89' lang='lat' dir='ltr'><strong>imo</strong></span> <span class='ocrx_word' id='word_1_581' title='bbox 2302 3597 2427 3636; x_wconf 91' lang='lat' dir='ltr'><strong>vero</strong></span> <span class='ocrx_word' id='word_1_582' title='bbox 2467 3594 2520 3638; x_wconf 92' lang='lat' dir='ltr'><strong>et</strong></span> <span class='ocrx_word' id='word_1_583' title='bbox 2556 3600 2649 3640; x_wconf 88' lang='lat' dir='ltr'><strong>eos</strong></span> <span class='ocrx_word' id='word_1_584' title='bbox 2680 3587 2725 3640; x_wconf 91' lang='lat' dir='ltr'><strong>si</strong></span> <span class='ocrx_word' id='word_1_585' title='bbox 2758 3588 2848 3656; x_wconf 88' lang='lat' dir='ltr'><strong>qui</strong></span> <span class='ocrx_word' id='word_1_586' title='bbox 2879 3587 3014 3642; x_wconf 91' lang='lat' dir='ltr'><strong>forte</strong></span> <span class='ocrx_word' id='word_1_587' title='bbox 3044 3590 3328 3650; x_wconf 86' lang='lat' dir='ltr'><strong>observare</strong></span> 
     </span>
    </p>
   </div>
   <div class='ocr_carea' id='block_1_81' title="bbox 1793 3668 3324 3743">
    <p class='ocr_par' dir='ltr' id='par_1_81' title="bbox 1793 3668 3324 3743">
     <span class='ocr_line' id='line_1_81' title="bbox 1793 3668 3324 3743; baseline 0.01 -21"><span class='ocrx_word' id='word_1_588' title='bbox 1793 3671 2097 3739; x_wconf 88' lang='lat' dir='ltr'><strong>cupiebant,</strong></span> <span class='ocrx_word' id='word_1_589' title='bbox 2125 3671 2351 3728; x_wconf 86' lang='lat' dir='ltr'><strong>diversis</strong></span> <span class='ocrx_word' id='word_1_590' title='bbox 2376 3674 2589 3743; x_wconf 90' lang='lat' dir='ltr'><strong>injuriis</strong></span> <span class='ocrx_word' id='word_1_591' title='bbox 2624 3668 2944 3735; x_wconf 76' lang='lat' dir='ltr'><strong>afﬂixerunt.</strong></span> <span class='ocrx_word' id='word_1_592' title='bbox 2976 3680 3145 3735; x_wconf 91' lang='lat' dir='ltr'><strong>donec</strong></span> <span class='ocrx_word' id='word_1_593' title='bbox 3167 3685 3324 3738; x_wconf 89' lang='lat' dir='ltr'><strong>etiam</strong></span> 
     </span>
    </p>
   </div>
   <div class='ocr_carea' id='block_1_82' title="bbox 1793 3757 3316 3830">
    <p class='ocr_par' dir='ltr' id='par_1_82' title="bbox 1793 3757 3316 3830">
     <span class='ocr_line' id='line_1_82' title="bbox 1793 3757 3316 3830; baseline 0.01 -21"><span class='ocrx_word' id='word_1_594' title='bbox 1793 3757 1938 3826; x_wconf 91' lang='lat' dir='ltr'><strong>ipsos</strong></span> <span class='ocrx_word' id='word_1_595' title='bbox 1967 3773 1997 3811; x_wconf 92' lang='lat' dir='ltr'><strong>a</strong></span> <span class='ocrx_word' id='word_1_596' title='bbox 2026 3760 2292 3829; x_wconf 88' lang='lat' dir='ltr'><strong>proposita</strong></span> <span class='ocrx_word' id='word_1_597' title='bbox 2322 3761 2686 3817; x_wconf 84' lang='lat' dir='ltr'><strong>observatione</strong></span> <span class='ocrx_word' id='word_1_598' title='bbox 2709 3764 3018 3830; x_wconf 82' lang='lat' dir='ltr'><strong>dejicerent,</strong></span> <span class='ocrx_word' id='word_1_599' title='bbox 3058 3775 3112 3820; x_wconf 90' lang='lat' dir='ltr'><strong>et</strong></span> <span class='ocrx_word' id='word_1_600' title='bbox 3143 3770 3208 3822; x_wconf 87' lang='lat' dir='ltr'><strong>ad</strong></span> <span class='ocrx_word' id='word_1_601' title='bbox 3233 3771 3316 3824; x_wconf 91' lang='lat' dir='ltr'><strong>in-</strong></span> 
     </span>
    </p>
   </div>
   <div class='ocr_carea' id='block_1_83' title="bbox 1791 3848 3324 3929">
    <p class='ocr_par' dir='ltr' id='par_1_83' title="bbox 1791 3848 3324 3929">
     <span class='ocr_line' id='line_1_83' title="bbox 1791 3848 3324 3929; baseline 0.01 -30"><span class='ocrx_word' id='word_1_602' title='bbox 1791 3848 2122 3903; x_wconf 89' lang='lat' dir='ltr'><strong>credulitatis</strong></span> <span class='ocrx_word' id='word_1_603' title='bbox 2171 3850 2519 3905; x_wconf 88' lang='lat' dir='ltr'><strong>nihilominus</strong></span> <span class='ocrx_word' id='word_1_604' title='bbox 2573 3860 2841 3907; x_wconf 91' lang='lat' dir='ltr'><strong>verterent</strong></span> <span class='ocrx_word' id='word_1_605' title='bbox 2880 3854 3093 3907; x_wconf 89' lang='lat' dir='ltr'><strong>turbam</strong></span> <span class='ocrx_word' id='word_1_606' title='bbox 3115 3858 3324 3929; x_wconf 89' lang='lat' dir='ltr'><strong>sibique</strong></span> 
     </span>
    </p>
   </div>
   <div class='ocr_carea' id='block_1_84' title="bbox 1789 3936 2310 3993">
    <p class='ocr_par' dir='ltr' id='par_1_84' title="bbox 1789 3936 2310 3993">
     <span class='ocr_line' id='line_1_84' title="bbox 1789 3936 2310 3993; baseline 0.008 -5"><span class='ocrx_word' id='word_1_607' title='bbox 1789 3936 1991 3990; x_wconf 83' lang='lat' dir='ltr'><strong>similes</strong></span> <span class='ocrx_word' id='word_1_608' title='bbox 2024 3937 2310 3993; x_wconf 80' lang='lat' dir='ltr'><strong>edicerent.</strong></span> 
     </span>
    </p>
   </div>
   <div class='ocr_carea' id='block_1_85' title="bbox 1858 4022 3324 4098">
    <p class='ocr_par' dir='ltr' id='par_1_85' title="bbox 1858 4022 3324 4098">
     <span class='ocr_line' id='line_1_85' title="bbox 1858 4022 3324 4098; baseline 0.012 -22"><span class='ocrx_word' id='word_1_609' title='bbox 1858 4022 1917 4079; x_wconf 92' lang='lat' dir='ltr'><strong>L.</strong></span> <span class='ocrx_word' id='word_1_610' title='bbox 1957 4023 2241 4095; x_wconf 87' lang='lat' dir='ltr'><strong>Propterea</strong></span> <span class='ocrx_word' id='word_1_611' title='bbox 2273 4027 2503 4098; x_wconf 89' lang='lat' dir='ltr'><strong>denique</strong></span> <span class='ocrx_word' id='word_1_612' title='bbox 2535 4030 2603 4085; x_wconf 92' lang='lat' dir='ltr'><strong>ab</strong></span> <span class='ocrx_word' id='word_1_613' title='bbox 2635 4031 2786 4085; x_wconf 91' lang='lat' dir='ltr'><strong>initio</strong></span> <span class='ocrx_word' id='word_1_614' title='bbox 2816 4048 2936 4087; x_wconf 92' lang='lat' dir='ltr'><strong>cum</strong></span> <span class='ocrx_word' id='word_1_615' title='bbox 2969 4034 3160 4092; x_wconf 86' lang='lat' dir='ltr'><strong>fuisset</strong></span> <span class='ocrx_word' id='word_1_616' title='bbox 3206 4053 3324 4092; x_wconf 88' lang='lat' dir='ltr'><strong>om-</strong></span> 
     </span>
    </p>
   </div>
   <div class='ocr_carea' id='block_1_86' title="bbox 1788 4115 3322 4186">
    <p class='ocr_par' dir='ltr' id='par_1_86' title="bbox 1788 4115 3322 4186">
     <span class='ocr_line' id='line_1_86' title="bbox 1788 4115 3322 4186; baseline 0.01 -19"><span class='ocrx_word' id='word_1_617' title='bbox 1788 4115 1874 4169; x_wconf 90' lang='lat' dir='ltr'><strong>nis</strong></span> <span class='ocrx_word' id='word_1_618' title='bbox 1905 4123 2044 4169; x_wconf 91' lang='lat' dir='ltr'><strong>terra</strong></span> <span class='ocrx_word' id='word_1_619' title='bbox 2074 4118 2332 4171; x_wconf 88' lang='lat' dir='ltr'><strong>maculata</strong></span> <span class='ocrx_word' id='word_1_620' title='bbox 2359 4121 2612 4186; x_wconf 90' lang='lat' dir='ltr'><strong>peccatis,</strong></span> <span class='ocrx_word' id='word_1_621' title='bbox 2648 4120 2786 4177; x_wconf 90' lang='lat' dir='ltr'><strong>Deus</strong></span> <span class='ocrx_word' id='word_1_622' title='bbox 2830 4125 3086 4179; x_wconf 85' lang='lat' dir='ltr'><strong>diluvium</strong></span> <span class='ocrx_word' id='word_1_623' title='bbox 3121 4127 3322 4183; x_wconf 91' lang='lat' dir='ltr'><strong>mundo</strong></span> 
     </span>
    </p>
   </div>
   <div class='ocr_carea' id='block_1_87' title="bbox 1787 4203 3317 4282">
    <p class='ocr_par' dir='ltr' id='par_1_87' title="bbox 1787 4203 3317 4282">
     <span class='ocr_line' id='line_1_87' title="bbox 1787 4203 3317 4282; baseline 0.009 -26"><span class='ocrx_word' id='word_1_624' title='bbox 1787 4203 2014 4266; x_wconf 81' lang='lat' dir='ltr'><strong>induxit,</strong></span> <span class='ocrx_word' id='word_1_625' title='bbox 2046 4208 2187 4274; x_wconf 91' lang='lat' dir='ltr'><strong>quod</strong></span> <span class='ocrx_word' id='word_1_626' title='bbox 2217 4221 2309 4261; x_wconf 84' lang='lat' dir='ltr'><strong>vos</strong></span> <span class='ocrx_word' id='word_1_627' title='bbox 2338 4208 2442 4262; x_wconf 89' lang='lat' dir='ltr'><strong>sub</strong></span> <span class='ocrx_word' id='word_1_628' title='bbox 2468 4207 2787 4265; x_wconf 90' lang='lat' dir='ltr'><strong>Deucalione</strong></span> <span class='ocrx_word' id='word_1_629' title='bbox 2818 4212 3014 4267; x_wconf 87' lang='lat' dir='ltr'><strong>factum</strong></span> <span class='ocrx_word' id='word_1_630' title='bbox 3038 4216 3241 4282; x_wconf 88' lang='lat' dir='ltr'><strong>dicitis,</strong></span> <span class='ocrx_word' id='word_1_631' title='bbox 3267 4224 3317 4273; x_wconf 90' lang='lat' dir='ltr'><strong>et</strong></span> 
     </span>
    </p>
   </div>
   <div class='ocr_carea' id='block_1_88' title="bbox 1786 4297 3317 4366">
    <p class='ocr_par' dir='ltr' id='par_1_88' title="bbox 1786 4297 3317 4366">
     <span class='ocr_line' id='line_1_88' title="bbox 1786 4297 3317 4366; baseline 0.009 -20"><span class='ocrx_word' id='word_1_632' title='bbox 1786 4300 1914 4347; x_wconf 89' lang='lat' dir='ltr'><strong>tunc</strong></span> <span class='ocrx_word' id='word_1_633' title='bbox 1939 4309 2100 4347; x_wconf 90' lang='lat' dir='ltr'><strong>unum</strong></span> <span class='ocrx_word' id='word_1_634' title='bbox 2129 4297 2407 4363; x_wconf 89' lang='lat' dir='ltr'><strong>quemdam</strong></span> <span class='ocrx_word' id='word_1_635' title='bbox 2436 4297 2640 4366; x_wconf 88' lang='lat' dir='ltr'><strong>justum</strong></span> <span class='ocrx_word' id='word_1_636' title='bbox 2668 4316 2787 4356; x_wconf 88' lang='lat' dir='ltr'><strong>cum</strong></span> <span class='ocrx_word' id='word_1_637' title='bbox 2820 4302 2940 4357; x_wconf 86' lang='lat' dir='ltr'><strong>filiis</strong></span> <span class='ocrx_word' id='word_1_638' title='bbox 2969 4305 3083 4359; x_wconf 90' lang='lat' dir='ltr'><strong>suis</strong></span> <span class='ocrx_word' id='word_1_639' title='bbox 3116 4306 3169 4360; x_wconf 91' lang='lat' dir='ltr'><strong>in</strong></span> <span class='ocrx_word' id='word_1_640' title='bbox 3194 4321 3317 4360; x_wconf 87' lang='lat' dir='ltr'><strong>arca</strong></span> 
     </span>
    </p>
   </div>
   <div class='ocr_carea' id='block_1_89' title="bbox 143 4369 3315 4451">
    <p class='ocr_par' dir='ltr' id='par_1_89' title="bbox 143 4369 3315 4451">
     <span class='ocr_line' id='line_1_89' title="bbox 143 4369 3315 4451; baseline 0.009 -30"><span class='ocrx_word' id='word_1_641' title='bbox 143 4369 233 4434; x_wconf 93' lang='lat' dir='ltr'><strong>qui</strong></span> <span class='ocrx_word' id='word_1_642' title='bbox 259 4386 355 4425; x_wconf 79' lang='lat' dir='ltr'><strong>eas</strong></span> <span class='ocrx_word' id='word_1_643' title='bbox 386 4388 483 4440; x_wconf 89' lang='lat' dir='ltr'><strong>per</strong></span> <span class='ocrx_word' id='word_1_644' title='bbox 525 4372 823 4427; x_wconf 91' lang='lat' dir='ltr'><strong>doctrinam</strong></span> <span class='ocrx_word' id='word_1_645' title='bbox 854 4377 1219 4445; x_wconf 89' lang='lat' dir='ltr'><strong>propheticam</strong></span> <span class='ocrx_word' id='word_1_646' title='bbox 1269 4380 1536 4447; x_wconf 91' lang='lat' dir='ltr'><strong>didicere;</strong></span> <span class='ocrx_word' id='word_1_647' title='bbox 1572 4383 1691 4451; x_wconf 89' lang='lat' dir='ltr'><strong>qui-</strong></span> <span class='ocrx_word' id='word_1_648' title='bbox 1720 4380 1763 4434; x_wconf 89' lang='lat' dir='ltr'><strong>D</strong></span> <span class='ocrx_word' id='word_1_649' title='bbox 1792 4388 2101 4447; x_wconf 88' lang='lat' dir='ltr'><strong>reservavit,</strong></span> <span class='ocrx_word' id='word_1_650' title='bbox 2133 4394 2185 4439; x_wconf 92' lang='lat' dir='ltr'><strong>et</strong></span> <span class='ocrx_word' id='word_1_651' title='bbox 2213 4400 2333 4439; x_wconf 92' lang='lat' dir='ltr'><strong>cum</strong></span> <span class='ocrx_word' id='word_1_652' title='bbox 2379 4402 2444 4440; x_wconf 86' lang='lat' dir='ltr'><strong>eo</strong></span> <span class='ocrx_word' id='word_1_653' title='bbox 2485 4391 2722 4444; x_wconf 92' lang='lat' dir='ltr'><strong>omnium</strong></span> <span class='ocrx_word' id='word_1_654' title='bbox 2757 4394 3019 4447; x_wconf 90' lang='lat' dir='ltr'><strong>seminum</strong></span> <span class='ocrx_word' id='word_1_655' title='bbox 3049 4396 3315 4448; x_wconf 89' lang='lat' dir='ltr'><strong>omnium-</strong></span> 
     </span>
    </p>
   </div>
   <div class='ocr_carea' id='block_1_90' title="bbox 142 4456 1683 4540">
    <p class='ocr_par' dir='ltr' id='par_1_90' title="bbox 142 4456 1683 4540">
     <span class='ocr_line' id='line_1_90' title="bbox 142 4456 1683 4540; baseline 0.01 -30"><span class='ocrx_word' id='word_1_656' title='bbox 142 4456 242 4512; x_wconf 92' lang='lat' dir='ltr'><strong>bus</strong></span> <span class='ocrx_word' id='word_1_657' title='bbox 268 4462 416 4513; x_wconf 89' lang='lat' dir='ltr'><strong>enim</strong></span> <span class='ocrx_word' id='word_1_658' title='bbox 473 4462 810 4518; x_wconf 91' lang='lat' dir='ltr'><strong>innotescere</strong></span> <span class='ocrx_word' id='word_1_659' title='bbox 854 4468 1027 4535; x_wconf 91' lang='lat' dir='ltr'><strong>potuit</strong></span> <span class='ocrx_word' id='word_1_660' title='bbox 1080 4481 1255 4521; x_wconf 88' lang='lat' dir='ltr'><strong>sermo</strong></span> <span class='ocrx_word' id='word_1_661' title='bbox 1307 4470 1683 4540; x_wconf 88' lang='lat' dir='ltr'><strong>propheticus,</strong></span> 
     </span>
    </p>
   </div>
   <div class='ocr_carea' id='block_1_91' title="bbox 144 4545 1682 4629">
    <p class='ocr_par' dir='ltr' id='par_1_91' title="bbox 144 4545 1682 4629">
     <span class='ocr_line' id='line_1_91' title="bbox 144 4545 1682 4629; baseline 0.01 -32"><span class='ocrx_word' id='word_1_662' title='bbox 144 4545 325 4599; x_wconf 88' lang='lat' dir='ltr'><strong>sciunt</strong></span> <span class='ocrx_word' id='word_1_663' title='bbox 349 4550 572 4616; x_wconf 90' lang='lat' dir='ltr'><strong>quando</strong></span> <span class='ocrx_word' id='word_1_664' title='bbox 615 4557 666 4604; x_wconf 90' lang='lat' dir='ltr'><strong>et</strong></span> <span class='ocrx_word' id='word_1_665' title='bbox 694 4552 761 4605; x_wconf 92' lang='lat' dir='ltr'><strong>ob</strong></span> <span class='ocrx_word' id='word_1_666' title='bbox 790 4569 945 4621; x_wconf 88' lang='lat' dir='ltr'><strong>quam</strong></span> <span class='ocrx_word' id='word_1_667' title='bbox 988 4570 1202 4609; x_wconf 86' lang='lat' dir='ltr'><strong>causam</strong></span> <span class='ocrx_word' id='word_1_668' title='bbox 1230 4572 1427 4627; x_wconf 65' lang='lat' dir='ltr'><strong>aarugo,</strong></span> <span class='ocrx_word' id='word_1_669' title='bbox 1460 4559 1682 4629; x_wconf 89' lang='lat' dir='ltr'><strong>grando,</strong></span> 
     </span>
    </p>
   </div>
   <div class='ocr_carea' id='block_1_92' title="bbox 143 4637 1682 4720">
    <p class='ocr_par' dir='ltr' id='par_1_92' title="bbox 143 4637 1682 4720">
     <span class='ocr_line' id='line_1_92' title="bbox 143 4637 1682 4720; baseline 0.012 -33"><span class='ocrx_word' id='word_1_670' title='bbox 143 4637 472 4701; x_wconf 90' lang='lat' dir='ltr'><strong>pestilentia,</strong></span> <span class='ocrx_word' id='word_1_671' title='bbox 511 4648 566 4693; x_wconf 93' lang='lat' dir='ltr'><strong>et</strong></span> <span class='ocrx_word' id='word_1_672' title='bbox 599 4641 786 4695; x_wconf 91' lang='lat' dir='ltr'><strong>horum</strong></span> <span class='ocrx_word' id='word_1_673' title='bbox 823 4645 1018 4698; x_wconf 91' lang='lat' dir='ltr'><strong>similia</strong></span> <span class='ocrx_word' id='word_1_674' title='bbox 1062 4660 1154 4713; x_wconf 90' lang='lat' dir='ltr'><strong>per</strong></span> <span class='ocrx_word' id='word_1_675' title='bbox 1177 4647 1413 4716; x_wconf 90' lang='lat' dir='ltr'><strong>singulas</strong></span> <span class='ocrx_word' id='word_1_676' title='bbox 1444 4665 1682 4720; x_wconf 91' lang='lat' dir='ltr'><strong>quasque</strong></span> 
     </span>
    </p>
   </div>
   <div class='ocr_carea' id='block_1_93' title="bbox 141 4728 1682 4804">
    <p class='ocr_par' dir='ltr' id='par_1_93' title="bbox 141 4728 1682 4804">
     <span class='ocr_line' id='line_1_93' title="bbox 141 4728 1682 4804; baseline 0.013 -29"><span class='ocrx_word' id='word_1_677' title='bbox 141 4728 521 4788; x_wconf 83' lang='lat' dir='ltr'><strong>generationes</strong></span> <span class='ocrx_word' id='word_1_678' title='bbox 548 4736 731 4782; x_wconf 85' lang='lat' dir='ltr'><strong>exorta</strong></span> <span class='ocrx_word' id='word_1_679' title='bbox 769 4732 895 4795; x_wconf 91' lang='lat' dir='ltr'><strong>sint,</strong></span> <span class='ocrx_word' id='word_1_680' title='bbox 931 4743 983 4787; x_wconf 92' lang='lat' dir='ltr'><strong>et</strong></span> <span class='ocrx_word' id='word_1_681' title='bbox 1009 4749 1075 4787; x_wconf 83' lang='lat' dir='ltr'><strong>ex</strong></span> <span class='ocrx_word' id='word_1_682' title='bbox 1104 4734 1295 4803; x_wconf 89' lang='lat' dir='ltr'><strong>quibus</strong></span> <span class='ocrx_word' id='word_1_683' title='bbox 1316 4740 1545 4804; x_wconf 89' lang='lat' dir='ltr'><strong>peccatis</strong></span> <span class='ocrx_word' id='word_1_684' title='bbox 1571 4742 1682 4796; x_wconf 80' lang='lat' dir='ltr'><strong>haec</strong></span> 
     </span>
    </p>
   </div>
   <div class='ocr_carea' id='block_1_94' title="bbox 141 4808 1680 4891">
    <p class='ocr_par' dir='ltr' id='par_1_94' title="bbox 141 4808 1680 4891">
     <span class='ocr_line' id='line_1_94' title="bbox 141 4808 1680 4891; baseline 0.016 -34"><span class='ocrx_word' id='word_1_685' title='bbox 141 4808 206 4861; x_wconf 88' lang='lat' dir='ltr'><strong>ad</strong></span> <span class='ocrx_word' id='word_1_686' title='bbox 228 4810 528 4866; x_wconf 80' lang='lat' dir='ltr'><strong>vindictam</strong></span> <span class='ocrx_word' id='word_1_687' title='bbox 557 4815 678 4867; x_wconf 89' lang='lat' dir='ltr'><strong>data</strong></span> <span class='ocrx_word' id='word_1_688' title='bbox 709 4817 837 4880; x_wconf 91' lang='lat' dir='ltr'><strong>sint,</strong></span> <span class='ocrx_word' id='word_1_689' title='bbox 873 4820 1015 4874; x_wconf 91' lang='lat' dir='ltr'><strong>unde</strong></span> <span class='ocrx_word' id='word_1_690' title='bbox 1042 4821 1275 4873; x_wconf 91' lang='lat' dir='ltr'><strong>humano</strong></span> <span class='ocrx_word' id='word_1_691' title='bbox 1312 4826 1491 4891; x_wconf 81' lang='lat' dir='ltr'><strong>generi</strong></span> <span class='ocrx_word' id='word_1_692' title='bbox 1521 4841 1680 4883; x_wconf 85' lang='lat' dir='ltr'><strong>causa</strong></span> 
     </span>
    </p>
   </div>
   <div class='ocr_carea' id='block_1_95' title="bbox 145 4896 1681 4977">
    <p class='ocr_par' dir='ltr' id='par_1_95' title="bbox 145 4896 1681 4977">
     <span class='ocr_line' id='line_1_95' title="bbox 145 4896 1681 4977; baseline 0.018 -33"><span class='ocrx_word' id='word_1_693' title='bbox 145 4896 401 4962; x_wconf 78' lang='lat' dir='ltr'><strong>tristitiae,</strong></span> <span class='ocrx_word' id='word_1_694' title='bbox 430 4901 576 4954; x_wconf 90' lang='lat' dir='ltr'><strong>unde</strong></span> <span class='ocrx_word' id='word_1_695' title='bbox 603 4905 828 4971; x_wconf 89' lang='lat' dir='ltr'><strong>gemitus</strong></span> <span class='ocrx_word' id='word_1_696' title='bbox 859 4921 922 4960; x_wconf 92' lang='lat' dir='ltr'><strong>ac</strong></span> <span class='ocrx_word' id='word_1_697' title='bbox 950 4907 1161 4962; x_wconf 88' lang='lat' dir='ltr'><strong>dolores</strong></span> <span class='ocrx_word' id='word_1_698' title='bbox 1201 4911 1514 4977; x_wconf 90' lang='lat' dir='ltr'><strong>acciderint,</strong></span> <span class='ocrx_word' id='word_1_699' title='bbox 1541 4916 1681 4970; x_wconf 93' lang='lat' dir='ltr'><strong>unde</strong></span> 
     </span>
    </p>
   </div>
   <div class='ocr_carea' id='block_1_96' title="bbox 208 5028 1429 5113">
    <p class='ocr_par' dir='ltr' id='par_1_96' title="bbox 208 5028 1429 5113">
     <span class='ocr_line' id='line_1_96' title="bbox 208 5028 1429 5113; baseline 0.026 -31"><span class='ocrx_word' id='word_1_700' title='bbox 208 5028 255 5059; x_wconf 83' lang='grc'><strong><em>⁸⁸</em></strong></span> <span class='ocrx_word' id='word_1_701' title='bbox 280 5028 417 5088; x_wconf 86' lang='lat' dir='ltr'><strong>Gen.</strong></span> <span class='ocrx_word' id='word_1_702' title='bbox 457 5049 534 5099; x_wconf 83' lang='lat' dir='ltr'><strong>tv,</strong></span> <span class='ocrx_word' id='word_1_703' title='bbox 567 5035 632 5088; x_wconf 73' lang='lat' dir='ltr'><strong>l9.</strong></span> <span class='ocrx_word' id='word_1_704' title='bbox 662 5037 713 5090; x_wconf 85' lang='lat' dir='ltr'><strong>in</strong></span> <span class='ocrx_word' id='word_1_705' title='bbox 741 5036 908 5095; x_wconf 77' lang='lat' dir='ltr'><strong>LXX.</strong></span> <span class='ocrx_word' id='word_1_706' title='bbox 981 5041 1027 5073; x_wconf 81' lang='lat'><strong>&quot;</strong></span> <span class='ocrx_word' id='word_1_707' title='bbox 1059 5042 1251 5100; x_wconf 80' lang='lat' dir='ltr'><strong>Ezech.</strong></span> <span class='ocrx_word' id='word_1_708' title='bbox 1280 5062 1341 5113; x_wconf 78' lang='grc' dir='ltr'><strong>ιι,</strong></span> <span class='ocrx_word' id='word_1_709' title='bbox 1377 5048 1429 5103; x_wconf 73' lang='lat'><strong>5-</strong></span> 
     </span>
    </p>
   </div>
   <div class='ocr_carea' id='block_1_97' title="bbox 1782 4474 3315 4553">
    <p class='ocr_par' dir='ltr' id='par_1_97' title="bbox 1782 4474 3315 4553">
     <span class='ocr_line' id='line_1_97' title="bbox 1782 4474 3315 4553; baseline 0.01 -29"><span class='ocrx_word' id='word_1_710' title='bbox 1782 4489 1885 4543; x_wconf 88' lang='lat' dir='ltr'><strong>que</strong></span> <span class='ocrx_word' id='word_1_711' title='bbox 1916 4474 2263 4527; x_wconf 91' lang='lat' dir='ltr'><strong>animantium</strong></span> <span class='ocrx_word' id='word_1_712' title='bbox 2297 4492 2484 4545; x_wconf 87' lang='lat' dir='ltr'><strong>genus.</strong></span> <span class='ocrx_word' id='word_1_713' title='bbox 2519 4478 2583 4531; x_wconf 91' lang='lat' dir='ltr'><strong>Et</strong></span> <span class='ocrx_word' id='word_1_714' title='bbox 2601 4489 2773 4537; x_wconf 84' lang='lat' dir='ltr'><strong>tamen</strong></span> <span class='ocrx_word' id='word_1_715' title='bbox 2791 4486 2949 4537; x_wconf 90' lang='lat' dir='ltr'><strong>etiam</strong></span> <span class='ocrx_word' id='word_1_716' title='bbox 2978 4484 3069 4550; x_wconf 92' lang='lat' dir='ltr'><strong>qui</strong></span> <span class='ocrx_word' id='word_1_717' title='bbox 3093 4500 3157 4538; x_wconf 82' lang='lat' dir='ltr'><strong>ex</strong></span> <span class='ocrx_word' id='word_1_718' title='bbox 3185 4486 3315 4553; x_wconf 84' lang='lat' dir='ltr'><strong>ipsis</strong></span> 
     </span>
    </p>
   </div>
   <div class='ocr_carea' id='block_1_98' title="bbox 1781 4564 3312 4642">
    <p class='ocr_par' dir='ltr' id='par_1_98' title="bbox 1781 4564 3312 4642">
     <span class='ocr_line' id='line_1_98' title="bbox 1781 4564 3312 4642; baseline 0.006 -25"><span class='ocrx_word' id='word_1_719' title='bbox 1781 4564 1893 4617; x_wconf 91' lang='lat' dir='ltr'><strong>nati</strong></span> <span class='ocrx_word' id='word_1_720' title='bbox 1914 4571 2058 4626; x_wconf 92' lang='lat' dir='ltr'><strong>sunt,</strong></span> <span class='ocrx_word' id='word_1_721' title='bbox 2076 4570 2313 4634; x_wconf 89' lang='lat' dir='ltr'><strong>tempore</strong></span> <span class='ocrx_word' id='word_1_722' title='bbox 2343 4566 2722 4634; x_wconf 90' lang='lat' dir='ltr'><strong>intercedente,</strong></span> <span class='ocrx_word' id='word_1_723' title='bbox 2742 4588 2930 4627; x_wconf 92' lang='lat' dir='ltr'><strong>rursus</strong></span> <span class='ocrx_word' id='word_1_724' title='bbox 2954 4572 3145 4626; x_wconf 89' lang='lat' dir='ltr'><strong>similia</strong></span> <span class='ocrx_word' id='word_1_725' title='bbox 3169 4575 3312 4642; x_wconf 88' lang='lat' dir='ltr'><strong>prio-</strong></span> 
     </span>
    </p>
   </div>
   <div class='ocr_carea' id='block_1_99' title="bbox 1779 4653 3311 4729">
    <p class='ocr_par' dir='ltr' id='par_1_99' title="bbox 1779 4653 3311 4729">
     <span class='ocr_line' id='line_1_99' title="bbox 1779 4653 3311 4729; baseline 0.007 -24"><span class='ocrx_word' id='word_1_726' title='bbox 1779 4653 1928 4706; x_wconf 91' lang='lat' dir='ltr'><strong>ribus</strong></span> <span class='ocrx_word' id='word_1_727' title='bbox 1973 4660 2167 4721; x_wconf 85' lang='lat' dir='ltr'><strong>agunt;</strong></span> <span class='ocrx_word' id='word_1_728' title='bbox 2213 4653 2465 4709; x_wconf 87' lang='lat' dir='ltr'><strong>oblivioni</strong></span> <span class='ocrx_word' id='word_1_729' title='bbox 2511 4660 2653 4712; x_wconf 90' lang='lat' dir='ltr'><strong>enim</strong></span> <span class='ocrx_word' id='word_1_730' title='bbox 2699 4676 2817 4729; x_wconf 69' lang='lat' dir='ltr'><strong>qua:</strong></span> <span class='ocrx_word' id='word_1_731' title='bbox 2859 4661 3163 4714; x_wconf 85' lang='lat' dir='ltr'><strong>acciderant</strong></span> <span class='ocrx_word' id='word_1_732' title='bbox 3189 4663 3311 4715; x_wconf 85' lang='lat' dir='ltr'><strong>data</strong></span> 
     </span>
    </p>
   </div>
   <div class='ocr_carea' id='block_1_100' title="bbox 1781 4741 3307 4817">
    <p class='ocr_par' dir='ltr' id='par_1_100' title="bbox 1781 4741 3307 4817">
     <span class='ocr_line' id='line_1_100' title="bbox 1781 4741 3307 4817; baseline 0.005 -23"><span class='ocrx_word' id='word_1_733' title='bbox 1781 4748 1926 4800; x_wconf 86' lang='lat' dir='ltr'><strong>sunt.</strong></span> <span class='ocrx_word' id='word_1_734' title='bbox 1957 4741 2029 4793; x_wconf 90' lang='lat' dir='ltr'><strong>ita</strong></span> <span class='ocrx_word' id='word_1_735' title='bbox 2060 4748 2118 4793; x_wconf 93' lang='lat' dir='ltr'><strong>ut</strong></span> <span class='ocrx_word' id='word_1_736' title='bbox 2149 4743 2343 4810; x_wconf 88' lang='lat' dir='ltr'><strong>posteri</strong></span> <span class='ocrx_word' id='word_1_737' title='bbox 2365 4758 2430 4797; x_wconf 90' lang='lat' dir='ltr'><strong>ne</strong></span> <span class='ocrx_word' id='word_1_738' title='bbox 2454 4744 2554 4798; x_wconf 94' lang='lat' dir='ltr'><strong>hoc</strong></span> <span class='ocrx_word' id='word_1_739' title='bbox 2576 4747 2748 4815; x_wconf 91' lang='lat' dir='ltr'><strong>ipsum</strong></span> <span class='ocrx_word' id='word_1_740' title='bbox 2775 4750 2984 4817; x_wconf 90' lang='lat' dir='ltr'><strong>quidem</strong></span> <span class='ocrx_word' id='word_1_741' title='bbox 3007 4750 3307 4811; x_wconf 83' lang='lat' dir='ltr'><strong>crederent.</strong></span> 
     </span>
    </p>
   </div>
   <div class='ocr_carea' id='block_1_101' title="bbox 1780 4829 3306 4898">
    <p class='ocr_par' dir='ltr' id='par_1_101' title="bbox 1780 4829 3306 4898">
     <span class='ocr_line' id='line_1_101' title="bbox 1780 4829 3306 4898; baseline 0.007 -17"><span class='ocrx_word' id='word_1_742' title='bbox 1780 4829 1921 4898; x_wconf 92' lang='lat' dir='ltr'><strong>quod</strong></span> <span class='ocrx_word' id='word_1_743' title='bbox 1951 4830 2206 4883; x_wconf 92' lang='lat' dir='ltr'><strong>diluvium</strong></span> <span class='ocrx_word' id='word_1_744' title='bbox 2239 4832 2432 4883; x_wconf 90' lang='lat' dir='ltr'><strong>factum</strong></span> <span class='ocrx_word' id='word_1_745' title='bbox 2471 4844 2572 4889; x_wconf 89' lang='lat' dir='ltr'><strong>est.</strong></span> <span class='ocrx_word' id='word_1_746' title='bbox 2606 4835 2754 4892; x_wconf 92' lang='lat' dir='ltr'><strong>Unde</strong></span> <span class='ocrx_word' id='word_1_747' title='bbox 2778 4848 2831 4891; x_wconf 92' lang='lat' dir='ltr'><strong>et</strong></span> <span class='ocrx_word' id='word_1_748' title='bbox 2859 4839 3043 4892; x_wconf 89' lang='lat' dir='ltr'><strong>statuit</strong></span> <span class='ocrx_word' id='word_1_749' title='bbox 3075 4837 3211 4893; x_wconf 90' lang='lat' dir='ltr'><strong>Deus</strong></span> <span class='ocrx_word' id='word_1_750' title='bbox 3255 4841 3306 4891; x_wconf 88' lang='lat' dir='ltr'><strong>in</strong></span> 
     </span>
    </p>
   </div>
   <div class='ocr_carea' id='block_1_102' title="bbox 1782 4920 3307 4997">
    <p class='ocr_par' dir='ltr' id='par_1_102' title="bbox 1782 4920 3307 4997">
     <span class='ocr_line' id='line_1_102' title="bbox 1782 4920 3307 4997; baseline 0.006 -23"><span class='ocrx_word' id='word_1_751' title='bbox 1782 4920 2027 4990; x_wconf 67' lang='lat' dir='ltr'><strong>praesenti</strong></span> <span class='ocrx_word' id='word_1_752' title='bbox 2073 4922 2267 4975; x_wconf 67' lang='lat' dir='ltr'><strong>saeculo</strong></span> <span class='ocrx_word' id='word_1_753' title='bbox 2309 4922 2453 4976; x_wconf 88' lang='lat' dir='ltr'><strong>ultra</strong></span> <span class='ocrx_word' id='word_1_754' title='bbox 2497 4940 2604 4979; x_wconf 93' lang='lat' dir='ltr'><strong>non</strong></span> <span class='ocrx_word' id='word_1_755' title='bbox 2650 4927 2761 4982; x_wconf 84' lang='lat' dir='ltr'><strong>fieri</strong></span> <span class='ocrx_word' id='word_1_756' title='bbox 2805 4929 3081 4992; x_wconf 89' lang='lat' dir='ltr'><strong>diluvium,</strong></span> <span class='ocrx_word' id='word_1_757' title='bbox 3109 4928 3307 4997; x_wconf 84' lang='lat' dir='ltr'><strong>alioqui</strong></span> 
     </span>
    </p>
   </div>
   <div class='ocr_carea' id='block_1_103' title="bbox 1410 5195 2030 5255">
    <p class='ocr_par' dir='ltr' id='par_1_103' title="bbox 1410 5195 2030 5255">
     <span class='ocr_line' id='line_1_103' title="bbox 1410 5195 2030 5255; baseline 0.006 -4"><span class='ocrx_word' id='word_1_758' title='bbox 1410 5195 1771 5251; x_wconf 82' lang='lat' dir='ltr'><strong>COTELERII‘</strong></span> <span class='ocrx_word' id='word_1_759' title='bbox 1803 5197 2030 5255; x_wconf 66' lang='lat' dir='ltr'><strong>NOTAE.</strong></span> 
     </span>
    </p>
   </div>
   <div class='ocr_carea' id='block_1_104' title="bbox 218 5314 1669 5391">
    <p class='ocr_par' dir='ltr' id='par_1_104' title="bbox 218 5314 1669 5391">
     <span class='ocr_line' id='line_1_104' title="bbox 218 5314 1669 5391; baseline 0.01 -25"><span class='ocrx_word' id='word_1_760' title='bbox 218 5314 322 5391; x_wconf 24' lang='lat'><strong>(‘77)</strong></span> <span class='ocrx_word' id='word_1_761' title='bbox 346 5317 528 5391; x_wconf 50' lang='grc' dir='ltr'><strong>δεῖρε.</strong></span> <span class='ocrx_word' id='word_1_762' title='bbox 561 5318 705 5391; x_wconf 82' lang='lat' dir='ltr'><strong>Quos</strong></span> <span class='ocrx_word' id='word_1_763' title='bbox 751 5336 815 5391; x_wconf 82' lang='lat' dir='ltr'><strong>ex</strong></span> <span class='ocrx_word' id='word_1_764' title='bbox 856 5320 1089 5391; x_wconf 80' lang='lat' dir='ltr'><strong>lectione</strong></span> <span class='ocrx_word' id='word_1_765' title='bbox 1131 5323 1444 5389; x_wconf 89' lang='lat' dir='ltr'><strong>Strabonis,</strong></span> <span class='ocrx_word' id='word_1_766' title='bbox 1491 5327 1669 5391; x_wconf 87' lang='lat' dir='ltr'><strong>Plinii,</strong></span> 
     </span>
    </p>
   </div>
   <div class='ocr_carea' id='block_1_105' title="bbox 145 5381 1672 5463">
    <p class='ocr_par' dir='ltr' id='par_1_105' title="bbox 145 5381 1672 5463">
     <span class='ocr_line' id='line_1_105' title="bbox 145 5381 1672 5463; baseline 0.01 -29"><span class='ocrx_word' id='word_1_767' title='bbox 145 5381 535 5463; x_wconf 37' lang='lat' dir='ltr'><strong>llelazLSolini,</strong></span> <span class='ocrx_word' id='word_1_768' title='bbox 569 5381 806 5463; x_wconf 63' lang='lat' dir='ltr'><strong>aniani,</strong></span> <span class='ocrx_word' id='word_1_769' title='bbox 840 5381 1451 5463; x_wconf 46' lang='lat' dir='ltr'><strong>érnmianiﬁarccllini&#39;,</strong></span> <span class='ocrx_word' id='word_1_770' title='bbox 1485 5381 1672 5463; x_wconf 61' lang='lat' dir='ltr'><strong>Orige-1</strong></span> 
     </span>
    </p>
   </div>
   <div class='ocr_carea' id='block_1_106' title="bbox 150 5451 1674 5529">
    <p class='ocr_par' dir='ltr' id='par_1_106' title="bbox 150 5451 1674 5529">
     <span class='ocr_line' id='line_1_106' title="bbox 150 5451 1674 5529; baseline 0.01 -28"><span class='ocrx_word' id='word_1_771' title='bbox 150 5452 251 5529; x_wconf 78' lang='lat' dir='ltr'><strong>Iiis,</strong></span> <span class='ocrx_word' id='word_1_772' title='bbox 298 5451 534 5529; x_wconf 77' lang='lat' dir='ltr'><strong>Eusebii.</strong></span> <span class='ocrx_word' id='word_1_773' title='bbox 566 5456 1078 5529; x_wconf 63' lang='lat' dir='ltr'><strong>(starii,_Cedreni,</strong></span> <span class='ocrx_word' id='word_1_774' title='bbox 1111 5457 1399 5526; x_wconf 87' lang='lat' dir='ltr'><strong>Eustathii,</strong></span> <span class='ocrx_word' id='word_1_775' title='bbox 1437 5451 1674 5529; x_wconf 56' lang='grc' dir='ltr'><strong>ἔξω,ιὶιί-</strong></span> 
     </span>
    </p>
   </div>
   <div class='ocr_carea' id='block_1_107' title="bbox 150 5523 1673 5587">
    <p class='ocr_par' dir='ltr' id='par_1_107' title="bbox 150 5523 1673 5587">
     <span class='ocr_line' id='line_1_107' title="bbox 150 5523 1673 5587; baseline 0.012 -19"><span class='ocrx_word' id='word_1_776' title='bbox 150 5523 347 5574; x_wconf 73' lang='lat' dir='ltr'><strong>scimus</strong></span> <span class='ocrx_word' id='word_1_777' title='bbox 386 5523 621 5578; x_wconf 90' lang='lat' dir='ltr'><strong>celebres</strong></span> <span class='ocrx_word' id='word_1_778' title='bbox 650 5526 917 5579; x_wconf 83' lang='lat' dir='ltr'><strong>exstitisse</strong></span> <span class='ocrx_word' id='word_1_779' title='bbox 965 5536 1072 5577; x_wconf 91' lang='lat' dir='ltr'><strong>tum</strong></span> <span class='ocrx_word' id='word_1_780' title='bbox 1120 5523 1439 5584; x_wconf 77' lang='lat' dir='ltr'><strong>salubritate</strong></span> <span class='ocrx_word' id='word_1_781' title='bbox 1469 5540 1523 5584; x_wconf 76' lang='lat' dir='ltr'><strong>et</strong></span> <span class='ocrx_word' id='word_1_782' title='bbox 1549 5523 1673 5587; x_wconf 66' lang='lat' dir='ltr'><strong>vita:</strong></span> 
     </span>
    </p>
   </div>
   <div class='ocr_carea' id='block_1_108' title="bbox 148 5587 1672 5660">
    <p class='ocr_par' dir='ltr' id='par_1_108' title="bbox 148 5587 1672 5660">
     <span class='ocr_line' id='line_1_108' title="bbox 148 5587 1672 5660; baseline 0.014 -27"><span class='ocrx_word' id='word_1_783' title='bbox 148 5587 492 5660; x_wconf 75' lang='lat' dir='ltr'><strong>diuturnitate</strong></span> <span class='ocrx_word' id='word_1_784' title='bbox 526 5593 590 5645; x_wconf 89' lang='lat' dir='ltr'><strong>ad</strong></span> <span class='ocrx_word' id='word_1_785' title='bbox 617 5601 880 5647; x_wconf 88' lang='lat' dir='ltr'><strong>trecentos</strong></span> <span class='ocrx_word' id='word_1_786' title='bbox 909 5608 1076 5645; x_wconf 89' lang='lat' dir='ltr'><strong>annos</strong></span> <span class='ocrx_word' id='word_1_787' title='bbox 1101 5596 1397 5660; x_wconf 65' lang='lat' dir='ltr'><strong>productae,</strong></span> <span class='ocrx_word' id='word_1_788' title='bbox 1424 5607 1536 5655; x_wconf 90' lang='lat' dir='ltr'><strong>tum</strong></span> <span class='ocrx_word' id='word_1_789' title='bbox 1560 5602 1672 5654; x_wconf 89' lang='lat' dir='ltr'><strong>lau-</strong></span> 
     </span>
    </p>
   </div>
   <div class='ocr_carea' id='block_1_109' title="bbox 152 5654 1671 5735">
    <p class='ocr_par' dir='ltr' id='par_1_109' title="bbox 152 5654 1671 5735">
     <span class='ocr_line' id='line_1_109' title="bbox 152 5654 1671 5735; baseline 0.014 -32"><span class='ocrx_word' id='word_1_790' title='bbox 152 5654 304 5709; x_wconf 86' lang='lat' dir='ltr'><strong>dibus</strong></span> <span class='ocrx_word' id='word_1_791' title='bbox 356 5658 614 5723; x_wconf 87' lang='lat' dir='ltr'><strong>lenitatis,</strong></span> <span class='ocrx_word' id='word_1_792' title='bbox 664 5662 874 5726; x_wconf 86' lang='lat' dir='ltr'><strong>quietis,</strong></span> <span class='ocrx_word' id='word_1_793' title='bbox 927 5654 1268 5729; x_wconf 76' lang='lat' dir='ltr'><strong>frugalitatis,</strong></span> <span class='ocrx_word' id='word_1_794' title='bbox 1319 5654 1671 5735; x_wconf 58' lang='lat' dir='ltr'><strong>castimonia,</strong></span> 
     </span>
    </p>
   </div>
   <div class='ocr_carea' id='block_1_110' title="bbox 1767 5329 3308 5411">
    <p class='ocr_par' dir='ltr' id='par_1_110' title="bbox 1767 5329 3308 5411">
     <span class='ocr_line' id='line_1_110' title="bbox 1767 5329 3308 5411; baseline 0.016 -30"><span class='ocrx_word' id='word_1_795' title='bbox 1767 5329 2004 5411; x_wconf 40' lang='lat' dir='ltr'><strong>iustitia;</strong></span> <span class='ocrx_word' id='word_1_796' title='bbox 2027 5335 2343 5411; x_wconf 58' lang='lat' dir='ltr'><strong>ac_pietatis.</strong></span> <span class='ocrx_word' id='word_1_797' title='bbox 2381 5335 2498 5411; x_wconf 78' lang='lat' dir='ltr'><strong>Quo</strong></span> <span class='ocrx_word' id='word_1_798' title='bbox 2545 5342 2713 5411; x_wconf 82' lang='lat' dir='ltr'><strong>magis</strong></span> <span class='ocrx_word' id='word_1_799' title='bbox 2739 5341 3042 5411; x_wconf 89' lang='lat' dir='ltr'><strong>mirandum</strong></span> <span class='ocrx_word' id='word_1_800' title='bbox 3081 5348 3244 5403; x_wconf 89' lang='lat' dir='ltr'><strong>scribi</strong></span> <span class='ocrx_word' id='word_1_801' title='bbox 3276 5364 3308 5405; x_wconf 82' lang='lat' dir='ltr'><strong>a</strong></span> 
     </span>
    </p>
   </div>
   <div class='ocr_carea' id='block_1_111' title="bbox 1775 5398 3311 5479">
    <p class='ocr_par' dir='ltr' id='par_1_111' title="bbox 1775 5398 3311 5479">
     <span class='ocr_line' id='line_1_111' title="bbox 1775 5398 3311 5479; baseline 0.012 -28"><span class='ocrx_word' id='word_1_802' title='bbox 1775 5398 1830 5452; x_wconf 90' lang='lat' dir='ltr'><strong>s.</strong></span> <span class='ocrx_word' id='word_1_803' title='bbox 1858 5398 2149 5478; x_wconf 79' lang='lat' dir='ltr'><strong>Epiphanio</strong></span> <span class='ocrx_word' id='word_1_804' title='bbox 2178 5402 2229 5453; x_wconf 89' lang='lat' dir='ltr'><strong>in</strong></span> <span class='ocrx_word' id='word_1_805' title='bbox 2261 5398 2593 5479; x_wconf 59' lang='lat' dir='ltr'><strong>Expositione</strong></span> <span class='ocrx_word' id='word_1_806' title='bbox 2633 5398 2795 5479; x_wconf 58' lang='lat' dir='ltr'><strong>ﬁdei.</strong></span> <span class='ocrx_word' id='word_1_807' title='bbox 2832 5426 2883 5463; x_wconf 91' lang='lat' dir='ltr'><strong>n.</strong></span> <span class='ocrx_word' id='word_1_808' title='bbox 2918 5412 3002 5470; x_wconf 65' lang='grc' dir='ltr'><strong>ιο,</strong></span> <span class='ocrx_word' id='word_1_809' title='bbox 3039 5398 3311 5479; x_wconf 56' lang='lat' dir='ltr'><strong>apud—Se:</strong></span> 
     </span>
    </p>
   </div>
   <div class='ocr_carea' id='block_1_112' title="bbox 1771 5474 3315 5541">
    <p class='ocr_par' dir='ltr' id='par_1_112' title="bbox 1771 5474 3315 5541">
     <span class='ocr_line' id='line_1_112' title="bbox 1771 5474 3315 5541; baseline 0.011 -22"><span class='ocrx_word' id='word_1_810' title='bbox 1771 5482 1879 5527; x_wconf 88' lang='lat' dir='ltr'><strong>ras,</strong></span> <span class='ocrx_word' id='word_1_811' title='bbox 1910 5474 2140 5541; x_wconf 67' lang='lat' dir='ltr'><strong>virorum</strong></span> <span class='ocrx_word' id='word_1_812' title='bbox 2171 5474 2611 5529; x_wconf 89' lang='lat' dir='ltr'><strong>consuetudinem</strong></span> <span class='ocrx_word' id='word_1_813' title='bbox 2638 5474 2826 5530; x_wconf 75' lang='lat' dir='ltr'><strong>fuisse</strong></span> <span class='ocrx_word' id='word_1_814' title='bbox 2854 5474 3195 5541; x_wconf 70' lang='lat' dir='ltr'><strong>muliebriter</strong></span> <span class='ocrx_word' id='word_1_815' title='bbox 3235 5486 3315 5536; x_wconf 60' lang='lat' dir='ltr'><strong>vi.</strong></span> 
     </span>
    </p>
   </div>
   <div class='ocr_carea' id='block_1_113' title="bbox 1771 5537 3319 5604">
    <p class='ocr_par' dir='ltr' id='par_1_113' title="bbox 1771 5537 3319 5604">
     <span class='ocr_line' id='line_1_113' title="bbox 1771 5537 3319 5604; baseline 0.012 -18"><span class='ocrx_word' id='word_1_816' title='bbox 1771 5551 1914 5604; x_wconf 81' lang='lat' dir='ltr'><strong>vere,</strong></span> <span class='ocrx_word' id='word_1_817' title='bbox 1971 5537 2283 5590; x_wconf 89' lang='lat' dir='ltr'><strong>feminarum</strong></span> <span class='ocrx_word' id='word_1_818' title='bbox 2330 5555 2459 5593; x_wconf 77' lang='lat' dir='ltr'><strong>vero</strong></span> <span class='ocrx_word' id='word_1_819' title='bbox 2505 5546 2752 5599; x_wconf 68' lang='lat' dir='ltr'><strong>viril‘ter.</strong></span> <span class='ocrx_word' id='word_1_820' title='bbox 2799 5537 3017 5599; x_wconf 83' lang='lat' dir='ltr'><strong>Scilicet</strong></span> <span class='ocrx_word' id='word_1_821' title='bbox 3068 5550 3319 5604; x_wconf 86' lang='lat' dir='ltr'><strong>attribuit</strong></span> 
     </span>
    </p>
   </div>
   <div class='ocr_carea' id='block_1_114' title="bbox 1774 5603 3313 5685">
    <p class='ocr_par' dir='ltr' id='par_1_114' title="bbox 1774 5603 3313 5685">
     <span class='ocr_line' id='line_1_114' title="bbox 1774 5603 3313 5685; baseline 0.01 -31"><span class='ocrx_word' id='word_1_822' title='bbox 1774 5603 2345 5685; x_wconf 38' lang='lat' dir='ltr'><strong>Epiphanius-Scriba</strong></span> <span class='ocrx_word' id='word_1_823' title='bbox 2367 5613 2510 5685; x_wconf 65' lang='lat' dir='ltr'><strong>qugd</strong></span> <span class='ocrx_word' id='word_1_824' title='bbox 2533 5613 2599 5665; x_wconf 86' lang='lat' dir='ltr'><strong>ad</strong></span> <span class='ocrx_word' id='word_1_825' title='bbox 2629 5613 2788 5667; x_wconf 86' lang='lat' dir='ltr'><strong>Gclos</strong></span> <span class='ocrx_word' id='word_1_826' title='bbox 2813 5615 3091 5682; x_wconf 82' lang='lat' dir='ltr'><strong>pertinet;</strong></span> <span class='ocrx_word' id='word_1_827' title='bbox 3121 5618 3192 5668; x_wconf 89' lang='lat' dir='ltr'><strong>de</strong></span> <span class='ocrx_word' id='word_1_828' title='bbox 3212 5603 3313 5685; x_wconf 58' lang='lat' dir='ltr'><strong>qui</strong></span> 
     </span>
    </p>
   </div>
   <div class='ocr_carea' id='block_1_115' title="bbox 1773 5672 2527 5742">
    <p class='ocr_par' dir='ltr' id='par_1_115' title="bbox 1773 5672 2527 5742">
     <span class='ocr_line' id='line_1_115' title="bbox 1773 5672 2527 5742; baseline 0.008 -15"><span class='ocrx_word' id='word_1_829' title='bbox 1773 5672 1873 5727; x_wconf 89' lang='lat' dir='ltr'><strong>bus</strong></span> <span class='ocrx_word' id='word_1_830' title='bbox 1902 5672 2036 5727; x_wconf 90' lang='lat' dir='ltr'><strong>infra</strong></span> <span class='ocrx_word' id='word_1_831' title='bbox 2069 5675 2161 5728; x_wconf 90' lang='lat' dir='ltr'><strong>lib.</strong></span> <span class='ocrx_word' id='word_1_832' title='bbox 2190 5689 2261 5741; x_wconf 76' lang='lat' dir='ltr'><strong>ix,</strong></span> <span class='ocrx_word' id='word_1_833' title='bbox 2293 5672 2409 5742; x_wconf 74' lang='lat' dir='ltr'><strong>cap.</strong></span> <span class='ocrx_word' id='word_1_834' title='bbox 2440 5680 2527 5739; x_wconf 71' lang='lat'><strong>‘22.</strong></span> 
     </span>
    </p>
   </div>
  </div>
