3848 6326
635 341 776 398 I595

1437 341 1492 396 S.
1531 339 1914 395 CLEMENTIS
1954 339 1974 393 ι
2007 336 2175 392 ROM.
2214 334 2413 397 PONT.
2452 339 2678 395 OPERA
2715 341 2961 400 DUBIA.
3569 360 3649 414 ηας

634 454 926 509 secundum
953 457 1206 509 rationem
1243 461 1580 521 peccatorum
1610 467 1828 506 necesse
1860 460 1976 506 erat
2003 452 2162 506 etiam
2191 454 2235 509 Α
2265 452 2526 520 apostolis
2554 451 3023 521 pseudoapostoli,
3052 460 3102 508 et
3129 454 3404 513 doctoribus
3421 459 3515 515 falsi
3535 465 3653 521 docto.

632 560 729 612 per
751 546 987 613 singulas
1014 543 1382 612 generationes
1415 541 1517 595 hoc
1542 542 1658 597 fieri
1682 541 2010 595 infidelitatis
2039 554 2160 609 gra-

632 633 738 697 tia;
767 634 859 686 sed
878 640 884 647 '
902 633 1067 700 magis
1104 631 1323 685 indulsit
1350 646 1444 700 per
1471 630 1706 699 singulas
1734 638 1917 698 gentes
1943 629 2159 699 angelos

631 723 889 790 quosdam
919 736 1075 789 agere
1098 721 1451 788 principatum
1474 720 1565 787 qui
1594 719 1747 773 malis
1771 720 2017 787 gaudent,
2036 717 2157 787 qui-

632 812 732 866 bus
759 819 932 864 tamen
963 825 1025 863 ea
1052 809 1353 863 conditione
1377 816 1614 877 potestas
1656 808 1935 863 adversum
1964 823 2159 861 unum-

630 915 895 969 quemque
920 900 1222 952 mortalium
1253 900 1375 952 data
1402 905 1503 960 est.
1533 900 1577 953 si
1616 899 1767 967 prius
1805 914 1862 953 se
1894 900 2007 967 ipse
2034 898 2156 967 quis

629 990 899 1059 peccando
941 990 1018 1044 eis
1065 989 1278 1042 fecisset
1320 988 1634 1051 obnoxium,
1677 989 1847 1043 donec
1883 988 2157 1041 adveniret

626 1082 715 1135 ille
741 1080 829 1148 qui
853 1079 1006 1133 bonis
1035 1078 1245 1147 gaudet,
1277 1084 1330 1131 et
1357 1078 1711 1146 compleretur
1734 1093 1828 1147 per
1851 1079 2023 1148 ipsum
2053 1094 2156 1130 nu-

626 1185 803 1224 merus
827 1170 1114 1236 justorum,
1145 1176 1198 1221 et
1223 1183 1317 1236 per
1358 1182 1565 1222 omnem
1596 1168 1851 1221 mundum
1879 1175 2156 1222 crescente

625 1257 963 1312 multitudine
1013 1261 1244 1327 piorum,
1277 1257 1453 1324 aliqua
1483 1272 1548 1310 ex
1581 1264 1731 1325 parte
1774 1257 2154 1326 reprimeretur

623 1350 872 1417 impietas
900 1357 953 1402 et
983 1348 1338 1401 innotesceret
1366 1347 1633 1413 omnibus,
1663 1347 1788 1417 quia
1829 1362 1987 1401 omne
2009 1345 2153 1416 quod

623 1440 820 1494 bonum
851 1446 932 1492 est
965 1431 1005 1491 ai
1024 1437 1131 1491 Deo
1156 1438 1233 1491 fit.
1256 1496 1259 1499 ,

686 1531 769 1586 Ll.
812 1531 888 1585 Ex
916 1531 1121 1585 arbitrii
1155 1538 1331 1583 autem
1371 1531 1614 1586 libertate
1653 1534 2021 1602 unusquisque
2054 1532 2152 1585 ho—

574 1610 577 1613 »
620 1624 822 1676 mimuu
866 1623 991 1676 dum
1037 1622 1343 1677 incredulus
1386 1631 1467 1676 est
1514 1622 1579 1676 de
1612 1623 1826 1683 futuris,
1859 1638 1953 1690 per
1982 1624 2150 1679 malos

620 1722 774 1767 actus
816 1714 1040 1767 incurrit
1080 1715 1133 1766 in
1180 1715 1337 1766 mala.
1370 1712 1429 1764 Et
1476 1713 1585 1766 haec
1611 1720 1735 1767 sunt
1764 1728 1880 1782 quae
1906 1712 2150 1767 videntur

618 1805 672 1857 in
704 1804 902 1857 mundo
941 1813 1124 1857 contra
1173 1804 1409 1857 ordinem
1440 1804 1572 1871 geri,
1614 1805 1809 1872 quibus
1845 1818 2057 1866 causas,
2091 1811 2148 1856 ut

618 1900 816 1953 essent,
842 1892 1127 1946 infidelitas
1166 1893 1328 1946 dedit.
1361 1891 1598 1944 Miranda
1635 1893 1793 1959 igitur
1838 1906 1933 1960 per
1967 1892 2149 1945 omnia

616 1987 700 2034 est
740 1979 936 2033 divinae
983 1979 1332 2033 Providentiae
1379 1980 1734 2048 dispensatio,
1783 1993 1900 2047 qum
1929 1978 2013 2031 liis
2055 1980 2146 2046 qui

616 2070 769 2122 initio
817 2068 1035 2134 fuerint,
1068 2070 1260 2123 bonam
1300 2070 1511 2137 quidem
1544 2069 1678 2121 viam
1708 2074 1822 2121 vita:
1848 2068 2145 2121 incedenti-

615 2160 736 2223 bus,
764 2159 919 2213 bonis
947 2160 1438 2228 incorruptibilibus
1470 2158 1611 2211 dedit
1636 2156 1835 2225 perfrui
1861 2173 1874 2220 ;
1908 2157 1997 2210 ubi
2020 2172 2146 2210 vero

616 2256 971 2315 peccaverunt
1001 2248 1164 2319 [mali
1192 2249 1449 2316 originem
1487 2255 1704 2314 peccato
1730 2248 1967 2316 pariente
1997 2263 2147 2300 sum-

614 2344 835 2405 pserunt
858 2336 900 2408 J,
925 2345 977 2391 et
1001 2337 1291 2405 unicuique
1317 2337 1454 2389 bono
1480 2336 1629 2403 quasi
1656 2335 1882 2402 quodam
1912 2336 2143 2403 conjugii

612 2427 813 2483 fmdere
836 2444 901 2482 ex
933 2438 1082 2497 parte
1119 2427 1321 2496 peccati
1352 2428 1607 2480 sociatum
1637 2434 1718 2479 est
1750 2426 1946 2478 malum
1966 2463 1981 2489 ,
2010 2442 2143 2494 quo-

610 2521 753 2573 niam
779 2517 991 2587 quidem
1015 2518 1245 2571 humano
1276 2518 1531 2586 sanguine
1559 2524 1699 2570 terra
1728 2517 1928 2585 polluta
1954 2525 2054 2580 est,
2090 2526 2144 2571 et

610 2623 718 2662 arae
749 2607 1076 2662 daemonibus
1118 2623 1405 2667 succensae,
1432 2622 1607 2661 aerem
1636 2623 1843 2675 quoque
1866 2608 2038 2676 ipsum
2068 2609 2146 2661 in-

610 2706 759 2751 cesto
786 2697 1166 2751 sacrificiorum
1200 2695 1344 2749 fumo
1375 2704 1720 2760 temerarunt,
1750 2702 1802 2749 et
1828 2696 1897 2748 ita
1928 2696 2141 2750 demum

609 2796 858 2856 corrupta
886 2788 1033 2855 prius
1071 2788 1328 2840 elementa
1372 2786 1677 2840 hominibus
1714 2787 2030 2855 corruptela:
2069 2788 2143 2839 vi-

608 2878 760 2938 tium,
801 2876 942 2930 velut
974 2877 1180 2929 radices
1210 2876 1369 2929 ramis
1399 2889 1462 2927 ac
1499 2875 1757 2929 fructibus
1784 2875 2139 2932 tradiderunt.

679 2963 782 3016 Lll.
824 2963 953 3016 Vide
980 2977 1107 3031 ergo
1140 2963 1191 3014 in
1216 2962 1336 3025 hoc,
1361 2970 1418 3014 ut
1440 2963 1569 3021 dixi.
1595 2978 1753 3030 quam
1774 2962 1916 3031 juste
1942 2965 2141 3021 vitiatis

2258 556 2366 595 res.
2401 541 2465 594 Et
2495 541 2618 596 inde
2635 552 2721 597 est
2746 541 2900 595 unde
2922 544 3056 610 apud
3078 543 3385 613 philosophos
3402 549 3475 601 alii
3495 565 3656 607 asserunt

2257 629 2675 697 providentiam,
2729 630 2827 683 alii
2875 638 3083 701 negant,
3125 632 3209 685 alii
3249 649 3392 688 unum
3428 634 3570 705 Deum,
3602 643 3657 696 alii

2248 720 2441 774 Plures
2466 720 2787 775 defendunt.
2828 718 3007 789 Usque
3036 721 3098 774 ad
3126 721 3219 775 hoc
3243 738 3320 777 res
3339 724 3525 794 denique
3544 743 3663 784 acces-

2256 808 2346 872 sit,
2377 815 2435 861 ut
2461 825 2584 863 eum
2610 810 2777 864 verbo
2808 808 2899 863 Dei
2923 808 3163 878 fugentur
3188 812 3438 876 daemones,
3472 831 3544 884 per
3571 821 3662 887 quod

2253 910 2375 949 esse
2416 895 2767 950 Providentia
2815 896 3131 960 declaratur,
3158 899 3391 954 invenerit
3427 918 3499 958 ars
3532 908 3669 975 magica

2254 981 2321 1035 ad
2345 981 2718 1037 infidelitatem
2745 984 3178 1048 confirmandam,
3207 988 3440 1056 quomodo
3463 992 3583 1043 etiam
3603 992 3670 1046 hoc

2252 1089 2319 1128 ex
2348 1074 2642 1127 contrariis
2665 1073 2930 1128 imitetur.
2966 1071 3055 1127 Sic
3084 1085 3365 1145 serpentum
3389 1094 3553 1135 venena
3579 1084 3673 1135 miti-

2252 1180 2380 1234 gare
2420 1164 2762 1218 carminibus
2808 1164 3103 1227 inventum,
3132 1174 3182 1220 et
3223 1168 3369 1222 verbo
3406 1184 3459 1221 ac
3499 1174 3673 1238 potestati

2252 1250 2348 1304 Dei
2387 1251 2698 1305 contrarias
2746 1250 3006 1307 inducere
3044 1254 3307 1310 sanitates.
3330 1257 3511 1326 Angelis
3532 1274 3677 1328 quoque

2250 1340 2344 1396 Dei
2373 1343 2649 1397 contraria
2680 1343 2881 1412 reperit
2910 1359 2999 1398 ars
3025 1346 3220 1414 magica
3248 1346 3520 1409 ministeria,
3540 1350 3678 1401 anima-

2249 1448 2369 1486 rum
2404 1435 2799 1489 suscitationes
2842 1442 3031 1488 contra
3066 1435 3175 1489 haec
3218 1444 3269 1489 et
3308 1436 3517 1506 figmenta
3545 1439 3679 1491 demo-

2247 1538 2377 1576 num
2422 1538 2654 1592 ponens.
2694 1521 2761 1575 Et
2792 1537 2862 1576 ne
2892 1524 3061 1576 multa
3105 1525 3436 1578 enumerando
3464 1541 3681 1580 sermonem

2249 1610 2459 1681 longius
2489 1611 2729 1676 traham,
2755 1610 2893 1664 nihil
2921 1612 3137 1665 omnino
3162 1620 3239 1666 est
3262 1613 3389 1681 quod
3415 1612 3540 1668 fidem
3559 1614 3682 1669 Provi-

2248 1698 2444 1752 dentia:
2471 1698 2660 1764 faciat,
2684 1707 2739 1754 et
2768 1714 2880 1753 non
2908 1699 3104 1752 habeat
3125 1704 3408 1755 econtrario
3431 1701 3547 1754 aliud
3569 1702 3615 1754 ad
3634 1703 3685 1753 in-

2248 1788 2557 1843 fidelitatem
2590 1799 2883 1858 paratum;
2919 1798 2972 1844 et
3002 1790 3120 1844 ideo
3151 1792 3237 1860 qui
3266 1794 3479 1861 ignorant
3496 1792 3613 1844 istam
3633 1791 3683 1842 di-

2248 1880 2509 1933 visionem
2540 1896 2752 1943 rerum,
2785 1897 2888 1950 pro
2916 1882 3002 1935 his
3028 1896 3146 1950 quae
3192 1896 3221 1933 a
3261 1882 3521 1948 semetipsis
3543 1882 3685 1933 discor-

2246 1968 2375 2021 dant
2405 1969 2460 2022 in
2492 1970 2721 2034 mundo,
2749 1987 2862 2025 non
2892 1979 3082 2041 putant
3111 1986 3227 2026 esse
3243 1971 3595 2027 PI'Ovidentiam.
3616 1968 3683 2021 Sed

2246 2066 2324 2122 tu,
2353 2058 2538 2125 Pater,
2562 2061 2726 2129 quasi
2761 2062 2848 2115 vir
2878 2063 3096 2131 sapiens
3122 2078 3186 2117 ex
3226 2062 3321 2115 ista
3363 2061 3578 2114 divisione
3597 2061 3685 2125 elige

2244 2158 2471 2217 partem,
2506 2166 2629 2219 qua:
2673 2151 2929 2207 ordinem
2961 2160 3138 2207 servat
3173 2160 3225 2209 et
3265 2151 3406 2206 fidem
3433 2150 3686 2220 providentia:

2244 2235 2394 2299 facit,
2424 2244 2479 2290 et
2532 2254 2644 2292 non
2693 2241 2876 2294 solum
2923 2242 3169 2309 sequaris
3217 2241 3350 2293 illam
3390 2249 3576 2307 partem,
3612 2255 3687 2305 qua

2242 2336 2434 2380 contra
2459 2329 2712 2384 ordinem
2734 2336 2911 2385 currit
2932 2338 2987 2387 et
3002 2332 3345 2388 Providentiae
3365 2331 3549 2400 derogat
3566 2330 3683 2383 fidem.

2310 2416 2442 2471 LIV.
2484 2418 2567 2472 Ad
2594 2420 2740 2475 haec
2787 2437 2959 2477 senex
2985 2422 3259 2492 respondit
3289 2441 3303 2477 :
3337 2422 3403 2475 Da
3440 2422 3545 2474 mihi
3578 2422 3686 2481 viam,

2242 2504 2340 2568 fili,
2375 2521 2481 2575 qua
2510 2510 2723 2576 possim
2767 2526 2836 2565 ex
2862 2511 3078 2567 duobus
3106 2512 3221 2567 istis
3244 2511 3505 2573 ordinibus,
3528 2524 3685 2578 quorum

2241 2598 2378 2651 alter
2411 2600 2631 2662 asserit,
2666 2602 2811 2656 alter
2836 2602 3044 2656 refutat
3065 2603 3452 2665 Providentiam,
3479 2616 3605 2655 unum
3625 2599 3689 2651 ali~

2240 2703 2398 2757 quem
2430 2689 2483 2742 in
2513 2691 2653 2746 meis
2690 2694 2953 2751 sensibus
2992 2694 3317 2749 confirmare.
3344 2688 3687 2756 Rectum,in(1uit

2240 2777 2456 2845 Aquila,
2481 2778 2708 2833 habenti
2737 2781 3013 2849 judicium
3046 2784 3200 2838 facile
3227 2784 3485 2838 discrimen
3507 2788 3689 2835 estznam

2238 2876 2292 2920 et
2321 2867 2425 2919 hoc
2455 2867 2634 2935 ipsum
2674 2870 2828 2938 quod
2858 2872 2961 2937 ais,
2991 2872 3125 2928 ordo
3162 2880 3213 2927 et
3249 2870 3542 2935 iuordinatio,
3564 2867 3613 2919 ab
3630 2880 3688 2916 ar-

2238 2957 2383 3011 tifice
2410 2957 2524 3011 fieri
2558 2968 2769 3028 potest,
2799 2976 2831 3014 a
2862 2970 3058 3019 natura
3090 2980 3214 3019 vero
3246 2961 3505 3017 insensibili
3529 2975 3608 3013 non
3630 2971 3692 3025 po-

608 3052 771 3105 rcbus
798 3049 1131 3103 Providentia
1162 3049 1339 3103 divina
1368 3052 1653 3114 succurrit,
1684 3059 1741 3104 ut
1769 3054 2017 3120 quoniam
2048 3054 2137 3107 bo-
2162 3069 2207 3128 C
2241 3055 2377 3113 test;
2407 3062 2536 3100 nam
2579 3051 2742 3105 verbi
2772 3054 2952 3120 gratia
3000 3069 3261 3125 ponamus
3306 3054 3367 3107 de
3405 3051 3576 3106 excelsa
3604 3060 3692 3113 rupe

606 3139 691 3192 nis
716 3138 825 3202 Dei,
846 3138 983 3191 mala
1010 3152 1128 3204 quae
1163 3152 1225 3189 ex
1256 3148 1472 3205 peccato
1498 3139 1755 3206 originem
1797 3148 2134 3208 sumpserant

604 3229 805 3283 sociata
855 3236 1002 3292 sunt,
1032 3228 1241 3281 duabus
1290 3227 1372 3281 his
1416 3229 1653 3295 partibus
1697 3228 1830 3284 duos
1868 3232 2134 3299 principes

604 3327 842 3387 poneret,
876 3326 929 3371 et
965 3319 1012 3372 ei
1042 3318 1132 3387 qui
1161 3317 1318 3372 bonis
1349 3318 1541 3386 gaudet
1566 3323 1826 3371 bonorum
1869 3321 2130 3385 ordinem,

604 3410 694 3478 qui
728 3409 793 3461 ad
829 3407 983 3461 fidem
1008 3407 1350 3476 providentiae
1378 3421 1487 3461 suae
1512 3408 1790 3461 credentes
1822 3408 2130 3476 adduceret,

604 3496 810 3557 statuit,
840 3495 890 3548 ei
916 3509 1041 3548 vero
1066 3496 1157 3564 qui
1186 3496 1339 3549 malis
1364 3495 1576 3564 gaudet,
1604 3512 1665 3549 ea
1694 3512 1810 3565 qua:
1833 3504 2019 3551 contra
2045 3515 2135 3553 or-

603 3584 780 3637 dinem
812 3591 865 3637 et
911 3584 1167 3639 inutiliter
1192 3593 1470 3654 geruntur,
1500 3601 1561 3639 ex
1595 3587 1789 3654 quibus
1823 3586 1938 3640 sine
1969 3588 2133 3642 dubio

602 3676 760 3729 etiam
790 3675 1131 3743 providentiae
1154 3674 1281 3730 ﬁdes
1310 3675 1362 3729 in
1390 3676 1609 3729 dubium
1642 3676 1843 3742 veniat;
1872 3684 1924 3730 et
1954 3677 2131 3731 habita

601 3774 683 3817 est
713 3779 807 3833 per
829 3764 927 3817 hoc
951 3778 981 3816 a
1004 3764 1153 3832 justo
1180 3764 1287 3818 Deo
1307 3766 1451 3831 justa
1471 3764 1681 3818 divisio.
1707 3764 1843 3819 Hinc
1871 3781 1996 3835 ergo
2024 3775 2129 3832 est,

601 3856 743 3925 quod
777 3868 898 3907 cum
925 3854 1201 3908 ordinatus
1247 3865 1512 3907 astrorum
1559 3869 1752 3908 cursus
1789 3854 1942 3910 fidem
1970 3854 2132 3909 faciat

603 3958 764 3996 manu
791 3942 1008 3996 artificis
1048 3943 1319 3996 conditum
1367 3944 1644 4007 mundum,
1671 3958 1882 3998 rursum
1914 3952 2131 3999 contur-

601 4031 745 4085 batio
784 4031 946 4096 aeris,
979 4044 1110 4084 aura
1156 4030 1430 4098 pestilens,
1472 4029 1750 4083 fulminum
1796 4030 1913 4100 vagi
1956 4030 2127 4100 ignes,

594 4114 946 4180 Providentia:
984 4134 1117 4187 opus
1159 4118 1421 4173 refellant.
1454 4116 1662 4171 Habent
1700 4117 1864 4182 enim,
1895 4124 1955 4170 ut
1991 4117 2131 4171 dixi-

599 4224 741 4272 mus,
770 4209 977 4278 singula
1015 4223 1237 4277 quaeque
1264 4208 1423 4265 bona.
1454 4206 1723 4260 contraria
1759 4214 1812 4261 et
1841 4208 2127 4275 conjuncta

601 4299 703 4353 sibi
730 4299 887 4359 mala,
917 4306 977 4351 ut
1009 4297 1250 4352 fecundis
1274 4296 1533 4351 imbribus
1564 4295 1767 4365 grando
1790 4295 2001 4349 inimica
2023 4303 2123 4359 est,

2235 3136 2524 3204 abruptum
2546 3152 2750 3192 saxum
2777 3139 2834 3193 in
2858 3157 3102 3212 praeceps
3126 3142 3270 3207 ferri,
3291 3142 3433 3209 idque
3451 3135 3692 3192 illisumsolo

2235 3224 2290 3277 in
2316 3225 2482 3277 multa
2512 3225 2839 3297 fragmenta
2856 3232 3176 3295 comminui,
3200 3231 3421 3300 nunquid
3439 3228 3605 3282 evenire
3622 3222 3692 3275 ullo

2232 3313 2396 3366 modo
2426 3323 2638 3383 potest,
2677 3326 2742 3371 ut
2793 3320 2852 3372 in
2903 3321 2997 3374 illa
3025 3322 3352 3377 multitudine
3378 3319 3692 3387 fragmentorum

2232 3401 2545 3456 inveniatur
2580 3422 2760 3461 unum
2794 3410 2995 3466 saltem
3037 3413 3396 3481 fragmentum,
3435 3410 3481 3461 in
3515 3420 3595 3475 quo
3615 3418 3692 3471 p01"-

2232 3488 2372 3543 fecta
2405 3492 2593 3560 aliqua
2626 3497 2852 3563 species
2882 3515 2983 3569 per
3009 3501 3188 3554 omnia
3219 3500 3455 3553 habeatur
3480 3509 3529 3547 ac
3552 3486 3692 3545 forma1

2231 3582 2296 3636 Et
2326 3599 2490 3639 senex
2530 3588 2833 3658 respondit
2868 3610 2883 3645 :
2916 3590 3035 3646 Non
3069 3599 3260 3662 potest.
3282 3590 3419 3657 Quod
3446 3590 3481 3643 si
3503 3581 3692 3643 adsit,in-

2229 3675 2347 3744 quit
2386 3676 2613 3744 Aquila,
2657 3680 2953 3748 signorum
2996 3682 3209 3746 artifex,
3236 3682 3452 3735 excisum
3488 3677 3541 3729 de
3573 3678 3692 3761 monte

2229 3777 2423 3816 saxum
2450 3778 2626 3818 manu
2661 3767 2871 3820 artifici
2894 3775 2952 3821 et
2983 3783 3146 3822 sensu
3172 3764 3450 3820 rationabili
3474 3762 3645 3815 formare
3659 3770 3691 3802 un

2228 3868 2392 3924 quam
2432 3855 2570 3908 velit
2610 3860 2866 3925 speciem
2903 3866 3104 3929 potest.
3136 3858 3200 3912 Et
3229 3874 3413 3915 senex:
3444 3853 3609 3913 Verum,
3637 3847 3691 3899 in-

2227 3943 2367 4011 (Ιυίῑ,
2397 3943 2549 3999 istud
2600 3954 2714 4002 est.
2752 3948 2922 4018 Ergo,
2954 3951 3033 4002 ait
3082 3949 3290 4020 Aquila,
3317 3948 3397 4001 ubi
3440 3956 3592 3999 sensus
3624 3950 3691 3987 non

2226 4043 2311 4086 est
2338 4034 2726 4101 rationabilis,
2758 4041 2915 4093 nulla
2966 4042 3177 4112 species
3223 4056 3287 4095 ex
3328 4040 3507 4109 integro
3542 4025 3691 4086 formari

2185 4190 2204 4208 .
2226 4129 2429 4190 potest,
2464 4125 2564 4180 ubi
2597 4112 2788 4183 autem
2822 4145 3027 4187 sensus
3076 4139 3161 4187 est
3207 4129 3403 4192 artifex,
3433 4126 3493 4182 ibi
3518 4130 3559 4176 et
3580 4120 3691 4172 forma

2224 4223 2279 4269 et
2303 4214 2627 4274 informitas
2657 4236 2787 4277 esse
2818 4230 3004 4291 potest
3035 4240 3049 4274 :
3079 4223 3226 4281 verbi
3252 4221 3424 4294 gratia,
3450 4217 3487 4273 si
3506 4209 3691 4269 excidale

2225 4313 2411 4359 monte
2462 4322 2669 4363 saxum
2725 4312 2931 4369 artifex
2978 4314 3069 4371 cui
3108 4313 3324 4368 formam
3348 4310 3458 4365 velit
3483 4307 3691 4373 imponen‘,

598 4398 659 4443 ut
701 4389 811 4443 rori
856 4387 1063 4457 placido
1109 4387 1367 4456 rubiginis
1409 4395 1491 4440 est
1520 4387 1718 4442 sociata
1746 4387 2037 4455 corruptio,
2071 4398 2125 4442 ut
2150 4408 2202 4466 ι)
2227 4408 2454 4450 necesse
2505 4407 2599 4452 est
2650 4410 2715 4454 ut
2763 4403 2822 4456 id
2863 4405 3046 4472 primo
3079 4404 3303 4459 informe
3331 4398 3537 4458 credatet
3563 4388 3691 4447 barbi-

596 4479 772 4532 ventis
813 4478 1023 4532 lenibus
1071 4477 1427 4545 procellarum
1477 4475 1715 4530 turbines
1743 4475 1929 4542 'juncti
1977 4484 2122 4541 sunt,

596 4568 886 4622 fructuosis
930 4567 1213 4621 arboribus
1257 4564 1623 4627 infructuosae,
1673 4564 1854 4618 herbis
1902 4566 2124 4620 utilibus

596 4657 789 4719 noxiae,
820 4656 1141 4711 animalibus
1167 4655 1387 4709 mitibus
1426 4654 1539 4708 fera
1581 4660 1635 4708 et
1667 4654 1965 4722 perniciosa
1995 4670 2125 4709 con-

596 4762 732 4802 nexa
754 4755 900 4805 sunt.
922 4746 1046 4800 Haec
1070 4753 1248 4800 autem
1271 4744 1449 4799 omnia
1479 4743 1651 4813 posita
1680 4752 1806 4796 sunt
1827 4757 1856 4794 a
1880 4743 2006 4807 Deo,
2025 4760 2124 4812 pro

594 4851 661 4890 eo
700 4836 840 4905 quod
885 4835 1189 4889 hominibus
1232 4834 1479 4888 voluntas
1528 4831 1736 4885 arbitrii
1783 4845 1816 4884 a
1860 4832 2121 4895 bonorum

597 4928 866 4994 preposito
893 4926 1141 4982 discessit
1163 4932 1215 4980 et
1242 4924 1528 4983 declinavit
1558 4923 1625 4983 ad
1651 4923 1809 4986 mala,

665 5014 795 5070 Llll.
830 5017 993 5084 Igitur
1022 5016 1074 5067 in
1106 5015 1354 5068 omnibus
1379 5013 1559 5066 mundi
1583 5014 1741 5067 rebus
1766 5012 1992 5065 habetur
2016 5012 2120 5067 ista

596 5104 803 5171 divisio,
831 5114 883 5160 et
909 5107 1048 5159 sicut
1081 5113 1204 5159 sunt
1231 5106 1325 5172 pii,
1364 5106 1435 5159 ita
1466 5112 1517 5157 et
1545 5104 1712 5173 impii,
1755 5111 1811 5155 ut
1841 5111 1966 5157 sunt
1996 5120 2120 5173 pro-

595 5193 784 5260 phetae,
810 5195 883 5247 ita
910 5203 963 5248 et
990 5194 1107 5247 falsi
1135 5195 1436 5263 prophetae;
1481 5193 1573 5248 sed
1617 5200 1672 5247 et
1710 5193 1853 5264 apud
1894 5194 2120 5263 gentiles

598 5289 723 5333 sunt
749 5284 1071 5355 philosophi,
1104 5292 1228 5337 sunt
1276 5290 1329 5337 et
1376 5282 1496 5337 falsi
1547 5283 1878 5351 philosophi;
1909 5281 2119 5337 Iudaeo-

597 5383 714 5422 rum
762 5388 971 5444 quoque
1002 5372 1465 5428 circumcisionem
1498 5373 1736 5430 Arabica)
1764 5378 1947 5440 gentes
1976 5372 2119 5433 alia-

597 5468 700 5521 que
722 5457 957 5523 plurimae
996 5461 1062 5513 ad
1091 5460 1443 5513 ministerium
1476 5475 1584 5514 suae
1612 5460 1893 5528 impietatis
1925 5458 2117 5514 imitati

598 5554 737 5596 sunt.
771 5545 858 5600 Sic
885 5556 937 5601 et
961 5550 1141 5605 divino
1175 5550 1340 5602 cultui
1368 5558 1450 5604 est
1485 5550 1786 5604 contrarius
1815 5548 2114 5606 daemonum

597 5634 793 5703 cultus,
838 5644 891 5691 et
946 5640 1207 5708 baptismo
1254 5640 1566 5711 baptismus,
1600 5651 1649 5695 et
1697 5642 1794 5713 legi
1846 5641 2010 5710 leges,
2063 5651 2116 5701 et

2227 4500 2368 4549 rum,
2404 4491 2526 4538 tum
2576 4489 2790 4546 deinde
2822 4494 3092 4563 paulatim
3137 4492 3391 4553 excudens
3416 4496 3461 4541 et
3492 4484 3545 4537 ad
3566 4480 3691 4533 libram

2224 4588 2337 4627 suae
2358 4575 2502 4629 artis
2525 4582 2898 4651 exsculpens,
2916 4586 3190 4655 exprimat
3210 4584 3414 4645 formam
3434 4589 3559 4649 quam
3576 4573 3691 4622 ηιθηιε

2222 4667 2570 4734 conceperit.
2602 4668 2687 4724 lta
2716 4688 2855 4744 ergo
2877 4692 2945 4730 ex
2978 4676 3302 4730 informitate
3329 4672 3401 4726 vel
3426 4664 3688 4723 deformitate.

2221 4752 2451 4809 artificis
2486 4772 2667 4814 manu
2697 4767 3030 4831 pervenitur
3071 4768 3138 4821 ad
3168 4766 3398 4826 formam,
3422 4767 3466 4815 et
3491 4758 3689 4813 utrumque

2220 4838 2288 4897 ab
2329 4842 2551 4900 artifice
2599 4851 2903 4919 procedit;
2937 4854 3103 4908 simili
3146 4854 3302 4923 igitur
3328 4849 3465 4907 modo
3487 4855 3529 4899 et
3554 4848 3689 4903 ead"?e

2220 4924 2279 4985 in
2308 4932 2527 4987 mundo
2557 4947 2865 5005 geruntur,
2887 4958 2986 5011 per
3006 4941 3228 4997 artificis
3244 4933 3569 5011 providentiam
3590 4924 3687 5015 ³⁸Ψῖ

2218 5017 2440 5074 etiamsi
2473 5025 2671 5082 minus
2703 5030 2971 5085 ordinata
2999 5031 3295 5087 videantur.
3324 5028 3381 5080 Et
3406 5025 3503 5079 ideo
3520 5018 3610 5088 quia
3631 5012 3688 5063 ίίῘίί

2216 5108 2339 5162 duae
2369 5109 2498 5166 istae
2533 5115 2915 5176 innotuerunt
2959 5122 3082 5189 viae,
3112 5135 3384 5191 earumque
3420 5106 3616 5179 παρίω
3635 5100 3686 5153 δί’

2217 5196 2491 5265 visiones,
2527 5202 2662 5275 fuge
2702 5208 3053 5271 infidelitatis
3095 5213 3256 5274 viam,
3284 5225 3346 5263 ne
3371 5207 3487 5260 forte
3510 5195 3687 5269 perducat

2217 5287 2379 5379 tead
2405 5289 2571 5347 illum
2603 5300 2925 5371 principem
2954 5305 3050 5374 qui
3080 5303 3233 5358 malis
3255 5299 3446 5372 gaudet,
3471 5280 3686 5379 sequereﬁ:

2217 5376 2304 5430 dei
2334 5378 2515 5446 viam,
2551 5397 2616 5441 ut
2655 5396 2956 5459 pervenire
3002 5397 3180 5467 possis
3227 5394 3289 5452 ad
3329 5405 3480 5463 regem
3505 5385 3613 5440 illum
3628 5376 3683 5444 qui

2216 5467 2382 5558 bonis
2409 5472 2755 5539 hominibus
2783 5490 3009 5558 gaudet.

2286 5557 2403 5615 LV.
2446 5562 2536 5620 Ad
2590 5569 2718 5628 hac
2772 5557 2947 5638 senex
3002 5578 3271 5650 reSpondit
3308 5594 3321 5630 :
3362 5575 3456 5628 Cur
3493 5572 3620 5620 autem
3652 5563 3684 5607 δι

2218 5650 2485 5724 Princeps
2520 5659 2617 5717 ille
2644 5667 2746 5736 qni
2781 5672 2945 5727 malis
2983 5671 3178 5742 gaudet
3222 5669 3381 5725 factus
3418 5674 3498 5726 est,
3528 5669 3565 5714 et
3598 5650 3680 5704 unde
