3904 6410
130 387 149 437 i
161 385 260 440 597

1326 336 1917 425 RECOGNITIONUM.
1955 391 2023 402 --
2061 359 2191 416 LIB.
2226 358 2363 415 Vlll.

3234 356 3372 411 1598

127 502 298 556 fartus
324 474 407 554 est
437 504 531 551 aut
562 511 668 551 non
696 503 782 551 est
814 494 1030 549 factus?
1077 488 1271 561 Aquila
1302 489 1377 541 ait
1409 507 1422 541 :
1454 485 1692 539 Alterius
1724 488 1767 544 Α
1797 479 1928 544 sint,
1952 493 2059 532 non
2090 482 2323 546 possunt
2354 482 2532 529 tamen
2562 471 2777 527 ﬂectere
2807 484 2893 525 me
2921 476 2980 524 ut
3010 467 3227 523 credam
3258 470 3372 522 fieri

126 591 380 661 temporis
410 598 493 646 est
526 590 630 645 iste
659 594 960 655 tractatus;
988 600 1177 639 verum
1204 598 1273 635 ne
1303 595 1498 649 expers
1532 578 1695 632 abeas

124 684 285 740 etiam
317 683 482 750 hujus
510 680 909 752 responsionis,
936 692 1107 748 pauca
1134 676 1229 728 tibi
1255 674 1322 728 de
1348 674 1450 727 hoc
1479 684 1697 742 quoque

127 774 434 830 insinuabo.
468 772 737 828 Praescius
779 768 1021 824 omnium
1072 765 1215 821 Deus
1264 772 1388 817 ante
1423 761 1696 816 constitu-

127 867 324 923 tionem
351 864 561 929 mundi,
588 863 772 919 sciens
796 861 922 931 quia
950 858 1118 913 futuri
1150 856 1420 915 homines,
1448 851 1538 905 alii
1584 849 1699 921 qui-

119 957 249 1014 dem
293 958 362 1012 ad
412 957 574 1018 bona,
613 956 705 1009 alii
736 969 866 1009 vero
898 952 966 1007 ad
996 950 1273 1007 contraria
1318 945 1695 1005 declinabunt,

128 1068 220 1109 eos
249 1052 343 1122 qui
363 1051 505 1106 bona
531 1049 815 1120 elegerint,
841 1062 941 1101 suo
976 1042 1306 1116 principatui
1332 1049 1385 1095 et
1416 1054 1529 1094 sua:
1554 1054 1699 1091 curae

128 1146 353 1202 sociavit
388 1153 548 1214 atque
578 1140 951 1196 haereditatem
997 1136 1101 1193 sibi
1136 1151 1232 1190 eos
1281 1132 1559 1204 propriam
1602 1143 1703 1181 no-

127 1237 350 1293 minavit
371 1237 449 1303 ⁶⁰;
478 1249 573 1290 eos
602 1248 731 1288 vero
758 1232 847 1301 qui
868 1229 933 1284 ad
952 1228 1090 1283 mala
1114 1224 1460 1287 declinarint,
1493 1219 1701 1290 angelis

130 1328 390 1402 regendos
432 1327 679 1399 permisit
709 1326 797 1380 his
858 1322 949 1393 qui
996 1337 1106 1376 non
1150 1334 1247 1390 per
1292 1313 1655 1371 substantiam
1684 1350 1700 1376 ,

128 1422 220 1478 sed
274 1437 371 1492 per
410 1421 729 1491 oppositum
758 1432 882 1471 cum
914 1414 1027 1469 Deo
1066 1423 1385 1484 permanere
1408 1407 1705 1461 noluerunt

129 1512 343 1570 invidiae
385 1520 437 1567 et
484 1509 758 1581 superbiai
798 1507 930 1562 vitio
979 1504 1258 1574 corrupti;
1320 1500 1516 1571 dignos
1574 1512 1707 1567 ergo

130 1605 416 1677 dignorum
444 1603 719 1681 principes
750 1601 896 1655 fecit.
924 1596 1003 1652 Ila
1035 1605 1219 1650 tamen
1252 1609 1346 1649 eos
1378 1590 1708 1661 tradiditgut

131 1711 237 1750 non
255 1695 494 1749 habeant
521 1696 848 1763 potestatem
878 1687 933 1741 in
954 1703 1049 1744 eos
1076 1684 1311 1742 faciendi
1331 1682 1473 1753 quod
1494 1681 1705 1744 volunt,

132 1787 238 1841 nisi
286 1792 552 1842 statutum
605 1783 711 1839 sibi
758 1783 826 1837 ab
871 1780 1029 1836 initio
1075 1776 1368 1833 terminum
1407 1780 1705 1828 transeant.

1795 567 1999 637 aliquid
2032 581 2194 635 posse
2222 574 2376 619 extra
2403 564 2668 635 genesim.
2704 560 2830 616 Scio
2858 561 3002 616 enim
3037 557 3217 613 omnia
3242 557 3372 611 mihi
3400 547 3433 578 ”

1796 658 2123 712 necessitate
2166 669 2381 726 genesrs
2428 654 2789 711 accidisse.et
2832 653 2957 707 ideo
2991 653 3213 709 suaderi
3240 652 3374 707 mihi

1799 764 1908 803 non
1956 756 2155 819 potest,
2186 747 2315 817 quia
2344 746 2430 802 vel
2467 746 2606 801 bene
2636 744 2723 799 vel
2748 745 2889 800 male
2917 760 3079 815 agere
3105 744 3157 799 in
3192 754 3377 799 nostra

1799 845 2065 907 potestate
2091 837 2195 902 sit;
2240 844 2295 890 et
2344 835 2392 890 si
2442 842 2598 890 actus
2637 844 2857 889 nostros
2886 835 2941 889 in
2966 841 3239 905 potestate
3268 850 3376 887 non

1800 929 2087 991 habemus,
2139 942 2245 981 non
2284 932 2464 996 potest
2493 925 2643 980 credi
2678 925 2919 980 futurum
2947 941 3068 982 esse
3089 925 3377 995 judicium,

1801 1033 1899 1089 per
1928 1019 2070 1089 quod
2098 1019 2179 1072 vel
2208 1018 2366 1073 malis
2394 1032 2568 1087 poena:
2588 1018 2672 1073 vel
2688 1018 2846 1073 bonis
2876 1017 3098 1087 praemia
3130 1017 3381 1070 tribuan-

1803 1123 1911 1167 tur.
1935 1112 2176 1182 Denique
2199 1113 2455 1182 quoniam
2486 1119 2540 1166 te
2565 1112 2831 1166 imbutum
2858 1111 3016 1165 video
3048 1110 3101 1164 in
3124 1110 3383 1180 hujusce-

1802 1204 1950 1260 modi
1982 1204 2308 1273 disciplinis,
2348 1218 2520 1273 pauca
2550 1204 2649 1258 tibi
2679 1220 2745 1258 ex
2781 1204 2896 1272 ipsa
2941 1210 3055 1256 arte
3084 1202 3378 1272 proferam.

1805 1296 1885 1363 Si,
1920 1298 2095 1367 inquit
2123 1297 2338 1366 Aquila,
2371 1313 2437 1353 ex
2487 1298 2604 1368 ipsa
2654 1297 2942 1366 disciplina
2981 1304 3231 1351 astruere
3279 1297 3382 1349 ali-

1804 1387 1937 1458 quid
1960 1387 2137 1457 cupis,
2171 1388 2336 1441 frater
2367 1402 2520 1441 meus
2549 1384 2801 1441 Clemens
2834 1384 2928 1438 tibi
2953 1383 3269 1453 diligentius
3298 1398 3387 1436 re-

1807 1479 2116 1550 spondebit,
2148 1478 2240 1549 qui
2290 1478 2505 1549 plenius
2550 1476 2834 1532 scientiam
2876 1474 3140 1529 mathesis
3171 1474 3382 1543 attigit;

1807 1586 1907 1642 ego
1939 1570 2083 1626 enim
2113 1570 2233 1625 aliis
2260 1569 2365 1625 viis
2392 1584 2639 1625 asserere
2670 1582 2915 1637 possum,
2936 1566 3083 1635 quod
3107 1572 3264 1619 actus
3289 1579 3387 1618 no-
3427 1633 3438 1644 .

1810 1666 1910 1722 stri
1950 1666 2005 1719 in
2038 1671 2227 1719 nostra
2267 1662 2379 1718 sint
2406 1662 2569 1733 positi
2602 1669 2888 1732 potestate,
2922 1658 3026 1713 ista
3057 1667 3235 1713 autem
3269 1673 3389 1729 quae

1810 1777 1920 1815 non
1942 1759 2132 1822 didici,
2164 1772 2496 1828 praasumere
2526 1773 2634 1811 non
2664 1757 2855 1811 debeo.

133 1876 228 1931 Hic
254 1883 340 1931 est
371 1885 549 1930 autem
587 1880 827 1928 statutus
858 1869 1149 1931 terminus,
1183 1873 1241 1919 ut
1267 1864 1371 1919 nisi
1397 1862 1520 1933 quis
1557 1861 1708 1931 prius
1741 1850 1782 1904 Β
1881 1871 2062 1927 Lvul,
2105 1870 2242 1926 Cum
2293 1871 2408 1926 haec
2454 1869 2649 1939 Aquila
2676 1870 2923 1935 dixisset,
2957 1887 3058 1941 ego
3088 1870 3342 1926 Clemens
3373 1886 3386 1924 :

135 1965 321 2022 fecerit
350 1965 656 2019 daemonum
687 1962 1047 2022 voluntatem,
1095 1955 1369 2010 daemones
1416 1953 1472 2005 in
1503 1965 1568 2006 eo
1601 1965 1707 2003 non

135 2058 376 2114 habeant
402 2062 749 2126 potestatem.

200 2151 336 2207 LVI.
378 2149 442 2205 Et
472 2164 637 2205 senex
669 2148 745 2200 ait
781 2164 793 2202 :
829 2143 1113 2217 Magnifice
1138 2147 1462 2214 prosecutus
1488 2156 1567 2203 es,
1599 2137 1709 2204 fili;

136 2248 383 2314 superest
418 2254 562 2295 nunc
594 2246 654 2293 ut
688 2237 839 2292 dicas
878 2235 1019 2290 unde
1066 2242 1151 2290 est
1191 2232 1501 2290 substantia
1547 2229 1710 2293 mali;

136 2337 181 2391 si
218 2336 365 2390 enim
418 2349 448 2386 a
502 2330 609 2385 Deo
656 2330 796 2383 facta
839 2334 940 2394 est,
977 2326 1190 2382 fructus
1243 2324 1420 2380 malus
1471 2322 1712 2376 radicem

136 2426 459 2498 culpabilem
485 2424 666 2488 docet,
696 2422 914 2477 videtur
946 2420 1091 2477 enim
1125 2428 1178 2474 et
1224 2418 1343 2488 ipsa
1372 2416 1527 2471 mala:
1555 2422 1710 2469 natu-

136 2536 207 2574 ra:
236 2536 248 2570 :
287 2516 334 2570 si
364 2530 495 2570 vero
524 2520 792 2568 coaeterna
825 2509 927 2563 fuit
954 2510 1068 2563 hrec
1093 2504 1399 2566 substantia
1424 2505 1553 2571 Deo,
1574 2518 1713 2573 quo-

138 2609 299 2664 modo
329 2612 506 2677 potest
535 2604 679 2675 quod
709 2602 994 2673 aequaliter
1045 2599 1341 2669 ingenitum
1389 2604 1441 2651 et
1490 2604 1716 2649 comter-

138 2716 267 2755 num
311 2705 416 2761 est,
448 2696 604 2751 alteri
652 2710 775 2751 esse
817 2691 1164 2762 subjectum?
1190 2688 1311 2744 Non
1343 2703 1558 2759 semper
1590 2686 1714 2753 fuit,

138 2793 319 2865 inquit
352 2791 582 2862 Aquila;
626 2789 720 2844 sed
752 2804 928 2858 neque
959 2786 1005 2844 si
1035 2803 1102 2842 ex
1133 2784 1242 2840 Deo
1274 2783 1417 2838 facta
1450 2790 1553 2845 est,
1585 2798 1718 2836 con-

140 2883 297 2938 tinuo
325 2895 550 2936 necesse
592 2886 676 2934 est
720 2879 884 2932 etiam
914 2876 1253 2931 conditorem
1284 2874 1404 2943 ejus
1433 2873 1595 2926 talem
1631 2872 1717 2925 vi-

139 2976 279 3040 derl,
305 2974 465 3046 quale
508 2980 591 3028 est
636 2970 768 3026 illud
817 2969 963 3040 quod
1012 2969 1080 3024 ab
1122 2983 1187 3024 eo
1217 2967 1418 3023 factum
1449 2974 1552 3021 est.
1582 2964 1720 3019 Nam

141 3062 480 3119 substantias
509 3058 728 3139 quidem
763 3056 905 3113 Deus
957 3056 1084 3112 fecit
1116 3057 1382 3120 omnium,
1417 3056 1511 3111 sed
1548 3055 1592 3110 si
1631 3070 1721 3108 ra-

1810 1966 2088 2029 Crastino,
2122 1965 2365 2033 inquam,
2398 1963 2572 2028 dices,
2604 1963 2789 2028 Pater,
2821 1973 2881 2017 ut
2910 1964 3081 2020 voles.
3114 1971 3168 2018 et
3201 1963 3388 2019 audie-

1813 2075 1935 2115 mus
1963 2060 2219 2123 libenter,
2249 2073 2371 2112 nam
2401 2067 2454 2111 et
2475 2067 2526 2112 te
2556 2067 2688 2127 puto
2711 2067 2859 2127 grate
2891 2057 3221 2121 habiturum,
3246 2057 3388 2127 quod

1813 2168 1937 2207 eum
1967 2152 2054 2207 his
2083 2151 2180 2206 tibi
2210 2151 2313 2205 erit
2342 2166 2547 2215 sermo,
2580 2151 2672 2220 qui
2702 2159 2951 2220 expertes
2974 2166 3085 2204 non
3118 2156 3246 2205 sunt
3273 2150 3393 2220 ejus

1814 2258 1976 2315 quam
2005 2242 2299 2312 protuleris
2328 2242 2653 2312 disciplinae.
2675 2240 2811 2296 Cum
2841 2257 2971 2312 ergo
2998 2243 3291 2312 placuisset
3313 2243 3397 2296 in-

1816 2346 1898 2391 ter
1932 2352 2017 2391 me
2043 2343 2098 2391 et
2133 2350 2343 2399 senem,
2374 2342 2435 2388 ut
2478 2335 2726 2404 sequenti
2769 2333 2857 2389 die
2887 2335 3190 2404 disputatio
3237 2336 3395 2390 nobis

1817 2427 1884 2482 de
1930 2429 2145 2482 ratione
2185 2426 2403 2497 genesis
2456 2425 2769 2491 haberetur,
2803 2434 2987 2479 utrum
3031 2427 3213 2480 omnia
3236 2442 3300 2481 ex
3331 2440 3395 2481 ea

1818 2519 2029 2583 ﬁerent,
2062 2534 2129 2573 an
2159 2527 2305 2574 esset
2333 2516 2539 2588 aliquid
2570 2517 2625 2570 in
2657 2517 2837 2579 nobis,
2869 2518 3015 2587 quod
3048 2534 3156 2571 non
3182 2517 3397 2587 genesis

1819 2609 1913 2664 sed
1943 2609 2109 2663 animi
2135 2608 2406 2677 judicium
2438 2615 2670 2678 gereret,
2703 2606 2899 2663 Petrus
2933 2609 3172 2663 surrexit
3204 2616 3257 2663 et
3282 2623 3399 2663 ser-

1818 2716 2035 2756 monem
2073 2698 2251 2756 facere
2297 2701 2403 2755 hoc
2454 2700 2619 2755 modo
2657 2701 2861 2769 coepit:
2894 2699 3088 2754 Mirum
3121 2700 3252 2755 mihi
3303 2702 3401 2756 ad-

1820 2793 2042 2847 modum
2074 2800 2179 2857 est,
2206 2792 2353 2862 quod
2384 2808 2472 2848 res
2506 2808 2627 2865 quae
2658 2790 2818 2848 facile
2868 2792 3099 2847 inveniri
3150 2803 3398 2861 possunt,

1822 2883 2072 2939 homines
2100 2884 2392 2954 exquisitis
2424 2885 2853 2955 cogitationibus
2892 2900 2957 2938 ac
2988 2884 3170 2939 verbis
3210 2882 3402 2939 dilIici-

1821 2976 1903 3030 les
1929 2975 2156 3041 faciunt,
2192 2983 2246 3029 et
2276 2976 2329 3029 hi
2358 2975 2592 3030 maxime
2622 2975 2717 3045 qui
2759 2975 3013 3029 videntur
3043 2972 3149 3029 sibi
3187 2972 3404 3045 sapien-

1823 3076 1928 3135 tes,
1948 3070 2151 3140 quique
2174 3070 2415 3123 volenles
2448 3067 2540 3123 Dei
2566 3067 2896 3122 voluntatem
2923 3066 3403 3136 comprehendere,

139 3152 418 3210 tionabilis
459 3166 612 3207 mens
658 3166 779 3221 qua:
828 3163 859 3203 a
900 3148 1009 3204 Deo
1054 3147 1198 3203 facta
1242 3154 1346 3212 est,
1376 3162 1718 3218 nequaquam

1824 3163 1979 3233 quasi
2009 3161 2228 3217 homine
2261 3168 2487 3215 utuntur
2525 3158 2656 3227 Deo,
2688 3159 2798 3214 imo
2842 3166 2896 3214 et
2930 3159 2977 3214 si
3007 3158 3141 3229 quid
3186 3159 3403 3223 minus;

140 3244 445 3301 conditoris
473 3243 558 3299 sui
582 3242 791 3312 legibus
822 3241 1143 3311 acquiescit,
1176 3247 1229 3295 et
1254 3239 1474 3294 modum
1507 3248 1724 3295 statuta:

139 3337 244 3394 sibi
295 3336 669 3405 temperantiae
712 3335 958 3399 excedit,
993 3332 1123 3404 quid
1156 3334 1258 3387 hoc
1286 3330 1351 3385 ad
1388 3330 1725 3386 conditorem

142 3428 395 3500 spectat?
423 3426 520 3483 Vel
549 3429 594 3484 si
623 3429 803 3499 aliqua
845 3435 929 3484 est
975 3427 1115 3481 ratio
1145 3426 1261 3481 haec
1309 3427 1559 3495 superior
1588 3425 1723 3495 (78),

142 3524 498 3594 ignoramus;
531 3536 709 3591 neque
738 3520 882 3575 enim
930 3518 999 3575 de
1043 3518 1273 3589 singulis
1317 3517 1383 3571 ad
1426 3516 1725 3587 perfectum

144 3614 293 3668 scire
317 3627 631 3683 possumus,
662 3618 717 3667 et
745 3610 810 3666 de
838 3610 926 3664 his
955 3610 1226 3679 przecipue
1271 3624 1371 3679 pro
1400 3608 1597 3679 quibus
1618 3622 1727 3660 non

146 3719 343 3763 sumus
363 3702 666 3773 judicandi,
698 3717 797 3757 cur
841 3702 1175 3771 ignoremus.
1200 3699 1276 3753 Ea
1305 3714 1433 3754 vero
1462 3714 1560 3769 pro
1606 3698 1723 3768 qui-

146 3800 253 3853 bus
282 3795 567 3869 judicandi
597 3808 811 3857 sumus,
847 3791 1105 3845 facillima
1151 3798 1280 3845 sunt
1313 3790 1376 3842 ad
1424 3788 1730 3858 intelligen-

147 3889 307 3953 dum,
338 3895 393 3944 et
442 3902 581 3958 pene
633 3901 743 3940 uno
798 3898 1050 3939 sermone
1115 3881 1491 3936 absolvuntur.
1540 3879 1730 3935 Omnis

146 3981 299 4037 enim
331 3978 723 4051 propemodum
751 3985 971 4031 actuum
1006 3983 1316 4028 nostrorum
1338 3972 1389 4026 in
1423 3987 1488 4027 eo
1518 3970 1728 4043 colligi-

148 4082 241 4128 tur
277 4070 652 4133 observantia,
686 4076 745 4122 ut
774 4066 920 4139 quod
944 4067 1046 4137 ipsi
1078 4066 1189 4137 pati
1224 4065 1499 4133 nolumus,
1532 4080 1601 4119 ne
1629 4065 1732 4119 hoc

150 4166 280 4221 aliis
312 4162 649 4228 inferamus;
681 4161 824 4215 sicut
854 4158 999 4214 enim
1030 4157 1145 4229 ipse
1175 4156 1349 4213 occidi
1376 4172 1486 4210 non
1516 4156 1617 4220 vis,
1640 4171 1733 4210 ca-

148 4268 287 4310 veas
334 4259 549 4321 oportet
595 4267 664 4305 ne
718 4250 885 4304 alium
925 4248 1244 4313 occidas;et
1273 4248 1415 4301 sicut
1441 4253 1593 4300 tuum
1624 4262 1733 4300 non

147 4348 241 4403 vis
271 4346 468 4400 violari
500 4344 933 4406 matrimonium,
965 4356 1069 4395 nec
1118 4348 1176 4394 tu
1223 4339 1447 4394 alterius
1492 4339 1734 4393 maeules

150 4452 370 4506 torum;
400 4438 605 4493 furtum
637 4437 749 4508 pati
780 4451 889 4490 non
915 4435 1021 4499 vis,
1061 4449 1163 4488 nec
1190 4434 1308 4504 ipse
1336 4432 1537 4499 facias;
1569 4440 1622 4487 et
1653 4432 1737 4486 in-

1827 3270 1952 3310 uam
1986 3252 2225 3309 hominis
2256 3253 2546 3308 consilium
2577 3254 2662 3308 vel
2692 3267 2914 3309 sensum
2946 3251 3087 3307 scire
3120 3267 3282 3307 nemo
3310 3267 3408 3322 po-

1828 3354 1954 3411 test,
1987 3346 2093 3401 nisi
2130 3346 2245 3416 ipse
2276 3345 2473 3416 prodat
2500 3346 2592 3415 qui
2619 3345 2959 3415 cogitaverit,
2992 3343 3087 3400 sed
3119 3359 3295 3413 neque
3318 3359 3408 3397 ar-

1827 3440 1937 3489 tem
1968 3432 2093 3503 quis
2122 3432 2334 3487 discere
2368 3441 2568 3503 potest,
2618 3432 2723 3487 nisi
2755 3434 2926 3486 multo
2957 3439 3199 3502 tempore
3228 3446 3258 3483 a
3292 3448 3408 3485 ma-

1828 3522 2000 3593 gistro
2048 3522 2212 3578 fuerit
2242 3524 2516 3591 imbutus;
2557 3532 2765 3594 quanto
2806 3524 2979 3594 magis
3028 3523 3315 3580 invisibilis
3355 3534 3408 3579 et

1829 3613 2399 3684 incomprehensibilis
2443 3614 2535 3670 Dei
2574 3631 2751 3687 neque
2781 3631 3005 3671 sensum
3052 3632 3230 3687 neque
3270 3633 3408 3687 opus

1832 3704 1973 3757 scire
2012 3703 2137 3772 quis
2168 3711 2366 3773 potest,
2412 3705 2517 3760 nisi
2568 3704 2686 3775 ipse
2734 3707 2914 3762 mittat
2943 3708 3283 3779 prophetam,
3316 3713 3407 3781 qui

1831 3799 2047 3845 enarret
2076 3794 2368 3848 consilium
2394 3810 2553 3850 suum
2596 3804 2651 3851 et
2694 3796 2837 3851 viam
2870 3797 3202 3854 conditionis
3236 3816 3407 3870 expo~

1832 3888 1945 3944 nat,
1990 3880 2046 3934 in
2093 3890 2357 3951 quantum
2404 3882 2616 3939 discere
2656 3884 2971 3941 hominibus
3004 3884 3085 3942 fas
3124 3894 3226 3942 est.
3260 3886 3412 3941 Unde

1832 3972 2123 4028 ridiculum
2155 3981 2306 4044 puto,
2340 3990 2465 4029 cum
2493 3976 2837 4031 naturalibus
2861 3976 2965 4030 viis
2997 3977 3062 4031 de
3090 3978 3293 4033 virtute
3316 3977 3409 4032 Dei

1834 4063 2081 4120 homines
2118 4065 2388 4135 judicant,
2425 4064 2478 4121 et
2523 4073 2717 4137 putant
2766 4068 2870 4122 hoc
2923 4069 3141 4137 quidem
3187 4070 3239 4124 ei
3289 4085 3412 4125 esse

1833 4157 2115 4227 possibile,
2150 4158 2281 4212 illud
2311 4173 2439 4213 vero
2468 4159 2823 4229 impossibile,
2851 4167 2946 4214 aut
2978 4161 3081 4215 hoc
3107 4162 3308 4231 majus,
3350 4162 3414 4215 il-

1836 4246 1927 4300 lud
1972 4248 2176 4312 minus,
2208 4249 2382 4319 ignari
2413 4249 2678 4315 omnium,
2710 4250 2805 4319 qui
2846 4266 2970 4305 cum
3012 4250 3123 4306 sint
3166 4252 3414 4307 homines

1836 4340 2047 4410 injusti,
2097 4340 2346 4411 judicant
2393 4340 2563 4395 Deum
2608 4342 2839 4411 justum,
2875 4340 3145 4397 artiﬁcem
3196 4343 3416 4413 imperi-

1838 4430 1877 4485 ti
1910 4430 2045 4502 (79),
2073 4431 2541 4501 incorruptibilem
2581 4432 2847 4503 corrupti,
2884 4431 3096 4487 factura
3128 4432 3413 4487 factorem.

151 4542 243 4587 tra
295 4531 437 4585 hanc
484 4529 725 4600 regulam
778 4540 1142 4582 numauorum
1186 4534 1462 4596 gestorum
1523 4525 1735 4595 singula
1767 4541 1811 4595 ι)
1910 4519 2045 4576 LIX.
2089 4521 2155 4575 Et
2178 4523 2303 4577 nolo
2328 4524 2546 4593 putetis,
2578 4523 2707 4594 quia
2752 4524 2867 4579 haec
2905 4524 3094 4579 dicens
3133 4523 3414 4600 judicandi

153 4638 392 4697 quaeque
416 4631 772 4677 concurrunt.

232 4714 394 4770 LVII.
434 4713 572 4768 Tum
604 4727 768 4768 senex
805 4730 818 4766 :
849 4709 927 4765 Ne
963 4726 1125 4781 aegre,
1159 4709 1355 4780 inquit,
1387 4710 1645 4779 accipias,
1677 4709 1739 4764 fi-

157 4810 224 4874 li,
255 4808 407 4881 quod
427 4807 675 4862 dicturus
698 4820 850 4870 sum;
882 4817 1167 4858 sermones
1192 4802 1270 4856 tui
1298 4802 1549 4872 quamvis
1575 4801 1740 4856 validi

272 4946 319 4977 ‘°
346 4943 505 5000 Deut.
532 4958 703 5007 χχιιι,
731 4941 764 4996 8
792 4942 847 4994 in
870 4938 1044 4996 LXX.

1837 4613 1905 4669 de
1934 4616 2097 4670 rebus
2130 4618 2337 4685 perimo
2365 4615 2698 4682 facultatem,
2743 4617 2839 4673 sed
2890 4617 3180 4672 consilium
3226 4616 3297 4671 du
3347 4598 3419 4669 ne

1838 4728 1935 4783 per
1971 4712 2126 4767 devia
2158 4712 2283 4781 quis
2312 4712 2596 4777 incedens,
2624 4712 2742 4767 sine
2774 4710 2881 4767 fine
2909 4711 3156 4766 incurrat
3177 4724 3413 4765 errores.

1841 4803 1907 4858 Et
1934 4804 2056 4860 ideo
2085 4820 2199 4859 non
2225 4806 2399 4862 solum
2433 4806 2793 4877 sapientibus,
2826 4804 2922 4860 sed
2952 4812 3006 4861 et
3036 4805 3290 4861 omnibus
3319 4803 3419 4858 bo-

1461 5073 1825 5131 COTELERII
1862 5076 2099 5135 NOTAE}.

248 5224 354 5300 (78)
404 5221 495 5276 Vel
517 5223 562 5276 si
591 5221 770 5300 aliqua
799 5217 1041 5300 curatio
1071 5215 1172 5300 hae
1195 5211 1599 5300 superiorNide
1645 5212 1749 5300 92-

161 5284 523 5354 telerfnotas
556 5292 622 5346 ad
664 5284 1110 5345 Clementinorum
1142 5289 1291 5339 hom.
1325 5299 1439 5350 xxx,
1472 5299 1622 5338 num.
1654 5284 1741 5351 l2,

162 5371 329 5425 Patr.
353 5365 443 5421 Gr.
494 5370 536 5418 t.
565 5361 627 5417 ll.
661 5360 819 5414 Enrr.

239 5458 360 5581 (79?
399 5454 503 5522 Qui
527 5468 645 5508 cum
671 5453 777 5506 sint
802 5449 1032 5503 homines
1056 5446 1262 5515 injusti,
1288 5452 1396 5500 etc.
1424 5444 1543 5498 Huc
1573 5444 1740 5513 perti-

243 5542 265 5581 t
312 5527 445 5581 ilud
487 5523 912 5579 Tertullianeum
942 5539 954 5572 :
990 5522 1203 5581 Quanto
1251 5516 1415 5581 magis
1460 5514 1551 5567 hos
1598 5515 1740 5567 Ana-

162 5514 265 5586 ηεί
312 5514 445 5582 illud
487 5523 912 5579 Tertullianeum
942 5539 954 5572 :
990 5514 1203 5584 Quanto
1251 5516 1415 5584 magis
1460 5514 1551 5586 hes
1598 5515 1745 5586 ᾼηῃ..

164 5584 379 5654 charsis
410 5595 729 5653 denotasset.
752 5588 1106 5659 imprudentes
1132 5586 1202 5659 (de
1227 5584 1744 5659 prudentibusjudi-

162 5678 378 5731 cantes,
407 5654 893 5736 quamtimmusic'os
914 5659 984 5736 de
1006 5656 1239 5736 musicis.
1258 5654 1591 5736 Apologetici
1608 5669 1656 5708 c.
1687 5655 1736 5736 1M.

163 5724 243 5795 ex
272 5724 432 5793 dicto.
453 5736 574 5803 ejus
609 5729 985 5803 Scythaeapud
1016 5726 1289 5803 Laertium
1316 5724 1647 5803 εθαυμάζεεν
1686 5724 1741 5775 δὲ

165 5811 277 5876 ἔφη
318 5808 430 5871 πῶς
464 5796 609 5865 τὶαρὰ
642 5796 748 5865 τόῖς
777 5796 1025 5871 Ἕλλησιν
1058 5796 1408 5865 ἀγωνίζονται
1446 5796 1622 5865 μὲνοὶ
1658 5811 1741 5847 τε·

1849 5222 2055 5293 χνῖταιι
2099 5220 2340 5293 κρίνουσι
2373 5220 2511 5293 δξέοὶ
2547 5224 2620 5293 μὴ
2652 5223 2909 5293 τεχνῖταρ.
2944 5216 3183 5293 Etapud
3207 5215 3424 5293 Plutar-

1849 5287 2010 5344 chum
2046 5292 2098 5344 in
2132 5287 2331 5362 Solone
2371 5287 2559 5362 :"Ecpq'
2590 5287 2808 5345 δὶὰκέῗνο
2860 5287 3158 5362 Θαυμάςὲιν
3203 5289 3231 5339 ὁ
3278 5288 3424 5362 ’ᾼνάς

1850 5360 2361 5450 ζερειεμέῖεδεὲηηεξίᾳ
2399 5357 2865 5450 “abscesses
2888 5357 3215 5450 sese“
3248 5357 3423 5450 exe
3491 5389 3496 5399 ·

1850 5425 2003 5511 carpat
2035 5425 2430 5514 πᾳρ’“,Ελλήε-ι,
2466 5425 2709 5503 ἑρίῖδουσί
2759 5425 2914 5512 δὲ.ὀὶ
2957 5427 3207 5509 ἀμαθεῖςἔ
3253 5425 3425 5483 Recto

1846 5498 2026 5557 Julius
2050 5500 2318 5558 Firmtcus
2354 5505 2448 5557 lib.
2480 5519 2519 5566 ι,
2547 5518 2597 5557 c.
2625 5501 2659 5555 2
2694 5520 2706 5555 :
2747 5499 2940 5568 (musti
2964 5506 3087 5554 sunt
3116 5512 3255 5551 enim
3290 5513 3425 5568 sem-3

1847 5585 1938 5637 per
1986 5572 2161 5639 (sicut
2206 5573 2480 5639 novimus)
2519 5573 2749 5641 judices,
2779 5566 2866 5641 qui
2903 5572 2966 5624 de
2998 5568 3283 5641 incognitis
3321 5566 3425 5622 sibi

1848 5637 2195 5707 pronuntiant
2226 5642 2397 5698 rebus.
2432 5637 2553 5696 Non
2586 5637 2961 5695 habent'ctiam
2999 5637 3284 5706 judicaudi
3330 5651 3428 5687 au-

1851 5712 2168 5774 ctoritatem,
2202 5715 2290 5783 qui
2313 5715 2380 5767 ad
2402 5713 2739 5769 statuendum
2764 5710 2966 5780 aliquid
2993 5710 3236 5779 imperita
3263 5707 3424 5760 licen-

1854 5784 1925 5835 tia
1957 5784 2265 5839 temeritatis
2293 5785 2655 5841 adducuntur..
