3904 6386
521 313 662 371 1599

1443 308 1497 363 s.
1538 302 1934 361 CLEMENTIS
1970 303 2184 365 IBOM,
2227 263 2430 359 noxi".
2473 300 2702 357 creua
2738 300 2962 363 DUBIA.

3654 299 3676 351 I
3690 298 3793 351 400

518 434 758 491 minibus
803 431 898 502 qui
942 427 1274 486 desiderium
1325 431 1521 494 gerunt
1573 422 1906 493 agnoscendi
1957 420 2105 495 quod
2132 427 2182 483 Α
2209 434 2359 472 mum
2389 418 2541 472 credi
2571 418 2655 473 eis
2684 418 2752 473 de
2785 418 3044 473 omnibus
3092 414 3294 486 quibus
3337 414 3580 470 dixerint
3609 424 3665 470 et
3703 431 3793 470 re-

518 527 622 583 sibi
652 524 887 595 expedit,
919 522 1121 578 suadeo
1148 528 1209 573 ut
1239 518 1520 587 requirant
1541 532 1728 571 verum
1752 514 2102 585 Prophetam,

519 619 645 690 quia
678 618 795 687 ipse
824 615 975 670 solus
997 619 1101 675 est,
1132 611 1224 682 qui
1263 609 1413 664 novit
1442 609 1651 673 omnia,
1675 620 1729 662 et
1756 607 1860 662 scit
1889 606 2019 676 quid
2052 613 2106 660 et

517 708 791 780 quomodo
841 702 1219 772 unusquisque
1265 704 1517 770 quaerat.‘
1556 697 1695 754 Inest
1747 698 1896 751 enim
1953 697 2101 750 intra

520 798 954 866 uniuscujusque
991 801 1240 847 nostrum
1280 802 1539 854 mentem,
1593 790 1689 845 sed
1736 789 1789 843 in
1833 789 1942 843 illis
1982 788 2105 858 qui-

518 894 665 955 dem,
691 889 784 959 qui
813 885 1150 943 desiderium
1180 882 1273 938 Dei
1307 882 1606 953 agnitionis
1643 888 1698 934 et
1727 880 1956 949 justitiaa
1984 879 2104 947 ejus

519 986 725 1040 nullum
749 987 966 1054 gerunt,
997 980 1222 1041 otiatur,
1254 977 1309 1029 in
1338 975 1424 1029 his
1452 990 1584 1028 vero
1614 973 1707 1043 qui
1742 972 1885 1042 quod
1910 971 2105 1026 anima:

518 1093 631 1131 sua:
674 1073 893 1144 expedit
938 1077 1212 1141 quaarunt,
1244 1078 1505 1137 operatur
1555 1076 1610 1120 ct
1653 1065 1896 1120 scientiae
1922 1065 2104 1117 lumen

516 1168 786 1227 accendit.
820 1165 1052 1235 Propter
1082 1162 1229 1232 quod
1275 1162 1450 1231 primo
1478 1159 1723 1213 omnium
1754 1159 1898 1213 hunc
1928 1158 2107 1228 requi-

516 1261 639 1320 rite,
670 1272 832 1327 quem
862 1257 908 1310 si
938 1271 1047 1308 non
1079 1252 1423 1312 inveneritis.
1458 1251 1529 1305 ab
1560 1252 1667 1305 alio
1695 1265 1795 1304 vos
1818 1250 2103 1320 agnituros

516 1348 722 1419 aliquid
746 1362 853 1401 non
877 1346 1128 1416 speretis.
1160 1342 1444 1398 Invenitur
1471 1350 1654 1396 autem
1678 1341 1789 1396 cito
1809 1343 1878 1396 ab
1908 1341 1993 1395 his
2010 1338 2105 1409 qui

516 1441 765 1497 veritatis
808 1454 993 1493 amore
1023 1437 1369 1508 perquirunt,
1395 1448 1449 1489 et
1479 1450 1714 1505 quorum
1748 1434 1928 1488 anima
1960 1447 2105 1503 prae-

516 1540 782 1603 occupata
812 1546 921 1586 non
955 1537 1176 1584 tenetur
1200 1528 1256 1581 in
1276 1527 1505 1581 malitia.
1530 1525 1697 1582 Adest
1727 1527 1873 1581 enim
1904 1525 1991 1579 his
2009 1524 2104 1595 qui

502 1620 642 1684 eum
692 1628 748 1682 in
800 1626 1118 1681 innocentia
1153 1624 1381 1694 spiritus
1403 1623 1489 1677 sui
1518 1622 1857 1682 desiderant,
1886 1620 1979 1690 qui
2010 1636 2107 1690 per

518 1720 836 1791 patientiam
869 1718 1165 1780 sustinent,
1193 1725 1245 1769 et
1276 1714 1516 1785 suspiria
1565 1712 1633 1768 de
1685 1711 1957 1782 profundo
1982 1725 2105 1765 cor-

2210 506 2535 579 Sponderint
2552 546 2568 573 ,
2604 508 2787 566 debet.

2279 600 2418 657 LXI.
2451 600 2669 658 Etenim
2713 600 3128 656 consideremus
3162 599 3480 671 diligentius
3526 613 3671 667 opus
3712 596 3796 649 di-

2208 696 2347 749 vinae
2376 693 2757 751 Providentiae.
2788 692 2924 748 Nam
2955 693 3102 763 quod
3134 692 3444 764 philosophi
3476 690 3796 745 introduxv-

2208 795 2340 841 runt
2378 787 2546 843 verba
2596 787 2819 843 subtilia
2865 784 3115 856 quaedam
3143 794 3199 840 et
3229 784 3470 839 difﬁcilia
3492 824 3509 848 ,
3541 785 3620 838 ita
3648 790 3796 837 utne

2211 880 2329 948 ipsa
2357 878 2579 949 quidem
2601 878 2867 932 vocabula
2893 892 3208 933 sermonum
3232 885 3361 931 nota
3384 892 3511 931 esse
3541 874 3797 929 omnibus

2209 981 2433 1040 possent
2462 980 2515 1026 et
2542 970 2934 1041 intelligibilia,
2971 968 3115 1025 Deus
3146 985 3243 1025 eos
3273 970 3369 1041 qui
3413 968 3521 1023 sibi
3557 969 3795 1022 artiﬁces

2210 1064 2501 1117 verborum
2559 1062 2917 1125 videbantur,
2959 1078 3055 1131 per
3097 1063 3282 1117 omnia
3336 1062 3629 1132 imperitos
3668 1078 3794 1132 erga

2209 1151 2544 1222 agnitionem
2585 1152 2837 1207 veritatis
2871 1150 3133 1207 ostendit.
3170 1151 3417 1222 Simplex
3449 1152 3600 1206 enim
3629 1161 3714 1206 est
3744 1166 3795 1207 et

2208 1243 2501 1301 manifesta
2535 1259 2598 1298 ac
2621 1244 2805 1299 brevis
2829 1260 3013 1300 rerum
3046 1245 3276 1299 scientia
3294 1276 3321 1307 ς
3348 1259 3469 1316 qua:
3492 1260 3591 1314 per
3611 1260 3792 1299 verum

2208 1336 2528 1407 prophetam
2560 1337 2818 1401 traditur,
2851 1352 3014 1407 quam
3048 1336 3138 1391 isti
3166 1352 3262 1407 per
3292 1335 3448 1390 devia
3478 1335 3797 1391 incedentes

2206 1434 2261 1481 et
2290 1442 2553 1498 scrupeas
2591 1428 2881 1482 verborum
2924 1427 3310 1488 diliicultates.
3352 1435 3461 1481 tota
3505 1428 3797 1498 ignorave—

2207 1528 2336 1574 runt
2359 1520 2468 1574 via.
2489 1519 2657 1590 Igitur
2686 1517 3014 1574 verecundis
3039 1526 3095 1573 et
3120 1518 3463 1587 simplicibus
3489 1518 3793 1579 mentibus.

2208 1627 2335 1667 cum
2367 1610 2607 1666 viderint
2650 1609 2765 1665 ﬁeri
2798 1625 2919 1680 quae
2963 1608 3223 1679 praedicta
3261 1615 3425 1669 sunt,
3459 1609 3597 1663 satis
3624 1608 3801 1662 abun-

2208 1689 2387 1771 deqhe
2418 1699 2646 1766 sufﬁcit,
2675 1710 2734 1755 ut
2764 1701 2833 1758 de
2856 1702 3169 1756 certissima
3214 1699 3565 1770 priescientia
3596 1700 3792 1754 certis-

516 1788 604 1868 ζῇς
635 1813 884 1867 vernalis
917 1825 1101 1864 amore
1147 1807 1496 1878 producunt;
1551 1805 1688 1874 fugi;
1719 1813 1903 1858 autem
1935 1804 2107 1857 male-
2138 1788 2180 1843 B
2210 1792 2405 1846 simam
2437 1792 2729 1847 scientiam
2763 1793 3005 1863 capiant,
3037 1799 3090 1846 et
3118 1791 3185 1846 de
3219 1798 3420 1845 caetero
3449 1790 3795 1858 requiescant

516 1904 669 1958 volas
700 1902 994 1963 mentes“,
1028 1902 1159 1971 quia
1192 1908 1251 1954 ut
1280 1898 1544 1971 propheta
1580 1896 1863 1967 cognoscit
1897 1897 2104 1967 cogita-

516 1996 694 2050 tiones
722 1993 1180 2063 uniuscujusque.
1220 1990 1285 2045 Et
1317 1989 1440 2045 ideo
1473 2005 1633 2044 nemo
1678 1997 1829 2060 putet
1854 2004 1978 2044 eum
2009 2004 2106 2058 per

519 2086 866 2155 prudentiam
879 2100 1035 2141 suam
1058 2083 1302 2139 invenire
1328 2097 1512 2154 posse,
1532 2082 1669 2146 nisi,
1695 2092 1751 2135 ut
1775 2097 1939 2152 supra
1962 2081 2105 2135 dixi-

518 2195 662 2246 mus,
698 2185 935 2234 mentem
967 2192 1121 2232 suam
1145 2177 1293 2231 omni
1317 2175 1557 2245 nequitia
1588 2189 1813 2230 vacuam
1844 2175 2103 2242 eli‘ecerit,

515 2281 679 2343 atque
729 2269 1023 2340 agnitionis
1073 2268 1195 2336 ejus
1238 2267 1575 2323 desiderium
1609 2283 1807 2337 purum
1850 2277 1905 2322 et
1948 2267 2105 2325 ﬁdele

514 2362 847 2433 conceperit.
886 2361 984 2415 Ubi
1019 2361 1167 2415 enim
1214 2360 1374 2414 talem
1431 2375 1489 2414 se
1538 2361 1663 2429 quis
1692 2361 2102 2431 praeparaverit,

515 2459 633 2526 ipse
662 2459 720 2508 u‘t
752 2452 1038 2525 propheta,
1057 2452 1249 2507 videns
1270 2460 1631 2522 praaparatam
1653 2459 1891 2507 mentem
1911 2462 2105 2523 sponte

515 2562 576 2604 se
606 2547 829 2605 adhibet
864 2544 931 2600 ad
964 2545 1396 2616 agnoscendum.

584 2720 697 2779 LX.
730 2720 789 2775 Si
816 2722 943 2792 quis
989 2721 1156 2792 igitur
1183 2721 1301 2776 vult
1343 2721 1529 2776 omnia
1575 2718 1828 2785 discere,
1864 2737 1970 2776 non
2007 2738 2103 2793 per

518 2814 732 2885 singula
780 2813 1123 2881 discutiens;
1176 2829 1355 2885 neque
1398 2814 1545 2869 enim
1592 2815 1827 2885 poterit,
1861 2830 1986 2868 cum
2031 2814 2104 2868 sit

517 2906 762 2963 mortalis
787 2948 803 2971 ,
843 2906 939 2962 Dei
988 2907 1323 2979 investigare
1357 2907 1653 2963 consilium
1683 2915 1738 2962 et
1779 2909 1953 2979 ipsam
1998 2908 2105 2961 irr-

519 3000 870 3054 mensitatem
916 3001 1257 3069 perscrutari
1290 3019 1303 3055 :
1348 3000 1444 3055 sed
1490 3000 1537 3056 si
1577 3001 1821 3065 discere,
1861 3010 1918 3055 ut
1958 2999 2103 3054 dixi.

517 3104 674 3154 mus,
705 3090 887 3144 omnia
920 3090 1219 3155 desiderat,
1253 3108 1442 3147 verum
1475 3093 1797 3163 prophetam
1830 3093 2093 3164 requirat.

516 3180 687 3246 Quem
713 3196 835 3236 cum
861 3182 1162 3247 invenerit,
1198 3198 1310 3238 non
1334 3184 1734 3253 qua'stionibus
1765 3193 1819 3239 et
1850 3184 2101 3256 disputa-

515 3273 759 3327 tionibus
806 3288 983 3342 neque
1037 3274 1376 3345 argumentis
1433 3289 1559 3328 cum
1606 3289 1673 3329 eo
1717 3286 1877 3345 agat,
1915 3275 2011 3330 sed
2055 3276 2103 3331 si

516 3364 648 3434 quid
679 3365 1057 3435 responderit,
1087 3366 1133 3421 si
1165 3365 1297 3437 quid
1336 3366 1780 3436 pronuntiaverit
1800 3407 1815 3431 ,
1846 3366 1948 3421 hoc
1981 3382 2105 3422 cer-

517 3466 632 3511 tum
683 3473 807 3513 esse
850 3473 963 3513 non
1011 3466 1193 3529 potest
1241 3458 1506 3514 dubitari.
1554 3452 1618 3513 Et
1663 3459 1787 3515 ideo
1826 3469 2103 3531 quaeratur

519 3566 681 3605 verus
714 3550 979 3622 prepheta
1026 3559 1155 3606 ante
1179 3552 1363 3606 omnia
1383 3592 1397 3617 ,
1426 3560 1481 3607 et
1510 3552 1631 3621 ejus
1675 3552 1835 3607 verba
1880 3560 2105 3607 tenean-

518 3650 649 3707 tur;
701 3644 758 3697 in
803 3644 1007 3715 quibus
1067 3643 1202 3697 illud
1264 3644 1643 3699 tantummodo
1695 3643 2103 3701 discutiendum

519 3736 817 3807 unicuique
843 3744 959 3801 est,
988 3744 1048 3791 ut
1079 3736 1387 3792 satisfaciat
1419 3738 1525 3793 sibi
1557 3740 1604 3793 si
1634 3754 1763 3793 vere
1784 3738 2103 3809 prophetica

514 3829 637 3898 ejus
671 3831 833 3886 verba
863 3840 1026 3895 sunt,
1064 3831 1117 3886 id
1151 3838 1272 3895 est,
1304 3832 1349 3886 si
1384 3831 1745 3887 indubitatam
1779 3831 1936 3886 ﬁdem
1963 3846 2100 3903 cona

518 3922 695 3976 tinent
726 3920 1037 3976 futurorum
1060 3962 1075 3987 ,
1102 3922 1149 3976 si
1182 3933 1429 3991 tempora
1475 3922 1699 3978 deﬁnita
1742 3923 2099 3992 consignant,

517 4011 563 4068 si
599 4027 781 4066 rerum
810 4013 1054 4067 ordinem
1083 4020 1338 4077 servant,
1368 4014 1415 4069 si
1446 4029 1556 4069 non
1587 4030 1709 4085 qua:
1740 4014 1913 4084 prima
1948 4021 2099 4080 sunt,

518 4104 817 4159 novissima
839 4144 853 4168 ,
882 4112 937 4160 et
967 4121 1088 4175 quae
1120 4106 1174 4160 in
1208 4107 1526 4163 novissimis
1557 4115 1708 4178 gesta
1731 4115 1893 4171 sunt,
1924 4107 2102 4178 prima

518 4205 850 4263 narrarunt,
881 4200 927 4254 si
957 4201 1093 4255 nihil
1122 4207 1405 4256 versutum
1426 4242 1443 4268 ,
1478 4202 1614 4255 nihil
1646 4204 1855 4273 magica
1887 4210 2001 4257 arte
2032 4202 2101 4257 ad

517 4288 900 4360 decipiendum
953 4292 1319 4363 compositum
1378 4295 1695 4357 continent,
1750 4301 1843 4348 aut
1891 4293 1941 4349 si
1989 4308 2101 4348 non

517 4396 640 4449 qua:
669 4381 793 4436 aliis
820 4382 1057 4436 revelata
1097 4392 1261 4447 sunt,
1296 4384 1362 4438 ad
1394 4400 1451 4440 se
1483 4385 1825 4439 transtulerit
1849 4382 2102 4439 admistis

2206 1883 2447 1939 evidenti
2472 1884 2750 1955 agnitione
2771 1884 3026 1940 veritatis
3049 1891 3366 1952 assumpta;
3391 1888 3597 1936 cetera
3618 1884 3795 1934 omnia

2206 1976 2568 2032 aestimatione
2621 1983 2964 2041 tractantur,
3014 1975 3073 2029 in
3124 1974 3324 2045 quibus
3383 1971 3609 2026 ﬁrmum
3666 1972 3796 2025 nihil

2206 2085 2330 2125 esse
2359 2077 2559 2140 potest.
2601 2067 2736 2135 Quis
2788 2070 2933 2123 enim
2979 2084 3161 2124 sermo
3214 2082 3320 2131 esr,
3356 2068 3453 2139 qui
3503 2083 3615 2121 non
3662 2066 3797 2120 reci.

2206 2163 2321 2233 piat
2369 2161 2906 2218 contradictionem?
2951 2169 3006 2217 et
3057 2176 3178 2232 qua:
3227 2158 3633 2232 argumentatio
3679 2168 3792 2219 est,

2204 2271 2328 2327 qua:
2358 2270 2467 2310 non
2510 2257 2687 2326 possit
2737 2254 2845 2312 alia
2892 2254 3369 2325 argumentatione
3413 2250 3798 2309 subverti?Et

2206 2347 2333 2402 inde
2376 2354 2462 2403 est
2509 2347 2657 2417 quod
2696 2346 2765 2403 ad
2809 2347 3017 2401 nullum
3069 2346 3231 2401 tinem
3279 2346 3531 2401 scientiae
3557 2352 3612 2400 et
3649 2349 3796 2412 agni-

2204 2441 2373 2495 tionis
2407 2455 2502 2511 per
2531 2440 2843 2510 hujusmodi
2884 2438 3313 2511 disputationem
3362 2438 3659 2509 pervenire
3698 2438 3794 2491 ho-

2206 2535 2381 2591 mines
2445 2544 2714 2605 possunt,
2771 2534 3041 2605 priusque
3097 2533 3259 2589 ﬁnem
3319 2532 3449 2587 vitae
3508 2530 3792 2584 inveniunt

2204 2645 2369 2700 quam
2411 2630 2802 2700 quaestionum.

2277 2720 2438 2774 LXII.
2483 2721 2546 2775 Et
2588 2720 2710 2776 ideo
2757 2736 2881 2774 eum
2920 2720 2974 2774 in
3003 2719 3090 2776 his
3121 2720 3306 2774 omnia
3358 2719 3673 2775 habeantur
3710 2718 3790 2771 in-

2203 2822 2355 2870 certa
2375 2852 2392 2878 ,
2424 2814 2492 2870 ad
2524 2830 2714 2869 verum
2749 2798 3069 2884 prophetam
3115 2812 3443 2868 veniendum
3475 2821 3563 2869 est
3585 2854 3600 2879 ,
3632 2828 3791 2881 quem

2203 2905 2350 2962 Deus
2382 2906 2544 2961 Pater
2575 2907 2764 2961 volens
2795 2906 2863 2963 ab
2893 2906 3151 2961 omnibus
3181 2905 3369 2981 diligi,
3400 2905 3518 2960 haec
3544 2922 3667 2976 quae
3698 2906 3793 2958 ho-

2203 3001 2379 3056 mines
2428 3000 2796 3061 induxerunt,
2831 2999 2886 3052 in
2924 2998 3130 3070 quibus
3181 2998 3317 3052 nihil
3368 3006 3555 3068 potest
3603 3013 3793 3067 appre-

2203 3091 2365 3147 hendi
2384 3131 2400 3154 ,
2430 3092 2602 3146 voluit
2633 3093 2850 3163 penitus
2878 3093 3231 3161 exstinguere
3251 3132 3267 3155 ,
3297 3098 3358 3145 ut
3381 3106 3448 3145 eo
3478 3092 3655 3161 magis
3694 3092 3795 3149 iste

2205 3194 2577 3258 quareretur,
2631 3195 2686 3242 et
2735 3202 2897 3256 quem
2932 3185 3008 3240 illi
3056 3187 3452 3250 obcluserant,
3485 3185 3574 3240 hic
3620 3185 3790 3242 homi-

2207 3280 2370 3334 nibus
2413 3279 2558 3333 viam
2598 3279 2850 3334 veritatis
2892 3278 3149 3349 aperiret.
3181 3276 3413 3349 Propter
3457 3278 3607 3333 hunc
3649 3280 3794 3333 enim

2207 3371 2354 3427 Deus
2382 3371 2549 3426 etiam
2576 3371 2839 3425 mundum
2870 3370 2997 3425 fecit
3031 3379 3083 3425 et
3108 3370 3175 3426 ab
3206 3369 3324 3439 ipso
3354 3369 3597 3425 mundus
3622 3370 3797 3441 reple-

2205 3471 2329 3529 tur,
2361 3464 2508 3518 unde
2539 3470 2594 3517 et
2622 3462 2996 3533 quaerentibus
3019 3476 3077 3516 se
3108 3459 3264 3515 adest
3304 3461 3511 3531 ubique
3532 3501 3548 3528 ,
3580 3462 3797 3517 etiamsi

2204 3558 2260 3613 in
2283 3557 2488 3612 ultimis
2519 3563 2678 3610 terra:
2710 3554 2912 3609 ﬁnibus
2943 3562 3243 3623 quaeratur.
3274 3552 3329 3607 Si
3360 3570 3492 3609 vero
3517 3571 3627 3610 non
3659 3571 3799 3624 pure

2204 3665 2331 3706 eum
2358 3649 2483 3720 quis
2516 3662 2619 3703 nec
2669 3656 2859 3702 sancte
2891 3662 3069 3715 neque
3102 3646 3333 3701 ﬁdeliter
3374 3658 3620 3718 quaerat,
3652 3649 3797 3701 intra

2204 3741 2384 3813 ipsum
2414 3741 2635 3811 quidem
2666 3747 2783 3806 est,
2817 3740 2946 3810 quia
2993 3739 3193 3809 ubique
3222 3747 3308 3795 est
3339 3749 3394 3794 et
3426 3741 3575 3796 intra
3600 3757 3797 3796 sensus

2202 3831 2447 3887 omnium
2482 3829 2789 3894 invenitur;
2824 3826 2917 3883 sed
2938 3867 2954 3892 ,
2989 3836 3048 3881 ut
3083 3841 3249 3896 supra
3291 3827 3575 3891 diximus,
3605 3826 3793 3881 inﬁde-

2202 3924 2345 3979 libus
2382 3922 2587 3977 dormit
2616 3929 2671 3976 et
2701 3921 2902 3975 absens
2949 3920 3183 3974 habetur
3219 3919 3337 3982 his.
3369 3934 3401 3973 a
3426 3921 3627 3991 quibus
3668 3935 3789 3974 esse

2203 4032 2314 4071 non
2339 4015 2605 4071 creditur.
2631 4012 2881 4084 Cumque
2907 4013 3023 4067 haec
3048 4019 3105 4066 et
3130 4012 3236 4066 alia
3260 4012 3579 4081 hujusmodi
3603 4010 3790 4067 Petrus

2200 4108 2269 4165 de
2296 4125 2426 4163 vero
2457 4106 2721 4179 propheta
2756 4114 3084 4176 prosecutus
3115 4112 3299 4168 esset,
3335 4105 3534 4160 turbas
3564 4105 3790 4170 dimisit,

2201 4217 2387 4258 senem
2419 4216 2547 4256 vero
2573 4216 2697 4256 cum
2732 4206 2979 4270 rogasset
3008 4199 3305 4270 plurimum
3340 4215 3667 4271 permanere
3693 4214 3792 4253 no-

2201 4293 2414 4349 biscum
2436 4332 2451 4357 ,
2483 4292 2734 4347 obtinere
2761 4306 2871 4347 non
2901 4292 3079 4362 potuit
3105 4332 3121 4358 ,
3151 4292 3243 4347 sed
3275 4302 3330 4347 et
3357 4292 3480 4363 ipse
3504 4292 3791 4357 discessit,

2202 4386 2308 4441 alia
2340 4385 2429 4441 die
2452 4385 2597 4440 sicut
2624 4385 2903 4454 placuerat
2946 4385 3250 4440 rediturus.
3283 4384 3351 4438 Et
3380 4393 3510 4455 post
3535 4386 3654 4440 haec
3690 4401 3791 4441 nos

520 4473 842 4529 mendaciis.
880 4472 949 4528 Et
981 4489 1107 4529 cum
1144 4475 1230 4530 his
1261 4476 1518 4532 omnibus
1562 4485 1711 4531 recto
1739 4476 1950 4546 judicio
1982 4477 2099 4531 dis-
2128 4490 2173 4547 ι)
2202 4492 2313 4532 una
2352 4493 2479 4533 cum
2513 4475 2681 4531 Petro
2725 4475 2962 4547 ingressi
3008 4476 3307 4548 hospitium
3329 4517 3346 4542 ,
3372 4477 3503 4532 cibo
3531 4486 3587 4532 et
3614 4477 3794 4549 quiete

516 4563 730 4629 tussis,
771 4565 942 4620 verba
991 4567 1301 4623 constiterit
1343 4582 1467 4623 esse
1512 4568 1866 4639 praphetica,
1891 4569 1967 4623 ita
1999 4568 2096 4623 de-

2204 4570 2369 4624 solito
2400 4569 2628 4623 utimur.

1708 4845 2062 4934 LIBER
2162 4842 2618 4936 NONUS.

592 5132 631 5185 Ι.
675 5129 936 5202 Sequenti
965 5129 1053 5183 die
1082 5127 1277 5183 Petrus
1307 5141 1415 5180 una
1450 5128 1737 5182 nobiscum
1788 5137 2003 5184 mature
2026 5130 2094 5185 ad

515 5225 697 5281 locum
718 5264 733 5288 ,
767 5223 822 5277 in
846 5236 955 5292 quo
986 5221 1163 5291 pridie
1192 5220 1377 5274 habita
1410 5218 1586 5274 fuerat
1617 5218 1940 5291 disputatio,
1965 5237 2098 5292 pro-

515 5318 759 5387 peravit,
791 5324 954 5386 atque
978 5314 1052 5370 ibi
1082 5329 1204 5370 cum
1229 5314 1493 5383 plurimas
1517 5313 1628 5383 jam
1662 5313 1728 5368 ad
1760 5313 2093 5370 audiendum

515 5410 839 5464 convenisse
864 5408 1057 5462 turbas
1078 5415 1131 5461 et
1156 5421 1342 5462 senem
1373 5421 1499 5460 cum
1539 5406 1620 5461 eis
1649 5405 1891 5470 videret,
1922 5406 1999 5460 ait
2024 5407 2094 5462 ad

517 5515 642 5555 eum
675 5520 689 5554 :
720 5500 987 5557 Hesterna
1035 5500 1123 5554 die
1144 5538 1159 5563 ,
1192 5514 1225 5552 ο
1258 5514 1455 5565 senex,
1490 5513 1615 5553 cum
1651 5497 1931 5554 Clemente
1977 5500 2095 5569 pla-

518 5600 711 5646 cuerat
738 5600 794 5645 ut
824 5593 985 5647 hodie
1032 5607 1213 5647 sermo
1255 5590 1407 5647 ﬁeret
1426 5632 1442 5657 ,
1472 5599 1529 5647 et
1557 5600 1649 5646 aut
1680 5604 1739 5648 tu
1777 5594 2095 5651 ostenderes

590 5705 631 5735 “
664 5703 793 5773 Sap.
821 5720 859 5768 ι,
884 5706 938 5759 4.

2199 5134 2338 5189 nihil
2369 5142 2523 5192 extra
2555 5136 2800 5206 genesim
2830 5132 2985 5199 ﬁeri,
3018 5142 3112 5188 aut
3137 5134 3397 5192 Clemens
3445 5136 3673 5193 doceret
3699 5154 3788 5208 ge-

2201 5228 2375 5284 nesim
2408 5244 2517 5282 non
2547 5243 2671 5283 esse
2701 5225 2820 5301 [sed
2854 5226 2907 5281 in
2940 5227 3099 5283 nobis
3126 5236 3179 5282 et
3210 5227 3264 5282 in
3298 5241 3492 5285 nostra
3525 5242 3787 5300 potestate

2200 5320 2387 5376 haberi
2430 5337 2551 5392 quae
2578 5319 2862 5391 gerimus].
2890 5320 2969 5375 Ad
3004 5320 3120 5376 haec
3149 5337 3315 5376 senex
3360 5323 3655 5393 respondit
3683 5342 3697 5377 :
3724 5322 3784 5377 Et

2198 5414 2329 5484 quid
2382 5414 2648 5485 placuerit
2697 5412 2960 5478 memini,
2998 5422 3055 5469 et
3100 5424 3193 5467 tua
3238 5415 3409 5469 verba
3460 5424 3624 5471 teneo
3670 5430 3783 5485 qua:

2200 5516 2323 5577 post
2351 5508 2635 5577 pactiones
2666 5505 2884 5560 locutus
2907 5506 3038 5572 es“,
3070 5507 3271 5577 quibus
3301 5507 3546 5563 docuisti
3583 5510 3785 5577 imposp

2202 5598 2361 5653 sibile
2400 5614 2525 5655 esse
2554 5597 2762 5653 homini
2804 5597 2949 5653 scire
2994 5598 3201 5669 aliquid
3224 5640 3240 5664 ,
3271 5600 3382 5654 nisi
3420 5616 3456 5656 a
3484 5616 3619 5657 vero
3649 5598 3783 5655 Pro-

1050 5705 1095 5737 "
1126 5705 1182 5759 In
1210 5706 1370 5761 codd.
1404 5707 1581 5786 Lips-s.
1618 5710 1837 5786 omissis
1868 5710 1954 5775 iis,
1982 5727 2102 5780 qua:
2133 5714 2401 5786 usquead
2434 5730 2555 5786 cap.
2592 5713 2659 5770 I6
2684 5713 2826 5770 med.
2859 5720 3188 5783 sequuntur,
3220 5714 3303 5768 sic
3331 5714 3537 5772 legitur
3566 5730 3581 5768 :
3615 5714 3781 5771 Locun

520 5784 602 5829 tus
637 5792 712 5831 es.
740 5775 936 5831 Deinde
960 5787 1261 5844 prosccutus
1291 5793 1446 5832 senex
1470 5775 1661 5848 adjecit
1684 5795 1701 5833 :
1729 5780 1941 5836 Certum
1972 5775 2049 5839 est
2083 5775 2282 5839 mihi}!
2313 5785 2435 5842 bene
2457 5775 2573 5845 uoci
2598 5786 2722 5859 quia
2753 5775 3223 5855 compaﬁinatione,
3257 5793 3365 5841 etc.
