3848 6252
119 290 273 344 14111

1338 297 1883 367 ηΕεοοΝιτιοΝυΜ
1920 300 2045 355 LIB.
2088 302 2175 359 IX.

3178 313 3307 368 ηοω

116 407 301 466 poeta
347 398 620 457 didicerit.
660 402 726 456 Et
764 403 953 459 Petrus
986 424 998 461 :
1028 392 1248 470 Nescis,
1294 406 1497 476 inquit,
1544 425 1679 477 quo-
1710 416 1753 470 Α
1781 417 1985 464 mentes
2013 411 2287 464 hominum
2316 414 2611 481 corrumpit
2655 429 2718 468 ac
2750 415 2931 480 violat,
2963 425 3015 471 et
3039 433 3067 470 a
3096 420 3309 477 decide-

116 489 303 542 modo
351 490 617 557 dixerim,
652 495 744 548 sed
794 511 937 549 nunc
976 506 1025 549 te
1061 511 1159 565 ego
1201 499 1581 561 commonebo,
1612 500 1677 554 de

115 579 425 634 voluntate
452 582 561 635 dixi
589 593 640 636 et
677 586 902 638 consilio
931 586 1050 649 Dei,
1074 602 1233 654 quam
1276 588 1461 642 habuit
1499 592 1677 657 prius-

118 685 301 740 quam
336 674 574 727 mundus
596 683 765 736 esset,
822 686 874 729 et
903 691 1009 744 quo
1048 677 1273 731 consilio
1314 677 1497 733 fecerit
1524 694 1680 732 mun-

119 760 265 813 dum
289 798 304 822 ,
339 768 590 830 tempora
643 766 920 828 statuerit,
959 766 1124 833 legem
1166 766 1403 830 dederit,
1428 769 1591 836 justis
1613 769 1680 823 ad

120 850 409 904 bonorum
443 856 921 909 remunerationem
954 856 1186 910 futurum
1207 859 1456 912 saeculum
1478 861 1678 927 promi-

120 942 269 995 serit
293 980 307 1003 ,
341 943 567 1010 injustis
597 959 780 1013 pcenas
806 962 871 999 ex
896 947 1083 1014 judicii
1111 950 1371 1003 sententia
1403 951 1680 1015 statuerit;

122 1032 236 1085 hoc
262 1047 369 1102 ego
396 1034 507 1086 dixi
536 1036 818 1089 consilium
838 1075 851 1099 ,
883 1044 935 1091 et
963 1038 1099 1091 hanc
1144 1038 1465 1093 voluntatem
1495 1040 1586 1094 Dei
1616 1042 1683 1095 ab

123 1123 455 1178 hominibus
477 1125 702 1178 inveniri
735 1141 839 1179 non
864 1141 1039 1195 posse,
1063 1128 1189 1196 quia
1221 1143 1380 1183 nemo
1404 1129 1683 1183 hominum

123 1222 320 1281 potest
372 1229 593 1268 sensum
623 1215 713 1269 Dei
764 1216 1089 1283 conjecturis
1115 1226 1168 1271 et
1194 1219 1545 1272 aestimatione
1572 1219 1687 1272 col-

122 1304 306 1373 ligere
327 1343 343 1368 ,
378 1305 486 1358 nisi
529 1306 784 1373 propheta
817 1306 885 1358 ab
912 1322 975 1359 eo
1030 1307 1229 1362 missus
1281 1308 1537 1362 enuntiet.
1567 1306 1685 1361 Non

123 1410 265 1464 ergo
292 1395 365 1449 de
396 1395 806 1464 quibuscunque
848 1397 1145 1465 disciplinis
1175 1404 1267 1449 aut
1297 1399 1489 1451 studiis
1537 1399 1682 1461 dixi,

123 1486 263 1552 quia
316 1484 551 1537 inveniri
581 1484 697 1537 sine
738 1485 994 1553 propheta
1020 1494 1109 1537 aut
1139 1485 1262 1540 sciri
1294 1499 1397 1538 non
1440 1486 1682 1553 possint;

126 1575 342 1643 quippe
375 1575 469 1641 qui
501 1574 667 1627 sciam
708 1583 762 1627 et
795 1575 1020 1627 artificia
1050 1582 1102 1628 et
1129 1575 1441 1644 disciplinas
1476 1577 1603 1630 sciri
1633 1583 1687 1630 et

134 1667 398 1717 exerceri
431 1664 499 1717 ab
528 1663 860 1724 hominibus,
892 1678 1027 1732 quas
1052 1678 1159 1718 non
1190 1679 1220 1716 a
1246 1680 1370 1719 vero
1400 1666 1685 1735 propheta,

125 1753 227 1808 sed
262 1769 294 1805 a
325 1754 607 1821 magistris
640 1753 941 1806 hominibus
969 1753 1273 1808 didicerint.

200 1844 271 1899 ll.
314 1843 586 1909 Quoniam
617 1858 744 1911 ergo
783 1851 833 1896 te
873 1842 1145 1911 professus
1191 1858 1249 1898 es
1301 1859 1525 1913 gnarum
1560 1859 1682 1899 esse

125 1934 430 2005 positionis
467 1933 700 1989 siderum
737 1940 790 1987 et
837 1934 1110 1987 stellarum
1148 1949 1362 1997 cursus,
1389 1950 1451 1988 ex
1483 1934 1681 2002 quibus

126 2023 500 2078 convinceres
530 2023 853 2076 Clementem
884 2022 1025 2091 quod
1054 2022 1236 2089 genesi
1279 2022 1457 2076 omnia
1495 2024 1675 2091 subjav

124 2120 313 2173 ceant,
351 2122 447 2164 aut
473 2110 542 2163 ab
571 2110 686 2178 ipso
712 2109 950 2165 disceres
1001 2111 1141 2180 quod
1174 2126 1268 2179 per
1288 2109 1680 2164 Providentiam

126 2210 406 2271 reguntur
430 2200 701 2262 universa,
725 2209 777 2253 et
799 2206 879 2254 est
902 2201 1058 2253 etiam
1079 2200 1275 2268 aliquid
1306 2202 1359 2254 in
1389 2200 1563 2265 nobis,
1581 2201 1682 2254 hoc

124 2292 397 2361 expedire
439 2306 535 2344 vos
580 2289 848 2342 convenit.
878 2289 957 2343 Ad
1004 2289 1116 2343 hate
1160 2305 1319 2344 senex
1356 2290 1629 2359 respondit
1663 2309 1678 2345 :

125 2387 251 2439 1am
283 2383 509 2454 quidem
549 2382 910 2436 necessarium
936 2396 1042 2434 non
1077 2393 1190 2434 erat
1219 2381 1523 2449 hujusmodi
1567 2398 1684 2435 mo-

126 2491 260 2530 vere
290 2475 643 2543 quaestiones.
668 2473 713 2526 si
746 2472 997 2541 possibile
1025 2479 1167 2525 esset
1184 2473 1336 2527 nobis
1359 2486 1389 2525 a
1416 2488 1544 2526 vero
1566 2489 1684 2542 pro-

129 2567 297 2635 pheta
330 2565 547 2618 discere
577 2570 628 2615 et
656 2562 839 2614 audire
887 2560 1098 2615 definita
1136 2562 1422 2626 sententia,
1451 2563 1578 2631 quia
1609 2564 1682 2616 sit

128 2655 343 2724 aliquid
363 2655 419 2707 in
441 2653 593 2706 nobis
613 2660 665 2706 et
681 2653 733 2704 in
751 2652 956 2705 arbitrii
979 2652 1211 2719 positum
1229 2652 1503 2720 libertate;
1528 2653 1681 2708 valde

127 2746 278 2799 enim
335 2758 427 2797 me
464 2757 642 2797 sermo
680 2749 803 2795 tuus
841 2741 1003 2793 movit
1036 2740 1437 2807 hesternus,'in
1471 2759 1576 2811 quo
1614 2743 1681 2798 de

128 2835 343 2887 virtute
386 2830 695 2900 prophetica
722 2829 1027 2897 disputasti.
1060 2827 1212 2882 Unde
1238 2838 1291 2882 et
1317 2846 1415 2899 ego
1446 2832 1680 2885 assentio

127 2934 182 2977 et
229 2924 506 2977 conlirmo
537 2921 854 2973 sententiam
899 2929 1065 2981 tuam,
1099 2921 1224 2988 quia
1253 2920 1385 2973 nihil
1408 2926 1585 2988 potest
1612 2920 1680 2974 ab

128 3013 361 3065 homine
412 3017 617 3062 certum
656 3008 1119 3077 indubitatumque
1160 3009 1432 3078 cognosci,
1482 3009 1570 3062 cui
1626 3020 1680 3065 et

128 3106 401 3174 exiguum
433 3102 557 3154 vitai
600 3108 811 3168 tempus
839 3106 921 3153 est
947 3107 1000 3153 et
1044 3101 1203 3153 breve
1232 3114 1293 3153 ac
1323 3108 1480 3153 tenue
1507 3099 1678 3169 spira-

130 3209 279 3255 men,
310 3206 428 3260 quo
456 3190 671 3243 retineri
690 3189 900 3244 videtur
921 3189 973 3242 in
1003 3190 1129 3241 vita.
1155 3187 1525 3243 Verumtamen
1555 3203 1683 3257 quo-

132 3283 282 3337 niam
329 3280 651 3349 priusquam
692 3278 758 3331 de
790 3279 1099 3348 praphetica
1127 3278 1322 3331 virtute
1351 3277 1551 3346 aliquid
1579 3292 1680 3332 au-

132 3369 341 3432 direm,
397 3365 668 3435 pollicitus
711 3366 894 3419 videor
920 3365 1200 3429 Clementi,
1234 3373 1292 3419 ut
1318 3364 1677 3429 ostenderem,

132 3460 264 3527 quia
295 3456 486 3511 omnia
510 3456 747 3522 subjecta
772 3463 897 3509 sunt
930 3458 1131 3525 genesi,
1156 3464 1245 3509 aut
1268 3457 1334 3510 ab
1362 3458 1476 3524 ipso
1508 3456 1682 3510 disce-

134 3562 274 3609 rem,
308 3546 445 3615 quia
472 3552 555 3598 est
587 3545 783 3611 aliquid
804 3551 857 3597 et
889 3545 941 3596 in
966 3545 1140 3607 nobis,
1173 3551 1384 3613 przestet
1417 3543 1545 3595 mihi
1569 3543 1684 3609 ipse

135 3637 191 3691 in
220 3638 334 3690 hoc
353 3635 580 3703 gratiam
608 3642 665 3686 ut
686 3635 887 3702 primus
915 3635 1132 3703 incipiat
1159 3641 1210 3686 et
1236 3647 1352 3701 quae
1372 3632 1532 3698 objici
1559 3646 1685 3699 pos-

136 3735 291 3790 sunt,
326 3729 596 3793 proponat
625 3732 677 3774 et
713 3723 982 3786 absolvat;
1013 3736 1111 3789 ego
1140 3721 1306 3784 enim,
1335 3734 1397 3773 ex
1427 3734 1533 3786 quo
1554 3732 1653 3786 pau
1679 3745 1684 3749 -

135 3819 217 3872 cis
250 3832 283 3869 a
318 3823 378 3868 te
406 3811 584 3864 audivi
612 3810 678 3864 de
705 3814 902 3864 virtute
929 3812 1235 3880 prOphetize.
1266 3810 1683 3880 magnitudinem

135 3901 504 3976 praescientiaa
541 3900 886 3953 considerans
921 3901 1190 3969 obstupui,
1217 3900 1405 3961 fateor,
1445 3915 1543 3953 nec
1570 3914 1683 3951 om-

137 4000 272 4051 nino
324 3990 695 4060 recipiendum
727 3989 1016 4058 quidquam
1045 4005 1261 4052 censeo,
1304 3990 1446 4059 quod
1501 3989 1686 4056 conje-

137 4086 321 4139 cturis
348 4089 404 4135 et
429 4078 783 4132 aestimatione
817 4078 1105 4146 colligitur.
1479 4083 1508 4114 ο

209 4174 302 4233 ιιι,
351 4169 419 4222 Et
456 4183 576 4220 cum
601 4168 713 4221 haec
743 4182 901 4222 senex
933 4168 1177 4229 dixisset,
1200 4182 1298 4238 ego
1324 4166 1572 4221 Clemens
1599 4166 1685 4220 di-

141 4279 273 4318 cere
303 4264 383 4316 ita
414 4258 549 4325 ccepi
582 4276 595 4311 :
628 4256 766 4310 Deus
786 4272 879 4326 per
910 4256 1097 4309 Filium
1127 4273 1282 4310 suum
1310 4258 1511 4309 creavit
1541 4271 1689 4308 mun-

1774 499 1854 553 rio
1881 502 1989 554 veri
2020 499 2212 569 Sponsi
2246 503 2528 565 seducens,
2560 505 2709 557 illicit
2744 506 2806 558 ad
2823 507 2993 561 aliena
3021 508 3304 567 desideria.

1843 589 1930 646 IV.
1970 590 2073 645 Sed
2130 592 2271 647 dicet
2308 593 2502 662 aliquis
2538 608 2551 644 :
2588 595 2727 660 Quid
2762 611 2892 665 ergo
2923 614 3142 654 necesse
3190 612 3307 656 erat

1776 676 1937 732 istum
1973 680 2261 749 principem
2316 680 2451 744 fieri,
2502 684 2594 751 qui
2624 698 2653 736 a
2684 700 2809 738 vero
2835 688 3073 756 principe
3102 700 3308 749 mentes

1777 768 2051 822 hominum
2080 771 2413 825 declinaret?
2442 772 2701 837 Quoniam
2730 775 2871 830 Deus
2907 779 3021 845 qui,
3054 788 3110 832 ut
3158 781 3304 843 dixi,

1778 854 1912 909 Filio
1941 873 2038 911 suo
2087 859 2290 913 amicos
2319 860 2487 913 voluit
2515 876 2833 930 praeparare,
2879 879 2983 916 non
3036 880 3128 919 eos
3174 869 3305 921 tales

1778 961 1899 1000 esse
1922 947 2109 1011 voluit,
2136 950 2230 1017 qui
2256 951 2570 1003 necessitate
2614 959 2820 1005 natura:
2852 954 2993 1005 aliud
3024 953 3150 1021 quid
3188 970 3303 1007 esse

1778 1051 1885 1089 non
1910 1045 2146 1105 possent,
2179 1038 2270 1091 sed
2295 1039 2385 1106 qui
2418 1039 2638 1091 arbitrio
2668 1055 2765 1093 suo
2797 1050 2850 1094 et
2881 1042 3153 1096 voluntate
3186 1044 3303 1095 l,-oni

1780 1141 1900 1180 esse
1915 1126 2281 1182 desiderarent
2300 1146 2315 1194 ;
2334 1129 2461 1196 quia
2491 1145 2589 1183 nec
2605 1130 2869 1185 laudabile
2895 1141 2998 1193 est,
3027 1132 3167 1200 quod
3199 1148 3305 1185 non

1780 1223 1863 1269 est
1905 1215 2277 1279 desiderabile,
2328 1232 2427 1271 nec
2475 1220 2671 1273 bonum
2703 1221 2996 1286 judicatur,
3028 1224 3166 1289 quod
3202 1237 3307 1275 non

1783 1306 2057 1374 proposito
2084 1307 2349 1374 expetitur
2380 1323 2394 1358 :
2430 1307 2560 1360 nihil
2586 1309 2727 1361 enim
2757 1310 2930 1363 laudis
2959 1319 3041 1365 est
3070 1312 3119 1364 id
3169 1327 3304 1376 esse,

1783 1409 1814 1447 a
1842 1410 1947 1463 quo
1986 1402 2039 1448 te
2062 1396 2259 1448 mutari
2289 1404 2492 1450 natura:
2525 1400 2821 1451 necessitas
2853 1414 2957 1451 non
2993 1401 3149 1454 sinat.
3177 1400 3297 1454 Pro-

1784 1484 2015 1538 videntia
2042 1500 2167 1555 ergo
2198 1484 2290 1538 Dei
2329 1486 2601 1539 hominum
2641 1489 3034 1541 multitudinem
3068 1493 3215 1543 nasci
3254 1493 3304 1543 in

1784 1573 1886 1626 hoc
1916 1573 2114 1626 mundo
2142 1573 2329 1635 voluit,
2362 1582 2419 1628 ut
2459 1591 2527 1627 ex
2574 1576 2816 1643 pluribus
2865 1576 3190 1645 eligerentur
3217 1580 3307 1646 qui

1781 1663 1981 1730 justam
2022 1663 2301 1731 diligerent
2339 1664 2521 1717 vitam.
2552 1663 2771 1745 Et‘quia
2802 1674 3113 1732 praesentem
3154 1682 3305 1718 unin-

1714 1733 1756 1786 Β
1784 1753 1909 1806 dum
1938 1753 2177 1821 praevidit
2204 1768 2312 1807 non
2358 1754 2514 1806 aliter
2554 1736 2709 1821 posse
2752 1755 2851 1807 nisi
2903 1754 3209 1808 diversitate
3258 1761 3309 1809 et

1780 1844 2136 1912 inaequalitate
2167 1849 2432 1905 constare,
2451 1843 2740 1897 secundum
2766 1844 3106 1910 praesentium
3133 1858 3306 1896 rerum

1780 1931 2117 1987 diversitates
2164 1932 2451 2000 unicuique
2504 1934 2668 1986 menti
2716 1932 3013 1986 libertatem
3066 1941 3306 1985 mutuum

1780 2020 1947 2085 dedit,
1972 2029 2024 2075 et
2054 2021 2196 2075 hunc
2224 2022 2519 2091 principem
2552 2023 2750 2089 posuit,
2782 2038 2888 2091 quo
2925 2037 2986 2075 ea
3016 2037 3134 2089 quae
3176 2038 3307 2075 con-

1781 2111 1946 2164 traria
1990 2110 2239 2164 videntur
2268 2112 2527 2181 agitante,
2566 2112 2757 2166 electio
2786 2113 3068 2165 meliorum
3102 2096 3311 2167 virtutis

1778 2213 1937 2268 opere
1975 2205 2263 2252 constaret.

1848 2286 1911 2341 V.
1928 2286 2031 2341 Sed
2054 2295 2112 2340 ut
2129 2289 2336 2357 planius
2360 2286 2596 2357 fiatquod
2616 2287 2861 2349 dicimus,
2881 2304 2974 2356 per
2990 2289 3195 2357 singula
3217 2306 3308 2342 ex-

1778 2377 2311 2448 ponemus.Nunquid
2323 2394 2529 2443 omnes,
2544 2379 2689 2433 verbi
2704 2380 2891 2447 gratia,
2909 2380 3181 2447 oportebat
3197 2396 3311 2435 esse

1779 2470 1835 2522 in
1863 2469 1964 2522 hoc
2012 2471 2210 2524 mundo
2240 2484 2412 2539 reges,
2462 2482 2552 2523 aut
2588 2471 2881 2539 principes,
2915 2482 3003 2524 aut
3044 2471 3309 2533 dominos.

1779 2564 1871 2609 aut
1913 2558 2246 2626 paedagogos,
2267 2565 2359 2611 aut
2385 2559 2740 2627 legisperitos,
2765 2567 2857 2611 aut
2883 2570 3205 2628 geometras,
3224 2573 3315 2616 aut

1779 2646 2051 2709 aurifices,
2080 2654 2171 2700 aut
2192 2648 2443 2716 pistores,
2472 2647 2774 2711 antfabros,
2801 2657 2892 2700 aut
2914 2654 3313 2718 grammaticos,

1780 2737 2103 2797 autdivites,
2127 2745 2218 2790 aut
2234 2738 2516 2807 agricolas,
2541 2745 2632 2790 aut
2656 2739 2892 2801 olitores,
2908 2748 2999 2792 aut
3022 2743 3315 2809 piscatores

1781 2834 1875 2879 aut
1896 2826 2191 2895 pauperes?
2207 2826 2318 2879 haec
2333 2834 2535 2881 certum
2555 2834 2637 2881 est
2676 2829 2801 2895 quia
2847 2842 3031 2883 omnes
3058 2844 3177 2882 esse
3207 2844 3314 2880 non

1779 2921 2043 2982 poterant.
2074 2913 2265 2968 Omnia
2306 2922 2483 2969 tamen
2518 2915 2630 2969 hinc
2660 2915 2829 2970 olIicia
2867 2924 2920 2972 et
2958 2918 3126 2971 multo
3164 2919 3317 2985 plura

1783 3018 2020 3071 praesens
2048 3005 2155 3057 vita
2188 3005 2464 3065 hominum
2493 3006 2741 3074 requirit,
2761 3013 2814 3060 et
2840 3008 2957 3061 sine
2983 3008 3067 3062 his
3094 3007 3318 3077 transigi

1782 3108 1891 3146 non
1919 3101 2121 3161 potest;
2143 3104 2224 3149 est
2245 3109 2373 3164 ergo
2402 3098 2707 3151 necessaria
2740 3097 2794 3150 in
2824 3098 2925 3152 hoc
2967 3097 3164 3154 mundo
3190 3098 3319 3154 inae-

1783 3182 2037 3254 qualitas.
2055 3182 2170 3238 Non
2189 3186 2329 3240 enim
2362 3195 2535 3255 potest
2563 3202 2683 3242 esse
2707 3203 2820 3251 rex,
2848 3190 2951 3243 nisi
2975 3189 3167 3243 habeat
3183 3206 3319 3258 quos

1783 3281 1932 3342 regat
1958 3284 2013 3328 et
2042 3276 2241 3343 quibus
2271 3277 2517 3345 imperet,
2558 3292 2732 3345 neque
2764 3287 2941 3346 potest
2987 3294 3105 3333 esse
3145 3279 3319 3332 domi-

1785 3377 1910 3425 nus,
1934 3364 2039 3417 nisi
2071 3364 2264 3418 habeat
2298 3366 2385 3417 cui
2407 3366 2732 3431 dominetur,
2754 3375 2806 3420 et
2826 3375 3022 3419 caetera
3049 3366 3315 3421 similiter.

1854 3453 1941 3507 Vl.
1968 3452 2156 3508 Sciens
2183 3469 2312 3522 ergo
2338 3454 2596 3507 Conditor
2622 3470 2651 3507 a
2674 3457 2820 3509 nullo
2849 3462 3035 3523 sponte
3066 3455 3231 3508 veniri
3252 3454 3318 3508 ad

1787 3556 2034 3610 agonem,
2075 3542 2202 3595 dum
2233 3541 2495 3610 refugitur
2518 3542 2687 3605 labor,
2719 3542 2819 3596 hoc
2851 3552 2933 3596 est
2965 3541 3030 3596 ad
3059 3558 3315 3597 exercen-

1780 3632 1877 3684 das
1907 3638 2050 3684 artes
2082 3630 2213 3684 istas
2243 3645 2375 3699 quas
2406 3646 2568 3700 supra
2614 3631 2868 3693 diximus,
2915 3647 3010 3700 per
3056 3647 3192 3699 quas
3234 3634 3315 3686 vel

1776 3720 1987 3788 justitia
2017 3720 2440 3789 uniuscujusque
2464 3721 2541 3775 vel
2571 3721 2937 3774 misericordia
2985 3720 3315 3774 manifestari

1781 3818 1977 3878 potest,
2011 3826 2209 3880 corpus
2253 3810 2457 3863 homini
2483 3810 2630 3870 fecit,
2664 3808 2805 3877 quod
2844 3810 3036 3861 famem
3067 3816 3120 3862 et
3172 3810 3315 3862 sitim

1782 3910 1834 3953 et
1866 3900 2036 3969 frigus
2058 3901 2338 3968 reciperet,
2358 3906 2414 3951 ut
2435 3898 2705 3952 reficiendi
2732 3896 2973 3965 corporis
2989 3911 3151 3950 causa
3171 3911 3313 3949 com-

1782 3989 1921 4057 pulsi
1950 3989 2213 4050 homines,
2243 3988 2310 4040 ad
2354 4002 2541 4040 omnes
2590 4002 2723 4055 quas
2769 4000 2929 4054 supra
2973 3985 3319 4051 exposuimus

1787 4084 1931 4129 artes
1966 4077 2141 4129 victus
2166 4074 2488 4128 necessitate
2519 4072 2922 4128 descenderent.
2954 4070 3070 4124 Cibi
3103 4071 3243 4125 enim
3267 4079 3320 4125 et

1784 4173 1945 4234 potus
1961 4175 2120 4233 atque
2140 4153 2432 4217 indumenti
2456 4165 2896 4233 gratia,singulas
2916 4177 3154 4231 quasque
3175 4169 3319 4215 artes

1784 4262 2030 4321 expetere
2053 4254 2354 4307 edocemur.
2383 4252 2447 4305 Et
2471 4254 2555 4307 hic
2580 4253 2687 4321 jam
2720 4251 3142 4319 uniuscujusque
3170 4265 3319 4302 men-

142 4357 277 4407 dum
322 4359 577 4416 tanquam
606 4348 871 4416 duplicem
903 4349 1139 4410 domum,
1187 4348 1471 4415 interjectu
1505 4348 1684 4400 firma-
1719 4376 1761 4430 Β
1789 4346 1859 4396 tis
1890 4343 2219 4411 propositum
2270 4341 2594 4402 declaratur,
2630 4351 2802 4394 utrum
2836 4340 3207 4394 necessitatem
3232 4336 3313 4389 fa-

147 4442 322 4497 menti
353 4439 514 4507 hujus
543 4438 685 4507 quod
722 4439 914 4491 coelum
944 4439 1241 4507 appellatur
1271 4437 1601 4499 distinctam,
1635 4446 1688 4491 et

148 4536 202 4587 in
229 4533 507 4604 superiori
539 4531 751 4599 quidem
781 4533 1047 4601 angelicas
1092 4531 1333 4584 habitare
1362 4532 1607 4591 virtutes,
1634 4530 1689 4581 in

150 4630 263 4682 isto
287 4632 471 4678 autem
495 4620 692 4674 visibili
720 4622 918 4674 mundo
952 4622 1101 4674 nasci
1141 4623 1416 4675 hominum
1446 4624 1691 4674 multitu-

151 4720 340 4772 dinem
384 4711 552 4774 dedit,
586 4727 649 4764 ex
693 4712 887 4779 quibus
915 4712 1127 4780 eligeret
1150 4714 1351 4765 amicos
1391 4711 1525 4764 Filio
1557 4725 1686 4773 suo,

152 4822 281 4859 cum
313 4804 514 4872 quibus
543 4802 826 4860 laetaretur,
849 4806 902 4853 et
929 4802 1018 4869 qui
1047 4802 1095 4854 ei
1128 4808 1376 4868 tanquam
1407 4816 1605 4869 sponso
1635 4805 1693 4852 ut

153 4898 355 4951 dilecta
384 4905 580 4961 sponsa
611 4899 942 4958 pararentur.
974 4890 1166 4943 Verum
1198 4905 1365 4958 usque
1392 4892 1455 4943 ad
1487 4893 1695 4958 nuptia-

155 5004 279 5041 rum
322 4993 557 5050 tempus,
589 4980 728 5049 quod
763 4987 846 5033 est
888 4981 1169 5047 praesentia
1217 4980 1398 5033 saeculi
1444 4982 1693 5045 venturi,

158 5076 354 5131 statuit
385 5076 631 5124 virtutem
660 5068 961 5134 quamdam,
993 5084 1110 5137 qua:
1136 5084 1201 5119 ex
1245 5068 1331 5121 bis
1358 5084 1478 5136 quae
1512 5071 1565 5121 in
1594 5070 1693 5123 hoc

160 5164 366 5218 mundo
392 5165 706 5221 nascuntur,
737 5156 895 5224 eligat
923 5166 974 5210 et
1022 5155 1287 5210 custodiat
1331 5159 1598 5220 meliores,
1634 5174 1697 5212 ac

160 5260 342 5309 servet
366 5250 501 5304 Filio
529 5264 627 5303 suo
657 5253 1016 5314 sequestratos
1048 5245 1235 5298 inloco
1256 5246 1485 5312 quodam
1515 5247 1698 5300 mundi

160 5345 254 5413 qui
284 5349 435 5395 extra
466 5345 741 5407 peccatum
768 5346 869 5401 est,
904 5335 956 5388 in
983 5350 1087 5403 quo
1109 5335 1217 5400 jam
1250 5341 1374 5385 sunt
1410 5337 1695 5404 aliquanti,

161 5436 255 5505 qui
292 5432 365 5486 ibi
388 5431 530 5484 velut
555 5440 769 5496 sponsa,
801 5435 852 5479 ul
879 5426 1008 5485 dixi,
1031 5424 1222 5476 decora
1250 5421 1316 5473 ad
1345 5427 1531 5491 sponsi
1566 5441 1702 5493 pre-

166 5528 398 5581 sentiam
428 5528 807 5592 praeparantur.
832 5519 959 5572 Nam
987 5516 1165 5571 mundi
1197 5516 1352 5582 hujus
1382 5524 1436 5569 et
1467 5530 1700 5586 praesen-

168 5613 236 5669 tis
298 5624 555 5683 temporis
608 5612 850 5680 princeps
905 5608 1141 5664 adultero
1189 5605 1379 5660 similis
1430 5617 1540 5671 est,
1608 5605 1695 5675 qui

1791 4435 1891 4486 niis
1917 4441 1969 4485 et
2010 4432 2224 4500 frigoris
2268 4446 2362 4499 per
2411 4430 2551 4482 furta
2582 4438 2634 4484 et
2665 4428 2949 4482 homicidia
2979 4443 3041 4481 ac
3084 4425 3319 4495 perjuria

1791 4524 2009 4588 sarciat,
2046 4537 2244 4591 perque
2285 4520 2391 4573 alia
2422 4520 2728 4588 hujusmodi
2771 4520 2994 4581 scelera,
3047 4531 3114 4569 an
3151 4517 3315 4583 justi-

1790 4617 1938 4677 tiam,
1967 4612 2409 4674 misericordiam,
2445 4610 2936 4677 continentiamque
2984 4606 3316 4668 custodiens,

1792 4704 1924 4756 artis
1960 4702 2139 4755 studio
2167 4709 2220 4756 et
2247 4714 2499 4752 manuum
2530 4699 2710 4752 labore
2754 4696 3083 4751 imminentis
3135 4711 3320 4749 neces-

1792 4795 1968 4847 sitatis
1996 4794 2202 4862 eXpleat
2222 4792 2598 4845 ministerium.
2631 4789 2687 4844 Si
2715 4788 2858 4842 enim
2889 4801 3009 4839 cum
3034 4785 3246 4853 justitia
3268 4792 3321 4839 et

1796 4890 1990 4955 pietate
2017 4902 2078 4940 ac
2105 4885 2466 4940 misericordia
2484 4882 2854 4937 necessitatem
2875 4877 3115 4945 corporis
3148 4886 3322 4930 trans-

1792 4979 1922 5047 igat,
1946 4978 2088 5030 velut
2114 4975 2369 5045 propositi
2400 4975 2585 5041 agonis
2615 4973 2802 5031 victor,
2826 4970 3027 5022 amicus
3058 4965 3177 5018 Filii
3226 4966 3318 5019 Dei

1794 5074 1846 5118 et
1874 5065 2074 5119 electus
2104 5063 2369 5128 abscedit;
2400 5064 2444 5115 si
2473 5076 2596 5115 vero
2621 5075 2714 5128 per
2740 5058 2972 5117 fraudes,
3009 5069 3101 5123 per
3128 5053 3324 5122 iniqui-

1796 5162 1933 5208 tates
1960 5162 2011 5206 et
2048 5152 2251 5206 scelera
2276 5150 2723 5218 concupiscentiis
2754 5145 2983 5200 deservit
3025 5142 3321 5210 corporali-

1797 5248 1922 5310 bus,
1944 5244 2197 5313 principis
2218 5242 2379 5310 hujus
2401 5240 2583 5294 mundi
2602 5248 2759 5307 atque
2771 5236 3004 5290 omnium
3023 5232 3324 5285 daemonum

1799 5340 2004 5391 amicus
2031 5334 2277 5393 edicitur,
2322 5348 2351 5385 a
2399 5332 2593 5399 quibus
2627 5330 2788 5383 etiam
2830 5326 2929 5378 hoc
2962 5323 3236 5382 e‘docetur,
3268 5316 3327 5374 ut

1799 5430 2069 5484 stellarum
2100 5423 2346 5478 cursibus
2374 5424 2631 5473 malorum
2653 5430 2869 5472 suorum
2900 5411 3130 5465 ascribat
3179 5423 3330 5463 erro-

1800 5534 1910 5581 res,
1944 5531 2077 5587 quos
2106 5514 2321 5567 nonnisi
2359 5510 2636 5580 proposito
2681 5521 2743 5559 ac
2782 5506 3060 5557 voluntate
3110 5499 3326 5566 delegit.

1804 5607 2008 5662 Etenim
2042 5615 2202 5667 artes,
2237 5607 2481 5672 cogente,
2534 5605 2589 5653 ut
2625 5594 2876 5657 diximus,
2925 5588 3030 5643 cibi
3064 5602 3126 5639 ac
3170 5590 3328 5653 potus
