3904 6372
526 298 662 355 ηοε

1439 295 1498 352 S.
1538 294 1932 351 CLEMENTIS
1962 299 1980 352 l
2015 295 2182 353 ROM.
2222 294 2424 353 PONT.
2460 291 2693 349 OPERA
2724 290 2952 350 DUDIA.

3631 295 3759 354 MM

524 415 826 484 voluptate,
861 411 1148 469 discuntur
1170 420 1223 468 et
1249 424 1605 484 exercentur;
1639 432 1761 488 quin
1808 418 2056 487 voluptas
2077 459 2091 482 ,
2125 428 2169 484 Α
2198 422 2358 481 sunt,
2389 422 2450 469 ut
2476 430 2543 469 ex
2575 428 2761 469 earum
2802 410 3100 467 certamine
3138 412 3346 465 oriatur
3377 409 3551 481 justis
3587 414 3759 481 palma

523 521 649 561 cum
677 506 971 561 accesserit
990 506 1284 578 unicuique
1308 508 1558 564 veritatis
1576 509 1801 580 agnitio,
1828 510 2095 564 inﬁrmior
2194 508 2437 562 victoria:
2463 515 2518 562 et
2546 505 2801 560 meritum
2834 504 3203 574 praemiorum.

522 597 760 654 eﬁicitur
833 597 1158 655 succedente
1217 600 1576 670 pareimonia.
1631 600 1881 667 Quantus
1947 601 2093 656 enim

524 698 774 762 sumptus
804 698 907 753 est,
938 706 1077 761 aqua
1107 702 1160 748 et
1186 709 1325 764 pane
1356 693 1637 750 utentibus
1657 704 1713 750 et
1742 695 1888 749 hunc
1919 710 1949 747 a
1981 692 2092 748 Deo

518 776 902 853 sperantibus?

593 871 703 928 γη.
737 870 831 927 Est
860 886 1008 942 ergo,
1044 883 1105 927 ut
1126 872 1388 939 diximus,
1410 874 1724 930 necessaria
1752 874 2001 946 quaedam
2036 874 2091 928 in

520 961 929 1033 dispensatione
959 961 1147 1016 mundi
1177 964 1544 1033 inaequalitas,
1574 965 1702 1019 dum
1743 980 1935 1020 omnes
1964 964 2091 1035 qui-

522 1054 645 1110 dem
670 1052 915 1108 homines
951 1068 1060 1107 non
1107 1055 1289 1108 omnia
1316 1062 1549 1123 possunt
1574 1055 1718 1111 scire
1744 1057 1830 1111 vel
1862 1056 2090 1126 implere

520 1142 773 1207 artiﬁcia,
807 1158 911 1198 usu
955 1150 1141 1198 tamen
1186 1151 1241 1198 et
1290 1144 1600 1199 ministerio
1657 1146 1901 1199 omnium
1952 1159 2090 1214 pene

518 1250 711 1292 omnes
759 1234 1025 1306 indigent.
1051 1245 1107 1289 et
1132 1234 1202 1288 ob
1233 1234 1338 1289 hoc
1369 1251 1594 1291 necesse
1624 1243 1708 1291 est
1751 1236 1919 1290 alium
1961 1251 2091 1305 ope—

515 1325 650 1394 rari,
682 1327 847 1380 alium
876 1325 1127 1396 operanti
1153 1326 1396 1395 praebere
1424 1326 1755 1391 mercedem,
1784 1327 1950 1381 alium
1981 1342 2092 1382 ser-

514 1423 650 1486 vire,
674 1421 841 1476 alium
866 1420 1158 1486 dominari,
1194 1421 1359 1474 alium
1392 1421 1529 1493 regi,
1559 1422 1728 1476 alium
1751 1436 1961 1493 regere.
1982 1421 2089 1479 Sed

516 1512 660 1567 hanc
693 1511 1113 1581 inaequalitatem
1136 1527 1259 1582 qua:
1287 1513 1603 1566 mortalium
1635 1512 1802 1567 vitam
1834 1528 2091 1568 necessa-

514 1604 599 1658 rio
629 1604 919 1657 subsecuta
948 1610 1051 1666 est,
1079 1601 1262 1656 divina
1280 1601 1628 1658 Providentia
1653 1604 1710 1657 in
1740 1604 2088 1659 occasionem

509 1692 771 1763 justitiai,
813 1692 1203 1747 misericordia:
1259 1692 1724 1763 humanitatisque
1774 1694 2084 1757 convertit,

2263 595 2356 653 IX.
2391 596 2469 650 Ex
2495 596 2622 651 istis
2651 610 2780 663 ergo
2810 593 3011 647 accidit
3040 593 3309 647 interdum
3331 632 3345 656 ,
3383 600 3444 646 ut
3474 592 3525 648 si
3558 593 3654 662 qui
3687 592 3766 646 in-

2192 689 2538 742 continenter
2564 687 2811 758 egerint,
2842 694 2895 740 et
2926 701 3035 739 non
3065 694 3274 739 tantum
3300 686 3573 740 obsistere
3602 701 3763 755 quam

2191 779 2386 835 cedere
2423 787 2587 849 atque
2625 780 2681 833 in
2720 777 3030 848 semetipsis
3069 776 3202 832 dare
3239 777 3320 832 eis
3366 778 3650 832 voluerint
3687 779 3766 831 lo-

2201 887 2356 936 cum,
2389 871 2553 927 noxia
2583 886 2771 926 earum
2805 870 3140 941 aspiratione
3168 878 3461 940 generetur
3491 871 3761 941 intempe-

2200 971 2317 1018 rata
2345 971 2399 1018 et
2426 962 2625 1017 vitiosa
2655 963 2965 1034 progenies.
2997 960 3133 1015 Dum
3167 961 3309 1017 enim
3340 969 3517 1016 totum
3556 963 3767 1017 libidini

2191 1055 2505 1125 indulgetur
2548 1061 2602 1109 et
2653 1052 2962 1109 observatio
3008 1053 3155 1107 nulla
3196 1054 3427 1108 coeundi
3470 1063 3598 1117 est,
3646 1055 3767 1110 illo-

2193 1161 2316 1201 rum
2350 1147 2468 1201 sine
2492 1145 2657 1201 dubio
2685 1145 2992 1199 daemonum
3014 1186 3030 1209 ,
3064 1146 3266 1215 quibus
3306 1146 3421 1200 haec
3454 1162 3763 1217 perurgen-

2190 1238 2337 1292 tibus
2368 1236 2533 1302 ﬁunt,
2565 1237 2697 1291 vitia
2728 1247 2782 1291 et
2814 1236 3139 1307 fragilitates
3168 1237 3402 1306 suscipit
3442 1237 3764 1307 importuna

2189 1330 2491 1399 generatio.
2547 1328 2611 1382 Et
2658 1328 2781 1382 ideo
2827 1344 2935 1398 pro
2972 1327 3285 1395 hujusmodi
3322 1328 3466 1384 vitiis
3506 1339 3764 1384 natorum

2189 1418 2412 1473 obnoxii
2448 1429 2609 1472 erunt
2646 1426 2900 1488 parentes
2925 1459 2941 1483 ,
2974 1420 3067 1489 qui
3096 1419 3269 1489 legem
3301 1435 3525 1475 servare
3557 1434 3767 1474 concu-

2188 1511 2336 1566 bitus
2363 1511 2677 1575 uoluerunt,
2702 1511 2829 1564 licet
2851 1510 2962 1564 sint
2981 1517 3035 1565 et
3060 1512 3180 1565 alia:
3202 1527 3381 1567 causa:
3406 1516 3763 1577 secretiores,

2188 1602 2388 1672 quibus
2419 1602 2504 1656 his
2543 1602 2703 1657 malis
2739 1601 2987 1656 obnoxiae
3014 1600 3328 1656 efﬁciuntur
3356 1602 3590 1666 animae,
3624 1620 3765 1673 quas

2188 1709 2335 1748 nunc
2383 1692 2642 1764 proferre
2672 1692 2933 1762 temporis
2980 1708 3089 1747 non
3135 1702 3239 1749 est.
3290 1692 3498 1749 Tamen
3548 1705 3764 1764 oportet

516 1792 577 1839 ut
618 1785 748 1838 dum
779 1784 893 1838 haec
944 1785 1086 1839 inter
1109 1785 1356 1841 homines
1384 1793 1642 1855 aguntur,
1684 1784 1757 1839 sit
1788 1786 2084 1854 unicuique
2115 1805 2157 1862 Β
2186 1801 2631 1855 unumquemque
2675 1800 2975 1856 agnoscere
3007 1786 3178 1857 legem
3211 1787 3342 1853 Dei,
3378 1796 3437 1841 ut
3466 1804 3534 1843 ex
3567 1805 3633 1845 ea
3672 1806 3763 1859 ge-

513 1895 679 1935 causa
702 1879 849 1949 juste
881 1878 1074 1947 agendi
1129 1892 1255 1932 eum
1285 1893 1373 1941 eo,
1424 1877 1513 1932 eui
1539 1892 1750 1933 merces
1781 1879 1965 1947 operis
1989 1894 2086 1933 ex-

513 1971 771 2029 solvenda
800 1978 971 2034 est,et
988 1969 1221 2025 faciendi
1257 1970 1691 2025 misericordiam
1708 1985 1833 2024 cum
1860 1985 1945 2035 eo,
1964 1970 2083 2041 qui,

513 2066 790 2121 debilitate
815 2062 1068 2118 fortassis
1097 2068 1191 2115 aut
1231 2062 1457 2132 penuria
1489 2062 1883 2126 intercedente,
1930 2062 2086 2116 debi-

512 2165 625 2211 tum
653 2155 863 2211 solvere
893 2168 1001 2209 non
1024 2160 1222 2223 potest,
1261 2153 1356 2207 sed
1386 2161 1441 2207 et
1469 2153 1707 2207 humane
1736 2153 1929 2224 agendi
1958 2168 2083 2207 cum

512 2247 598 2302 his
634 2246 727 2317 qui
773 2245 1091 2300 conditione
1128 2244 1382 2298 videntur
1423 2243 1670 2307 obnoxii,
1708 2243 2085 2298 mansuetudi-

514 2353 635 2393 nem
668 2352 885 2407 quoque
914 2333 1279 2391 conserv’andi
1303 2349 1433 2403 erga
1478 2334 1778 2402 subjectos,
1806 2342 1863 2388 et
1901 2334 2084 2388 omnia

512 2440 740 2497 prorsus
783 2422 1002 2494 gerendi
1049 2421 1355 2477 secundum
1400 2422 1570 2492 legem
1604 2421 1718 2476 Dei.
1752 2421 1909 2476 Dedit
1938 2423 2083 2477 enim

515 2519 711 2589 legem,
736 2516 937 2585 juvans
968 2528 1063 2584 per
1087 2513 1192 2567 hoc
1225 2513 1496 2567 humanas
1516 2520 1753 2577 mentes,
1785 2521 1843 2566 ut
1866 2512 2083 2569 facilius

508 2625 639 2679 erga
684 2605 1110 2675 unumquodque
1141 2604 1378 2673 qualiter
1415 2603 1498 2666 agi
1542 2602 1785 2668 deberet,
1834 2602 2084 2657 adverte-

509 2714 654 2767 rent,
695 2718 802 2773 qua
840 2701 929 2756 via
960 2698 1264 2769 eﬁ‘ugerent
1306 2699 1506 2751 malum
1550 2705 1604 2752 et
1641 2711 1748 2767 qua
1785 2696 1853 2750 ad
1899 2694 2082 2750 futura

508 2796 794 2851 tenderent
828 2793 992 2855 bona,
1034 2797 1087 2845 et
1111 2800 1171 2843 ut
1204 2793 1259 2844 in
1302 2804 1440 2860 aqua
1461 2789 1765 2859 regenerati
1792 2803 1889 2858 per
1916 2803 2082 2859 opera

506 2886 669 2947 bona,
688 2886 861 2953 ignem
880 2889 1106 2936 vetustae
1124 2880 1426 2935 nativitatis
1447 2879 1879 2951 exstinguerent.
1898 2878 2081 2932 Prima

506 2976 650 3030 enim
707 2980 897 3028 nostra
943 2971 1203 3027 nativitas
1260 2987 1357 3041 per
1394 2972 1571 3041 ignem
1619 2971 2084 3041 concupiscentia:

507 3064 809 3129 descendit,
842 3072 896 3119 et
919 3064 1041 3118 ideo
1060 3063 1472 3134 dispensatione
1486 3063 1674 3118 divina
1703 3062 1943 3118 secunda
1968 3062 2081 3117 haec

505 3174 604 3233 per
641 3173 835 3228 aquam
875 3158 1262 3220 introducitur,
1301 3174 1423 3228 qua:
1460 3159 1763 3228 restinguat
1802 3158 1942 3226 ignis
1981 3172 2079 3211 na-
2105 3186 2147 3242 ο

507 3257 687 3303 turam
710 3286 726 3311 ,
762 3253 817 3302 et
854 3247 1069 3301 caelesti
1111 3248 1307 3319 spiritu
1347 3248 1530 3301 anima
1568 3248 1875 3301 illuminata
1922 3246 2077 3317 (80),

506 3347 708 3395 metum
728 3339 916 3409 prima:
936 3340 1239 3394 nativitatis
1253 3340 1495 3409 abjiciat,
1510 3338 1563 3393 si
1587 3347 1771 3393 tamen
1788 3339 1862 3391 ita
1879 3336 1946 3391 de
1963 3337 2084 3392 reli-

505 3445 622 3501 quo
645 3431 790 3485 vivat
812 3474 825 3497 ,
852 3431 1102 3485 utnullas
1119 3429 1344 3484 omnino
1363 3429 1552 3483 mundi
1594 3428 1755 3498 hujus
1772 3428 2082 3497 voluptates

509 3524 788 3595 requirat,
822 3520 917 3577 sed
946 3522 1020 3577 sit
1048 3530 1304 3591 tanquam
1342 3520 1661 3592 peregrinus
1690 3527 1743 3574 et
1777 3519 1984 3575 advena
2014 3518 2078 3584 ⁵³,

509 3625 676 3687 atque
708 3615 934 3671 alterius
968 3613 1207 3668 civitatis
1237 3611 1394 3667 civis.

582 3706 717 3762 Vlll.
759 3705 865 3761 Sed
898 3706 1140 3781 fortasse.
1164 3703 1317 3759 dicas
1339 3744 1354 3768 ,
1380 3690 1507 3775 quia
1541 3704 1593 3758 in
1625 3704 1711 3759 his
1741 3705 1989 3775 quidem,
2024 3707 2080 3761 in

510 3799 710 3869 quibus
742 3796 1007 3851 naturalis
1045 3794 1345 3850 necessitas
1385 3794 1554 3864 exigit
1591 3796 1787 3848 artium
1826 3810 2081 3864 operum-

509 3907 615 3962 que
671 3889 1072 3951 ministerium,
1127 3892 1304 3955 potest
1350 3884 1727 3955 unusquisque
1774 3884 1973 3939 habere
2024 3886 2080 3939 in

509 3990 806 4056 potestate,
833 3994 1053 4035 servare
1072 3978 1340 4048 justitiam
1365 3987 1417 4032 et
1440 3978 1658 4031 modum
1684 3978 1768 4031 vel
1792 3977 2079 4033 desideriis

512 4078 595 4132 vel
625 4075 837 4130 actibus
866 4088 1027 4142 quem
1068 4069 1196 4125 velit
1236 4070 1551 4139 imponere;
1588 4068 1718 4139 quid
1755 4068 1823 4123 de
1858 4068 2081 4139 aegritu-

509 4168 729 4222 dinibus
777 4165 1022 4219 dicemus
1070 4170 1125 4217 et
1168 4161 1605 4225 inﬁrmitatibus,
1660 4175 1781 4230 quae
1826 4160 2079 4215 accidunt

511 4259 853 4320 hominibus,
884 4265 939 4311 et
965 4254 1108 4324 quod
1137 4253 1475 4308 daemonibus
1511 4252 1757 4307 nonnulli
1817 4259 2080 4322 urgentur

510 4358 564 4405 et
613 4348 861 4403 febribus
910 4354 964 4402 et
1009 4346 1338 4416 frigoribus,
1390 4344 1639 4398 nonnulli
1687 4343 1850 4399 etiam
1896 4342 2079 4396 furore

510 4449 747 4512 aguntur
776 4446 830 4494 et
858 4446 1039 4493 mente
1064 4437 1359 4503 excidunt;
1391 4444 1446 4490 et
1472 4434 1655 4490 omnia
1686 4435 1777 4489 illa
1799 4475 1813 4500 ,
1845 4450 1965 4505 qua:
1995 4435 2079 4488 in-

2186 1878 2414 1932 nerandi
2443 1878 2847 1932 observantiam
2879 1891 3060 1933 sumat
3084 1886 3138 1933 et
3167 1879 3528 1934 immunditiae
3552 1896 3752 1937 causas

2184 1970 2453 2031 declinet,
2505 1979 2566 2023 ut
2613 1970 2787 2039 possit
2845 1969 3108 2024 mundum
3147 1987 3268 2027 esse
3301 1973 3448 2041 quod
3495 1972 3759 2043 gignitur.

2182 2057 2369 2127 Neque
2427 2059 2571 2113 enim
2628 2057 2710 2113 fas
2762 2067 2883 2127 est,
2949 2068 3007 2113 ut
3085 2061 3142 2115 in
3177 2061 3489 2131 plantandis
3539 2064 3759 2133 quidem

2183 2147 2435 2216 virgultis
2483 2148 2569 2202 vel
2605 2147 2660 2201 in
2698 2148 3032 2204 seminandis
3094 2148 3342 2220 frugibus
3389 2162 3758 2222 opportunum

2185 2244 2402 2306 tempus
2453 2246 2731 2307 quaeratur
2761 2278 2777 2303 ,
2832 2247 2978 2293 terra
3057 2250 3319 2310 purgetur
3368 2250 3533 2311 atque
3578 2245 3760 2297 omnia

2183 2343 2304 2397 quae
2332 2330 2589 2384 convenit
2619 2338 3016 2401 praeparentur,
3049 2347 3118 2387 ne
3147 2332 3287 2387 forte
3315 2348 3504 2388 semen
3542 2334 3749 2403 jactum

2183 2420 2415 2474 laedatur
2445 2428 2501 2473 et
2530 2428 2754 2489 pereat,
2787 2428 2843 2474 et
2874 2422 2931 2475 in
2962 2423 3080 2478 solo
3115 2424 3369 2489 homine,
3410 2426 3505 2497 qui
3546 2435 3629 2481 est
3660 2443 3756 2481 su-

2184 2527 2286 2582 per
2317 2511 2431 2565 haec
2463 2512 2674 2577 omnia,
2704 2511 2920 2568 serendi
2950 2513 3261 2570 observatio
3290 2517 3437 2571 nulla
3467 2517 3755 2583 habeatur,

2183 2603 2331 2657 nulla
2362 2602 2596 2659 cautela.

2253 2692 2321 2749 X.
2361 2691 2467 2749 Sed
2515 2693 2679 2765 quid,
2723 2697 2870 2767 quod
2918 2699 3204 2765 nonnulli,
3259 2700 3474 2771 inquit,
3525 2719 3651 2759 cum
3701 2707 3757 2760 in

2183 2785 2359 2854 prima
2399 2794 2560 2841 aetate
2602 2786 2811 2856 absque
2852 2788 2987 2843 vitio
3030 2788 3231 2845 fuerint
3268 2794 3582 2862 corporali,
3626 2810 3755 2865 pro-

2183 2892 2342 2933 cessu
2394 2878 2656 2948 temporis
2705 2878 2997 2934 incurrunt
3045 2882 3160 2937 haec
3203 2884 3379 2948 mala,
3429 2885 3505 2939 ita
3554 2896 3613 2939 ut
3655 2888 3757 2940 ali-

2184 2972 2375 3040 quanti
2411 2972 2577 3026 etiam
2620 2972 2889 3027 violenter
2931 2975 3345 3046 praecipitentur
3385 2977 3442 3031 in
3481 2980 3759 3034 mortem?

2185 3060 2359 3115 Etiam
2393 3062 2463 3117 de
2491 3063 2579 3119 his
2611 3064 2794 3118 vicina
2825 3072 2879 3120 et
2910 3081 3046 3135 pene
3074 3067 3262 3123 eadem
3305 3069 3449 3124 ratio
3493 3080 3614 3137 est;
3650 3072 3759 3126 illae

2184 3153 2329 3208 enim
2351 3193 2366 3217 ,
2398 3170 2537 3225 quas
2567 3155 2809 3210 diximus
2839 3157 3145 3214 contrarias
3173 3158 3415 3214 humano
3443 3164 3630 3232 generi
3661 3178 3764 3231 po-

2184 3252 2440 3310 testates,
2474 3245 2540 3299 ad
2572 3246 3008 3317 uniuscujusque
3052 3264 3149 3301 eor
3189 3265 3287 3319 per
3324 3254 3528 3306 multas
3577 3263 3631 3307 et
3674 3254 3760 3308 di-

2181 3350 2371 3391 versas
2400 3337 2880 3407 concupiscentias
2922 3338 3221 3393 invitantur
3265 3342 3675 3409 quodammodo
3704 3354 3759 3399 et

2183 3425 2524 3495 ingrediendi
2561 3426 2839 3497 accipiunt
2883 3428 3103 3495 locum,
3147 3440 3341 3501 estque
3387 3434 3506 3487 haec
3553 3434 3608 3488 in
3651 3436 3759 3492 illis

2182 3516 2266 3572 vis
2313 3525 2367 3571 et
2412 3526 2688 3588 potestas,
2740 3533 2863 3587 quae
2907 3519 3154 3576 hortetur
3180 3532 3234 3577 et
3277 3524 3472 3579 incitet
3509 3536 3758 3591 tantum,

2182 3622 2294 3661 non
2321 3623 2442 3677 qua:
2470 3617 2626 3680 cogat
2655 3616 2708 3664 et
2736 3610 3001 3680 perﬁciat.
3036 3612 3091 3666 Si
3122 3628 3250 3683 ergo
3281 3615 3409 3686 quis
3438 3619 3761 3687 acquiescat

2181 3700 2292 3765 eis,
2317 3709 2374 3754 ut
2398 3701 2561 3755 etiam
2588 3710 2709 3771 agat
2736 3717 2796 3757 ea
2822 3719 2943 3773 qua:
2968 3705 3107 3759 male
3126 3704 3422 3772 desiderat,
3450 3725 3759 3767 consensus

2181 3792 2265 3847 sui
2295 3798 2349 3846 et
2376 3801 2531 3847 actus
2559 3792 2861 3848 mercedem
2893 3794 3214 3864 perditionis
3244 3805 3297 3852 et
3329 3800 3588 3867 pessimae
3614 3818 3761 3856 mor-

2182 3882 2253 3937 tis
2282 3882 2541 3937 inveniet.
2588 3882 2645 3938 Si
2689 3899 2820 3939 vero
2868 3884 3112 3940 futurum
3156 3886 3426 3956 judicium
3470 3893 3750 3962 cogitans,

2182 3983 2329 4029 metu
2374 3975 2493 4045 ipso
2538 3974 2704 4033 fuerit
2746 3986 3033 4049 repressus
3072 3988 3127 4035 et
3166 3984 3509 4038 revocaverit
3549 4000 3638 4048 se,
3688 4002 3756 4042 ne

2181 4074 2305 4119 actu
2338 4065 2558 4135 impleat
2586 4068 2731 4138 quod
2760 4071 2901 4124 mala
2933 4073 3267 4141 cogitatione
3297 4076 3556 4146 concepit
3575 4118 3590 4140 ,
3619 4077 3755 4132 effu-

2181 4156 2289 4227 giet
2314 4171 2423 4211 non
2453 4159 2941 4232 solumpernieiem
2970 4173 3324 4235 praesentem,
3355 4168 3454 4223 sed
3484 4180 3540 4225 et
3567 4171 3753 4225 futura

2181 4249 2469 4318 supplicia.
2498 4247 2688 4307 Omnis
2713 4254 2859 4308 enim
2885 4270 3051 4311 causa
3076 4259 3281 4327 peccati
3310 4259 3509 4315 similis
3538 4262 3755 4317 videtur

2179 4356 2303 4396 esse
2333 4348 2541 4411 stuppa:
2593 4344 2714 4413 pice
2754 4345 2968 4412 oblitae,
3022 4362 3143 4417 qua:
3184 4350 3276 4404 ubi
3322 4351 3564 4408 calorem
3611 4353 3757 4426 ignis

2182 4434 2454 4502 acceperit
2480 4438 2664 4491 statim
2689 4435 3057 4494 inﬂammatur
3087 4461 3100 4496 :
3134 4441 3298 4512 hujus
3330 4459 3465 4499 vero
3492 4446 3641 4516 ignis
3675 4450 3755 4503 in.

509 4533 755 4588 numeris
788 4531 1010 4586 casibus
1060 4535 1315 4599 premunt
1363 4527 1672 4582 mortalium
1727 4526 1946 4597 genus?
1992 4525 2075 4580 Ad
2108 4528 2153 4584 D
2183 4524 2435 4579 cendium
2484 4542 2648 4596 opera
2694 4544 2817 4585 esse
2866 4529 3175 4587 damonum
3224 4534 3633 4606 intelliguntur.
3692 4538 3751 4594 Si

512 4627 627 4680 haec
668 4624 952 4686 dicemus,
998 4622 1042 4677 si
1095 4620 1406 4677 consideret
1449 4619 1573 4690 quis
1618 4619 1785 4673 totius
1828 4619 2076 4689 mysterii

509 4717 776 4771 rationem
793 4754 809 4779 ,
837 4714 951 4768 haec
978 4712 1084 4767 illis
1112 4726 1233 4781 quae
1259 4724 1425 4779 supra
1448 4709 1825 4779 exposuimus,
1841 4709 2076 4778 justiora

508 4821 636 4863 esse
674 4803 1069 4877 pronuntiabit.
1115 4801 1256 4856 Deus
1293 4801 1439 4857 enim
1479 4800 1792 4856 hominibus
1822 4809 2072 4855 naturam

507 4900 693 4967 dedit,
734 4914 831 4970 per
859 4913 1019 4969 quam
1052 4903 1107 4951 et
1134 4896 1317 4952 doceri
1353 4895 1569 4966 possint
1602 4896 1671 4951 de
1704 4896 1850 4951 bono
1887 4904 1942 4951 et
1978 4896 2077 4950 ob-

509 4994 707 5048 sistere
742 4989 911 5057 malo,
943 4987 997 5042 id
1032 4993 1137 5049 est,
1175 4993 1235 5039 ut
1270 4992 1325 5039 et
1362 4992 1508 5040 artes
1535 4985 1747 5055 possint
1774 4984 1985 5040 discere
2021 4992 2076 5040 et

511 5085 785 5141 obsistere
810 5078 1178 5150 voluptatibus
1196 5115 1210 5141 ,
1245 5092 1311 5132 ac
1338 5076 1598 5148 praeferre
1626 5078 1683 5132 in
1714 5078 1969 5132 omnibus
1996 5076 2075 5131 le-

510 5191 631 5245 gem
670 5173 803 5237 Dei,
844 5178 899 5227 et
938 5170 1009 5225 ob
1048 5168 1152 5224 hoc
1187 5168 1422 5223 virtutes
1459 5168 1723 5239 quasdam
1765 5168 2074 5223 contrarias

510 5268 769 5323 oberrare
793 5262 1057 5319 mundum
1081 5261 1231 5315 hunc
1256 5268 1311 5315 et
1337 5260 1605 5314 obluctari
1634 5260 1918 5314 nobiscum
1952 5274 2076 5328 per-

512 5356 701 5427 misit,
752 5362 975 5427 propter
1026 5366 1227 5407 causas
1279 5365 1402 5423 quae
1447 5350 1560 5423 jam
1608 5352 1861 5421 superius
1919 5351 2078 5405 dictae

584 5474 627 5504 ⁸⁸
657 5472 799 5529 Psal.
832 5487 1063 5535 xxxviii,
1100 5470 1186 5525 15.

2179 4630 2309 4687 ergo
2360 4617 2668 4674 inveniatur
2711 4622 2837 4692 quis
2884 4625 3127 4695 pacatis
3172 4632 3227 4681 et
3276 4632 3752 4700 concupiscentiis

2177 4714 2437 4777 tanquam
2480 4709 2601 4781 pice
2643 4712 2880 4780 oblitus,
2927 4714 3070 4786 ignis
3098 4715 3150 4772 ei
3192 4715 3450 4776 facillime
3500 4721 3752 4778 domina-

2177 4807 2286 4856 tur.
2321 4800 2377 4856 Si
2411 4818 2541 4858 vero
2573 4819 2679 4859 non
2708 4808 2916 4877 peccati
2943 4808 3084 4879 pice,
3115 4808 3208 4865 sed
3239 4826 3380 4881 aqua
3406 4814 3751 4883 puriﬁcatio-

2176 4893 2265 4947 nis
2290 4900 2344 4947 et
2379 4896 2810 4968 regenerationis
2836 4896 3024 4954 infusa
3048 4898 3121 4954 sit
3155 4906 3351 4970 stuppa
3373 4942 3387 4965 ,
3422 4903 3567 4974 ignis
3598 4906 3654 4960 in
3686 4923 3748 4961 ea

2171 4985 2479 5042 damionum
2510 5004 2621 5043 non
2652 4988 2853 5043 valebit
2879 4990 3126 5047 accendi.

2248 5078 2337 5135 XI.
2377 5077 2483 5139 Sed
2511 5080 2655 5134 dicet
2682 5080 2880 5151 aliquis
2908 5100 2922 5136 :
2956 5080 3021 5136 Et
3047 5082 3177 5152 quid
3210 5082 3478 5141 faciemus
3501 5088 3618 5156 jam
3651 5106 3749 5146 nos

2176 5185 2317 5241 quos
2343 5171 2577 5241 contigit
2604 5174 2846 5241 peccatis
2874 5172 3020 5227 sicut
3062 5173 3181 5243 pice
3220 5175 3422 5233 oblitos
3447 5178 3471 5231 ?
3503 5178 3749 5251 Respon-

2178 5262 2317 5317 debo
2350 5280 2361 5315 :
2396 5260 2541 5317 Nihil
2573 5262 2719 5317 aliud
2747 5263 2855 5319 nisi
2885 5271 2944 5316 ut
2969 5263 3238 5321 festinetis
3268 5268 3450 5336 ablui,
3500 5286 3612 5340 quo
3653 5286 3748 5326 ex-

2179 5360 2441 5423 purgetur
2477 5367 2509 5408 a
2544 5354 2699 5409 vobis
2743 5354 2887 5426 ignis
2932 5357 3159 5412 materia
3196 5374 3296 5428 per
3338 5361 3744 5418 invocationem

1791 5564 2156 5624 COTELERII
2204 5563 2434 5622 NOTAE.

589 5698 699 5773 {80)
742 5695 1025 5773 [grammati
1053 5700 1243 5773 spiritu
1270 5700 1449 5756 anima
1478 5696 1975 5757 illmuiuata.Fortc
1994 5706 2070 5766 ut,
2101 5698 2557 5771 quemadmodum
2581 5707 2884 5757 correctum
2915 5701 3155 5756 cernitur
3184 5702 3241 5756 in
3277 5717 3380 5758 ms.
3403 5699 3566 5773 Regis
3592 5710 3749 5771 atque

513 5768 673 5824 habet
705 5768 870 5827 editio
899 5770 1257 5826 (loloniensis.
