3904 6360
169 286 315 342 1405

1382 281 1944 339 RECOGNITIONUM
1973 281 2099 338 LIB.
2141 282 2233 342 IX.

3269 287 3291 340 I
3302 287 3406 339 406

167 401 354 456 sancti
385 398 659 464 nominis,
697 406 752 455 et
788 397 857 456 de
898 399 1112 469 reliquo
1156 396 1325 458 futuri
1359 398 1553 469 judicii
1594 408 1740 454 metu
1770 407 1817 460 Α
1850 397 1955 450 scit
1983 372 2262 466 quomodo
2290 402 2344 450 et
2372 409 2544 465 quare
2574 404 2762 465 peccet
2814 396 2906 467 qui
2939 405 3160 466 peczat,
3216 406 3268 453 et
3294 414 3414 467 qua:

167 492 648 563 concupiscentias
672 489 987 557 refrenetis,
1013 499 1175 561 atque
1201 491 1541 545 adversarias
1581 498 1735 560 pote-

166 589 365 645 states,
386 593 511 634 cum
534 578 676 634 forte
699 578 766 633 ad
788 593 982 634 sensus
1004 588 1217 635 vestros
1240 579 1594 646 accesserint,
1621 588 1733 634 tota

164 668 545 724 obstinatione
574 668 811 739 pellatis.
842 667 948 724 Sed
971 668 1110 724 dicis
1136 687 1150 724 :
1182 668 1240 724 Si
1265 671 1319 724 in
1344 685 1583 725 amorem
1610 671 1735 741 quis

166 759 446 824 inciderit,
466 758 738 830 quomodo
757 774 814 815 se
833 760 1031 830 poterit
1050 760 1353 825 continere,
1374 761 1587 816 etiamsi
1605 770 1735 815 ante

165 850 364 906 oculos
390 865 522 906 suos
553 852 729 920 ipsum
761 850 902 920 ignis
928 850 1154 906 ﬁuvium
1185 867 1347 922 quem
1378 850 1735 924 Pyriphlege-
1776 840 1779 843 ἢ

166 941 364 997 tbonta
388 943 709 1005 nominant,
737 942 952 997 videat?
978 941 1102 998 Haec
1128 943 1413 1000 excusatio
1436 955 1519 1001 est
1543 959 1731 1000 eorum

163 1033 262 1102 qui
295 1033 537 1087 converti
564 1032 630 1087 ad
656 1032 1031 1102 pmnitentiam
1064 1034 1279 1089 nolunt.
1315 1032 1555 1105 Denique
1586 1050 1735 1091 nunc

164 1124 298 1179 nolo
326 1122 834 1203 Pyriphlegethonta
865 1123 1105 1179 adducas
1146 1125 1203 1178 in
1246 1124 1484 1179 medium
1516 1142 1531 1191 ;
1559 1124 1736 1179 bomi-

164 1232 299 1272 num
329 1216 426 1270 tibi
455 1231 696 1286 propone
727 1230 953 1286 pmnas,
996 1225 1050 1270 et
1086 1216 1209 1271 vide
1252 1222 1516 1286 quantum
1561 1217 1736 1271 valeat

164 1311 387 1371 metus;
420 1312 669 1374 potestne
697 1294 990 1373 quisquam
1011 1344 1027 1368 ,
1060 1318 1186 1358 cum
1231 1320 1329 1374 pro
1374 1303 1579 1359 amoris
1626 1305 1736 1360 cri-

162 1395 317 1449 mine
347 1394 413 1448 ad
448 1394 778 1465 supplicium
812 1394 1029 1449 ducitur
1057 1403 1111 1449 et
1147 1396 1213 1450 ad
1244 1396 1483 1467 stipitem
1513 1397 1735 1467 colliga-

164 1492 260 1537 tur
292 1482 531 1538 urendus
561 1484 708 1553 (81),
740 1482 796 1537 in
846 1484 940 1538 illo
968 1490 1211 1554 tempore
1244 1485 1363 1555 ejus
1393 1501 1552 1555 quam
1580 1501 1734 1540 ama-

165 1574 246 1627 vit
275 1575 363 1628 vel
391 1572 721 1629 desiderium
755 1588 949 1644 capere
980 1575 1063 1629 vel
1095 1576 1329 1644 speciem
1377 1584 1503 1633 ante
1545 1578 1735 1635 oculos

167 1666 517 1736 proponere?
540 1664 892 1736 Nequaquam
912 1706 929 1731 ,
959 1667 1195 1736 inquies.
1226 1665 1389 1723 Vides
1416 1683 1577 1739 ergo,
1606 1669 1734 1739 quia

1841 502 2282 557 unumquemque
2311 501 2475 541 causa
2503 485 2667 540 ducat
2691 485 2755 539 ad
2772 495 3074 555 peccatum.
3096 484 3208 539 IIoc
3231 496 3411 541 tamen

1836 577 2161 645 generaliter
2191 575 2596 647 agnoscendum
2648 585 2769 642 est;
2825 575 2969 644 quod
3000 576 3045 627 si
3077 574 3169 644 qui
3197 590 3306 629 non
3336 576 3412 630 ila

1834 675 2035 732 mente,
2054 675 2113 721 ut
2133 668 2346 723 actibus
2374 666 2499 720 mali
2529 674 2789 729 sunt,nec
2821 667 3098 736 proposito
3125 666 3330 719 incitati
3344 665 3413 719 ad

1834 760 2167 828 peccandum
2183 759 2564 823 devolvuntur,
2581 758 2666 813 bis
2693 758 2931 812 velocior
2946 765 2999 812 et
3015 759 3185 827 magis
3207 759 3259 811 in
3274 773 3416 828 pra:-

1835 851 1979 907 senti
2009 852 2119 906 vita
2150 850 2396 907 redditur
2430 866 2630 921 paena;
2669 852 2872 921 ubique
2913 853 3059 907 enim
3100 859 3155 906 et
3198 838 3419 920 semper:

1838 941 1983 999 Deus
2014 951 2177 1013 prout
2204 950 2514 1013 competere
2538 942 2781 1012 judicat,
2814 943 3109 1014 unicuique
3150 958 3247 1014 pro
3274 943 3412 995 acti-

1837 1034 1941 1089 bus
1973 1035 2088 1089 suis
2115 1033 2317 1089 reddit.
2342 1030 2546 1087 Eorum
2572 1048 2699 1087 vero
2724 1033 2817 1105 qui
2848 1034 3129 1104 proposito
3155 1043 3413 1088 exercent

1836 1126 2139 1189 malitiam,
2174 1126 2249 1179 ita
2291 1136 2349 1181 ut
2396 1127 2667 1182 interdum
2711 1130 2873 1181 etiam
2917 1127 2971 1181 in
3013 1143 3108 1182 eos
3147 1127 3409 1191 saeviant,

1838 1233 1869 1271 a
1901 1219 2102 1289 quibus
2128 1218 2271 1273 bona
2302 1219 2586 1275 consecuti
2626 1227 2784 1283 sunt,
2822 1226 2876 1272 et
2920 1218 3122 1271 nullam
3155 1218 3413 1272 recorda-

1840 1310 2046 1366 tionem
2076 1310 2299 1380 capiuut
2331 1310 2400 1364 ad
2445 1310 2820 1380 pmniteutiam
2844 1348 2859 1374 ,
2906 1309 3086 1363 differt
3124 1323 3312 1378 poenas
3354 1308 3408 1362 in

1839 1400 2083 1455 futurum
2112 1418 2127 1468 ;
2155 1415 2264 1455 non
2296 1400 2440 1455 enim
2470 1408 2747 1456 merentur
2774 1401 2887 1464 isti,
2920 1403 3061 1456 sicut
3082 1400 3157 1453 illi
3189 1399 3256 1453 de
3285 1400 3408 1469 qui-

1838 1494 1941 1549 bus
1972 1508 2139 1562 supra
2168 1494 2406 1547 diximus
2427 1533 2441 1557 ,
2475 1493 2528 1547 in
2566 1494 2818 1564 praesenti
2850 1493 2958 1546 vita
2987 1492 3251 1548 scelerum
3280 1507 3410 1545 sun-

1836 1600 1958 1638 rum
2006 1583 2163 1639 ﬁnire
2196 1584 2492 1639 vindictam
2516 1624 2530 1647 ,
2567 1584 2661 1640 sed
2693 1584 3029 1655 permittitur
3057 1584 3136 1637 eis
3167 1598 3406 1652 pncsens

1840 1684 2051 1744 tempus
2085 1676 2310 1745 implere
2344 1683 2401 1730 ut
2434 1677 2652 1739 volunt,
2694 1677 2820 1746 quia
2866 1675 3174 1731 emendatio
3215 1690 3404 1728 eorum

164 1773 412 1829 praesens
451 1766 630 1814 metus
670 1766 881 1813 resecat
922 1758 1109 1829 iniqua
1150 1759 1440 1815 desideria.
1494 1760 1649 1827 Quod
1686 1764 1731 1817 si
1766 1771 1806 1829 Β
1836 1781 1945 1819 non
1974 1773 2058 1820 est
2080 1766 2191 1835 jam
2224 1766 2381 1830 talis,
2416 1781 2536 1836 quae
2580 1766 2977 1836 temporalibus
3027 1764 3267 1834 indigeat
3313 1778 3407 1817 ca-

164 1848 456 1903 credentes
504 1846 651 1913 Deo,
702 1856 756 1903 et
806 1848 1048 1902 futurum
1091 1849 1359 1918 judicium
1408 1864 1733 1922 poenamque

164 1940 311 2013 ignis
342 1941 530 1996 aeterni
562 1940 885 1996 conﬁtentes
922 1955 1028 1994 non
1061 1956 1120 1996 se
1148 1944 1427 1996 continent
1466 1958 1495 1996 a
1539 1959 1734 2013 pecca-

165 2044 243 2099 to,
273 2042 482 2089 certum
508 2041 591 2089 est
617 2034 760 2103 quod
789 2049 895 2087 non
922 2034 1078 2104 plena
1100 2033 1204 2089 ﬁde
1227 2034 1454 2089 credunt
1478 2054 1490 2089 :
1519 2036 1563 2090 si
1589 2036 1733 2090 enim

163 2134 315 2182 certa
348 2127 417 2181 sit
447 2124 581 2181 ﬁdes
602 2164 617 2189 ,
650 2133 833 2181 certus
864 2125 922 2179 ﬁt
954 2134 1007 2181 et
1051 2126 1253 2194 timor;
1287 2126 1333 2182 si
1378 2143 1507 2183 vero
1551 2130 1732 2185 minus

162 2216 370 2288 aliquid
400 2225 484 2272 est
514 2216 569 2270 in
601 2214 708 2271 ﬁde
729 2255 744 2280 ,
781 2217 1059 2272 relaxatur
1085 2226 1138 2273 et
1166 2226 1379 2284 metus,
1410 2227 1464 2274 et
1492 2226 1621 2274 tunc
1652 2221 1733 2275 lo-

163 2324 289 2363 cum
349 2308 633 2363 inveniunt
686 2308 999 2363 introeundi
1056 2310 1342 2364 contrariae
1396 2319 1729 2380 potestates,

161 2411 397 2466 quarum
428 2397 873 2468 persuasionibus
904 2412 1027 2452 cum
1071 2399 1472 2468 acquieverint,
1507 2417 1733 2459 necesse

161 2496 248 2542 est
278 2496 335 2541 ut
364 2496 416 2544 et
447 2489 701 2558 potestati
731 2505 917 2545 earum
950 2490 1173 2544 obnoxii
1205 2490 1336 2546 ﬁant
1365 2504 1417 2547 et
1453 2494 1583 2564 ipsis
1609 2511 1733 2566 per-

162 2579 521 2636 suadentibus
551 2591 782 2651 agantur
808 2581 874 2635 ad
906 2583 1201 2652 praecipitia
1232 2584 1461 2652 peccati.

233 2670 351 2726 XII.
388 2673 554 2743 Igitur
595 2674 879 2745 astrologi,
922 2675 1235 2744 ignorantes
1269 2675 1581 2745 hujusmodi
1616 2689 1728 2745 my-

162 2766 334 2821 steria
356 2806 370 2828 ,
401 2773 593 2837 putant
624 2768 904 2822 stellarum
937 2766 1194 2823 cursibus
1223 2767 1328 2823 ista
1369 2768 1688 2837 contingere
1711 2807 1727 2832 ,

162 2859 311 2914 unde
337 2869 389 2914 et
419 2860 505 2913 his
535 2860 629 2930 qui
660 2860 927 2915 accedunt
956 2860 1021 2914 ad
1052 2875 1148 2915 eos
1172 2900 1187 2925 ,
1217 2869 1275 2914 ut
1305 2859 1372 2915 de
1404 2860 1601 2916 futuris
1632 2860 1734 2914 ali-

158 2953 296 3028 quid
329 2953 645 3015 consulant,
697 2952 1091 3024 respondentes
1139 2953 1403 3008 falluntur
1452 2954 1508 3007 in
1560 2953 1733 3024 pluri-

161 3049 314 3114 mis;
348 3062 447 3101 nec
478 3047 711 3115 mirum,
756 3061 864 3099 non
906 3046 1050 3100 enim
1101 3053 1232 3099 sunt
1272 3043 1581 3114 prophetat,
1634 3042 1728 3099 sed

161 3155 269 3195 usu
327 3138 484 3192 multi
542 3136 818 3206 temporis,
858 3143 1111 3189 auctores
1144 3147 1392 3189 errorum
1426 3131 1728 3204 perfugium

161 3229 441 3301 quoddam
474 3228 529 3282 in
561 3228 644 3283 his
671 3226 874 3297 quibus
904 3224 1313 3295 decipiebantur
1342 3225 1644 3290 inveniunt,
1675 3232 1729 3279 et

162 3320 509 3374 climacteras
540 3316 807 3386 quosdam
839 3313 1228 3393 introducunt,
1260 3320 1319 3367 ut
1348 3314 1415 3369 de
1444 3315 1605 3370 rebus
1648 3316 1732 3368 in-

162 3412 336 3467 certis
364 3409 647 3464 scientiam
682 3408 905 3477 ﬁngant.
953 3407 1307 3461 Climacteras
1346 3406 1489 3460 enim
1539 3405 1732 3460 dicunt

161 3504 325 3575 quasi
369 3500 595 3572 periculi
629 3506 844 3569 tempus
876 3497 987 3569 (82)
1011 3536 1028 3561 ,
1060 3498 1116 3552 in
1146 3512 1254 3567 quo
1285 3496 1552 3551 interdum
1584 3498 1731 3567 peri-

163 3604 351 3652 matur
386 3594 510 3664 quis
531 3634 546 3659 ,
580 3590 849 3645 interdum
878 3605 985 3644 non
1029 3590 1369 3659 perimatur;
1420 3589 1733 3657 ignorantes

164 3685 312 3758 quod
348 3700 456 3739 non
483 3682 761 3739 stellarum
792 3694 987 3735 cursus
1014 3680 1127 3734 hzec
1144 3720 1160 3746 ,
1187 3678 1282 3735 sed
1309 3678 1610 3732 daemonum
1640 3694 1733 3748 ge-

165 3782 238 3835 rit
266 3776 515 3849 operatio
536 3814 551 3839 ,
583 3773 676 3847 qui
711 3772 777 3827 ad
808 3771 1114 3841 astrologia:
1140 3785 1379 3825 errorem
1408 3769 1735 3825 conﬁrman-

166 3876 296 3932 dum
332 3869 739 3932 deservientes,
772 3865 1001 3920 calculis
1028 3863 1293 3918 mathesis
1319 3862 1606 3933 decipiunt
1634 3863 1733 3917 lio-

165 3968 343 4024 mines
372 3964 438 4019 ad
459 3960 793 4034 peccandum
815 3997 829 4022 ,
864 3964 921 4012 ut
950 3971 1071 4011 cum
1093 3997 1107 4022 ,
1134 3956 1217 4010 vel
1252 3953 1361 4010 Deo
1390 3956 1734 4024 permittente

165 4060 251 4116 vel
284 4056 497 4128 legibus
539 4050 883 4123 exigentibus
908 4087 923 4114 ,
966 4045 1173 4117 peccati
1216 4045 1462 4102 dederint
1506 4062 1730 4117 pmnas,

166 4166 357 4209 verum
404 4146 610 4203 dixisse
650 4142 895 4197 videatur
933 4138 1263 4210 astrologus.
1309 4137 1377 4191 Et
1413 4145 1594 4195 tamen
1633 4139 1734 4193 fal-

167 4248 360 4302 luntur
389 4240 555 4297 etiam
590 4238 646 4291 in
673 4237 818 4301 hoc;
852 4234 900 4290 si
928 4234 1073 4289 enim
1105 4235 1213 4287 cito
1244 4231 1493 4287 conversi
1535 4232 1737 4289 fuerint

168 4338 237 4394 ad
284 4331 704 4407 paenitentiam,
747 4335 802 4383 et
843 4326 1039 4380 futura:
1076 4338 1251 4395 ptenaa
1304 4323 1732 4379 recordationem

171 4426 522 4498 conceperint
568 4438 633 4477 ac
682 4428 916 4481 metum,
969 4417 1252 4473 conversis
1303 4415 1371 4470 ad
1419 4415 1589 4472 Deum
1640 4432 1736 4488 per

170 4520 400 4595 gratiam
430 4513 683 4586 baptismi
715 4509 1005 4566 resolvitur
1032 4522 1192 4579 pmna
1222 4508 1435 4564 mortis.

240 4609 381 4667 XIII.
424 4606 531 4663 Sed
575 4604 720 4660 dicet
759 4602 925 4674 quis:
972 4599 1126 4654 Multi
1169 4606 1224 4654 et
1274 4598 1627 4654 homicidium
1677 4606 1731 4653 et

172 4702 500 4764 adulterium
534 4707 589 4754 et
618 4696 724 4751 alia
765 4693 971 4749 scelera
1017 4690 1447 4751 commiserunt.
1490 4698 1546 4745 et
1592 4689 1730 4744 nihil

170 4796 297 4857 mali
329 4792 479 4865 passi
511 4794 661 4845 sunt.
692 4784 807 4840 Hoc
836 4782 1059 4855 quidem
1088 4796 1217 4837 raro
1249 4779 1451 4837 accidit
1494 4780 1729 4835 homini-

170 4890 273 4945 bus
293 4927 309 4950 ,
341 4893 524 4940 tamen
556 4877 927 4936 nescientibus
955 4874 1244 4931 consilium
1279 4872 1369 4928 Dei
1418 4871 1731 4944 frequenter

172 4979 386 5040 videtur
412 4972 700 5038 accidere;
729 4968 872 5025 Deus
902 4974 1085 5024 autem
1118 4965 1213 5038 qui
1245 4966 1396 5021 novit
1426 4964 1686 5021 universa
1707 5005 1723 5031 ,

1836 1857 2219 1927 stigationibus
2240 1896 2255 1920 ,
2292 1856 2385 1912 sed
2417 1872 2537 1927 qua:
2564 1856 2752 1910 πιθηιί
2787 1855 2927 1925 ignis
2958 1855 3011 1908 in
3042 1853 3257 1908 inferno
3288 1854 3407 1908 exi-

1832 1958 1923 2020 gat
1955 1964 2179 2018 pcenas,
2214 1964 2444 2018 quorum
2484 1948 2678 2002 anima:
2724 1946 2796 2000 ibi
2840 1946 3213 2015 paenitentiam
3258 1959 3408 2015 qua:-

1833 2048 1989 2103 rent,
2024 2040 2113 2093 ubi
2150 2039 2392 2095 invenire
2424 2056 2532 2094 non
2563 2046 2839 2109 poterunt.

1904 2130 2043 2187 XIV.
2084 2131 2240 2197 Quod
2271 2132 2316 2187 si
2348 2132 2403 2186 in
2436 2132 2538 2186 hac
2565 2132 2673 2185 vita
2706 2130 2868 2202 positi
2903 2131 3024 2185 illas
3049 2145 3186 2202 quas
3213 2129 3284 2183 ibi
3309 2146 3407 2199 pa-

1837 2224 2044 2279 tientur
2075 2240 2298 2294 pmnas,
2333 2231 2459 2279 ante
2499 2224 2687 2277 oculos
2729 2223 3081 2293 posuissent,
3128 2222 3408 2276 refreuas-

1833 2325 1957 2372 sent
1990 2316 2181 2387 utique
2209 2316 2480 2371 desideria
2513 2324 2567 2369 et
2597 2317 2748 2370 nullo
2780 2322 2941 2383 pacto
2988 2312 3317 2367 decidissent
3350 2314 3403 2366 iu

1831 2417 2133 2479 peccatum.
2172 2407 2395 2461 Multum
2430 2408 2573 2461 enim
2608 2413 2785 2475 potest
2817 2420 3012 2459 sensus
3043 2404 3094 2455 in
3126 2403 3305 2456 anima
3337 2402 3405 2456 ad

1832 2497 2161 2553 resecandas
2191 2511 2382 2550 omnes
2429 2496 2546 2565 ejus
2590 2494 2947 2564 cupiditates,
2996 2493 3231 2546 maxime
3279 2508 3402 2545 cum

1832 2588 2138 2643 caelestium
2208 2587 2494 2642 scientiam
2552 2587 2792 2657 ceperit,
2845 2601 2941 2656 per
2989 2600 3150 2654 quam
3199 2583 3405 2638 lumine

1830 2680 2076 2736 veritatis
2108 2688 2372 2749 accepto,
2428 2677 2497 2732 ab
2544 2677 2696 2731 omni
2748 2677 3084 2732 obscuritate
3133 2675 3402 2727 malorum

1832 2780 2051 2826 actuum
2091 2770 2405 2824 declinabit.
2446 2765 2600 2822 Sicut
2649 2768 2793 2823 enim
2846 2767 2927 2822 sol
2977 2780 3168 2820 omnes
3215 2763 3403 2819 stellas

1832 2863 2123 2933 splendore
2165 2862 2250 2917 sui
2294 2861 2525 2932 fulgoris
2570 2859 2827 2914 obtundit
2856 2866 2909 2913 et
2938 2856 3217 2926 contegit,
3251 2855 3322 2907 ita
3350 2864 3404 2908 et

1831 2971 1986 3009 mens
2031 2971 2127 3025 per
2174 2955 2416 3009 scientiae
2460 2955 2637 3009 lucem
2684 2967 2876 3008 omnes
2922 2948 3401 3018 concupiscentias

1834 3047 2026 3102 anima:
2060 3046 2361 3111 inefﬁcaces
2391 3048 2567 3103 reddit
2609 3054 2662 3101 et
2705 3046 2947 3108 otiosas,
2998 3042 3164 3095 futuri
3207 3040 3402 3109 judicii

1832 3140 2146 3194 memoriam
2192 3154 2357 3209 super
2401 3154 2496 3195 eas
2538 3146 2799 3207 tanquam
2846 3134 3031 3189 radios
3075 3147 3205 3188 suos
3246 3130 3403 3186 emit.

1830 3236 1987 3295 tens,
2032 3230 2107 3283 ita
2149 3237 2209 3284 ut
2250 3246 2317 3286 ne
2354 3244 2618 3300 apparere
2660 3228 2881 3297 quidem
2930 3226 3074 3280 ultra
3119 3224 3172 3277 in
3220 3222 3402 3276 anima

1830 3331 2055 3390 queant.

1902 3412 2018 3467 XV.
2060 3411 2217 3478 Quod
2260 3420 2442 3467 autem
2491 3411 2656 3464 timor
2695 3408 2790 3463 Dei
2836 3408 3067 3463 multum
3112 3405 3290 3459 valeat
3333 3402 3401 3457 ad

1831 3503 2205 3573 reprimendas
2233 3502 2707 3570 concupiscentias
2726 3540 2740 3564 ,
2767 3514 2901 3567 cape
2930 3497 3155 3551 humani
3189 3496 3402 3549 timoris

1832 3595 2159 3663 exemplum.
2196 3592 2643 3661 Quotusquisque
2670 3599 2789 3653 est,
2821 3589 2913 3657 qui
2960 3603 3068 3642 non
3111 3589 3255 3639 inter
3302 3587 3401 3638 ho-

1832 3686 2011 3740 mines
2057 3685 2409 3754 concupiscat
2454 3684 2660 3739 alieua?
2715 3690 2769 3737 et
2807 3689 2986 3735 tamen
3033 3687 3177 3733 metu
3224 3693 3400 3749 pmnae

1831 3790 1951 3844 qua:
1982 3774 2189 3842 legibus
2217 3781 2421 3828 statuta
2451 3782 2568 3839 est,
2601 3772 2911 3826 refrenatur
2940 3780 2993 3825 et
3032 3769 3402 3824 continentius

1834 3868 1964 3936 agit.
2020 3866 2154 3936 Regi
2204 3874 2427 3936 propter
2457 3874 2661 3921 metum
2693 3872 2883 3934 gentes
2914 3863 3202 3930 subjacent
3231 3871 3284 3915 et
3313 3877 3402 3913 ar-

1835 3966 2019 4012 matus
2059 3965 2213 4026 paret
2253 3958 2549 4013 exercitus.
2595 3954 2749 4009 Servi
2795 3969 2917 4008 cum
2958 3954 3067 4008 sint
3108 3951 3399 4005 validiores

1832 4049 2069 4103 dominis
2100 4048 2250 4113 suis,
2284 4056 2505 4119 propter
2536 4056 2737 4103 metum
2776 4054 2957 4101 tamen
3000 4043 3228 4114 imperia
3270 4057 3397 4111 per—

1834 4140 2013 4195 ferunt
2042 4142 2413 4195 dominorum.
2460 4140 2655 4194 Bestia:
2693 4141 2827 4211 ipsa:
2874 4137 3001 4192 ferae
3049 4143 3195 4189 metu
3239 4136 3400 4188 mite-

1833 4238 2031 4286 scunt:
2068 4230 2211 4284 tauri
2245 4230 2569 4285 validissimi
2598 4230 2731 4300 jugo
2759 4229 2898 4282 colla
2929 4228 3296 4289 submittunt,
3342 4234 3397 4280 et

1835 4323 2100 4377 immanes
2142 4322 2416 4391 elephanti
2465 4320 2743 4391 magistris
2787 4320 3165 4389 obtemperant
3206 4334 3300 4389 per
3330 4318 3399 4372 ti—

1836 4429 2065 4470 morem.
2103 4411 2207 4469 Sed
2238 4429 2337 4468 cur
2377 4412 2632 4467 humanis
2672 4420 2890 4467 utamur
2929 4411 3229 4480 exemplis,
3272 4425 3397 4464 cum

1834 4510 1999 4564 etiam
2044 4507 2227 4563 divina
2270 4521 2380 4561 non
2426 4505 2643 4562 desint?
2692 4504 2883 4560 Nonne
2930 4512 3076 4559 terra
3127 4504 3242 4573 ipsa
3294 4503 3397 4555 sub

1832 4601 2083 4672 praecepti
2142 4608 2288 4654 metu
2354 4607 2667 4671 permanet,
2722 4595 2867 4669 quod
2910 4597 3071 4652 etiam
3118 4603 3282 4649 motu'
3308 4596 3395 4650 sui

1832 4702 1886 4749 et
1921 4701 2157 4749 tremore
2216 4692 2481 4748 testatur?
2534 4688 2683 4746 Mare
2766 4698 3030 4746 statutum
3104 4688 3394 4743 terminum

1833 4791 2047 4848 servat,
2132 4782 2307 4853 angeli
2379 4796 2568 4853 pacem
2636 4781 2988 4844 custodiunt,
3079 4780 3248 4849 stella:
3296 4794 3397 4834 or-

1832 4872 2014 4928 dinem
2069 4879 2259 4929 tenent
2312 4880 2367 4928 et
2406 4871 2556 4927 fluvii
2615 4878 2861 4937 meatus,
2926 4871 3199 4926 daemones
3258 4885 3398 4941 quo-

1832 4980 1938 5037 que
1988 4972 2198 5021 certum
2246 4972 2330 5022 est
2373 4963 2567 5021 timore
2616 4964 2671 5018 in
2724 4963 2906 5036 fugam
2930 4963 3086 5020 verti.
3112 4960 3177 5018 Et
3204 4977 3271 5018 ne
3300 4978 3397 5033 per

1454 5175 1820 5237 COTELERII
1857 5179 2090 5239 ΝΟΤΕ.

242 5366 355 5438 (8|)
394 5365 526 5421 Cum
554 5382 648 5435 pro
676 5368 872 5439 amoris
896 5369 1113 5423 crimine
1146 5370 1213 5423 ad
1234 5372 1543 5439 supplicium
1574 5370 1724 5425 duci-

174 5447 279 5511 tur,
303 5439 460 5511 et_ad_
472 5439 703 5511 stipitem
728 5438 1011 5511 colligatur
1044 5438 1491 5495 urendumdulius
1510 5442 1726 5511 Capito-

172 5508 316 5579 linus
344 5509 411 5579 de
442 5506 680 5579 Macrino
709 5526 721 5562 ε
748 5506 1011 5563 Adulterii
1038 5526 1150 5564 reos
1184 5527 1380 5579 semper
1408 5514 1542 5566 vivos
1570 5506 1728 5565 simul

171 5577 424 5651 incendit.
445 5578 646 5651 junctis
676 5580 996 5651 corporibus.
1034 5579 1171 5651 Nota
1200 5577 1385 5651 postea
1419 5584 1621 5635 variam
1653 5582 1733 5635 le-

173 5648 407 5733 ctio-nem
455 5648 616 5733 etiam
663 5651 865 5733 codicis
913 5649 1087 5733 Regiiﬂ,
1116 5648 1286 5733 quem,
1327 5650 1392 5733 ad
1422 5666 1729 5733 puerorum

176 5726 420 5792 stuprum
444 5726 794 5791 spatantem,
821 5720 887 5778 de
914 5720 1021 5791 quo
1052 5720 1280 5780 ﬂammis
1312 5720 1615 5778 vindicibus
1638 5737 1733 5779 ex-

1828 5371 2029 5452 piando
2064 5369 2430 5426 Valentiniani
2462 5369 2545 5425 lex
2590 5375 2770 5425 exstat
2815 5368 2872 5424 in
2919 5368 3107 5423 codice
3135 5364 3390 5423 Theodo-

1829 5457 2394 5581 81agEﬁjClimacteras
2416 5511 2554 5565 enim
2582 5510 2785 5573 dicunt,
2817 5510 2969 5581 quasi
3010 5508 3231 5581 pericuii
3260 5517 3389 5561 tem-

1831 5578 2302 5653 puanideﬂquos
2350 5582 2449 5653 hac
2481 5582 2619 5653 iure
2646 5582 2777 5636 citat
2806 5580 3155 5653 doctissimus
3184 5578 3389 5653 Sagvaro

1836 5648 1903 5705 ad
1958 5648 2367 5721 Sidonii'epist.
2392 5651 2476 5712 ll,
2510 5652 2603 5707 lib.
2628 5666 2746 5717 vin,
2778 5666 2878 5706 nec
2907 5666 3015 5705 non
3043 5651 3144 5705 Nili
3177 5648 3391 5705 abbatis

1836 5723 2117 5793 epistolam
2146 5721 2271 5789 258,
2302 5722 2394 5777 lib.
2431 5736 2491 5776 ιι.
