3848 6252
196 314 216 367 1
230 316 327 370 109

1395 310 1934 367 RECOGNITIONUM
1972 308 2077 361 LIB
2137 307 2224 360 IX.

3206 298 3331 353 HlO

192 443 318 481 cum
354 424 527 480 Marte
554 427 597 478 si
629 425 698 479 sit
727 426 779 480 in
806 424 984 478 Ariete
1000 441 1017 488 ;
1046 422 1203 478 eﬂlcit
1229 436 1259 475 e
1288 422 1558 475 contrario
1590 435 1707 474 mu-
1735 426 1779 479 Α
1807 418 1962 472 Seres
1991 418 2162 476 legum
2190 422 2362 468 metus
2394 410 2752 465 vehementior
2778 424 2810 478 q
2835 424 2935 461 iam
2961 408 3173 478 genesis
3198 423 3330 460 couo-

192 517 351 570 lieres
372 553 389 578 ,
428 514 477 571 si
504 515 575 568 sit
604 514 658 567 iu
685 513 1035 582 Caprazcornu
1066 518 1159 562 aut
1186 509 1437 577 Aquario.

254 646 447 701 XVI“.
492 647 735 715 Cumque
772 646 933 699 multa
976 644 1041 698 de
1083 643 1165 695 his
1204 658 1361 695 senex
1399 649 1712 709 prosecutus

185 744 348 798 esset,
379 742 435 789 et
464 734 874 802 unumquodque
899 733 1111 787 schema
1140 730 1409 788 mathesis.
1441 730 1709 784 stellarum

184 840 401 895 quoque
454 825 747 893 positiones
788 830 1171 881 enumerasset,
1226 821 1407 873 volens
1458 833 1552 887 per
1600 819 1710 871 haec

183 914 490 972 ostendere,
537 914 662 981 quia
702 912 860 963 timor
888 925 994 962 non
1032 909 1254 962 sulliciat
1282 906 1549 961 refrenare
1576 922 1709 961 con-

182 1001 577 1069 cupiscentias,
645 1013 745 1066 ego
796 1012 983 1050 rursus
1027 994 1274 1063 respondi
1304 1010 1316 1044 :
1346 994 1500 1057 Vere,
1531 994 1705 1056 Pater,

180 1090 499 1143 doctissime
547 1096 600 1141 et
640 1086 997 1140 eruditissime
1041 1092 1355 1152 prosecutus
1392 1098 1480 1145 es,
1512 1094 1564 1137 et
1592 1086 1708 1153 ipsa

179 1193 263 1232 me
312 1176 456 1230 ratio
504 1175 694 1228 invitat
739 1172 936 1240 aliquid
979 1171 1044 1225 ad
1090 1187 1151 1225 ea
1180 1186 1297 1239 quas
1337 1185 1366 1223 a
1403 1178 1454 1224 te
1481 1171 1707 1225 disserta

177 1271 303 1319 sunt
358 1260 707 1329 respondere,
764 1259 1011 1326 quoniam
1058 1258 1268 1326 quidem
1315 1258 1536 1311 scientia
1580 1259 1707 1311 mihi

176 1352 442 1406 mathesis
475 1360 600 1403 nota
632 1356 737 1411 est,
765 1355 816 1401 et
841 1348 1064 1400 libenter
1097 1361 1217 1398 cum
1244 1346 1451 1399 erudito
1472 1345 1585 1397 viro
1608 1346 1705 1397 ha-

177 1440 278 1492 beo
325 1452 653 1491 sermonem.
686 1436 880 1502 Accipe
902 1448 1027 1502 ergo
1056 1433 1121 1486 ad
1160 1448 1221 1485 ea
1264 1448 1381 1500 quae
1414 1432 1615 1495 dixisti,
1648 1440 1706 1485 ut

174 1529 457 1581 evidenter
487 1538 749 1594 agnoscas
776 1523 1009 1592 genesim
1057 1536 1117 1573 ex
1161 1523 1328 1575 stellis
1357 1523 1571 1575 omnino
1598 1537 1704 1576 non

175 1630 320 1677 esse,
346 1622 401 1668 et
426 1614 555 1682 quia
587 1611 840 1681 possibile
879 1610 950 1664 sit
986 1608 1172 1662 obsisti
1222 1609 1499 1663 adversum
1536 1610 1707 1677 impu-

172 1704 488 1772 gnationem
536 1701 833 1753 daemonum
896 1701 963 1753 ab
1013 1700 1093 1753 his
1144 1700 1234 1767 qui
1282 1698 1595 1768 confugiunt
1638 1700 1703 1753 ad
1735 1718 1776 1774 Β

177 1792 379 1852 Deum,
412 1805 477 1843 ac
500 1829 516 1853 ,
564 1792 703 1843 sicut
731 1790 976 1859 praedixi,
1010 1806 1115 1843 non
1141 1791 1311 1843 solum
1342 1805 1434 1857 per
1460 1791 1703 1844 timorem

178 1882 270 1936 Dei
303 1881 585 1935 naturales
629 1880 861 1932 cohiberi
903 1878 1363 1947 concupiscentias
1407 1893 1583 1946 posse,
1612 1879 1709 1933 sed

170 1982 223 2025 et
270 1987 372 2041 per
417 1972 664 2024 timorem
686 1969 985 2034 hominum,
1024 1970 1163 2023 sicut
1201 1967 1310 2036 jam
1341 1982 1484 2021 nunc
1518 1967 1710 2023 edoce-

170 2063 377 2117 bimus.

240 2188 389 2243 XIX.
422 2188 590 2257 Leges
623 2196 746 2242 sunt
779 2186 887 2257 (89)
927 2188 980 2241 in
1022 2203 1339 2257 unaquaque
1378 2191 1593 2257 regione
1623 2190 1707 2245 vel

172 2292 346 2346 regno
380 2277 448 2330 ab
495 2276 799 2329 horninibus
850 2277 1070 2343 posita),
1122 2277 1233 2330 sive
1287 2279 1549 2346 scriptura
1597 2281 1710 2335 sive

166 2366 335 2417 etiam
368 2381 470 2419 usu
495 2365 769 2426 durantes,
796 2379 927 2434 quas
956 2380 1108 2417 nemo
1132 2364 1283 2419 facile
1304 2367 1707 2435 transgreditur.

170 2452 421 2521 Denique
472 2453 630 2521 primi
675 2451 855 2515 Seres,
892 2454 983 2521 qui
1023 2454 1173 2507 initio
1197 2456 1342 2509 orbis
1369 2464 1522 2509 terrae
1552 2457 1707 2510 hahi-

165 2550 314 2604 tant,
348 2543 517 2610 legem
560 2542 754 2595 habent
802 2558 973 2609 neque
1002 2542 1340 2595 homicidium
1384 2545 1493 2610 (90)
1538 2561 1707 2613 neque

169 2628 504 2680 adulterium
527 2640 697 2693 neque
719 2637 950 2679 scortum
974 2642 1150 2690 nosse,
1170 2644 1337 2697 neque
1360 2628 1554 2683 furtum
1577 2646 1717 2685 com-

170 2717 411 2775 mittere,
440 2729 611 2781 neque
636 2715 773 2766 idola
796 2716 1032 2767 venerari
1055 2734 1069 2780 ;
1095 2724 1146 2768 et
1186 2717 1236 2768 in
1265 2717 1352 2770 illa
1376 2719 1519 2770 omni
1545 2720 1713 2789 regio-

171 2819 258 2869 ne,
280 2819 407 2871 qum
425 2810 506 2856 est
523 2802 771 2866 maxima,
790 2818 957 2870 neque
975 2805 1222 2871 templum
1245 2805 1525 2869 invenitur,
1546 2822 1712 2875 neque

168 2893 551 2951 simulacrum,
578 2906 747 2959 neque
782 2893 1047 2957 meretrix,
1072 2909 1241 2961 neque
1260 2895 1513 2957 adultera,
1542 2911 1711 2964 neque

1810 508 2055 562 stellatio.

1878 595 1991 649 XX.
2023 597 2157 648 Sunt
2184 593 2429 649 similiter
2450 598 2501 644 et
2530 589 2669 659 apud
2700 588 2915 641 Bactros
2946 588 2996 640 in
3027 587 3328 656 regionibus

1809 685 2053 737 ludorum
2089 685 2357 736 immensae
2382 679 2744 733 multitudines
2772 676 3205 745 Bragmanorum,
3236 677 3325 745 qui

1808 781 1860 825 et
1892 774 1989 839 ipsi
2022 788 2084 825 ex
2127 772 2408 825 traditione
2434 769 2716 835 majorum,
2759 767 2995 819 moribus
3021 766 3328 835 legibusque

1807 862 2180 923 concordibus,
2214 876 2385 927 neque
2418 856 2761 911 homicidium
2808 871 2977 923 neque
3009 855 3324 909 adulterium

1807 952 2180 1012 committunt,
2229 964 2400 1018 neque
2442 948 2729 1001 simulacra
2778 946 2959 997 colunt
3008 961 3178 1012 neque
3212 947 3326 1005 ani-

1806 1042 2003 1093 mantia
2036 1039 2190 1093 edere
2214 1040 2264 1091 in
2297 1054 2393 1091 usu
2421 1037 2636 1096 habent,
2671 1049 2939 1101 nunquam
2972 1034 3322 1097 inebriantur,

1805 1146 2073 1199 nunquam
2100 1130 2359 1181 malitiose
2395 1126 2591 1194 aliquid
2616 1132 2835 1193 gerunt,
2865 1125 2955 1177 sed
2984 1124 3145 1177 Deum
3188 1140 3325 1178 sem-

1806 1236 1899 1289 per
1929 1221 2142 1283 timent;
2165 1226 2216 1271 et
2238 1218 2446 1286 quidem
2479 1216 2589 1267 haec
2617 1214 2709 1275 illi,
2733 1228 2851 1265 cum
2874 1214 3045 1266 caeteri
3080 1213 3325 1266 ludorum

1803 1316 1855 1361 et
1885 1306 2166 1360 homicidia
2196 1316 2247 1359 et
2285 1303 2542 1357 adulteria
2574 1303 2927 1359 committant,
2959 1310 3009 1354 et
3043 1303 3324 1355 simulacra

1803 1397 1997 1456 colant,
2032 1404 2083 1448 et
2106 1393 2450 1455 inebrientur,
2481 1400 2638 1460 atque
2668 1393 2767 1442 alia
2800 1390 3099 1456 hujusmodi
3129 1388 3326 1457 ﬂagitia

1802 1493 2102 1539 exerceant.
2136 1483 2237 1537 Sed
2265 1490 2317 1536 et
2342 1483 2391 1534 in
2424 1484 2591 1550 ipsius
2625 1481 2787 1533 India:
2812 1481 3155 1532 nihiluminus
3182 1479 3315 1531 occi-

1803 1573 1923 1627 duis
1952 1574 2189 1641 partibus
2225 1573 2372 1639 regio
2414 1572 2652 1639 quaedam
2685 1578 2766 1624 est
2797 1572 2927 1639 (Hi),
2956 1570 3045 1623 ubi
3091 1569 3325 1636 hospites

1804 1677 1924 1715 cum
1954 1662 2261 1721 inciderint,
2292 1660 2433 1723 capti
2476 1660 2815 1712 immolantur
2853 1665 2906 1710 et
2953 1657 3323 1717 comeduntur,

1804 1757 1857 1802 et
1888 1763 2058 1817 neque
2090 1748 2241 1801 bona:
2288 1747 2453 1801 stellae
2481 1752 2761 1799 vetuerunt
2790 1760 2883 1798 eos
2916 1745 2980 1796 ab
3023 1742 3322 1808 hujusmodi

1804 1835 2014 1904 ﬂagitiis
2055 1844 2107 1887 et
2155 1835 2221 1887 ab
2267 1833 2606 1888 exsecrandis
2651 1831 2814 1893 cibis,
2868 1846 3037 1897 neque
3085 1828 3327 1897 maligna:

1804 1928 1970 1981 stellae
1996 1925 2367 1994 compulerunt
2398 1923 2741 1991 Bragmanas,
2773 1930 2829 1972 ut
2871 1918 3067 1987 aliquid
3112 1922 3330 1985 agerent

1804 2017 1948 2069 mali.
1988 2014 2080 2070 Est
2105 2031 2288 2068 rursus
2318 2030 2432 2067 mos
2455 2014 2592 2081 apud
2625 2013 2833 2074 Persas,
2867 2020 3063 2063 matres
3092 2010 3329 2076 accipere

1805 2107 1858 2157 in
1891 2104 2193 2171 conjugium
2217 2112 2268 2156 et
2299 2117 2511 2156 sorores
2543 2110 2594 2155 et
2634 2102 2789 2161 tilias,
2834 2108 2886 2153 et
2931 2100 3029 2152 sub
3061 2099 3151 2150 illo
3182 2097 3327 2149 omni

1805 2206 1902 2246 axe
1927 2193 2125 2246 incesta
2150 2190 2324 2245 Persze
2345 2191 2531 2243 ineunt
2554 2190 2911 2242 matrimonia.

1872 2277 2008 2331 XXI.
2038 2276 2112 2330 Ac
2138 2292 2204 2331 ne
2238 2276 2371 2330 forte
2394 2277 2547 2328 liceat
2577 2275 2659 2328 his
2680 2276 2770 2343 qui
2796 2274 3073 2326 mathesim
3098 2289 3329 2342 sequun-
3348 2339 3359 2343 Α

1807 2376 1892 2421 tur
1922 2368 1995 2419 uti
2039 2368 2128 2419 illo
2168 2365 2406 2435 perfugio
2445 2380 2550 2432 quo
2591 2364 2795 2423 dicunt,
2840 2372 3017 2415 certas
3070 2361 3325 2431 quasdam

1804 2474 1922 2511 esse
1969 2458 2148 2525 plagas
2180 2456 2321 2515 cteli,
2350 2455 2542 2520 quibus
2589 2453 2803 2521 propria
2849 2452 3087 2520 quadam
3134 2453 3330 2504 habere

1804 2545 2132 2606 conceditur,
2178 2560 2242 2597 ex
2290 2544 2403 2611 ipsa
2453 2541 2730 2595 Persarum
2775 2548 2930 2609 gente
2971 2539 3226 2606 aliquanti
3262 2538 3328 2590 ad

1807 2632 2087 2702 peregrina
2128 2632 2348 2700 profecti
2392 2638 2549 2692 sunt,
2588 2630 2677 2697 qui
2720 2628 2965 2695 Magusnei
3005 2617 3112 2695 (92)
3148 2627 3331 2695 appel-

1804 2720 1998 2780 lantur,
2037 2735 2097 2771 ex
2131 2720 2323 2786 quibus
2358 2733 2525 2787 usque
2558 2717 2608 2769 iu
2636 2716 2949 2768 hodiernum
2988 2722 3111 2767 sunt
3147 2713 3235 2765 alii
3272 2713 3326 2766 in

1806 2806 1994 2869 Media,
2032 2807 2121 2859 alii
2149 2807 2201 2858 in
2237 2805 2470 2865 Parthia,
2501 2802 2593 2857 sed
2626 2810 2678 2855 et
2718 2803 2770 2854 in
2799 2801 3026 2870 JEgypto
3063 2800 3326 2863 nonnulli,

1804 2895 1983 2963 plures
2008 2902 2180 2946 autem
2212 2895 2263 2945 in
2290 2892 2493 2945 Galatia
2519 2900 2570 2945 ct
2602 2890 2852 2961 Phrygia,
2892 2891 2983 2959 qui
3016 2906 3201 2944 omnes
3247 2890 3330 2942 iu-

165 2981 256 3035 fur
309 2980 377 3033 ad
418 2978 679 3047 judicium
720 2979 1025 3041 deducitur,
1070 2979 1159 3031 sed
1202 2995 1371 3047 neque
1402 2981 1610 3035 occisus
1636 2982 1707 3036 ibi
1733 3011 1776 3070 ε
1807 2990 1965 3036 cestaa
2028 2982 2187 3047 hujus
2251 2981 2557 3033 traditionis
2619 2979 2842 3032 formam
2902 2978 3327 3032 indeclinabilem

164 3072 339 3123 homo
368 3067 538 3121 fertur
565 3066 867 3136 aliquando,
893 3075 945 3119 et
965 3077 1137 3120 tamen
1163 3068 1356 3122 nullius
1382 3070 1595 3125 libertas
1622 3088 1708 3125 ar-
1744 3066 1775 3070 ”
1806 3083 2051 3132 servant,
2099 3086 2160 3123 ac
2214 3070 2441 3138 posteris
2499 3069 2901 3123 custodiendam
2962 3070 3332 3122 transmittunt

163 3157 318 3212 hitrii
366 3154 641 3221 compulsa
686 3164 767 3207 est
805 3155 1093 3206 secundum
1136 3171 1229 3208 vos
1258 3171 1287 3207 a
1334 3157 1481 3210 stella
1524 3158 1706 3213 Hartis

161 3248 363 3318 ignita,
401 3253 460 3297 ut
485 3242 625 3295 ferro
655 3252 888 3295 uteretur
910 3244 976 3295 ad
1008 3244 1235 3295 hominis
1262 3259 1464 3308 necem,
1488 3261 1584 3301 nec
1612 3245 1706 3301 Ve-

162 3351 269 3390 nus
305 3348 431 3389 cum
462 3330 626 3384 Marte
653 3331 821 3399 posita
862 3331 1091 3384 alienum
1127 3333 1521 3388 matrimonium
1552 3351 1701 3391 com-

161 3424 307 3493 pulit
331 3420 532 3482 vitiari,
564 3434 683 3473 cum
724 3420 906 3488 utique
926 3420 1066 3488 apud
1095 3435 1187 3474 eos
1209 3437 1302 3490 per
1329 3424 1564 3493 singulos
1588 3426 1703 3481 dies

165 3511 319 3565 Mars
369 3508 602 3563 medium
649 3508 771 3562 caeli
799 3509 1055 3563 circulum
1087 3519 1278 3567 teneat.
1310 3512 1411 3568 Sed
1454 3524 1535 3570 est
1564 3518 1705 3586 apud

1803 3161 1961 3214 etiam
2015 3175 2135 3213 cum
2185 3159 2389 3227 plagam
2420 3160 2538 3211 οωιί
2576 3159 2928 3223 mutaverint,
2959 3158 3003 3188 “
3033 3173 3128 3211 nec
3153 3165 3329 3210 tamen

1804 3263 1896 3301 eos
1922 3247 2102 3301 Venus
2134 3262 2253 3300 cum
2279 3248 2425 3299 Luna
2452 3248 2503 3300 in
2531 3247 2721 3301 finibus
2741 3256 2793 3302 et
2820 3248 3063 3301 domibus
3090 3246 3328 3311 Saturni,

1804 3355 1925 3393 cum
1962 3338 2192 3391 Saturno
2219 3344 2502 3390 attestaute
2540 3336 2700 3390 etiam
2731 3336 2919 3400 Marte,
2953 3338 3209 3405 compulit
3234 3336 3329 3389 ha-

1805 3430 1931 3483 bere
1962 3432 2099 3481 inter
2122 3435 2345 3480 czeteros
2371 3425 2603 3492 genesim
2630 3426 2760 3491 (93).

1872 3515 2035 3571 XXII.
2063 3515 2215 3584 Apud
2240 3513 2398 3567 Gelos
2424 3512 2533 3582 (94)
2554 3527 2763 3579 quoque
2798 3528 2911 3567 mos
2934 3524 3033 3577 est,
3062 3523 3117 3567 ut
3142 3515 3328 3570 maiie-

236 3652 284 3682 ⁸⁸
300 3645 417 3701 Nec
451 3654 685 3701 (tmen...
718 3647 937 3717 genesim
965 3664 1072 3701 non
1102 3649 1344 3719 leguntur
1366 3653 1417 3703 in
1442 3652 1600 3706 codd.
1628 3651 1808 3722 Lipss.

1443 3780 1802 3837 COTELERII
1837 3778 2060 3836 NOTE.

233 3906 357 3979 (89)
398 3902 551 3984 Leges
580 3914 718 3984 sunt,
758 3914 875 3984 etc._
893 3907 1000 3984 l_loc
1030 3914 1206 3984 caput,
1230 3909 1585 3984 et_sequent_ia
1611 3910 1699 3964 de-

156 3976 281 4035 cem
336 3976 548 4045 accepit
587 3981 773 4045 auctor
799 3977 1251 4045 velinterpolator
1279 3976 1696 4045 Recognitionum

154 4065 225 4121 ex
254 4041 582 4121 Bardesanis
613 4041 1007 4121 Dialogisnloco
1034 4041 1122 4112 qui
1150 4045 1348 4121 legitur
1367 4041 1695 4121 ap_ud_Euse-

156 4117 315 4169 bium
354 4110 593 4179 Prwpar.
640 4112 939 4179 euang.rlib.
970 4110 1474 4171 vi,'c.l0’editionis
1494 4114 1699 4168 Graeco-

156 4182 377 4235 Latinae
406 4193 434 4230 a
467 4193 516 4246 p.
536 4177 656 4250 27},
686 4178 746 4250 ι),
865 4195 914 4246 p.
940 4179 1063 4250 280,
1092 4181 1154 4233 Α.
1175 4180 1247 4232 Ex
1267 4190 1491 4250 utroque
1520 4192 1696 4236 autem

156 4263 332 4323 opere
378 4262 475 4323 sua
523 4246 1024 4323 collttgit-Cmsarius
1050 4251 1340 4323 quaestione
1372 4246 1466 4323 109
1492 4253 1694 4323 θείω,

154 4314 368 4370 citatus
397 4315 556 4383 etiam
597 4329 623 4365 a
660 4314 898 4368 Cedreno
929 4330 1045 4383 pag.
1070 4314 1199 4378 126,
1233 4317 1351 4378 127,
1380 4319 1507 4372 edit.
1535 4319 1693 4373 Basil.

155 4369 294 4450 Qua:
334 4384 514 4436 omnia
547 4381 682 4451 inter
709 4398 765 4436 se
789 4369 1031 4437 conferre
1060 4369 1229 4450 opera:
1259 4369 1693 4451 préu'uiil'méiii.
1729 4369 1771 4423 θ

153 4449 271 4508 Nos
321 4465 491 4519 pauca
541 4449 964 4513 subuutabimus,
995 4449 1117 4519 quia
1146 4449 1332 4507 ductus
1364 4453 1572 4508 Eusebii
1620 4458 1699 4507 in-

154 4532 381 4589 terpres
410 4519 742 4590 Gaesai'ianas
772 4520 1023 4590 lectiones
1066 4520 1161 4590 ad_
1185 4520 1507 4573 Eusebianas
1540 4538 1701 4590 appo-

154 4586 292 4644 suit.
325 4617 394 4628 -τ
440 4586 654 4647 Coul'er,
700 4588 744 4639 si
787 4588 933 4643 libet.
977 4596 1103 4639 tom.
1144 4586 1162 4637 l
1197 4597 1390 4641 nostra:
1432 4586 1694 4650 ΒὶὁιίὸὶΙι..

154 4674 281 4727 pag.
305 4654 557 4714 682-688,
589 4665 637 4706 et
674 4654 962 4722 Prolegom.
995 4670 1112 4722 cap.
1132 4656 1219 4717 26,
1254 4655 1280 4725 ᾗ
1312 4657 1364 4721 5,
1396 4672 1512 4724 pag.
1534 4671 1699 4711 cxxut

153 4743 281 4780 seu.

228 4742 369 4862 ?§O)_
393 4788 554 4862 Primi
588 4787 755 4855 Seres,
780 4791 870 4862 qui
897 4792 1043 4862 initia
1082 4790 1218 4843 orbis
1268 4800 1416 4862 terrai:
1444 4790 1697 4853 habitant,

154 4856 556 4930 legem’habegt,
595 4874 749 4930 neque
770 4856 1252 4930 liomigidium,_etc.
1286 4857 1342 4911 In
1369 4861 1623 4930 Caesarie,
1649 4862 1697 4930 oi

152 4925 223 4981 τδ
248 4932 417 4996 ἄκρον
445 4926 759 5043 τῆςέίέρσου
790 4926 1072 4988 οἰκοῦντες.
1128 4925 1307 4994 Itaque
1356 4929 1433 4981 sic
1479 4928 1698 4996 intelligi

153 4999 324 5043 debet
376 4994 504 5043 illud
591 4994 884 5043 ardesauis.
929 4998 990 5043 ἐκ
1022 4996 1117 5043 τῆς
1146 4995 1236 5043 τοῦ
1278 4995 1475 5043 κόσιιου
1510 4997 1696 5043 ἀονίε-

153 4994 340 5050 debet
376 4994 504 5045 illud
549 4994 884 5064 Bardesauis.
929 4998 990 5045 ἐκ
1022 4996 1117 5063 τῆς
1146 4995 1236 5045 τοῦ
1278 4995 1475 5063 κόσμου
1510 4994 1697 5064 ἀρχῆξ,

152 5067 262 5117 hac.
292 5070 399 5124 est,
429 5078 460 5112 a
488 5061 737 5127 principio
792 5062 950 5121 orbis,
983 5061 1086 5114 non
1119 5070 1294 5115 autem
1324 5061 1390 5114 ali
1416 5061 1560 5115 orbis
1579 5061 1700 5116 cun—

151 5134 293 5185 dim.
329 5129 480 5184 Patet
507 5130 665 5181 etiam
698 5145 760 5182 ex
795 5128 966 5181 Plinio
995 5140 1045 5182 et
1072 5130 1227 5183 Mela.

231 5201 348 5267 (9i)
389 5196 927 5267 Regjoiqumdamfst.
964 5198 1262 5267 Ξενοϐόρων
1302 5198 1531 5252 Caesario
1558 5216 1570 5251 :
1600 5199 1701 5250 Ns-

151 5264 765 5339 prcgélmv__Epiplianio
797 5264 1033 5339 Exposil.
1065 5264 1181 5333 βω,
1213 5282 1357 5339 num.
1393 5268 1477 5339 ﬁt),
1501 5267 1701 5339 ⁸(ἶιξόνρ-

152 5333 304 5404 niis;
328 5335 415 5385 Ἐν
441 5333 494 5384 δὲ
516 5337 623 5394 τοῖς
657 5333 941 5404 evocet-Eget;
972 5335 1154 5404 μέρεσι
1180 5334 1393 5404 τούτων,
1429 5336 1701 5404 ἀνθρωπο-

151 5403 447 5474 δοροῦντες
477 5403 720 5474 Δκαὶζτοξδς
744 5402 1157 5474 ἐπιξενῳμένους
1184 5402 1702 5474 ἁναιροῦννεεςκατε-

155 5469 425 5527 σΟἷουσιν,
460 5469 533 5530 ὠς
567 5470 759 5531 Κάεες.
794 5470 907 5533 Quo
953 5471 1070 5521 loco
1116 5486 1216 5522 una
1259 5469 1378 5521 cum
1430 5470 1699 5537 Xylandro

156 5543 358 5609 ignoro
390 5540 605 5609 quinam
644 5540 749 5589 sint
777 5538 967 5609 Cabcs.
998 5539 1099 5589 Sed
1132 5555 1193 5590 ex
1222 5537 1447 5604 Georgio
1481 5540 1698 5591 Hamar-

157 5606 277 5662 tolo
304 5607 510 5659 inedito
543 5606 969 5676 chronographo,
988 5608 1076 5676 qui
1110 5609 1503 5675 nianuscriptus
1525 5616 1697 5661 exstat

1799 3912 1853 3964 in
1882 3908 2089 3961 duobus
2117 3906 2388 3961 codicibus
2420 3906 2591 3974 Regia:
2630 3904 2983 3968 bibliothecae,
3008 3903 3169 3974 didici
3207 3917 3329 3974 cors

1800 3977 2071 4046 rigendum
2096 3990 2233 4037 csse,
2253 3976 2325 4038 ὡς
2354 3972 2529 4036 κύνεξ.
2558 3978 2702 4029 Alias
2729 3976 3048 4041 conjicerem
3076 3972 3329 4025 Herodoti

1799 4046 2051 4100 Callatias
2080 4044 2162 4096 vel
2187 4043 2423 4097 Padteos.
2451 4042 2579 4097 Vide
2600 4042 2814 4109 Glycam
2847 4053 2995 4109 parte
3027 4057 3084 4099 ιι,
3118 4056 3170 4109 p.
3206 4040 3325 4094 M3.

1868 4059 2051 4097 utauas
2080 4059 2162 4096 vel
2188 4059 2423 4097 rauaaos.
2458 4059 2579 4097 Viae
2600 4059 2814 4112 utycam
2847 4059 2995 4111 parte
3027 4059 3084 4099 ιι,
3118 4059 3170 4109 p.
3206 4059 3325 4094 ιω.

1868 4113 1976 4184 (92)
2017 4110 2285 4184 Magusgi.
2317 4112 2513 4184 Nomen
2556 4115 2908 4184 aequivocum.
2937 4109 3207 4184 Signiﬁcat
3248 4112 3329 4162 in—

1800 4178 1997 4237 cestam
2029 4180 2167 4248 hanc
2194 4178 2510 4248 Bardesauis
2539 4178 2747 4248 gentem
2780 4198 2791 4232 :
2826 4178 2980 4248 cujus
3011 4178 3329 4248 intentionem

1800 4264 2011 4319 quoque
2031 4247 2183 4319 facit
2232 4246 2288 4299 S.
2338 4245 2563 4319 Basilius
2595 4249 2835 4319 cpistola
2881 4246 3002 4319 525.
3054 4245 3329 4319 Signiﬁcat

1801 4313 1988 4371 omnes
2031 4315 2266 4383 Persas,
2294 4314 2434 4383 apud
2480 4313 2698 4369 Suida'in
2744 4316 2795 4368 in
2840 4313 3326 4383 vocibusxomsia,

1800 4388 1997 4467 Πέρσαι
2028 4378 2350 4467 θεμαγώγς
2375 4398 2491 4467 quo
2524 4385 2706 4436 ultimo
2738 4385 2853 4467 loco
2907 4398 3013 4467 uno
3059 4378 3221 4467 duc‘t'u
3254 4382 3328 4467 ie-

1831 4447 2023 4508 eudum
2042 4468 2054 4502 :
2074 4447 2347 4522 Marthﬁd
2375 4447 2604 4522 ῌέρσης,
2645 4454 2841 4522 μαγεία
2871 4453 2962 4522 κει).
2992 4447 3324 4522 ἀστρολογςα,

1796 4471 2023 4574 genuum
2042 4471 2054 4502 :
2075 4471 2298 4519 ινιαγωγ,
2320 4471 2347 4504 ο
2377 4471 2604 4522 ιιερσης,
2645 4471 2841 4521 μαγεια
2871 4471 2962 4502 και
2992 4471 3324 4519 αστρολογια,

1834 4522 1901 4573 πὸ
1928 4519 2277 4589 Μοιγουσαίων
2307 4519 2523 4589 ἢρξατο.
2545 4522 2616 4589 Ol.
2647 4521 2751 4589 γάρ
2778 4536 2863 4589 τοι
2892 4518 3090 4589 nepam
3122 4513 3327 4589 Μᾳγὼγ

1797 4589 1900 4641 ὑπὸ
1928 4586 2037 4657 τῶν
2067 4586 2750 4657 ἐγχωρίων’ὀνομάζονται’ῖ
2770 4586 2879 4657 καὶ
2909 4587 3262 4657 Μαγουσαίοι,
3278 4587 3326 4657 οι

1796 4657 1965 4708 αὐτοι.
1998 4656 2194 4724 Atque
2217 4653 2287 4706 ita
2330 4653 2474 4709 codf
2509 4656 2635 4724 Reg.
2666 4656 2845 4724 72080,
2881 4655 2968 4724 ubi
3002 4653 3323 4724 Δξιιιεξινηιῦἱ,

1797 4723 2021 4791 Μαγώγ.
2040 4718 2478 4792 ’σ-[Ιέρσηςέυτι
2505 4718 2729 4792 pirata,
2773 4732 2876 4776 etc.
2912 4721 3108 4792 Sedet
3147 4718 3326 4792 Magu-

1798 4786 2075 4866 szcu'ssive
2105 4786 2384 4866 Mag‘useus
2411 4786 2649 4866 defit-ago
2677 4792 2903 4866 dicitur,
2918 4789 2970 4841 in
3005 4791 3117 4866 l’ita

1797 4857 1974 4926 phanii
2011 4874 2128 4926 cap.
2164 4858 2249 4918 iti,
2288 4870 2339 4912 et
2388 4873 2417 4909 a
2463 4857 2660 4912 Basilio
2702 4858 3029 4913 Seleuciensi
3067 4865 3201 4926 orat.
3236 4857 3323 4915 58,

1798 4924 1918 4995 pag.
1947 4924 2189 4989 202,'ubt
2221 4928 2417 4981 frustra
2445 4927 2712 4997 corrigere
2753 4935 2921 4981 tentat
2948 4927 3137 4978 doctus
3162 4924 3326 4976 inter-

1836 5012 1938 5048 res.

1797 5012 1975 5130 pr((2355)
2015 5062 2271 5129 Compulit
2299 5061 2481 5115 habere
2504 5063 2635 5115 inter
2654 5072 2862 5117 caeteros
2884 5062 3135 5130 genesim1
3150 5058 3323 5130 Minus

1797 5128 2074 5184 commode
2105 5128 2284 5183 Gil-inca
2315 5134 2576 5183 corwcrtit
2599 5132 2840 5191 Ruﬁnus,
2860 5128 2915 5181 ὲν
2933 5132 3047 5189 ταῖς
3072 5128 3175 5180 τῶν
3195 5128 3326 5180 πάν-

1795 5216 1899 5251 των
1931 5199 2197 5264 γενέσεσιν
2230 5198 2520 5265 εὑρίσκετο.
2553 5200 2659 5253 1100
2687 5210 2788 5257 est,
2812 5200 2865 5251 in
2890 5198 3116 5251 omm'um
3145 5196 3327 5264 Magu-

1796 5284 2015 5320 sworum
2065 5268 2313 5333 genituris
2360 5278 2555 5331 reperta
2598 5279 2694 5321 est.
2734 5270 2883 5333 Apud
2924 5266 3231 5327 Ctesarium,
3264 5266 3323 5316 ὲν

1786 5340 1909 5397 ’ταῖς
1936 5333 2347 5406 στάντων-αξρῖεῷν
2380 5336 2647 5406 γενέσεσιν
2679 5333 3015 5406 εὑρίσζεσθαι
3047 5335 3129 5385 οἶα
3151 5349 3230 5406 rs.

1800 5426 1810 5454 (
1866 5404 1979 5471 (94)
2014 5402 2379 5472 Αριιάηϐειυε.
2427 5402 2687 5472 Corrupte
2736 5401 2806 5472 in,
2832 5401 3011 5472 Glyca.
3043 5402 3319 5472 Annalium

1796 5466 1940 5592 Parte
1968 5466 2090 5537 ιι,
2110 5470 2257 5549 μδ,
2291 5473 2414 5539 παρ’
2445 5466 2758 5549 ςΑγιλξιίοις.
2789 5466 2957 5525 Scribi
2987 5472 3142 5524 debet
3175 5466 3321 5547 πίαρὰ

1837 5539 1999 5592 ἣλοις.
2051 5546 2124 5590 ιιιι
2179 5539 2399 5591 habetur
2444 5555 2496 5591 in
2540 5539 2841 5592 Bardesane
2862 5541 2997 5592 aoud
3032 5538 3314 5591 Eusebium

1819 5539 1999 5609 ξήλρις,
2051 5538 2399 5609 uti___habetur
2444 5539 2496 5591 in
2540 5539 2841 5609 Bardesane
2862 5541 2997 5609 apud
3032 5538 3314 5609 Eusebium

1799 5601 1867 5661 Ρ.
1886 5606 1972 5674 Ε.,
1996 5622 2048 5676 p.
2076 5606 2200 5673 275,
2219 5606 2291 5672 D;
2318 5622 2425 5675 quo
2453 5622 2517 5662 ex
2545 5608 2684 5673 loco,
2707 5616 2760 5662 et
2789 5624 2852 5665 cx
2881 5601 3089 5663 duobus
3119 5601 3319 5658 codici-
