  <div class='ocr_page' id='page_1' title='image "/cluster/home/n/w/nwhite01/storage/ocr_20150623/1 (St. Clemens; pt. 1)/nyp.33433019854052/715.png"; bbox 0 0 3904 6378; ppageno 0'>
   <div class='ocr_carea' id='block_1_1' title="bbox 458 353 587 409">
    <p class='ocr_par' dir='ltr' id='par_1_1' title="bbox 458 353 587 409">
     <span class='ocr_line' id='line_1_1' title="bbox 458 353 587 409; baseline 0 -1"><span class='ocrx_word' id='word_1_1' title='bbox 458 353 587 409; x_wconf 75' lang='grc' dir='ltr'>ιι-ιι</span> 
     </span>
    </p>
   </div>
   <div class='ocr_carea' id='block_1_2' title="bbox 1320 337 2844 402">
    <p class='ocr_par' dir='ltr' id='par_1_2' title="bbox 1320 337 2844 402">
     <span class='ocr_line' id='line_1_2' title="bbox 1320 337 2844 402; baseline -0.006 0"><span class='ocrx_word' id='word_1_2' title='bbox 1320 348 1379 402; x_wconf 83' lang='lat' dir='ltr'><strong>S.</strong></span> <span class='ocrx_word' id='word_1_3' title='bbox 1419 343 1857 402; x_wconf 71' lang='lat' dir='ltr'><strong>CLEMENTISI</strong></span> <span class='ocrx_word' id='word_1_4' title='bbox 1891 343 2059 402; x_wconf 73' lang='lat' dir='ltr'><strong>ROM.</strong></span> <span class='ocrx_word' id='word_1_5' title='bbox 2097 338 2300 399; x_wconf 78' lang='lat' dir='ltr'><strong>PONT.</strong></span> <span class='ocrx_word' id='word_1_6' title='bbox 2346 337 2579 397; x_wconf 75' lang='lat' dir='ltr'><strong>OPERA</strong></span> <span class='ocrx_word' id='word_1_7' title='bbox 2617 339 2844 397; x_wconf 82' lang='lat' dir='ltr'><strong>DUBIA.</strong></span> 
     </span>
    </p>
   </div>
   <div class='ocr_carea' id='block_1_3' title="bbox 3566 336 3711 395">
    <p class='ocr_par' dir='ltr' id='par_1_3' title="bbox 3566 336 3711 395">
     <span class='ocr_line' id='line_1_3' title="bbox 3566 336 3711 395; baseline 0.014 -2"><span class='ocrx_word' id='word_1_8' title='bbox 3566 336 3711 395; x_wconf 65' lang='grc' dir='ltr'>ιλιι</span> 
     </span>
    </p>
   </div>
   <div class='ocr_carea' id='block_1_4' title="bbox 453 450 3713 538">
    <p class='ocr_par' dir='ltr' id='par_1_4' title="bbox 453 450 3713 538">
     <span class='ocr_line' id='line_1_4' title="bbox 453 450 3713 538; baseline -0.004 -18"><span class='ocrx_word' id='word_1_9' title='bbox 453 483 542 523; x_wconf 82' lang='lat' dir='ltr'><strong>res</strong></span> <span class='ocrx_word' id='word_1_10' title='bbox 576 465 963 538; x_wconf 88' lang='lat' dir='ltr'><strong>agricolentur,</strong></span> <span class='ocrx_word' id='word_1_11' title='bbox 988 460 1254 518; x_wconf 70' lang='lat' dir='ltr'><strong>aediﬁcent</strong></span> <span class='ocrx_word' id='word_1_12' title='bbox 1283 465 1337 514; x_wconf 90' lang='lat' dir='ltr'><strong>et</strong></span> <span class='ocrx_word' id='word_1_13' title='bbox 1366 472 1528 513; x_wconf 80' lang='lat' dir='ltr'><strong>(mne</strong></span> <span class='ocrx_word' id='word_1_14' title='bbox 1551 472 1690 529; x_wconf 81' lang='lat' dir='ltr'><strong>Opus</strong></span> <span class='ocrx_word' id='word_1_15' title='bbox 1718 457 1872 513; x_wconf 85' lang='lat' dir='ltr'><strong>virile</strong></span> <span class='ocrx_word' id='word_1_16' title='bbox 1904 471 2022 527; x_wconf 50' lang='lat' dir='ltr'><strong>per-</strong></span> <span class='ocrx_word' id='word_1_17' title='bbox 2054 460 2099 518; x_wconf 77' lang='grc' dir='ltr'>Α</span> <span class='ocrx_word' id='word_1_18' title='bbox 2131 470 2234 509; x_wconf 92' lang='lat' dir='ltr'><strong>nec</strong></span> <span class='ocrx_word' id='word_1_19' title='bbox 2267 454 2621 524; x_wconf 82' lang='lat' dir='ltr'><strong>opprobrium</strong></span> <span class='ocrx_word' id='word_1_20' title='bbox 2652 468 2718 509; x_wconf 78' lang='lat' dir='ltr'><strong>ex</strong></span> <span class='ocrx_word' id='word_1_21' title='bbox 2748 453 2853 508; x_wconf 89' lang='lat' dir='ltr'><strong>hoc</strong></span> <span class='ocrx_word' id='word_1_22' title='bbox 2884 452 3104 525; x_wconf 87' lang='lat' dir='ltr'><strong>aliquod</strong></span> <span class='ocrx_word' id='word_1_23' title='bbox 3145 451 3273 508; x_wconf 89' lang='lat' dir='ltr'><strong>duci</strong></span> <span class='ocrx_word' id='word_1_24' title='bbox 3299 468 3315 518; x_wconf 89' lang='lat'><strong>;</strong></span> <span class='ocrx_word' id='word_1_25' title='bbox 3354 458 3412 508; x_wconf 90' lang='lat' dir='ltr'><strong>et</strong></span> <span class='ocrx_word' id='word_1_26' title='bbox 3450 450 3713 522; x_wconf 79' lang='lat' dir='ltr'><strong>nunquid</strong></span> 
     </span>
    </p>
   </div>
   <div class='ocr_carea' id='block_1_5' title="bbox 455 550 2024 627">
    <p class='ocr_par' dir='ltr' id='par_1_5' title="bbox 455 550 2024 627">
     <span class='ocr_line' id='line_1_5' title="bbox 455 550 2024 627; baseline -0.006 -14"><span class='ocrx_word' id='word_1_27' title='bbox 455 559 661 627; x_wconf 85' lang='lat' dir='ltr'><strong>lleiant,</strong></span> <span class='ocrx_word' id='word_1_28' title='bbox 687 557 780 613; x_wconf 85' lang='lat' dir='ltr'><strong>sed</strong></span> <span class='ocrx_word' id='word_1_29' title='bbox 809 564 864 611; x_wconf 92' lang='lat' dir='ltr'><strong>et</strong></span> <span class='ocrx_word' id='word_1_30' title='bbox 903 555 1119 609; x_wconf 86' lang='lat' dir='ltr'><strong>misceri</strong></span> <span class='ocrx_word' id='word_1_31' title='bbox 1166 552 1365 623; x_wconf 86' lang='lat' dir='ltr'><strong>quibus</strong></span> <span class='ocrx_word' id='word_1_32' title='bbox 1405 551 1595 605; x_wconf 87' lang='lat' dir='ltr'><strong>volunt</strong></span> <span class='ocrx_word' id='word_1_33' title='bbox 1638 552 1785 617; x_wconf 89' lang='lat' dir='ltr'><strong>licet,</strong></span> <span class='ocrx_word' id='word_1_34' title='bbox 1809 565 1912 606; x_wconf 90' lang='lat' dir='ltr'><strong>nec</strong></span> <span class='ocrx_word' id='word_1_35' title='bbox 1940 550 2024 604; x_wconf 88' lang='lat' dir='ltr'><strong>in-</strong></span> 
     </span>
    </p>
   </div>
   <div class='ocr_carea' id='block_1_6' title="bbox 2129 544 3713 617">
    <p class='ocr_par' dir='ltr' id='par_1_6' title="bbox 2129 544 3713 617">
     <span class='ocr_line' id='line_1_6' title="bbox 2129 544 3713 617; baseline -0.003 -17"><span class='ocrx_word' id='word_1_36' title='bbox 2129 545 2393 616; x_wconf 81' lang='lat' dir='ltr'><strong>possibile</strong></span> <span class='ocrx_word' id='word_1_37' title='bbox 2424 552 2508 600; x_wconf 90' lang='lat' dir='ltr'><strong>est</strong></span> <span class='ocrx_word' id='word_1_38' title='bbox 2527 587 2542 612; x_wconf 92' lang='lat'><strong>,</strong></span> <span class='ocrx_word' id='word_1_39' title='bbox 2573 552 2633 599; x_wconf 90' lang='lat' dir='ltr'><strong>ut</strong></span> <span class='ocrx_word' id='word_1_40' title='bbox 2663 560 2855 601; x_wconf 89' lang='lat' dir='ltr'><strong>omnes</strong></span> <span class='ocrx_word' id='word_1_41' title='bbox 2883 546 2977 617; x_wconf 87' lang='lat' dir='ltr'><strong>qui</strong></span> <span class='ocrx_word' id='word_1_42' title='bbox 3008 554 3118 600; x_wconf 87' lang='lat' dir='ltr'><strong>tam</strong></span> <span class='ocrx_word' id='word_1_43' title='bbox 3160 544 3401 615; x_wconf 77' lang='lat' dir='ltr'><strong>turpiter</strong></span> <span class='ocrx_word' id='word_1_44' title='bbox 3444 558 3713 599; x_wconf 77' lang='lat' dir='ltr'><strong>succosu-</strong></span> 
     </span>
    </p>
   </div>
   <div class='ocr_carea' id='block_1_7' title="bbox 454 634 3716 712">
    <p class='ocr_par' dir='ltr' id='par_1_7' title="bbox 454 634 3716 712">
     <span class='ocr_line' id='line_1_7' title="bbox 454 634 3716 712; baseline -0.003 -11"><span class='ocrx_word' id='word_1_45' title='bbox 454 652 719 701; x_wconf 82' lang='lat' dir='ltr'><strong>cusantur</strong></span> <span class='ocrx_word' id='word_1_46' title='bbox 743 661 773 698; x_wconf 89' lang='lat' dir='ltr'><strong>a</strong></span> <span class='ocrx_word' id='word_1_47' title='bbox 802 643 933 698; x_wconf 87' lang='lat' dir='ltr'><strong>viris</strong></span> <span class='ocrx_word' id='word_1_48' title='bbox 962 649 1055 696; x_wconf 88' lang='lat' dir='ltr'><strong>aut</strong></span> <span class='ocrx_word' id='word_1_49' title='bbox 1100 640 1363 697; x_wconf 67' lang='lat' dir='ltr'><strong>adultera:</strong></span> <span class='ocrx_word' id='word_1_50' title='bbox 1404 641 1768 712; x_wconf 88' lang='lat' dir='ltr'><strong>appellantur,</strong></span> <span class='ocrx_word' id='word_1_51' title='bbox 1820 641 2027 711; x_wconf 88' lang='lat' dir='ltr'><strong>passim</strong></span> <span class='ocrx_word' id='word_1_52' title='bbox 2128 638 2268 692; x_wconf 91' lang='lat' dir='ltr'><strong>bunt</strong></span> <span class='ocrx_word' id='word_1_53' title='bbox 2296 635 2440 705; x_wconf 90' lang='lat' dir='ltr'><strong>apud</strong></span> <span class='ocrx_word' id='word_1_54' title='bbox 2469 634 2658 692; x_wconf 84' lang='lat' dir='ltr'><strong>Gallos</strong></span> <span class='ocrx_word' id='word_1_55' title='bbox 2676 676 2691 700; x_wconf 92' lang='lat'><strong>,</strong></span> <span class='ocrx_word' id='word_1_56' title='bbox 2720 635 3036 692; x_wconf 78' lang='lat' dir='ltr'><strong>Luciferum</strong></span> <span class='ocrx_word' id='word_1_57' title='bbox 3062 652 3185 691; x_wconf 89' lang='lat' dir='ltr'><strong>cum</strong></span> <span class='ocrx_word' id='word_1_58' title='bbox 3214 635 3492 690; x_wconf 71' lang='lat' dir='ltr'><strong>Mercurio</strong></span> <span class='ocrx_word' id='word_1_59' title='bbox 3522 635 3580 690; x_wconf 89' lang='lat' dir='ltr'><strong>in</strong></span> <span class='ocrx_word' id='word_1_60' title='bbox 3610 634 3716 690; x_wconf 80' lang='lat' dir='ltr'><strong>do-</strong></span> 
     </span>
    </p>
   </div>
   <div class='ocr_carea' id='block_1_8' title="bbox 454 729 2031 803">
    <p class='ocr_par' dir='ltr' id='par_1_8' title="bbox 454 729 2031 803">
     <span class='ocr_line' id='line_1_8' title="bbox 454 729 2031 803; baseline -0.006 -11"><span class='ocrx_word' id='word_1_61' title='bbox 454 738 600 793; x_wconf 89' lang='lat' dir='ltr'><strong>enim</strong></span> <span class='ocrx_word' id='word_1_62' title='bbox 628 733 951 790; x_wconf 72' lang='lat' dir='ltr'><strong>concubitus</strong></span> <span class='ocrx_word' id='word_1_63' title='bbox 975 733 1208 788; x_wconf 90' lang='lat' dir='ltr'><strong>miscent</strong></span> <span class='ocrx_word' id='word_1_64' title='bbox 1232 741 1286 787; x_wconf 90' lang='lat' dir='ltr'><strong>et</strong></span> <span class='ocrx_word' id='word_1_65' title='bbox 1327 733 1598 803; x_wconf 59' lang='lat' dir='ltr'><strong>praecipue</strong></span> <span class='ocrx_word' id='word_1_66' title='bbox 1636 745 1760 786; x_wconf 91' lang='lat' dir='ltr'><strong>cum</strong></span> <span class='ocrx_word' id='word_1_67' title='bbox 1798 729 2031 800; x_wconf 87' lang='lat' dir='ltr'><strong>hospiti-</strong></span> 
     </span>
    </p>
   </div>
   <div class='ocr_carea' id='block_1_9' title="bbox 457 818 2029 897">
    <p class='ocr_par' dir='ltr' id='par_1_9' title="bbox 457 818 2029 897">
     <span class='ocr_line' id='line_1_9' title="bbox 457 818 2029 897; baseline -0.005 -15"><span class='ocrx_word' id='word_1_68' title='bbox 457 828 583 891; x_wconf 89' lang='lat' dir='ltr'><strong>bus,</strong></span> <span class='ocrx_word' id='word_1_69' title='bbox 619 832 893 897; x_wconf 89' lang='lat' dir='ltr'><strong>unguenta</strong></span> <span class='ocrx_word' id='word_1_70' title='bbox 937 824 1210 885; x_wconf 86' lang='lat' dir='ltr'><strong>nesciunt,</strong></span> <span class='ocrx_word' id='word_1_71' title='bbox 1253 839 1363 879; x_wconf 92' lang='lat' dir='ltr'><strong>non</strong></span> <span class='ocrx_word' id='word_1_72' title='bbox 1409 822 1714 878; x_wconf 90' lang='lat' dir='ltr'><strong>induuntur</strong></span> <span class='ocrx_word' id='word_1_73' title='bbox 1743 830 1896 876; x_wconf 90' lang='lat' dir='ltr'><strong>veste</strong></span> <span class='ocrx_word' id='word_1_74' title='bbox 1945 818 2029 874; x_wconf 81' lang='lat' dir='ltr'><strong>fu-</strong></span> 
     </span>
    </p>
   </div>
   <div class='ocr_carea' id='block_1_10' title="bbox 457 909 2032 982">
    <p class='ocr_par' dir='ltr' id='par_1_10' title="bbox 457 909 2032 982">
     <span class='ocr_line' id='line_1_10' title="bbox 457 909 2032 982; baseline -0.006 -9"><span class='ocrx_word' id='word_1_75' title='bbox 457 926 602 981; x_wconf 82' lang='lat' dir='ltr'><strong>cata,</strong></span> <span class='ocrx_word' id='word_1_76' title='bbox 637 932 745 971; x_wconf 91' lang='lat' dir='ltr'><strong>non</strong></span> <span class='ocrx_word' id='word_1_77' title='bbox 772 914 1006 982; x_wconf 86' lang='lat' dir='ltr'><strong>calceis;</strong></span> <span class='ocrx_word' id='word_1_78' title='bbox 1049 922 1273 969; x_wconf 87' lang='lat' dir='ltr'><strong>econtra</strong></span> <span class='ocrx_word' id='word_1_79' title='bbox 1304 913 1405 968; x_wconf 89' lang='lat' dir='ltr'><strong>viri</strong></span> <span class='ocrx_word' id='word_1_80' title='bbox 1446 909 1711 967; x_wconf 85' lang='lat' dir='ltr'><strong>Gelonum</strong></span> <span class='ocrx_word' id='word_1_81' title='bbox 1740 919 2032 973; x_wconf 84' lang='lat' dir='ltr'><strong>ornantur.</strong></span> 
     </span>
    </p>
   </div>
   <div class='ocr_carea' id='block_1_11' title="bbox 459 1001 2030 1081">
    <p class='ocr_par' dir='ltr' id='par_1_11' title="bbox 459 1001 2030 1081">
     <span class='ocr_line' id='line_1_11' title="bbox 459 1001 2030 1081; baseline -0.006 -17"><span class='ocrx_word' id='word_1_82' title='bbox 459 1015 771 1081; x_wconf 90' lang='lat' dir='ltr'><strong>pectuntur,</strong></span> <span class='ocrx_word' id='word_1_83' title='bbox 807 1004 1143 1060; x_wconf 90' lang='lat' dir='ltr'><strong>indumentis</strong></span> <span class='ocrx_word' id='word_1_84' title='bbox 1166 1004 1422 1060; x_wconf 88' lang='lat' dir='ltr'><strong>mollibus</strong></span> <span class='ocrx_word' id='word_1_85' title='bbox 1444 1012 1497 1057; x_wconf 91' lang='lat' dir='ltr'><strong>et</strong></span> <span class='ocrx_word' id='word_1_86' title='bbox 1516 1003 1684 1057; x_wconf 89' lang='lat' dir='ltr'><strong>variis</strong></span> <span class='ocrx_word' id='word_1_87' title='bbox 1710 1001 2030 1069; x_wconf 89' lang='lat' dir='ltr'><strong>induuntur,</strong></span> 
     </span>
    </p>
   </div>
   <div class='ocr_carea' id='block_1_12' title="bbox 360 1094 2032 1167">
    <p class='ocr_par' dir='ltr' id='par_1_12' title="bbox 360 1094 2032 1167">
     <span class='ocr_line' id='line_1_12' title="bbox 360 1094 2032 1167; baseline -0.007 -8"><span class='ocrx_word' id='word_1_88' title='bbox 360 1157 363 1159; x_wconf 31' lang='grc' dir='ltr'><strong>ι</strong></span> <span class='ocrx_word' id='word_1_89' title='bbox 459 1116 594 1154; x_wconf 87' lang='lat' dir='ltr'><strong>auro</strong></span> <span class='ocrx_word' id='word_1_90' title='bbox 626 1098 912 1167; x_wconf 82' lang='lat' dir='ltr'><strong>compositi</strong></span> <span class='ocrx_word' id='word_1_91' title='bbox 944 1097 1347 1167; x_wconf 81' lang='lat' dir='ltr'><strong>unguentisque</strong></span> <span class='ocrx_word' id='word_1_92' title='bbox 1393 1096 1652 1160; x_wconf 88' lang='lat' dir='ltr'><strong>delibuti,</strong></span> <span class='ocrx_word' id='word_1_93' title='bbox 1682 1102 1736 1149; x_wconf 90' lang='lat' dir='ltr'><strong>et</strong></span> <span class='ocrx_word' id='word_1_94' title='bbox 1775 1094 1891 1150; x_wconf 70' lang='lat' dir='ltr'><strong>hanc</strong></span> <span class='ocrx_word' id='word_1_95' title='bbox 1922 1109 2032 1148; x_wconf 90' lang='lat' dir='ltr'><strong>non</strong></span> 
     </span>
    </p>
   </div>
   <div class='ocr_carea' id='block_1_13' title="bbox 462 1184 2032 1265">
    <p class='ocr_par' dir='ltr' id='par_1_13' title="bbox 462 1184 2032 1265">
     <span class='ocr_line' id='line_1_13' title="bbox 462 1184 2032 1265; baseline -0.004 -21"><span class='ocrx_word' id='word_1_96' title='bbox 462 1205 565 1265; x_wconf 80' lang='lat' dir='ltr'><strong>pro</strong></span> <span class='ocrx_word' id='word_1_97' title='bbox 608 1189 971 1244; x_wconf 89' lang='lat' dir='ltr'><strong>dissolutione</strong></span> <span class='ocrx_word' id='word_1_98' title='bbox 1001 1189 1197 1241; x_wconf 91' lang='lat' dir='ltr'><strong>virium</strong></span> <span class='ocrx_word' id='word_1_99' title='bbox 1223 1227 1237 1250; x_wconf 96' lang='lat'><strong>,</strong></span> <span class='ocrx_word' id='word_1_100' title='bbox 1273 1195 1402 1242; x_wconf 91' lang='lat' dir='ltr'><strong>sunt</strong></span> <span class='ocrx_word' id='word_1_101' title='bbox 1440 1186 1585 1241; x_wconf 91' lang='lat' dir='ltr'><strong>enim</strong></span> <span class='ocrx_word' id='word_1_102' title='bbox 1631 1184 2032 1241; x_wconf 88' lang='lat' dir='ltr'><strong>bellicosissimi</strong></span> 
     </span>
    </p>
   </div>
   <div class='ocr_carea' id='block_1_14' title="bbox 465 1274 2035 1343">
    <p class='ocr_par' dir='ltr' id='par_1_14' title="bbox 465 1274 2035 1343">
     <span class='ocr_line' id='line_1_14' title="bbox 465 1274 2035 1343; baseline -0.005 -6"><span class='ocrx_word' id='word_1_103' title='bbox 465 1289 519 1337; x_wconf 90' lang='lat' dir='ltr'><strong>ct</strong></span> <span class='ocrx_word' id='word_1_104' title='bbox 553 1288 840 1336; x_wconf 81' lang='lat' dir='ltr'><strong>venatores</strong></span> <span class='ocrx_word' id='word_1_105' title='bbox 878 1279 1126 1335; x_wconf 88' lang='lat' dir='ltr'><strong>acerrimi</strong></span> <span class='ocrx_word' id='word_1_106' title='bbox 1154 1295 1168 1343; x_wconf 92' lang='lat'><strong>;</strong></span> <span class='ocrx_word' id='word_1_107' title='bbox 1204 1277 1250 1308; x_wconf 84' lang='lat'>“</span> <span class='ocrx_word' id='word_1_108' title='bbox 1278 1293 1379 1333; x_wconf 90' lang='lat' dir='ltr'><strong>nec</strong></span> <span class='ocrx_word' id='word_1_109' title='bbox 1411 1284 1595 1331; x_wconf 89' lang='lat' dir='ltr'><strong>tamen</strong></span> <span class='ocrx_word' id='word_1_110' title='bbox 1639 1277 1907 1331; x_wconf 67' lang='lat' dir='ltr'><strong>universa:</strong></span> <span class='ocrx_word' id='word_1_111' title='bbox 1930 1274 2035 1329; x_wconf 81' lang='lat' dir='ltr'><strong>Ge—</strong></span> 
     </span>
    </p>
   </div>
   <div class='ocr_carea' id='block_1_15' title="bbox 464 1367 2037 1438">
    <p class='ocr_par' dir='ltr' id='par_1_15' title="bbox 464 1367 2037 1438">
     <span class='ocr_line' id='line_1_15' title="bbox 464 1367 2037 1438; baseline -0.003 -13"><span class='ocrx_word' id='word_1_112' title='bbox 464 1372 650 1425; x_wconf 93' lang='lat' dir='ltr'><strong>lonum</strong></span> <span class='ocrx_word' id='word_1_113' title='bbox 678 1371 950 1432; x_wconf 89' lang='lat' dir='ltr'><strong>mulieres,</strong></span> <span class='ocrx_word' id='word_1_114' title='bbox 983 1368 1039 1422; x_wconf 91' lang='lat' dir='ltr'><strong>in</strong></span> <span class='ocrx_word' id='word_1_115' title='bbox 1080 1367 1443 1438; x_wconf 69' lang='lat' dir='ltr'><strong>Capraecornu</strong></span> <span class='ocrx_word' id='word_1_116' title='bbox 1484 1372 1577 1419; x_wconf 90' lang='lat' dir='ltr'><strong>aut</strong></span> <span class='ocrx_word' id='word_1_117' title='bbox 1606 1367 1846 1437; x_wconf 88' lang='lat' dir='ltr'><strong>Aquario</strong></span> <span class='ocrx_word' id='word_1_118' title='bbox 1876 1381 2037 1420; x_wconf 78' lang='lat' dir='ltr'><strong>caco~</strong></span> 
     </span>
    </p>
   </div>
   <div class='ocr_carea' id='block_1_16' title="bbox 465 1458 2036 1529">
    <p class='ocr_par' dir='ltr' id='par_1_16' title="bbox 465 1458 2036 1529">
     <span class='ocr_line' id='line_1_16' title="bbox 465 1458 2036 1529; baseline -0.001 -14"><span class='ocrx_word' id='word_1_119' title='bbox 465 1463 763 1517; x_wconf 68' lang='lat' dir='ltr'><strong>daemonem</strong></span> <span class='ocrx_word' id='word_1_120' title='bbox 810 1460 1075 1517; x_wconf 86' lang='lat' dir='ltr'><strong>Venerem</strong></span> <span class='ocrx_word' id='word_1_121' title='bbox 1118 1467 1411 1515; x_wconf 88' lang='lat' dir='ltr'><strong>nascentes</strong></span> <span class='ocrx_word' id='word_1_122' title='bbox 1438 1459 1696 1526; x_wconf 84' lang='lat' dir='ltr'><strong>habuere,</strong></span> <span class='ocrx_word' id='word_1_123' title='bbox 1727 1474 1906 1529; x_wconf 90' lang='lat' dir='ltr'><strong>neque</strong></span> <span class='ocrx_word' id='word_1_124' title='bbox 1933 1458 2036 1514; x_wconf 89' lang='lat' dir='ltr'><strong>viri</strong></span> 
     </span>
    </p>
   </div>
   <div class='ocr_carea' id='block_1_17' title="bbox 465 1552 2040 1622">
    <p class='ocr_par' dir='ltr' id='par_1_17' title="bbox 465 1552 2040 1622">
     <span class='ocr_line' id='line_1_17' title="bbox 465 1552 2040 1622; baseline -0.004 -11"><span class='ocrx_word' id='word_1_125' title='bbox 465 1573 651 1611; x_wconf 91' lang='lat' dir='ltr'><strong>eorum</strong></span> <span class='ocrx_word' id='word_1_126' title='bbox 686 1556 741 1610; x_wconf 92' lang='lat' dir='ltr'><strong>in</strong></span> <span class='ocrx_word' id='word_1_127' title='bbox 766 1556 947 1611; x_wconf 86' lang='lat' dir='ltr'><strong>Ariete</strong></span> <span class='ocrx_word' id='word_1_128' title='bbox 987 1570 1111 1609; x_wconf 90' lang='lat' dir='ltr'><strong>cum</strong></span> <span class='ocrx_word' id='word_1_129' title='bbox 1142 1554 1315 1609; x_wconf 82' lang='lat' dir='ltr'><strong>Marte</strong></span> <span class='ocrx_word' id='word_1_130' title='bbox 1346 1552 1613 1608; x_wconf 89' lang='lat' dir='ltr'><strong>Venerem</strong></span> <span class='ocrx_word' id='word_1_131' title='bbox 1649 1554 1901 1622; x_wconf 89' lang='lat' dir='ltr'><strong>positam,</strong></span> <span class='ocrx_word' id='word_1_132' title='bbox 1942 1567 2040 1622; x_wconf 90' lang='lat' dir='ltr'><strong>per</strong></span> 
     </span>
    </p>
   </div>
   <div class='ocr_carea' id='block_1_18' title="bbox 468 1644 2041 1717">
    <p class='ocr_par' dir='ltr' id='par_1_18' title="bbox 468 1644 2041 1717">
     <span class='ocr_line' id='line_1_18' title="bbox 468 1644 2041 1717; baseline -0.001 -16"><span class='ocrx_word' id='word_1_133' title='bbox 468 1648 613 1717; x_wconf 88' lang='lat' dir='ltr'><strong>quod</strong></span> <span class='ocrx_word' id='word_1_134' title='bbox 649 1648 867 1701; x_wconf 90' lang='lat' dir='ltr'><strong>schema</strong></span> <span class='ocrx_word' id='word_1_135' title='bbox 904 1645 1244 1701; x_wconf 75' lang='lat' dir='ltr'><strong>eli‘eminates</strong></span> <span class='ocrx_word' id='word_1_136' title='bbox 1292 1652 1346 1700; x_wconf 86' lang='lat' dir='ltr'><strong>et</strong></span> <span class='ocrx_word' id='word_1_137' title='bbox 1374 1644 1675 1700; x_wconf 89' lang='lat' dir='ltr'><strong>dissolutos</strong></span> <span class='ocrx_word' id='word_1_138' title='bbox 1704 1645 1857 1698; x_wconf 89' lang='lat' dir='ltr'><strong>nasci</strong></span> <span class='ocrx_word' id='word_1_139' title='bbox 1889 1659 2041 1699; x_wconf 76' lang='lat' dir='ltr'><strong>asse-</strong></span> 
     </span>
    </p>
   </div>
   <div class='ocr_carea' id='block_1_19' title="bbox 468 1733 1370 1804">
    <p class='ocr_par' dir='ltr' id='par_1_19' title="bbox 468 1733 1370 1804">
     <span class='ocr_line' id='line_1_19' title="bbox 468 1733 1370 1804; baseline -0.003 -13"><span class='ocrx_word' id='word_1_140' title='bbox 468 1738 541 1791; x_wconf 87' lang='lat' dir='ltr'><strong>rit</strong></span> <span class='ocrx_word' id='word_1_141' title='bbox 566 1737 711 1790; x_wconf 91' lang='lat' dir='ltr'><strong>viros</strong></span> <span class='ocrx_word' id='word_1_142' title='bbox 736 1736 1029 1791; x_wconf 88' lang='lat' dir='ltr'><strong>Chaldaica</strong></span> <span class='ocrx_word' id='word_1_143' title='bbox 1060 1733 1370 1804; x_wconf 83' lang='lat' dir='ltr'><strong>disciplina.</strong></span> 
     </span>
    </p>
   </div>
   <div class='ocr_carea' id='block_1_20' title="bbox 539 1823 2041 1894">
    <p class='ocr_par' dir='ltr' id='par_1_20' title="bbox 539 1823 2041 1894">
     <span class='ocr_line' id='line_1_20' title="bbox 539 1823 2041 1894; baseline 0 -15"><span class='ocrx_word' id='word_1_144' title='bbox 539 1824 729 1880; x_wconf 79' lang='lat' dir='ltr'><strong>XXIII.</strong></span> <span class='ocrx_word' id='word_1_145' title='bbox 760 1826 930 1881; x_wconf 92' lang='lat' dir='ltr'><strong>Porro</strong></span> <span class='ocrx_word' id='word_1_146' title='bbox 969 1841 1098 1880; x_wconf 90' lang='lat' dir='ltr'><strong>vero</strong></span> <span class='ocrx_word' id='word_1_147' title='bbox 1142 1825 1196 1878; x_wconf 94' lang='lat' dir='ltr'><strong>in</strong></span> <span class='ocrx_word' id='word_1_148' title='bbox 1233 1823 1389 1879; x_wconf 90' lang='lat' dir='ltr'><strong>Susis</strong></span> <span class='ocrx_word' id='word_1_149' title='bbox 1438 1823 1697 1878; x_wconf 88' lang='lat' dir='ltr'><strong>mulieres</strong></span> <span class='ocrx_word' id='word_1_150' title='bbox 1747 1825 2041 1894; x_wconf 81' lang='lat' dir='ltr'><strong>unguentis</strong></span> 
     </span>
    </p>
   </div>
   <div class='ocr_carea' id='block_1_21' title="bbox 472 1917 2041 1991">
    <p class='ocr_par' dir='ltr' id='par_1_21' title="bbox 472 1917 2041 1991">
     <span class='ocr_line' id='line_1_21' title="bbox 472 1917 2041 1991; baseline -0.001 -18"><span class='ocrx_word' id='word_1_151' title='bbox 472 1927 526 1973; x_wconf 89' lang='lat' dir='ltr'><strong>et</strong></span> <span class='ocrx_word' id='word_1_152' title='bbox 564 1920 781 1987; x_wconf 88' lang='lat' dir='ltr'><strong>quidem</strong></span> <span class='ocrx_word' id='word_1_153' title='bbox 823 1919 1043 1988; x_wconf 91' lang='lat' dir='ltr'><strong>optimis</strong></span> <span class='ocrx_word' id='word_1_154' title='bbox 1074 1927 1320 1991; x_wconf 86' lang='lat' dir='ltr'><strong>utuntur,</strong></span> <span class='ocrx_word' id='word_1_155' title='bbox 1352 1917 1692 1972; x_wconf 83' lang='lat' dir='ltr'><strong>ornamentis</strong></span> <span class='ocrx_word' id='word_1_156' title='bbox 1717 1928 1948 1987; x_wconf 70' lang='lat' dir='ltr'><strong>compta:</strong></span> <span class='ocrx_word' id='word_1_157' title='bbox 1976 1932 2041 1971; x_wconf 79' lang='lat' dir='ltr'><strong>ex</strong></span> 
     </span>
    </p>
   </div>
   <div class='ocr_carea' id='block_1_22' title="bbox 472 2008 2042 2080">
    <p class='ocr_par' dir='ltr' id='par_1_22' title="bbox 472 2008 2042 2080">
     <span class='ocr_line' id='line_1_22' title="bbox 472 2008 2042 2080; baseline 0 -20"><span class='ocrx_word' id='word_1_158' title='bbox 472 2008 744 2079; x_wconf 87' lang='lat' dir='ltr'><strong>lapidibus</strong></span> <span class='ocrx_word' id='word_1_159' title='bbox 779 2010 1065 2080; x_wconf 88' lang='lat' dir='ltr'><strong>pretiosis,</strong></span> <span class='ocrx_word' id='word_1_160' title='bbox 1099 2009 1422 2064; x_wconf 84' lang='lat' dir='ltr'><strong>ministeriis</strong></span> <span class='ocrx_word' id='word_1_161' title='bbox 1458 2023 1679 2079; x_wconf 91' lang='lat' dir='ltr'><strong>quoque</strong></span> <span class='ocrx_word' id='word_1_162' title='bbox 1719 2010 2042 2062; x_wconf 86' lang='lat' dir='ltr'><strong>ancillarum</strong></span> 
     </span>
    </p>
   </div>
   <div class='ocr_carea' id='block_1_23' title="bbox 474 2101 2041 2172">
    <p class='ocr_par' dir='ltr' id='par_1_23' title="bbox 474 2101 2041 2172">
     <span class='ocr_line' id='line_1_23' title="bbox 474 2101 2041 2172; baseline 0.001 -19"><span class='ocrx_word' id='word_1_163' title='bbox 474 2101 621 2155; x_wconf 61' lang='lat' dir='ltr'><strong>fulta?</strong></span> <span class='ocrx_word' id='word_1_164' title='bbox 674 2104 974 2172; x_wconf 85' lang='lat' dir='ltr'><strong>procedunt</strong></span> <span class='ocrx_word' id='word_1_165' title='bbox 1030 2104 1202 2156; x_wconf 81' lang='lat' dir='ltr'><strong>multo</strong></span> <span class='ocrx_word' id='word_1_166' title='bbox 1257 2102 1468 2171; x_wconf 88' lang='lat' dir='ltr'><strong>majore</strong></span> <span class='ocrx_word' id='word_1_167' title='bbox 1523 2102 1822 2157; x_wconf 87' lang='lat' dir='ltr'><strong>ambitione</strong></span> <span class='ocrx_word' id='word_1_168' title='bbox 1878 2118 2041 2171; x_wconf 89' lang='lat' dir='ltr'><strong>quam</strong></span> 
     </span>
    </p>
   </div>
   <div class='ocr_carea' id='block_1_24' title="bbox 472 2192 2044 2263">
    <p class='ocr_par' dir='ltr' id='par_1_24' title="bbox 472 2192 2044 2263">
     <span class='ocr_line' id='line_1_24' title="bbox 472 2192 2044 2263; baseline 0.003 -19"><span class='ocrx_word' id='word_1_169' title='bbox 472 2192 610 2256; x_wconf 89' lang='lat' dir='ltr'><strong>viri,</strong></span> <span class='ocrx_word' id='word_1_170' title='bbox 644 2209 744 2247; x_wconf 91' lang='lat' dir='ltr'><strong>nec</strong></span> <span class='ocrx_word' id='word_1_171' title='bbox 776 2204 954 2247; x_wconf 87' lang='lat' dir='ltr'><strong>tamen</strong></span> <span class='ocrx_word' id='word_1_172' title='bbox 986 2194 1305 2263; x_wconf 82' lang='lat' dir='ltr'><strong>pudicitiam</strong></span> <span class='ocrx_word' id='word_1_173' title='bbox 1340 2195 1563 2257; x_wconf 90' lang='lat' dir='ltr'><strong>colunt,</strong></span> <span class='ocrx_word' id='word_1_174' title='bbox 1600 2194 1697 2248; x_wconf 87' lang='lat' dir='ltr'><strong>sed</strong></span> <span class='ocrx_word' id='word_1_175' title='bbox 1728 2195 2044 2250; x_wconf 71' lang='lat' dir='ltr'><strong>indifferens</strong></span> 
     </span>
    </p>
   </div>
   <div class='ocr_carea' id='block_1_25' title="bbox 473 2284 2045 2355">
    <p class='ocr_par' dir='ltr' id='par_1_25' title="bbox 473 2284 2045 2355">
     <span class='ocr_line' id='line_1_25' title="bbox 473 2284 2045 2355; baseline 0.003 -16"><span class='ocrx_word' id='word_1_176' title='bbox 473 2284 554 2339; x_wconf 91' lang='lat' dir='ltr'><strong>eis</strong></span> <span class='ocrx_word' id='word_1_177' title='bbox 584 2300 708 2339; x_wconf 93' lang='lat' dir='ltr'><strong>cum</strong></span> <span class='ocrx_word' id='word_1_178' title='bbox 743 2286 1167 2355; x_wconf 86' lang='lat' dir='ltr'><strong>quibuscunqne</strong></span> <span class='ocrx_word' id='word_1_179' title='bbox 1198 2287 1474 2340; x_wconf 87' lang='lat' dir='ltr'><strong>voluerint</strong></span> <span class='ocrx_word' id='word_1_180' title='bbox 1507 2302 1642 2341; x_wconf 90' lang='lat' dir='ltr'><strong>usus</strong></span> <span class='ocrx_word' id='word_1_181' title='bbox 1673 2296 1757 2342; x_wconf 92' lang='lat' dir='ltr'><strong>est</strong></span> <span class='ocrx_word' id='word_1_182' title='bbox 1788 2296 1841 2342; x_wconf 90' lang='lat' dir='ltr'><strong>et</strong></span> <span class='ocrx_word' id='word_1_183' title='bbox 1872 2289 2045 2344; x_wconf 83' lang='lat' dir='ltr'><strong>servis</strong></span> 
     </span>
    </p>
   </div>
   <div class='ocr_carea' id='block_1_26' title="bbox 474 2379 2047 2449">
    <p class='ocr_par' dir='ltr' id='par_1_26' title="bbox 474 2379 2047 2449">
     <span class='ocr_line' id='line_1_26' title="bbox 474 2379 2047 2449; baseline 0.001 -18"><span class='ocrx_word' id='word_1_184' title='bbox 474 2387 528 2431; x_wconf 89' lang='lat' dir='ltr'><strong>et</strong></span> <span class='ocrx_word' id='word_1_185' title='bbox 570 2379 913 2447; x_wconf 86' lang='lat' dir='ltr'><strong>hospitibus,</strong></span> <span class='ocrx_word' id='word_1_186' title='bbox 966 2379 1061 2431; x_wconf 92' lang='lat' dir='ltr'><strong>tali</strong></span> <span class='ocrx_word' id='word_1_187' title='bbox 1104 2379 1325 2432; x_wconf 88' lang='lat' dir='ltr'><strong>licentia</strong></span> <span class='ocrx_word' id='word_1_188' title='bbox 1380 2395 1409 2431; x_wconf 90' lang='lat' dir='ltr'><strong>a</strong></span> <span class='ocrx_word' id='word_1_189' title='bbox 1457 2379 1593 2433; x_wconf 85' lang='lat' dir='ltr'><strong>viris</strong></span> <span class='ocrx_word' id='word_1_190' title='bbox 1638 2380 1945 2449; x_wconf 89' lang='lat' dir='ltr'><strong>permissa;</strong></span> <span class='ocrx_word' id='word_1_191' title='bbox 1992 2388 2047 2434; x_wconf 91' lang='lat' dir='ltr'><strong>et</strong></span> 
     </span>
    </p>
   </div>
   <div class='ocr_carea' id='block_1_27' title="bbox 484 2471 2046 2541">
    <p class='ocr_par' dir='ltr' id='par_1_27' title="bbox 484 2471 2046 2541">
     <span class='ocr_line' id='line_1_27' title="bbox 484 2471 2046 2541; baseline -0.001 -12"><span class='ocrx_word' id='word_1_192' title='bbox 484 2487 585 2529; x_wconf 69' lang='lat' dir='ltr'><strong>non</strong></span> <span class='ocrx_word' id='word_1_193' title='bbox 620 2472 793 2526; x_wconf 91' lang='lat' dir='ltr'><strong>solum</strong></span> <span class='ocrx_word' id='word_1_194' title='bbox 828 2487 937 2525; x_wconf 91' lang='lat' dir='ltr'><strong>non</strong></span> <span class='ocrx_word' id='word_1_195' title='bbox 980 2472 1275 2541; x_wconf 81' lang='lat' dir='ltr'><strong>culpantur</strong></span> <span class='ocrx_word' id='word_1_196' title='bbox 1313 2486 1410 2541; x_wconf 91' lang='lat' dir='ltr'><strong>pro</strong></span> <span class='ocrx_word' id='word_1_197' title='bbox 1452 2471 1587 2535; x_wconf 91' lang='lat' dir='ltr'><strong>hoc,</strong></span> <span class='ocrx_word' id='word_1_198' title='bbox 1638 2472 1731 2527; x_wconf 84' lang='lat' dir='ltr'><strong>sed</strong></span> <span class='ocrx_word' id='word_1_199' title='bbox 1776 2482 1829 2526; x_wconf 89' lang='lat' dir='ltr'><strong>et</strong></span> <span class='ocrx_word' id='word_1_200' title='bbox 1870 2473 2046 2527; x_wconf 81' lang='lat' dir='ltr'><strong>domi-</strong></span> 
     </span>
    </p>
   </div>
   <div class='ocr_carea' id='block_1_28' title="bbox 478 2561 2047 2634">
    <p class='ocr_par' dir='ltr' id='par_1_28' title="bbox 478 2561 2047 2634">
     <span class='ocr_line' id='line_1_28' title="bbox 478 2561 2047 2634; baseline 0.002 -18"><span class='ocrx_word' id='word_1_201' title='bbox 478 2572 677 2617; x_wconf 80' lang='lat' dir='ltr'><strong>nuntur</strong></span> <span class='ocrx_word' id='word_1_202' title='bbox 708 2563 761 2616; x_wconf 91' lang='lat' dir='ltr'><strong>in</strong></span> <span class='ocrx_word' id='word_1_203' title='bbox 792 2563 958 2618; x_wconf 89' lang='lat' dir='ltr'><strong>viros.</strong></span> <span class='ocrx_word' id='word_1_204' title='bbox 987 2564 1031 2594; x_wconf 86' lang='lat'><strong>&quot;’</strong></span> <span class='ocrx_word' id='word_1_205' title='bbox 1062 2561 1172 2617; x_wconf 86' lang='lat' dir='ltr'><strong>Nec</strong></span> <span class='ocrx_word' id='word_1_206' title='bbox 1203 2574 1381 2618; x_wconf 86' lang='lat' dir='ltr'><strong>tamen</strong></span> <span class='ocrx_word' id='word_1_207' title='bbox 1409 2566 1650 2617; x_wconf 88' lang='lat' dir='ltr'><strong>omnium</strong></span> <span class='ocrx_word' id='word_1_208' title='bbox 1683 2566 1897 2634; x_wconf 80' lang='lat' dir='ltr'><strong>genesis</strong></span> <span class='ocrx_word' id='word_1_209' title='bbox 1928 2582 2047 2619; x_wconf 90' lang='lat' dir='ltr'><strong>mu-</strong></span> 
     </span>
    </p>
   </div>
   <div class='ocr_carea' id='block_1_29' title="bbox 479 2655 2048 2719">
    <p class='ocr_par' dir='ltr' id='par_1_29' title="bbox 479 2655 2048 2719">
     <span class='ocr_line' id='line_1_29' title="bbox 479 2655 2048 2719; baseline 0.004 -13"><span class='ocrx_word' id='word_1_210' title='bbox 479 2655 669 2709; x_wconf 70' lang='lat' dir='ltr'><strong>ﬁerutn</strong></span> <span class='ocrx_word' id='word_1_211' title='bbox 704 2655 1023 2710; x_wconf 90' lang='lat' dir='ltr'><strong>Susidarum</strong></span> <span class='ocrx_word' id='word_1_212' title='bbox 1056 2656 1111 2708; x_wconf 90' lang='lat' dir='ltr'><strong>in</strong></span> <span class='ocrx_word' id='word_1_213' title='bbox 1148 2656 1441 2710; x_wconf 85' lang='lat' dir='ltr'><strong>medietate</strong></span> <span class='ocrx_word' id='word_1_214' title='bbox 1472 2656 1631 2719; x_wconf 72' lang='lat' dir='ltr'><strong>cmli,</strong></span> <span class='ocrx_word' id='word_1_215' title='bbox 1666 2673 1789 2710; x_wconf 91' lang='lat' dir='ltr'><strong>cum</strong></span> <span class='ocrx_word' id='word_1_216' title='bbox 1832 2655 1963 2713; x_wconf 72' lang='lat' dir='ltr'><strong>Jove</strong></span> <span class='ocrx_word' id='word_1_217' title='bbox 1994 2668 2048 2713; x_wconf 87' lang='lat' dir='ltr'><strong>et</strong></span> 
     </span>
    </p>
   </div>
   <div class='ocr_carea' id='block_1_30' title="bbox 479 2744 2050 2804">
    <p class='ocr_par' dir='ltr' id='par_1_30' title="bbox 479 2744 2050 2804">
     <span class='ocr_line' id='line_1_30' title="bbox 479 2744 2050 2804; baseline 0.004 -7"><span class='ocrx_word' id='word_1_218' title='bbox 479 2744 651 2801; x_wconf 82' lang='lat' dir='ltr'><strong>Marte</strong></span> <span class='ocrx_word' id='word_1_219' title='bbox 684 2745 947 2801; x_wconf 85' lang='lat' dir='ltr'><strong>Venerem</strong></span> <span class='ocrx_word' id='word_1_220' title='bbox 988 2748 1041 2801; x_wconf 90' lang='lat' dir='ltr'><strong>in</strong></span> <span class='ocrx_word' id='word_1_221' title='bbox 1070 2746 1221 2803; x_wconf 77' lang='lat' dir='ltr'><strong>Iovis</strong></span> <span class='ocrx_word' id='word_1_222' title='bbox 1251 2748 1505 2802; x_wconf 90' lang='lat' dir='ltr'><strong>domibus</strong></span> <span class='ocrx_word' id='word_1_223' title='bbox 1536 2749 1761 2804; x_wconf 80' lang='lat' dir='ltr'><strong>habent.</strong></span> <span class='ocrx_word' id='word_1_224' title='bbox 1804 2748 1864 2803; x_wconf 84' lang='lat' dir='ltr'><strong>In</strong></span> <span class='ocrx_word' id='word_1_225' title='bbox 1908 2750 2050 2804; x_wconf 89' lang='lat' dir='ltr'><strong>ulte-</strong></span> 
     </span>
    </p>
   </div>
   <div class='ocr_carea' id='block_1_31' title="bbox 478 2837 2051 2909">
    <p class='ocr_par' dir='ltr' id='par_1_31' title="bbox 478 2837 2051 2909">
     <span class='ocr_line' id='line_1_31' title="bbox 478 2837 2051 2909; baseline 0.002 -16"><span class='ocrx_word' id='word_1_226' title='bbox 478 2839 718 2893; x_wconf 90' lang='lat' dir='ltr'><strong>rioribus</strong></span> <span class='ocrx_word' id='word_1_227' title='bbox 747 2837 986 2895; x_wconf 89' lang='lat' dir='ltr'><strong>Orientis</strong></span> <span class='ocrx_word' id='word_1_228' title='bbox 1013 2840 1287 2909; x_wconf 88' lang='lat' dir='ltr'><strong>partibus,</strong></span> <span class='ocrx_word' id='word_1_229' title='bbox 1317 2839 1363 2894; x_wconf 90' lang='lat' dir='ltr'><strong>si</strong></span> <span class='ocrx_word' id='word_1_230' title='bbox 1393 2855 1527 2909; x_wconf 91' lang='lat' dir='ltr'><strong>puer</strong></span> <span class='ocrx_word' id='word_1_231' title='bbox 1552 2840 1800 2894; x_wconf 86' lang='lat' dir='ltr'><strong>muliebri</strong></span> <span class='ocrx_word' id='word_1_232' title='bbox 1834 2857 1892 2896; x_wconf 87' lang='lat' dir='ltr'><strong>se</strong></span> <span class='ocrx_word' id='word_1_233' title='bbox 1922 2841 2051 2896; x_wconf 61' lang='lat' dir='ltr'><strong>subv</strong></span> 
     </span>
    </p>
   </div>
   <div class='ocr_carea' id='block_1_32' title="bbox 479 2931 2051 3003">
    <p class='ocr_par' dir='ltr' id='par_1_32' title="bbox 479 2931 2051 3003">
     <span class='ocr_line' id='line_1_32' title="bbox 479 2931 2051 3003; baseline 0.002 -16"><span class='ocrx_word' id='word_1_234' title='bbox 479 2941 691 2987; x_wconf 89' lang='lat' dir='ltr'><strong>sternat</strong></span> <span class='ocrx_word' id='word_1_235' title='bbox 730 2933 977 3002; x_wconf 68' lang='lat' dir='ltr'><strong>injuriae,</strong></span> <span class='ocrx_word' id='word_1_236' title='bbox 1020 2948 1143 2987; x_wconf 86' lang='lat' dir='ltr'><strong>eum</strong></span> <span class='ocrx_word' id='word_1_237' title='bbox 1180 2934 1427 3003; x_wconf 83' lang='lat' dir='ltr'><strong>agnitum</strong></span> <span class='ocrx_word' id='word_1_238' title='bbox 1468 2932 1630 2987; x_wconf 81' lang='lat' dir='ltr'><strong>fuerit</strong></span> <span class='ocrx_word' id='word_1_239' title='bbox 1657 2974 1671 2993; x_wconf 89' lang='lat'><strong>,</strong></span> <span class='ocrx_word' id='word_1_240' title='bbox 1712 2948 1739 2986; x_wconf 91' lang='lat' dir='ltr'><strong>a</strong></span> <span class='ocrx_word' id='word_1_241' title='bbox 1785 2931 2051 2990; x_wconf 72' lang='lat' dir='ltr'><strong>fratribus</strong></span> 
     </span>
    </p>
   </div>
   <div class='ocr_carea' id='block_1_33' title="bbox 481 3026 2048 3097">
    <p class='ocr_par' dir='ltr' id='par_1_33' title="bbox 481 3026 2048 3097">
     <span class='ocr_line' id='line_1_33' title="bbox 481 3026 2048 3097; baseline 0.001 -19"><span class='ocrx_word' id='word_1_242' title='bbox 481 3034 574 3079; x_wconf 76' lang='lat' dir='ltr'><strong>aut</strong></span> <span class='ocrx_word' id='word_1_243' title='bbox 605 3028 922 3097; x_wconf 89' lang='lat' dir='ltr'><strong>parentibus</strong></span> <span class='ocrx_word' id='word_1_244' title='bbox 946 3028 1029 3081; x_wconf 89' lang='lat' dir='ltr'><strong>vel</strong></span> <span class='ocrx_word' id='word_1_245' title='bbox 1057 3026 1389 3097; x_wconf 84' lang='lat' dir='ltr'><strong>quibuslibet</strong></span> <span class='ocrx_word' id='word_1_246' title='bbox 1414 3028 1675 3097; x_wconf 80' lang='lat' dir='ltr'><strong>proximis</strong></span> <span class='ocrx_word' id='word_1_247' title='bbox 1704 3026 2048 3091; x_wconf 78' lang='lat' dir='ltr'><strong>interficitur,</strong></span> 
     </span>
    </p>
   </div>
   <div class='ocr_carea' id='block_1_34' title="bbox 2131 727 3477 786">
    <p class='ocr_par' dir='ltr' id='par_1_34' title="bbox 2131 727 3477 786">
     <span class='ocr_line' id='line_1_34' title="bbox 2131 727 3477 786; baseline -0.003 -1"><span class='ocrx_word' id='word_1_248' title='bbox 2131 730 2316 785; x_wconf 89' lang='lat' dir='ltr'><strong>mibus</strong></span> <span class='ocrx_word' id='word_1_249' title='bbox 2348 728 2567 784; x_wconf 86' lang='lat' dir='ltr'><strong>Saturni</strong></span> <span class='ocrx_word' id='word_1_250' title='bbox 2600 738 2655 785; x_wconf 90' lang='lat' dir='ltr'><strong>et</strong></span> <span class='ocrx_word' id='word_1_251' title='bbox 2687 731 2885 786; x_wconf 87' lang='lat' dir='ltr'><strong>linibus</strong></span> <span class='ocrx_word' id='word_1_252' title='bbox 2916 730 3106 785; x_wconf 85' lang='lat' dir='ltr'><strong>Martis</strong></span> <span class='ocrx_word' id='word_1_253' title='bbox 3139 727 3477 783; x_wconf 73' lang='lat' dir='ltr'><strong>habuerint?</strong></span> 
     </span>
    </p>
   </div>
   <div class='ocr_carea' id='block_1_35' title="bbox 2202 818 3719 894">
    <p class='ocr_par' dir='ltr' id='par_1_35' title="bbox 2202 818 3719 894">
     <span class='ocr_line' id='line_1_35' title="bbox 2202 818 3719 894; baseline -0.003 -17"><span class='ocrx_word' id='word_1_254' title='bbox 2202 820 2393 878; x_wconf 78' lang='lat' dir='ltr'><strong>XXIV.</strong></span> <span class='ocrx_word' id='word_1_255' title='bbox 2428 821 2487 877; x_wconf 81' lang='grc' dir='ltr'><strong>ιιι</strong></span> <span class='ocrx_word' id='word_1_256' title='bbox 2512 822 2807 877; x_wconf 80' lang='lat' dir='ltr'><strong>Britannia:</strong></span> <span class='ocrx_word' id='word_1_257' title='bbox 2829 821 3199 894; x_wconf 88' lang='lat' dir='ltr'><strong>partibus(96)</strong></span> <span class='ocrx_word' id='word_1_258' title='bbox 3217 822 3401 891; x_wconf 88' lang='lat' dir='ltr'><strong>plures</strong></span> <span class='ocrx_word' id='word_1_259' title='bbox 3416 818 3521 874; x_wconf 76' lang='lat' dir='ltr'><strong>viri</strong></span> <span class='ocrx_word' id='word_1_260' title='bbox 3545 833 3719 874; x_wconf 85' lang='lat' dir='ltr'><strong>unam</strong></span> 
     </span>
    </p>
   </div>
   <div class='ocr_carea' id='block_1_36' title="bbox 2134 913 3719 980">
    <p class='ocr_par' dir='ltr' id='par_1_36' title="bbox 2134 913 3719 980">
     <span class='ocr_line' id='line_1_36' title="bbox 2134 913 3719 980; baseline -0.004 -9"><span class='ocrx_word' id='word_1_261' title='bbox 2134 915 2344 971; x_wconf 89' lang='lat' dir='ltr'><strong>habent</strong></span> <span class='ocrx_word' id='word_1_262' title='bbox 2382 931 2609 970; x_wconf 82' lang='lat' dir='ltr'><strong>uxorem</strong></span> <span class='ocrx_word' id='word_1_263' title='bbox 2633 954 2648 980; x_wconf 94' lang='lat'><strong>,</strong></span> <span class='ocrx_word' id='word_1_264' title='bbox 2682 917 2737 969; x_wconf 90' lang='lat' dir='ltr'><strong>in</strong></span> <span class='ocrx_word' id='word_1_265' title='bbox 2776 913 2996 969; x_wconf 88' lang='lat' dir='ltr'><strong>Parthia</strong></span> <span class='ocrx_word' id='word_1_266' title='bbox 3026 915 3213 969; x_wconf 62' lang='lat' dir='ltr'><strong>multa;</strong></span> <span class='ocrx_word' id='word_1_267' title='bbox 3244 913 3510 967; x_wconf 84' lang='lat' dir='ltr'><strong>mulieres</strong></span> <span class='ocrx_word' id='word_1_268' title='bbox 3539 926 3719 965; x_wconf 88' lang='lat' dir='ltr'><strong>unum</strong></span> 
     </span>
    </p>
   </div>
   <div class='ocr_carea' id='block_1_37' title="bbox 2135 1003 3718 1077">
    <p class='ocr_par' dir='ltr' id='par_1_37' title="bbox 2135 1003 3718 1077">
     <span class='ocr_line' id='line_1_37' title="bbox 2135 1003 3718 1077; baseline -0.004 -14"><span class='ocrx_word' id='word_1_269' title='bbox 2135 1008 2340 1063; x_wconf 86' lang='lat' dir='ltr'><strong>habent</strong></span> <span class='ocrx_word' id='word_1_270' title='bbox 2370 1008 2579 1071; x_wconf 88' lang='lat' dir='ltr'><strong>virum.</strong></span> <span class='ocrx_word' id='word_1_271' title='bbox 2612 1017 2665 1063; x_wconf 92' lang='lat' dir='ltr'><strong>et</strong></span> <span class='ocrx_word' id='word_1_272' title='bbox 2698 1014 2931 1077; x_wconf 85' lang='lat' dir='ltr'><strong>utraque</strong></span> <span class='ocrx_word' id='word_1_273' title='bbox 2962 1007 3113 1062; x_wconf 88' lang='lat' dir='ltr'><strong>orbis</strong></span> <span class='ocrx_word' id='word_1_274' title='bbox 3141 1021 3271 1077; x_wconf 87' lang='lat' dir='ltr'><strong>pars</strong></span> <span class='ocrx_word' id='word_1_275' title='bbox 3301 1005 3555 1061; x_wconf 90' lang='lat' dir='ltr'><strong>moribus</strong></span> <span class='ocrx_word' id='word_1_276' title='bbox 3593 1003 3718 1060; x_wconf 83' lang='lat' dir='ltr'><strong>suis</strong></span> 
     </span>
    </p>
   </div>
   <div class='ocr_carea' id='block_1_38' title="bbox 2135 1099 3718 1171">
    <p class='ocr_par' dir='ltr' id='par_1_38' title="bbox 2135 1099 3718 1171">
     <span class='ocr_line' id='line_1_38' title="bbox 2135 1099 3718 1171; baseline -0.001 -17"><span class='ocrx_word' id='word_1_277' title='bbox 2135 1110 2298 1171; x_wconf 87' lang='lat' dir='ltr'><strong>atque</strong></span> <span class='ocrx_word' id='word_1_278' title='bbox 2337 1102 2604 1158; x_wconf 89' lang='lat' dir='ltr'><strong>institutis</strong></span> <span class='ocrx_word' id='word_1_279' title='bbox 2641 1102 2988 1171; x_wconf 89' lang='lat' dir='ltr'><strong>obsequitur.</strong></span> <span class='ocrx_word' id='word_1_280' title='bbox 3028 1099 3336 1155; x_wconf 82' lang='lat' dir='ltr'><strong>Amazones</strong></span> <span class='ocrx_word' id='word_1_281' title='bbox 3372 1113 3571 1153; x_wconf 85' lang='lat' dir='ltr'><strong>omnes</strong></span> <span class='ocrx_word' id='word_1_282' title='bbox 3603 1112 3718 1153; x_wconf 87' lang='lat' dir='ltr'><strong>non</strong></span> 
     </span>
    </p>
   </div>
   <div class='ocr_carea' id='block_1_39' title="bbox 2136 1187 3722 1256">
    <p class='ocr_par' dir='ltr' id='par_1_39' title="bbox 2136 1187 3722 1256">
     <span class='ocr_line' id='line_1_39' title="bbox 2136 1187 3722 1256; baseline -0.002 -12"><span class='ocrx_word' id='word_1_283' title='bbox 2136 1191 2342 1246; x_wconf 87' lang='lat' dir='ltr'><strong>habent</strong></span> <span class='ocrx_word' id='word_1_284' title='bbox 2376 1194 2563 1256; x_wconf 88' lang='lat' dir='ltr'><strong>viros,</strong></span> <span class='ocrx_word' id='word_1_285' title='bbox 2611 1191 2709 1246; x_wconf 86' lang='lat' dir='ltr'><strong>sed</strong></span> <span class='ocrx_word' id='word_1_286' title='bbox 2758 1192 2903 1245; x_wconf 88' lang='lat' dir='ltr'><strong>sicut</strong></span> <span class='ocrx_word' id='word_1_287' title='bbox 2948 1189 3208 1244; x_wconf 86' lang='lat' dir='ltr'><strong>animalia</strong></span> <span class='ocrx_word' id='word_1_288' title='bbox 3256 1187 3424 1244; x_wconf 90' lang='lat' dir='ltr'><strong>semel</strong></span> <span class='ocrx_word' id='word_1_289' title='bbox 3466 1188 3525 1242; x_wconf 90' lang='lat' dir='ltr'><strong>in</strong></span> <span class='ocrx_word' id='word_1_290' title='bbox 3568 1201 3722 1241; x_wconf 85' lang='lat' dir='ltr'><strong>anno</strong></span> 
     </span>
    </p>
   </div>
   <div class='ocr_carea' id='block_1_40' title="bbox 2135 1263 3769 1353">
    <p class='ocr_par' dir='ltr' id='par_1_40' title="bbox 2135 1263 3769 1353">
     <span class='ocr_line' id='line_1_40' title="bbox 2135 1263 3769 1353; baseline -0.004 -17"><span class='ocrx_word' id='word_1_291' title='bbox 2135 1284 2281 1339; x_wconf 86' lang='lat' dir='ltr'><strong>circa</strong></span> <span class='ocrx_word' id='word_1_292' title='bbox 2312 1285 2532 1340; x_wconf 89' lang='lat' dir='ltr'><strong>vernale</strong></span> <span class='ocrx_word' id='word_1_293' title='bbox 2561 1283 2947 1353; x_wconf 72' lang='lat' dir='ltr'><strong>aequinoctium</strong></span> <span class='ocrx_word' id='word_1_294' title='bbox 2979 1280 3229 1350; x_wconf 91' lang='lat' dir='ltr'><strong>proprios</strong></span> <span class='ocrx_word' id='word_1_295' title='bbox 3252 1293 3489 1349; x_wconf 64' lang='lat' dir='ltr'><strong>egressa:</strong></span> <span class='ocrx_word' id='word_1_296' title='bbox 3520 1278 3725 1331; x_wconf 87' lang='lat' dir='ltr'><strong>termi-</strong></span> <span class='ocrx_word' id='word_1_297' title='bbox 3759 1263 3769 1269; x_wconf 49' lang='grc'><em>“</em></span> 
     </span>
    </p>
   </div>
   <div class='ocr_carea' id='block_1_41' title="bbox 2138 1370 3725 1446">
    <p class='ocr_par' dir='ltr' id='par_1_41' title="bbox 2138 1370 3725 1446">
     <span class='ocr_line' id='line_1_41' title="bbox 2138 1370 3725 1446; baseline -0.004 -17"><span class='ocrx_word' id='word_1_298' title='bbox 2138 1391 2273 1437; x_wconf 90' lang='lat' dir='ltr'><strong>nos,</strong></span> <span class='ocrx_word' id='word_1_299' title='bbox 2307 1375 2547 1430; x_wconf 69' lang='lat' dir='ltr'><strong>ﬁnitimae</strong></span> <span class='ocrx_word' id='word_1_300' title='bbox 2586 1374 2765 1446; x_wconf 87' lang='lat' dir='ltr'><strong>gentis</strong></span> <span class='ocrx_word' id='word_1_301' title='bbox 2788 1373 2923 1426; x_wconf 85' lang='lat' dir='ltr'><strong>viris</strong></span> <span class='ocrx_word' id='word_1_302' title='bbox 2946 1372 3271 1434; x_wconf 89' lang='lat' dir='ltr'><strong>miscentur,</strong></span> <span class='ocrx_word' id='word_1_303' title='bbox 3300 1370 3725 1426; x_wconf 89' lang='lat' dir='ltr'><strong>solemnitatem</strong></span> 
     </span>
    </p>
   </div>
   <div class='ocr_carea' id='block_1_42' title="bbox 2139 1449 3765 1538">
    <p class='ocr_par' dir='ltr' id='par_1_42' title="bbox 2139 1449 3765 1538">
     <span class='ocr_line' id='line_1_42' title="bbox 2139 1449 3765 1538; baseline -0.003 -18"><span class='ocrx_word' id='word_1_304' title='bbox 2139 1468 2429 1537; x_wconf 87' lang='lat' dir='ltr'><strong>quamdam</strong></span> <span class='ocrx_word' id='word_1_305' title='bbox 2462 1483 2558 1538; x_wconf 88' lang='lat' dir='ltr'><strong>per</strong></span> <span class='ocrx_word' id='word_1_306' title='bbox 2585 1468 2689 1521; x_wconf 93' lang='lat' dir='ltr'><strong>hoc</strong></span> <span class='ocrx_word' id='word_1_307' title='bbox 2715 1465 3089 1527; x_wconf 81' lang='lat' dir='ltr'><strong>observantes,</strong></span> <span class='ocrx_word' id='word_1_308' title='bbox 3114 1478 3178 1518; x_wconf 84' lang='lat' dir='ltr'><strong>ex</strong></span> <span class='ocrx_word' id='word_1_309' title='bbox 3207 1462 3408 1532; x_wconf 89' lang='lat' dir='ltr'><strong>quibus</strong></span> <span class='ocrx_word' id='word_1_310' title='bbox 3430 1477 3557 1515; x_wconf 85' lang='lat' dir='ltr'><strong>cum</strong></span> <span class='ocrx_word' id='word_1_311' title='bbox 3584 1476 3730 1515; x_wconf 83' lang='lat' dir='ltr'><strong>con-</strong></span> <span class='ocrx_word' id='word_1_312' title='bbox 3747 1449 3765 1464; x_wconf 77' lang='grc'><em>’</em></span> 
     </span>
    </p>
   </div>
   <div class='ocr_carea' id='block_1_43' title="bbox 2140 1549 3725 1631">
    <p class='ocr_par' dir='ltr' id='par_1_43' title="bbox 2140 1549 3725 1631">
     <span class='ocr_line' id='line_1_43' title="bbox 2140 1549 3725 1631; baseline -0.009 -16"><span class='ocrx_word' id='word_1_313' title='bbox 2140 1561 2387 1631; x_wconf 85' lang='lat' dir='ltr'><strong>ceperint</strong></span> <span class='ocrx_word' id='word_1_314' title='bbox 2418 1557 2682 1620; x_wconf 89' lang='lat' dir='ltr'><strong>redeunt,</strong></span> <span class='ocrx_word' id='word_1_315' title='bbox 2705 1563 2758 1609; x_wconf 92' lang='lat' dir='ltr'><strong>et</strong></span> <span class='ocrx_word' id='word_1_316' title='bbox 2782 1556 2827 1608; x_wconf 91' lang='lat' dir='ltr'><strong>si</strong></span> <span class='ocrx_word' id='word_1_317' title='bbox 2852 1568 3053 1606; x_wconf 88' lang='lat' dir='ltr'><strong>marem</strong></span> <span class='ocrx_word' id='word_1_318' title='bbox 3079 1551 3388 1623; x_wconf 89' lang='lat' dir='ltr'><strong>pepererint</strong></span> <span class='ocrx_word' id='word_1_319' title='bbox 3411 1549 3688 1618; x_wconf 88' lang='lat' dir='ltr'><strong>abjiciunt</strong></span> <span class='ocrx_word' id='word_1_320' title='bbox 3706 1586 3725 1610; x_wconf 89' lang='lat'><strong>,</strong></span> 
     </span>
    </p>
   </div>
   <div class='ocr_carea' id='block_1_44' title="bbox 2142 1641 3731 1714">
    <p class='ocr_par' dir='ltr' id='par_1_44' title="bbox 2142 1641 3731 1714">
     <span class='ocr_line' id='line_1_44' title="bbox 2142 1641 3731 1714; baseline -0.008 -8"><span class='ocrx_word' id='word_1_321' title='bbox 2142 1653 2377 1709; x_wconf 84' lang='lat' dir='ltr'><strong>feminas</strong></span> <span class='ocrx_word' id='word_1_322' title='bbox 2425 1650 2698 1705; x_wconf 91' lang='lat' dir='ltr'><strong>nutriunt.</strong></span> <span class='ocrx_word' id='word_1_323' title='bbox 2737 1646 2781 1678; x_wconf 79' lang='grc'><strong>⁸⁸</strong></span> <span class='ocrx_word' id='word_1_324' title='bbox 2828 1644 3075 1714; x_wconf 87' lang='lat' dir='ltr'><strong>Cumque</strong></span> <span class='ocrx_word' id='word_1_325' title='bbox 3121 1643 3286 1697; x_wconf 91' lang='lat' dir='ltr'><strong>unius</strong></span> <span class='ocrx_word' id='word_1_326' title='bbox 3333 1642 3603 1711; x_wconf 88' lang='lat' dir='ltr'><strong>temporis</strong></span> <span class='ocrx_word' id='word_1_327' title='bbox 3652 1641 3731 1695; x_wconf 88' lang='lat' dir='ltr'><strong>sit</strong></span> 
     </span>
    </p>
   </div>
   <div class='ocr_carea' id='block_1_45' title="bbox 2143 1734 3731 1813">
    <p class='ocr_par' dir='ltr' id='par_1_45' title="bbox 2143 1734 3731 1813">
     <span class='ocr_line' id='line_1_45' title="bbox 2143 1734 3731 1813; baseline -0.009 -13"><span class='ocrx_word' id='word_1_328' title='bbox 2143 1746 2386 1800; x_wconf 71' lang='lat' dir='ltr'><strong>omnium</strong></span> <span class='ocrx_word' id='word_1_329' title='bbox 2420 1749 2640 1813; x_wconf 89' lang='lat' dir='ltr'><strong>partus,</strong></span> <span class='ocrx_word' id='word_1_330' title='bbox 2676 1738 2973 1794; x_wconf 85' lang='lat' dir='ltr'><strong>absurdum</strong></span> <span class='ocrx_word' id='word_1_331' title='bbox 3006 1743 3126 1797; x_wconf 90' lang='lat' dir='ltr'><strong>est,</strong></span> <span class='ocrx_word' id='word_1_332' title='bbox 3160 1734 3302 1787; x_wconf 89' lang='lat' dir='ltr'><strong>utin</strong></span> <span class='ocrx_word' id='word_1_333' title='bbox 3330 1734 3580 1788; x_wconf 87' lang='lat' dir='ltr'><strong>maribus</strong></span> <span class='ocrx_word' id='word_1_334' title='bbox 3610 1734 3731 1801; x_wconf 82' lang='lat' dir='ltr'><strong>qui-</strong></span> 
     </span>
    </p>
   </div>
   <div class='ocr_carea' id='block_1_46' title="bbox 2144 1830 3729 1909">
    <p class='ocr_par' dir='ltr' id='par_1_46' title="bbox 2144 1830 3729 1909">
     <span class='ocr_line' id='line_1_46' title="bbox 2144 1830 3729 1909; baseline -0.008 -14"><span class='ocrx_word' id='word_1_335' title='bbox 2144 1842 2266 1896; x_wconf 91' lang='lat' dir='ltr'><strong>dem</strong></span> <span class='ocrx_word' id='word_1_336' title='bbox 2295 1847 2519 1909; x_wconf 88' lang='lat' dir='ltr'><strong>putetur</strong></span> <span class='ocrx_word' id='word_1_337' title='bbox 2548 1836 2693 1891; x_wconf 78' lang='lat' dir='ltr'><strong>Mars</strong></span> <span class='ocrx_word' id='word_1_338' title='bbox 2723 1850 2847 1889; x_wconf 90' lang='lat' dir='ltr'><strong>cum</strong></span> <span class='ocrx_word' id='word_1_339' title='bbox 2883 1833 3120 1886; x_wconf 87' lang='lat' dir='ltr'><strong>Saturno</strong></span> <span class='ocrx_word' id='word_1_340' title='bbox 3163 1831 3218 1884; x_wconf 91' lang='lat' dir='ltr'><strong>in</strong></span> <span class='ocrx_word' id='word_1_341' title='bbox 3259 1837 3505 1900; x_wconf 86' lang='lat' dir='ltr'><strong>tempore</strong></span> <span class='ocrx_word' id='word_1_342' title='bbox 3548 1830 3729 1900; x_wconf 67' lang='lat' dir='ltr'><strong>aequis</strong></span> 
     </span>
    </p>
   </div>
   <div class='ocr_carea' id='block_1_47' title="bbox 2144 1924 3731 2002">
    <p class='ocr_par' dir='ltr' id='par_1_47' title="bbox 2144 1924 3731 2002">
     <span class='ocr_line' id='line_1_47' title="bbox 2144 1924 3731 2002; baseline -0.007 -14"><span class='ocrx_word' id='word_1_343' title='bbox 2144 1949 2269 1989; x_wconf 75' lang='lat' dir='ltr'><strong>esse</strong></span> <span class='ocrx_word' id='word_1_344' title='bbox 2300 1931 2670 2002; x_wconf 89' lang='lat' dir='ltr'><strong>portionibus,</strong></span> <span class='ocrx_word' id='word_1_345' title='bbox 2716 1930 2771 1982; x_wconf 91' lang='lat' dir='ltr'><strong>in</strong></span> <span class='ocrx_word' id='word_1_346' title='bbox 2823 1927 3147 1981; x_wconf 82' lang='lat' dir='ltr'><strong>feminarum</strong></span> <span class='ocrx_word' id='word_1_347' title='bbox 3184 1940 3314 1978; x_wconf 87' lang='lat' dir='ltr'><strong>vero</strong></span> <span class='ocrx_word' id='word_1_348' title='bbox 3353 1924 3543 1994; x_wconf 84' lang='lat' dir='ltr'><strong>genesi</strong></span> <span class='ocrx_word' id='word_1_349' title='bbox 3580 1940 3731 1977; x_wconf 87' lang='lat' dir='ltr'><strong>nun—</strong></span> 
     </span>
    </p>
   </div>
   <div class='ocr_carea' id='block_1_48' title="bbox 2104 2012 3731 2096">
    <p class='ocr_par' dir='ltr' id='par_1_48' title="bbox 2104 2012 3731 2096">
     <span class='ocr_line' id='line_1_48' title="bbox 2104 2012 3731 2096; baseline -0.01 -14"><span class='ocrx_word' id='word_1_350' title='bbox 2104 2038 2105 2041; x_wconf 78' lang='lat'>‘</span> <span class='ocrx_word' id='word_1_351' title='bbox 2146 2041 2330 2096; x_wconf 86' lang='lat' dir='ltr'><strong>quam.</strong></span> <span class='ocrx_word' id='word_1_352' title='bbox 2364 2022 2468 2077; x_wconf 89' lang='lat' dir='ltr'><strong>Sed</strong></span> <span class='ocrx_word' id='word_1_353' title='bbox 2502 2036 2677 2091; x_wconf 89' lang='lat' dir='ltr'><strong>neque</strong></span> <span class='ocrx_word' id='word_1_354' title='bbox 2709 2018 3035 2073; x_wconf 84' lang='lat' dir='ltr'><strong>Mercurium</strong></span> <span class='ocrx_word' id='word_1_355' title='bbox 3070 2016 3179 2085; x_wconf 79' lang='lat'><strong>(97)</strong></span> <span class='ocrx_word' id='word_1_356' title='bbox 3210 2030 3333 2069; x_wconf 89' lang='lat' dir='ltr'><strong>cum</strong></span> <span class='ocrx_word' id='word_1_357' title='bbox 3373 2012 3588 2069; x_wconf 82' lang='lat' dir='ltr'><strong>Venere</strong></span> <span class='ocrx_word' id='word_1_358' title='bbox 3628 2015 3731 2068; x_wconf 77' lang='lat' dir='ltr'><strong>ba-</strong></span> 
     </span>
    </p>
   </div>
   <div class='ocr_carea' id='block_1_49' title="bbox 2146 2105 3732 2180">
    <p class='ocr_par' dir='ltr' id='par_1_49' title="bbox 2146 2105 3732 2180">
     <span class='ocr_line' id='line_1_49' title="bbox 2146 2105 3732 2180; baseline -0.008 -10"><span class='ocrx_word' id='word_1_359' title='bbox 2146 2115 2332 2170; x_wconf 86' lang='lat' dir='ltr'><strong>buisse</strong></span> <span class='ocrx_word' id='word_1_360' title='bbox 2364 2114 2419 2167; x_wconf 91' lang='lat' dir='ltr'><strong>in</strong></span> <span class='ocrx_word' id='word_1_361' title='bbox 2450 2111 2705 2165; x_wconf 88' lang='lat' dir='ltr'><strong>domibus</strong></span> <span class='ocrx_word' id='word_1_362' title='bbox 2736 2108 2977 2180; x_wconf 90' lang='lat' dir='ltr'><strong>propriis</strong></span> <span class='ocrx_word' id='word_1_363' title='bbox 3012 2108 3252 2177; x_wconf 89' lang='lat' dir='ltr'><strong>positum</strong></span> <span class='ocrx_word' id='word_1_364' title='bbox 3276 2146 3291 2164; x_wconf 83' lang='lat'><strong>,</strong></span> <span class='ocrx_word' id='word_1_365' title='bbox 3327 2113 3386 2159; x_wconf 90' lang='lat' dir='ltr'><strong>ut</strong></span> <span class='ocrx_word' id='word_1_366' title='bbox 3428 2106 3512 2160; x_wconf 88' lang='lat' dir='ltr'><strong>vel</strong></span> <span class='ocrx_word' id='word_1_367' title='bbox 3552 2105 3732 2174; x_wconf 75' lang='lat' dir='ltr'><strong>picto-</strong></span> 
     </span>
    </p>
   </div>
   <div class='ocr_carea' id='block_1_50' title="bbox 2146 2194 3729 2268">
    <p class='ocr_par' dir='ltr' id='par_1_50' title="bbox 2146 2194 3729 2268">
     <span class='ocr_line' id='line_1_50' title="bbox 2146 2194 3729 2268; baseline -0.006 -13"><span class='ocrx_word' id='word_1_368' title='bbox 2146 2219 2236 2257; x_wconf 90' lang='lat' dir='ltr'><strong>res</strong></span> <span class='ocrx_word' id='word_1_369' title='bbox 2281 2202 2354 2256; x_wconf 91' lang='lat' dir='ltr'><strong>ibi</strong></span> <span class='ocrx_word' id='word_1_370' title='bbox 2402 2205 2484 2255; x_wconf 84' lang='lat' dir='ltr'><strong>vel</strong></span> <span class='ocrx_word' id='word_1_371' title='bbox 2531 2200 2840 2268; x_wconf 90' lang='lat' dir='ltr'><strong>sculptores</strong></span> <span class='ocrx_word' id='word_1_372' title='bbox 2884 2197 2970 2251; x_wconf 86' lang='lat' dir='ltr'><strong>vel</strong></span> <span class='ocrx_word' id='word_1_373' title='bbox 3010 2195 3308 2265; x_wconf 82' lang='lat' dir='ltr'><strong>trapezitas</strong></span> <span class='ocrx_word' id='word_1_374' title='bbox 3350 2194 3594 2256; x_wconf 80' lang='lat' dir='ltr'><strong>eﬂiciat,</strong></span> <span class='ocrx_word' id='word_1_375' title='bbox 3635 2203 3729 2246; x_wconf 89' lang='lat' dir='ltr'><strong>aut</strong></span> 
     </span>
    </p>
   </div>
   <div class='ocr_carea' id='block_1_51' title="bbox 2148 2286 3731 2356">
    <p class='ocr_par' dir='ltr' id='par_1_51' title="bbox 2148 2286 3731 2356">
     <span class='ocr_line' id='line_1_51' title="bbox 2148 2286 3731 2356; baseline -0.004 -8"><span class='ocrx_word' id='word_1_376' title='bbox 2148 2296 2202 2348; x_wconf 90' lang='lat' dir='ltr'><strong>in</strong></span> <span class='ocrx_word' id='word_1_377' title='bbox 2256 2294 2511 2348; x_wconf 89' lang='lat' dir='ltr'><strong>domibus</strong></span> <span class='ocrx_word' id='word_1_378' title='bbox 2544 2289 2778 2345; x_wconf 86' lang='lat' dir='ltr'><strong>Veneris</strong></span> <span class='ocrx_word' id='word_1_379' title='bbox 2800 2330 2814 2354; x_wconf 93' lang='lat'><strong>,</strong></span> <span class='ocrx_word' id='word_1_380' title='bbox 2849 2297 2906 2341; x_wconf 89' lang='lat' dir='ltr'><strong>ut</strong></span> <span class='ocrx_word' id='word_1_381' title='bbox 2937 2288 3330 2356; x_wconf 82' lang='lat' dir='ltr'><strong>unguentarios</strong></span> <span class='ocrx_word' id='word_1_382' title='bbox 3378 2286 3463 2339; x_wconf 88' lang='lat' dir='ltr'><strong>vel</strong></span> <span class='ocrx_word' id='word_1_383' title='bbox 3507 2287 3731 2342; x_wconf 74' lang='lat' dir='ltr'><strong>vocales</strong></span> 
     </span>
    </p>
   </div>
   <div class='ocr_carea' id='block_1_52' title="bbox 2146 2379 3730 2457">
    <p class='ocr_par' dir='ltr' id='par_1_52' title="bbox 2146 2379 3730 2457">
     <span class='ocr_line' id='line_1_52' title="bbox 2146 2379 3730 2457; baseline -0.005 -16"><span class='ocrx_word' id='word_1_384' title='bbox 2146 2388 2231 2442; x_wconf 86' lang='lat' dir='ltr'><strong>vel</strong></span> <span class='ocrx_word' id='word_1_385' title='bbox 2262 2396 2451 2457; x_wconf 90' lang='lat' dir='ltr'><strong>poetas</strong></span> <span class='ocrx_word' id='word_1_386' title='bbox 2476 2386 2763 2456; x_wconf 84' lang='lat' dir='ltr'><strong>producat.</strong></span> <span class='ocrx_word' id='word_1_387' title='bbox 2814 2382 2971 2452; x_wconf 84' lang='lat' dir='ltr'><strong>Apud</strong></span> <span class='ocrx_word' id='word_1_388' title='bbox 2999 2379 3301 2435; x_wconf 87' lang='lat' dir='ltr'><strong>Saracenos</strong></span> <span class='ocrx_word' id='word_1_389' title='bbox 3327 2389 3379 2433; x_wconf 93' lang='lat' dir='ltr'><strong>et</strong></span> <span class='ocrx_word' id='word_1_390' title='bbox 3406 2380 3730 2448; x_wconf 84' lang='lat' dir='ltr'><strong>superiores</strong></span> 
     </span>
    </p>
   </div>
   <div class='ocr_carea' id='block_1_53' title="bbox 2148 2471 3731 2537">
    <p class='ocr_par' dir='ltr' id='par_1_53' title="bbox 2148 2471 3731 2537">
     <span class='ocr_line' id='line_1_53' title="bbox 2148 2471 3731 2537; baseline -0.008 0"><span class='ocrx_word' id='word_1_391' title='bbox 2148 2482 2318 2537; x_wconf 90' lang='lat' dir='ltr'><strong>Libes</strong></span> <span class='ocrx_word' id='word_1_392' title='bbox 2354 2488 2406 2536; x_wconf 92' lang='lat' dir='ltr'><strong>et</strong></span> <span class='ocrx_word' id='word_1_393' title='bbox 2445 2480 2664 2533; x_wconf 89' lang='lat' dir='ltr'><strong>Mauros</strong></span> <span class='ocrx_word' id='word_1_394' title='bbox 2709 2485 2764 2531; x_wconf 89' lang='lat' dir='ltr'><strong>et</strong></span> <span class='ocrx_word' id='word_1_395' title='bbox 2803 2477 2949 2531; x_wconf 91' lang='lat' dir='ltr'><strong>circa</strong></span> <span class='ocrx_word' id='word_1_396' title='bbox 2993 2490 3088 2528; x_wconf 90' lang='lat' dir='ltr'><strong>ora</strong></span> <span class='ocrx_word' id='word_1_397' title='bbox 3122 2475 3293 2528; x_wconf 88' lang='lat' dir='ltr'><strong>maris</strong></span> <span class='ocrx_word' id='word_1_398' title='bbox 3326 2471 3536 2527; x_wconf 89' lang='lat' dir='ltr'><strong>Oceani</strong></span> <span class='ocrx_word' id='word_1_399' title='bbox 3571 2471 3731 2525; x_wconf 88' lang='lat' dir='ltr'><strong>habi-</strong></span> 
     </span>
    </p>
   </div>
   <div class='ocr_carea' id='block_1_54' title="bbox 2148 2564 3730 2636">
    <p class='ocr_par' dir='ltr' id='par_1_54' title="bbox 2148 2564 3730 2636">
     <span class='ocr_line' id='line_1_54' title="bbox 2148 2564 3730 2636; baseline -0.008 -8"><span class='ocrx_word' id='word_1_400' title='bbox 2148 2582 2360 2636; x_wconf 84' lang='lat' dir='ltr'><strong>tantes,</strong></span> <span class='ocrx_word' id='word_1_401' title='bbox 2403 2572 2498 2629; x_wconf 87' lang='lat' dir='ltr'><strong>sed</strong></span> <span class='ocrx_word' id='word_1_402' title='bbox 2536 2580 2591 2626; x_wconf 90' lang='lat' dir='ltr'><strong>et</strong></span> <span class='ocrx_word' id='word_1_403' title='bbox 2630 2571 2686 2625; x_wconf 92' lang='lat' dir='ltr'><strong>in</strong></span> <span class='ocrx_word' id='word_1_404' title='bbox 2732 2569 2996 2625; x_wconf 77' lang='lat' dir='ltr'><strong>extremis</strong></span> <span class='ocrx_word' id='word_1_405' title='bbox 3035 2565 3340 2621; x_wconf 63' lang='lat' dir='ltr'><strong>Germania:</strong></span> <span class='ocrx_word' id='word_1_406' title='bbox 3382 2564 3633 2636; x_wconf 87' lang='lat' dir='ltr'><strong>partibus</strong></span> <span class='ocrx_word' id='word_1_407' title='bbox 3674 2571 3730 2619; x_wconf 85' lang='lat' dir='ltr'><strong>et</strong></span> 
     </span>
    </p>
   </div>
   <div class='ocr_carea' id='block_1_55' title="bbox 2150 2655 3731 2737">
    <p class='ocr_par' dir='ltr' id='par_1_55' title="bbox 2150 2655 3731 2737">
     <span class='ocr_line' id='line_1_55' title="bbox 2150 2655 3731 2737; baseline -0.009 -16"><span class='ocrx_word' id='word_1_408' title='bbox 2150 2666 2293 2737; x_wconf 88' lang='lat' dir='ltr'><strong>apud</strong></span> <span class='ocrx_word' id='word_1_409' title='bbox 2345 2663 2625 2718; x_wconf 85' lang='lat' dir='ltr'><strong>Sarmatas</strong></span> <span class='ocrx_word' id='word_1_410' title='bbox 2676 2672 2730 2716; x_wconf 87' lang='lat' dir='ltr'><strong>et</strong></span> <span class='ocrx_word' id='word_1_411' title='bbox 2765 2658 2997 2730; x_wconf 75' lang='lat' dir='ltr'><strong>Scythas</strong></span> <span class='ocrx_word' id='word_1_412' title='bbox 3042 2666 3204 2726; x_wconf 90' lang='lat' dir='ltr'><strong>atque</strong></span> <span class='ocrx_word' id='word_1_413' title='bbox 3246 2672 3436 2711; x_wconf 88' lang='lat' dir='ltr'><strong>omnes</strong></span> <span class='ocrx_word' id='word_1_414' title='bbox 3474 2672 3602 2725; x_wconf 76' lang='lat' dir='ltr'><strong>qum</strong></span> <span class='ocrx_word' id='word_1_415' title='bbox 3627 2655 3731 2707; x_wconf 89' lang='lat' dir='ltr'><strong>sub</strong></span> 
     </span>
    </p>
   </div>
   <div class='ocr_carea' id='block_1_56' title="bbox 2151 2748 3731 2827">
    <p class='ocr_par' dir='ltr' id='par_1_56' title="bbox 2151 2748 3731 2827">
     <span class='ocr_line' id='line_1_56' title="bbox 2151 2748 3731 2827; baseline -0.01 -14"><span class='ocrx_word' id='word_1_416' title='bbox 2151 2775 2250 2813; x_wconf 77' lang='lat' dir='ltr'><strong>axe</strong></span> <span class='ocrx_word' id='word_1_417' title='bbox 2297 2754 2687 2827; x_wconf 89' lang='lat' dir='ltr'><strong>septentrionis</strong></span> <span class='ocrx_word' id='word_1_418' title='bbox 2727 2752 2912 2822; x_wconf 88' lang='lat' dir='ltr'><strong>jacent</strong></span> <span class='ocrx_word' id='word_1_419' title='bbox 2939 2748 3151 2802; x_wconf 89' lang='lat' dir='ltr'><strong>Pontici</strong></span> <span class='ocrx_word' id='word_1_420' title='bbox 3189 2748 3387 2802; x_wconf 88' lang='lat' dir='ltr'><strong>littoris</strong></span> <span class='ocrx_word' id='word_1_421' title='bbox 3420 2755 3648 2817; x_wconf 86' lang='lat' dir='ltr'><strong>gentes,</strong></span> <span class='ocrx_word' id='word_1_422' title='bbox 3677 2755 3731 2799; x_wconf 89' lang='lat' dir='ltr'><strong>et</strong></span> 
     </span>
    </p>
   </div>
   <div class='ocr_carea' id='block_1_57' title="bbox 2152 2838 3727 2920">
    <p class='ocr_par' dir='ltr' id='par_1_57' title="bbox 2152 2838 3727 2920">
     <span class='ocr_line' id='line_1_57' title="bbox 2152 2838 3727 2920; baseline -0.011 -14"><span class='ocrx_word' id='word_1_423' title='bbox 2152 2852 2207 2906; x_wconf 93' lang='lat' dir='ltr'><strong>in</strong></span> <span class='ocrx_word' id='word_1_424' title='bbox 2242 2851 2479 2920; x_wconf 82' lang='lat' dir='ltr'><strong>Chrysea</strong></span> <span class='ocrx_word' id='word_1_425' title='bbox 2513 2846 2625 2916; x_wconf 86' lang='lat'><strong>(98)</strong></span> <span class='ocrx_word' id='word_1_426' title='bbox 2664 2843 2873 2899; x_wconf 88' lang='lat' dir='ltr'><strong>insula.</strong></span> <span class='ocrx_word' id='word_1_427' title='bbox 2907 2854 3183 2909; x_wconf 89' lang='lat' dir='ltr'><strong>nunquam</strong></span> <span class='ocrx_word' id='word_1_428' title='bbox 3224 2838 3500 2892; x_wconf 78' lang='lat' dir='ltr'><strong>invenitur</strong></span> <span class='ocrx_word' id='word_1_429' title='bbox 3543 2848 3727 2907; x_wconf 82' lang='lat' dir='ltr'><strong>trape-</strong></span> 
     </span>
    </p>
   </div>
   <div class='ocr_carea' id='block_1_58' title="bbox 2153 2932 3735 3010">
    <p class='ocr_par' dir='ltr' id='par_1_58' title="bbox 2153 2932 3735 3010">
     <span class='ocr_line' id='line_1_58' title="bbox 2153 2932 3735 3010; baseline -0.011 -11"><span class='ocrx_word' id='word_1_430' title='bbox 2153 2945 2257 2999; x_wconf 77' lang='lat' dir='ltr'><strong>zita</strong></span> <span class='ocrx_word' id='word_1_431' title='bbox 2291 2960 2387 2997; x_wconf 90' lang='lat' dir='ltr'><strong>nec</strong></span> <span class='ocrx_word' id='word_1_432' title='bbox 2421 2940 2686 3010; x_wconf 90' lang='lat' dir='ltr'><strong>sculptor,</strong></span> <span class='ocrx_word' id='word_1_433' title='bbox 2735 2943 2827 2989; x_wconf 91' lang='lat' dir='ltr'><strong>aut</strong></span> <span class='ocrx_word' id='word_1_434' title='bbox 2859 2936 3057 3005; x_wconf 84' lang='lat' dir='ltr'><strong>pictor,</strong></span> <span class='ocrx_word' id='word_1_435' title='bbox 3092 2939 3186 2985; x_wconf 89' lang='lat' dir='ltr'><strong>aut</strong></span> <span class='ocrx_word' id='word_1_436' title='bbox 3231 2932 3598 2993; x_wconf 87' lang='lat' dir='ltr'><strong>architectus,</strong></span> <span class='ocrx_word' id='word_1_437' title='bbox 3640 2939 3735 2983; x_wconf 88' lang='lat' dir='ltr'><strong>aut</strong></span> 
     </span>
    </p>
   </div>
   <div class='ocr_carea' id='block_1_59' title="bbox 2155 3022 3740 3109">
    <p class='ocr_par' dir='ltr' id='par_1_59' title="bbox 2155 3022 3740 3109">
     <span class='ocr_line' id='line_1_59' title="bbox 2155 3022 3740 3109; baseline -0.011 -15"><span class='ocrx_word' id='word_1_438' title='bbox 2155 3042 2494 3109; x_wconf 85' lang='lat' dir='ltr'><strong>geometres.</strong></span> <span class='ocrx_word' id='word_1_439' title='bbox 2525 3038 2619 3085; x_wconf 89' lang='lat' dir='ltr'><strong>aut</strong></span> <span class='ocrx_word' id='word_1_440' title='bbox 2648 3027 2925 3099; x_wconf 75' lang='lat' dir='ltr'><strong>tragmdus</strong></span> <span class='ocrx_word' id='word_1_441' title='bbox 2946 3066 2959 3089; x_wconf 90' lang='lat'><strong>,</strong></span> <span class='ocrx_word' id='word_1_442' title='bbox 2994 3034 3087 3077; x_wconf 89' lang='lat' dir='ltr'><strong>aut</strong></span> <span class='ocrx_word' id='word_1_443' title='bbox 3138 3033 3294 3094; x_wconf 90' lang='lat' dir='ltr'><strong>poeta</strong></span> <span class='ocrx_word' id='word_1_444' title='bbox 3325 3040 3339 3090; x_wconf 89' lang='lat'><strong>;</strong></span> <span class='ocrx_word' id='word_1_445' title='bbox 3378 3038 3510 3092; x_wconf 87' lang='lat' dir='ltr'><strong>ergo</strong></span> <span class='ocrx_word' id='word_1_446' title='bbox 3552 3022 3740 3077; x_wconf 81' lang='lat' dir='ltr'><strong>deﬁcit</strong></span> 
     </span>
    </p>
   </div>
   <div class='ocr_carea' id='block_1_60' title="bbox 482 3113 3487 3200">
    <p class='ocr_par' dir='ltr' id='par_1_60' title="bbox 482 3113 3487 3200">
     <span class='ocr_line' id='line_1_60' title="bbox 482 3113 3487 3200; baseline -0 -29"><span class='ocrx_word' id='word_1_447' title='bbox 482 3132 585 3171; x_wconf 85' lang='lat' dir='ltr'><strong>nec</strong></span> <span class='ocrx_word' id='word_1_448' title='bbox 624 3119 905 3187; x_wconf 71' lang='lat' dir='ltr'><strong>sepultura</strong></span> <span class='ocrx_word' id='word_1_449' title='bbox 937 3118 1190 3172; x_wconf 82' lang='lat' dir='ltr'><strong>donatur.</strong></span> <span class='ocrx_word' id='word_1_450' title='bbox 1230 3117 1294 3171; x_wconf 80' lang='lat' dir='ltr'><strong>Et</strong></span> <span class='ocrx_word' id='word_1_451' title='bbox 1322 3134 1515 3172; x_wconf 91' lang='lat' dir='ltr'><strong>rursus</strong></span> <span class='ocrx_word' id='word_1_452' title='bbox 1551 3119 1692 3188; x_wconf 86' lang='lat' dir='ltr'><strong>apud</strong></span> <span class='ocrx_word' id='word_1_453' title='bbox 1724 3116 1908 3173; x_wconf 86' lang='lat' dir='ltr'><strong>Gallos</strong></span> <span class='ocrx_word' id='word_1_454' title='bbox 1938 3119 2050 3190; x_wconf 77' lang='lat'><strong>(95)</strong></span> <span class='ocrx_word' id='word_1_455' title='bbox 2080 3140 2122 3197; x_wconf 70' lang='grc' dir='ltr'>ρ</span> <span class='ocrx_word' id='word_1_456' title='bbox 2159 3126 2299 3200; x_wconf 72' lang='lat' dir='ltr'><strong>apud</strong></span> <span class='ocrx_word' id='word_1_457' title='bbox 2330 3142 2425 3180; x_wconf 84' lang='lat' dir='ltr'><strong>eos</strong></span> <span class='ocrx_word' id='word_1_458' title='bbox 2458 3122 2711 3179; x_wconf 79' lang='lat' dir='ltr'><strong>Mercurii</strong></span> <span class='ocrx_word' id='word_1_459' title='bbox 2750 3117 3083 3185; x_wconf 84' lang='lat' dir='ltr'><strong>Venerisque</strong></span> <span class='ocrx_word' id='word_1_460' title='bbox 3112 3113 3487 3168; x_wconf 78' lang='lat' dir='ltr'><strong>corlstcllaliO.</strong></span> 
     </span>
    </p>
   </div>
   <div class='ocr_carea' id='block_1_61' title="bbox 483 3207 2047 3280">
    <p class='ocr_par' dir='ltr' id='par_1_61' title="bbox 483 3207 2047 3280">
     <span class='ocr_line' id='line_1_61' title="bbox 483 3207 2047 3280; baseline 0.003 -19"><span class='ocrx_word' id='word_1_461' title='bbox 483 3207 570 3261; x_wconf 83' lang='lat' dir='ltr'><strong>lex</strong></span> <span class='ocrx_word' id='word_1_462' title='bbox 608 3210 785 3278; x_wconf 81' lang='lat' dir='ltr'><strong>prisca</strong></span> <span class='ocrx_word' id='word_1_463' title='bbox 818 3210 1105 3264; x_wconf 88' lang='lat' dir='ltr'><strong>constituit</strong></span> <span class='ocrx_word' id='word_1_464' title='bbox 1135 3219 1366 3279; x_wconf 84' lang='lat' dir='ltr'><strong>nuptum</strong></span> <span class='ocrx_word' id='word_1_465' title='bbox 1400 3210 1539 3262; x_wconf 91' lang='lat' dir='ltr'><strong>tradi</strong></span> <span class='ocrx_word' id='word_1_466' title='bbox 1574 3211 1789 3279; x_wconf 89' lang='lat' dir='ltr'><strong>publice</strong></span> <span class='ocrx_word' id='word_1_467' title='bbox 1818 3227 2047 3280; x_wconf 85' lang='lat' dir='ltr'><strong>pueros,</strong></span> 
     </span>
    </p>
   </div>
   <div class='ocr_carea' id='block_1_62' title="bbox 557 3315 2045 3393">
    <p class='ocr_par' dir='ltr' id='par_1_62' title="bbox 557 3315 2045 3393">
     <span class='ocr_line' id='line_1_62' title="bbox 557 3315 2045 3393; baseline 0.006 -25"><span class='ocrx_word' id='word_1_468' title='bbox 557 3319 600 3393; x_wconf 56' lang='lat' dir='ltr'><strong>&#39;f</strong></span> <span class='ocrx_word' id='word_1_469' title='bbox 644 3315 751 3393; x_wconf 71' lang='lat' dir='ltr'><strong>Nec</strong></span> <span class='ocrx_word' id='word_1_470' title='bbox 776 3328 1016 3393; x_wconf 85' lang='lat' dir='ltr'><strong>tamen...</strong></span> <span class='ocrx_word' id='word_1_471' title='bbox 1036 3318 1328 3393; x_wconf 75' lang='lat' dir='ltr'><strong>disciplina</strong></span> <span class='ocrx_word' id='word_1_472' title='bbox 1359 3318 1556 3373; x_wconf 86' lang='lat' dir='ltr'><strong>desunt</strong></span> <span class='ocrx_word' id='word_1_473' title='bbox 1586 3319 1637 3373; x_wconf 91' lang='lat' dir='ltr'><strong>in</strong></span> <span class='ocrx_word' id='word_1_474' title='bbox 1671 3320 1831 3393; x_wconf 77' lang='lat' dir='ltr'><strong>eodd.</strong></span> <span class='ocrx_word' id='word_1_475' title='bbox 1866 3322 2045 3393; x_wconf 86' lang='lat' dir='ltr'><strong>Lipss.</strong></span> 
     </span>
    </p>
   </div>
   <div class='ocr_carea' id='block_1_63' title="bbox 2229 3201 3743 3271">
    <p class='ocr_par' dir='ltr' id='par_1_63' title="bbox 2229 3201 3743 3271">
     <span class='ocr_line' id='line_1_63' title="bbox 2229 3201 3743 3271; baseline -0.009 -4"><span class='ocrx_word' id='word_1_476' title='bbox 2229 3210 2399 3267; x_wconf 74' lang='lat' dir='ltr'><strong>XXV.</strong></span> <span class='ocrx_word' id='word_1_477' title='bbox 2442 3210 2519 3264; x_wconf 83' lang='lat' dir='ltr'><strong>Ex</strong></span> <span class='ocrx_word' id='word_1_478' title='bbox 2547 3208 2695 3264; x_wconf 91' lang='lat' dir='ltr'><strong>omni</strong></span> <span class='ocrx_word' id='word_1_479' title='bbox 2721 3207 2851 3261; x_wconf 87' lang='lat' dir='ltr'><strong>orbe</strong></span> <span class='ocrx_word' id='word_1_480' title='bbox 2877 3213 3150 3258; x_wconf 84' lang='lat' dir='ltr'><strong>terrarum</strong></span> <span class='ocrx_word' id='word_1_481' title='bbox 3182 3201 3322 3255; x_wconf 81' lang='lat' dir='ltr'><strong>Medi</strong></span> <span class='ocrx_word' id='word_1_482' title='bbox 3350 3201 3463 3271; x_wconf 88' lang='lat'><strong>(99)</strong></span> <span class='ocrx_word' id='word_1_483' title='bbox 3495 3208 3743 3255; x_wconf 79' lang='lat' dir='ltr'><strong>tantum-</strong></span> 
     </span>
    </p>
   </div>
   <div class='ocr_carea' id='block_1_64' title="bbox 2126 3315 3737 3387">
    <p class='ocr_par' dir='ltr' id='par_1_64' title="bbox 2126 3315 3737 3387">
     <span class='ocr_line' id='line_1_64' title="bbox 2126 3315 3737 3387; baseline -0.006 -9"><span class='ocrx_word' id='word_1_484' title='bbox 2126 3327 2169 3356; x_wconf 83' lang='lat'><strong>&quot;</strong></span> <span class='ocrx_word' id='word_1_485' title='bbox 2200 3323 2310 3378; x_wconf 86' lang='lat' dir='ltr'><strong>Nec</strong></span> <span class='ocrx_word' id='word_1_486' title='bbox 2341 3332 2586 3376; x_wconf 86' lang='lat' dir='ltr'><strong>tamen...</strong></span> <span class='ocrx_word' id='word_1_487' title='bbox 2616 3320 2841 3382; x_wconf 83' lang='lat' dir='ltr'><strong>habent,</strong></span> <span class='ocrx_word' id='word_1_488' title='bbox 2872 3320 2935 3379; x_wconf 87' lang='lat' dir='ltr'><strong>etl</strong></span> <span class='ocrx_word' id='word_1_489' title='bbox 2954 3318 3118 3387; x_wconf 89' lang='lat' dir='ltr'><strong>paulo</strong></span> <span class='ocrx_word' id='word_1_490' title='bbox 3143 3315 3319 3370; x_wconf 77' lang='lat' dir='ltr'><strong>infra:</strong></span> <span class='ocrx_word' id='word_1_491' title='bbox 3349 3326 3397 3370; x_wconf 84' lang='lat' dir='ltr'><strong>et</strong></span> <span class='ocrx_word' id='word_1_492' title='bbox 3428 3316 3737 3384; x_wconf 80' lang='lat' dir='ltr'><strong>nunquid...</strong></span> 
     </span>
    </p>
   </div>
   <div class='ocr_carea' id='block_1_65' title="bbox 486 3386 3739 3465">
    <p class='ocr_par' dir='ltr' id='par_1_65' title="bbox 486 3386 3739 3465">
     <span class='ocr_line' id='line_1_65' title="bbox 486 3386 3739 3465; baseline 0 -24"><span class='ocrx_word' id='word_1_493' title='bbox 486 3386 996 3465; x_wconf 33' lang='lat' dir='ltr'><strong>habuerint‘pariter</strong></span> <span class='ocrx_word' id='word_1_494' title='bbox 1017 3390 1214 3442; x_wconf 89' lang='lat' dir='ltr'><strong>desunt</strong></span> <span class='ocrx_word' id='word_1_495' title='bbox 1241 3389 1294 3465; x_wconf 74' lang='lat' dir='ltr'><strong>in</strong></span> <span class='ocrx_word' id='word_1_496' title='bbox 1336 3390 1758 3465; x_wconf 59' lang='lat' dir='ltr'><strong>utroquecodd.</strong></span> <span class='ocrx_word' id='word_1_497' title='bbox 1779 3386 1958 3462; x_wconf 53' lang='lat' dir='ltr'><strong>Lipss&#39;.</strong></span> <span class='ocrx_word' id='word_1_498' title='bbox 2030 3395 2076 3427; x_wconf 76' lang='grc'>⁸⁸</span> <span class='ocrx_word' id='word_1_499' title='bbox 2094 3393 2392 3465; x_wconf 84' lang='lat' dir='ltr'><strong>Cumque...</strong></span> <span class='ocrx_word' id='word_1_500' title='bbox 2425 3403 2604 3461; x_wconf 85' lang='lat' dir='ltr'><strong>poetas</strong></span> <span class='ocrx_word' id='word_1_501' title='bbox 2626 3394 2879 3459; x_wconf 82' lang='lat' dir='ltr'><strong>producat</strong></span> <span class='ocrx_word' id='word_1_502' title='bbox 2904 3386 2967 3443; x_wconf 83' lang='lat' dir='ltr'><strong>et</strong></span> <span class='ocrx_word' id='word_1_503' title='bbox 2985 3390 3040 3441; x_wconf 92' lang='lat' dir='ltr'><strong>in</strong></span> <span class='ocrx_word' id='word_1_504' title='bbox 3067 3387 3173 3442; x_wconf 82' lang='lat' dir='ltr'><strong>[ine</strong></span> <span class='ocrx_word' id='word_1_505' title='bbox 3202 3387 3366 3456; x_wconf 90' lang='lat' dir='ltr'><strong>hujus</strong></span> <span class='ocrx_word' id='word_1_506' title='bbox 3398 3402 3520 3457; x_wconf 78' lang='lat' dir='ltr'><strong>cap.</strong></span> <span class='ocrx_word' id='word_1_507' title='bbox 3544 3403 3739 3456; x_wconf 81' lang='lat' dir='ltr'><strong>ergo...</strong></span> 
     </span>
    </p>
   </div>
   <div class='ocr_carea' id='block_1_66' title="bbox 485 3458 1678 3529">
    <p class='ocr_par' dir='ltr' id='par_1_66' title="bbox 485 3458 1678 3529">
     <span class='ocr_line' id='line_1_66' title="bbox 485 3458 1678 3529; baseline 0.001 -16"><span class='ocrx_word' id='word_1_508' title='bbox 485 3458 817 3514; x_wconf 79' lang='lat' dir='ltr'><strong>constellatio</strong></span> <span class='ocrx_word' id='word_1_509' title='bbox 842 3458 1224 3513; x_wconf 86' lang='lat' dir='ltr'><strong>desiderantur</strong></span> <span class='ocrx_word' id='word_1_510' title='bbox 1253 3458 1306 3511; x_wconf 93' lang='lat' dir='ltr'><strong>in</strong></span> <span class='ocrx_word' id='word_1_511' title='bbox 1339 3459 1496 3514; x_wconf 88' lang='lat' dir='ltr'><strong>codd.</strong></span> <span class='ocrx_word' id='word_1_512' title='bbox 1528 3458 1678 3529; x_wconf 88' lang='lat' dir='ltr'><strong>Lips.</strong></span> 
     </span>
    </p>
   </div>
   <div class='ocr_carea' id='block_1_67' title="bbox 1831 3574 2468 3635">
    <p class='ocr_par' dir='ltr' id='par_1_67' title="bbox 1831 3574 2468 3635">
     <span class='ocr_line' id='line_1_67' title="bbox 1831 3574 2468 3635; baseline 0.005 -5"><span class='ocrx_word' id='word_1_513' title='bbox 1831 3574 1966 3631; x_wconf 83' lang='lat' dir='ltr'><strong>COT</strong></span> <span class='ocrx_word' id='word_1_514' title='bbox 1979 3578 2199 3632; x_wconf 82' lang='lat' dir='ltr'><strong>ELERll</strong></span> <span class='ocrx_word' id='word_1_515' title='bbox 2237 3577 2468 3635; x_wconf 62' lang='lat' dir='ltr'><strong>NOTxE.</strong></span> 
     </span>
    </p>
   </div>
   <div class='ocr_carea' id='block_1_68' title="bbox 486 3685 2056 3763">
    <p class='ocr_par' dir='ltr' id='par_1_68' title="bbox 486 3685 2056 3763">
     <span class='ocr_line' id='line_1_68' title="bbox 486 3685 2056 3763; baseline 0.005 -21"><span class='ocrx_word' id='word_1_516' title='bbox 486 3686 605 3763; x_wconf 39' lang='lat' dir='ltr'><strong>bus‘</strong></span> <span class='ocrx_word' id='word_1_517' title='bbox 618 3685 816 3763; x_wconf 53' lang='grc' dir='ltr'><strong>Δῐξεηςξῇἰε</strong></span> <span class='ocrx_word' id='word_1_518' title='bbox 848 3690 1218 3763; x_wconf 70' lang='lat' dir='ltr'><strong>emendandus</strong></span> <span class='ocrx_word' id='word_1_519' title='bbox 1258 3692 1405 3763; x_wconf 88' lang='lat' dir='ltr'><strong>venit</strong></span> <span class='ocrx_word' id='word_1_520' title='bbox 1432 3691 1805 3763; x_wconf 61' lang='lat' dir='ltr'><strong>pardesanes,</strong></span> <span class='ocrx_word' id='word_1_521' title='bbox 1834 3694 2056 3763; x_wconf 88' lang='lat' dir='ltr'><strong>ibidem,</strong></span> 
     </span>
    </p>
   </div>
   <div class='ocr_carea' id='block_1_69' title="bbox 488 3756 2055 3881">
    <p class='ocr_par' dir='ltr' id='par_1_69' title="bbox 488 3756 2055 3881">
     <span class='ocr_line' id='line_1_69' title="bbox 488 3756 2055 3881; baseline 0.005 -70"><span class='ocrx_word' id='word_1_522' title='bbox 488 3774 542 3881; x_wconf 67' lang='lat' dir='ltr'><strong>Ii.</strong></span> <span class='ocrx_word' id='word_1_523' title='bbox 576 3756 701 3839; x_wconf 54' lang='grc'><strong>280,</strong></span> <span class='ocrx_word' id='word_1_524' title='bbox 734 3758 798 3819; x_wconf 82' lang='grc' dir='ltr'><strong>Α,</strong></span> <span class='ocrx_word' id='word_1_525' title='bbox 834 3759 982 3828; x_wconf 80' lang='grc' dir='ltr'><strong>παρὰ</strong></span> <span class='ocrx_word' id='word_1_526' title='bbox 1011 3760 1274 3830; x_wconf 79' lang='grc' dir='ltr'><strong>Βάκτροις</strong></span> <span class='ocrx_word' id='word_1_527' title='bbox 1307 3762 1398 3815; x_wconf 77' lang='grc' dir='ltr'>καὶ</span> <span class='ocrx_word' id='word_1_528' title='bbox 1430 3761 1638 3832; x_wconf 73' lang='grc' dir='ltr'><strong>Γηλοις,</strong></span> <span class='ocrx_word' id='word_1_529' title='bbox 1672 3778 1779 3843; x_wconf 78' lang='lat' dir='ltr'><strong>non</strong></span> <span class='ocrx_word' id='word_1_530' title='bbox 1810 3756 2055 3843; x_wconf 50' lang='lat' dir='ltr'><strong>fallam.</strong></span> 
     </span>
     <span class='ocr_line' id='line_1_70' title="bbox 516 3828 2055 3881; baseline 0.001 -1"><span class='ocrx_word' id='word_1_531' title='bbox 516 3828 841 3881; x_wconf 73' lang='lat' dir='ltr'><strong>ndtliaenter</strong></span> <span class='ocrx_word' id='word_1_532' title='bbox 869 3837 1045 3881; x_wconf 83' lang='lat' dir='ltr'><strong>autem</strong></span> <span class='ocrx_word' id='word_1_533' title='bbox 1078 3830 1440 3881; x_wconf 83' lang='lat' dir='ltr'><strong>Bardesanem</strong></span> <span class='ocrx_word' id='word_1_534' title='bbox 1472 3847 1533 3881; x_wconf 88' lang='lat' dir='ltr'><strong>ac</strong></span> <span class='ocrx_word' id='word_1_535' title='bbox 1556 3831 1946 3881; x_wconf 75' lang='lat' dir='ltr'><strong>Recoamtmnes</strong></span> <span class='ocrx_word' id='word_1_536' title='bbox 1972 3837 2055 3881; x_wconf 76' lang='lat' dir='ltr'><strong>hic</strong></span> 
     </span>
    </p>
   </div>
   <div class='ocr_carea' id='block_1_70' title="bbox 516 3828 2059 3901">
    <p class='ocr_par' dir='ltr' id='par_1_70' title="bbox 516 3828 2059 3901">
     <span class='ocr_line' id='line_1_71' title="bbox 516 3828 2059 3901; baseline 0.006 -21"><span class='ocrx_word' id='word_1_537' title='bbox 516 3828 843 3901; x_wconf 80' lang='lat' dir='ltr'><strong>ndiligenter</strong></span> <span class='ocrx_word' id='word_1_538' title='bbox 869 3837 1045 3901; x_wconf 72' lang='lat' dir='ltr'><strong>autem</strong></span> <span class='ocrx_word' id='word_1_539' title='bbox 1078 3828 1440 3885; x_wconf 85' lang='lat' dir='ltr'><strong>Bardesanem</strong></span> <span class='ocrx_word' id='word_1_540' title='bbox 1472 3828 1533 3885; x_wconf 81' lang='lat' dir='ltr'><strong>ac</strong></span> <span class='ocrx_word' id='word_1_541' title='bbox 1556 3831 1946 3901; x_wconf 83' lang='lat' dir='ltr'><strong>Recognitiones</strong></span> <span class='ocrx_word' id='word_1_542' title='bbox 1972 3837 2059 3889; x_wconf 86' lang='lat' dir='ltr'><strong>hic.</strong></span> 
     </span>
    </p>
   </div>
   <div class='ocr_carea' id='block_1_71' title="bbox 492 3896 2061 3965">
    <p class='ocr_par' dir='ltr' id='par_1_71' title="bbox 492 3896 2061 3965">
     <span class='ocr_line' id='line_1_72' title="bbox 492 3896 2061 3965; baseline 0.006 -15"><span class='ocrx_word' id='word_1_543' title='bbox 492 3898 621 3965; x_wconf 86' lang='lat' dir='ltr'><strong>legit</strong></span> <span class='ocrx_word' id='word_1_544' title='bbox 651 3896 939 3953; x_wconf 64' lang='lat' dir='ltr'><strong>Ctesarius.</strong></span> <span class='ocrx_word' id='word_1_545' title='bbox 973 3896 1205 3954; x_wconf 76' lang='lat' dir='ltr'><strong>Rulinus</strong></span> <span class='ocrx_word' id='word_1_546' title='bbox 1228 3917 1356 3955; x_wconf 89' lang='lat' dir='ltr'><strong>vero</strong></span> <span class='ocrx_word' id='word_1_547' title='bbox 1398 3902 1628 3956; x_wconf 85' lang='lat' dir='ltr'><strong>habebat</strong></span> <span class='ocrx_word' id='word_1_548' title='bbox 1658 3896 1711 3955; x_wconf 77' lang='lat' dir='ltr'><strong>in</strong></span> <span class='ocrx_word' id='word_1_549' title='bbox 1744 3903 1930 3959; x_wconf 88' lang='lat' dir='ltr'><strong>codice</strong></span> <span class='ocrx_word' id='word_1_550' title='bbox 1960 3922 2061 3959; x_wconf 90' lang='lat' dir='ltr'><strong>suo</strong></span> 
     </span>
    </p>
   </div>
   <div class='ocr_carea' id='block_1_72' title="bbox 491 3967 2061 4045">
    <p class='ocr_par' dir='ltr' id='par_1_72' title="bbox 491 3967 2061 4045">
     <span class='ocr_line' id='line_1_73' title="bbox 491 3967 2061 4045; baseline 0.007 -26"><span class='ocrx_word' id='word_1_551' title='bbox 491 3967 852 4045; x_wconf 67' lang='grc' dir='ltr'><strong>ῥινανδρείους,</strong></span> <span class='ocrx_word' id='word_1_552' title='bbox 885 3985 989 4045; x_wconf 77' lang='lat' dir='ltr'><strong>non</strong></span> <span class='ocrx_word' id='word_1_553' title='bbox 1022 3971 1315 4045; x_wconf 58' lang='lat' dir='ltr'><strong>dv§ps£oug.</strong></span> <span class='ocrx_word' id='word_1_554' title='bbox 1346 3971 1570 4045; x_wconf 51' lang='lat' dir='ltr'><strong>(lor-fige</strong></span> <span class='ocrx_word' id='word_1_555' title='bbox 1612 3972 1789 4026; x_wconf 88' lang='lat' dir='ltr'><strong>obiter</strong></span> <span class='ocrx_word' id='word_1_556' title='bbox 1818 3973 2061 4045; x_wconf 76' lang='lat' dir='ltr'><strong>Scylaris</strong></span> 
     </span>
    </p>
   </div>
   <div class='ocr_carea' id='block_1_73' title="bbox 490 3984 2064 4114">
    <p class='ocr_par' dir='ltr' id='par_1_73' title="bbox 490 3984 2064 4114">
     <span class='ocr_line' id='line_1_74' title="bbox 491 3984 2061 4089; baseline 0.006 -69"><span class='ocrx_word' id='word_1_557' title='bbox 491 3984 852 4089; x_wconf 65' lang='lat' dir='ltr'><strong>avavopetouq,</strong></span> <span class='ocrx_word' id='word_1_558' title='bbox 885 3985 989 4023; x_wconf 90' lang='lat' dir='ltr'><strong>non</strong></span> <span class='ocrx_word' id='word_1_559' title='bbox 1022 3984 1315 4041; x_wconf 71' lang='grc' dir='ltr'><strong>ανῡρειους.</strong></span> <span class='ocrx_word' id='word_1_560' title='bbox 1346 3984 1570 4041; x_wconf 62' lang='lat' dir='ltr'><strong>corrige</strong></span> <span class='ocrx_word' id='word_1_561' title='bbox 1612 3984 1789 4026; x_wconf 81' lang='lat' dir='ltr'><strong>Obllel‘</strong></span> <span class='ocrx_word' id='word_1_562' title='bbox 1818 3984 2061 4045; x_wconf 75' lang='lat' dir='ltr'><strong>Scylaris</strong></span> 
     </span>
     <span class='ocr_line' id='line_1_75' title="bbox 490 4032 2064 4114; baseline 0.005 -24"><span class='ocrx_word' id='word_1_563' title='bbox 490 4036 654 4107; x_wconf 80' lang='lat' dir='ltr'><strong>Perip</strong></span> <span class='ocrx_word' id='word_1_564' title='bbox 677 4054 766 4114; x_wconf 79' lang='lat' dir='ltr'><strong>unt</strong></span> <span class='ocrx_word' id='word_1_565' title='bbox 805 4040 980 4114; x_wconf 75' lang='lat' dir='ltr'><strong>capite</strong></span> <span class='ocrx_word' id='word_1_566' title='bbox 1008 4032 1073 4114; x_wconf 78' lang='lat' dir='ltr'><strong>de</strong></span> <span class='ocrx_word' id='word_1_567' title='bbox 1094 4037 1347 4114; x_wconf 84' lang='lat' dir='ltr'><strong>Liburnis</strong></span> <span class='ocrx_word' id='word_1_568' title='bbox 1366 4036 1556 4114; x_wconf 40' lang='lat'><strong>{03519:</strong></span> <span class='ocrx_word' id='word_1_569' title='bbox 1581 4044 2064 4114; x_wconf 56' lang='lat' dir='ltr'><strong>‘(uvatxoxpa&#39;roﬁv-</strong></span> 
     </span>
    </p>
   </div>
   <div class='ocr_carea' id='block_1_74' title="bbox 490 4109 2061 4185">
    <p class='ocr_par' dir='ltr' id='par_1_74' title="bbox 490 4109 2061 4185">
     <span class='ocr_line' id='line_1_76' title="bbox 490 4109 2061 4185; baseline 0.004 -25"><span class='ocrx_word' id='word_1_570' title='bbox 490 4123 613 4160; x_wconf 81' lang='grc' dir='ltr'><strong>ται·</strong></span> <span class='ocrx_word' id='word_1_571' title='bbox 648 4109 740 4161; x_wconf 69' lang='grc' dir='ltr'><strong>καὶ</strong></span> <span class='ocrx_word' id='word_1_572' title='bbox 754 4109 932 4185; x_wconf 24' lang='grc' dir='ltr'><strong>εἰσιν,</strong></span> <span class='ocrx_word' id='word_1_573' title='bbox 968 4111 1024 4185; x_wconf 78' lang='lat' dir='ltr'><strong>ai.</strong></span> <span class='ocrx_word' id='word_1_574' title='bbox 1070 4111 1579 4185; x_wconf 46' lang='lat' dir='ltr'><strong>rogatusedvdptbu</strong></span> <span class='ocrx_word' id='word_1_575' title='bbox 1603 4109 1898 4185; x_wconf 78' lang='grc' dir='ltr'>ὲλευθέρών</span> <span class='ocrx_word' id='word_1_576' title='bbox 1921 4131 1933 4143; x_wconf 90' lang='grc'><strong>·</strong></span> <span class='ocrx_word' id='word_1_577' title='bbox 1974 4115 2061 4185; x_wconf 70' lang='grc' dir='ltr'><strong>μί-</strong></span> 
     </span>
    </p>
   </div>
   <div class='ocr_carea' id='block_1_75' title="bbox 494 4178 2063 4265">
    <p class='ocr_par' dir='ltr' id='par_1_75' title="bbox 494 4178 2063 4265">
     <span class='ocr_line' id='line_1_77' title="bbox 494 4178 2063 4265; baseline 0.004 -36"><span class='ocrx_word' id='word_1_578' title='bbox 494 4194 733 4265; x_wconf 56' lang='grc' dir='ltr'><strong>σγονῖᾳιῇ</strong></span> <span class='ocrx_word' id='word_1_579' title='bbox 749 4178 805 4265; x_wconf 64' lang='grc' dir='ltr'><strong>δξ</strong></span> <span class='ocrx_word' id='word_1_580' title='bbox 848 4183 961 4265; x_wconf 59' lang='grc' dir='ltr'><strong>τοῖς</strong></span> <span class='ocrx_word' id='word_1_581' title='bbox 1002 4181 1207 4265; x_wconf 65' lang='grc' dir='ltr'>ὲαυῖῶν</span> <span class='ocrx_word' id='word_1_582' title='bbox 1239 4178 1472 4265; x_wconf 47' lang='grc' dir='ltr'><strong>δριὸλεξιλςξ</strong></span> <span class='ocrx_word' id='word_1_583' title='bbox 1498 4182 1592 4235; x_wconf 84' lang='grc' dir='ltr'><strong>καὶ</strong></span> <span class='ocrx_word' id='word_1_584' title='bbox 1616 4185 1733 4265; x_wconf 52' lang='lat' dir='ltr'><strong>Eoi;</strong></span> <span class='ocrx_word' id='word_1_585' title='bbox 1765 4178 2063 4265; x_wconf 43' lang='lat' dir='ltr'><strong>ﬁhnlctpitb-</strong></span> 
     </span>
    </p>
   </div>
   <div class='ocr_carea' id='block_1_76' title="bbox 496 4248 2065 4324">
    <p class='ocr_par' dir='ltr' id='par_1_76' title="bbox 496 4248 2065 4324">
     <span class='ocr_line' id='line_1_78' title="bbox 496 4248 2065 4324; baseline 0.004 -24"><span class='ocrx_word' id='word_1_586' title='bbox 496 4265 607 4324; x_wconf 76' lang='grc' dir='ltr'><strong>ροις</strong></span> <span class='ocrx_word' id='word_1_587' title='bbox 637 4248 886 4324; x_wconf 43' lang='grc' dir='ltr'><strong>ἀνδρᾴσιῖ</strong></span> <span class='ocrx_word' id='word_1_588' title='bbox 914 4248 1246 4319; x_wconf 86' lang='lat' dir='ltr'><strong>Legendum.</strong></span> <span class='ocrx_word' id='word_1_589' title='bbox 1271 4251 1580 4324; x_wconf 53' lang='lat' dir='ltr'><strong>eisdeepat._</strong></span> <span class='ocrx_word' id='word_1_590' title='bbox 1610 4251 1680 4324; x_wconf 78' lang='lat' dir='ltr'><strong>Hi</strong></span> <span class='ocrx_word' id='word_1_591' title='bbox 1701 4248 1942 4324; x_wconf 82' lang='lat' dir='ltr'><strong>muliebri</strong></span> <span class='ocrx_word' id='word_1_592' title='bbox 1960 4248 2065 4307; x_wconf 70' lang='lat' dir='ltr'><strong>iiu-</strong></span> 
     </span>
    </p>
   </div>
   <div class='ocr_carea' id='block_1_77' title="bbox 491 4319 2060 4388">
    <p class='ocr_par' dir='ltr' id='par_1_77' title="bbox 491 4319 2060 4388">
     <span class='ocr_line' id='line_1_79' title="bbox 491 4319 2060 4388; baseline 0.005 -19"><span class='ocrx_word' id='word_1_593' title='bbox 491 4319 635 4386; x_wconf 86' lang='lat' dir='ltr'><strong>perio</strong></span> <span class='ocrx_word' id='word_1_594' title='bbox 667 4319 886 4387; x_wconf 78' lang='lat' dir='ltr'><strong>subjecti</strong></span> <span class='ocrx_word' id='word_1_595' title='bbox 916 4330 1038 4372; x_wconf 86' lang='lat' dir='ltr'><strong>sunt</strong></span> <span class='ocrx_word' id='word_1_596' title='bbox 1069 4335 1087 4373; x_wconf 90' lang='lat'><strong><em>:</em></strong></span> <span class='ocrx_word' id='word_1_597' title='bbox 1117 4331 1165 4373; x_wconf 87' lang='lat' dir='ltr'><strong>et</strong></span> <span class='ocrx_word' id='word_1_598' title='bbox 1194 4321 1437 4376; x_wconf 80' lang='lat' dir='ltr'><strong>mulieres</strong></span> <span class='ocrx_word' id='word_1_599' title='bbox 1464 4319 1505 4375; x_wconf 81' lang='grc' dir='ltr'>ἀ</span> <span class='ocrx_word' id='word_1_600' title='bbox 1534 4322 1661 4376; x_wconf 84' lang='lat' dir='ltr'><strong>viris</strong></span> <span class='ocrx_word' id='word_1_601' title='bbox 1688 4333 1809 4376; x_wconf 81' lang='lat' dir='ltr'><strong>sunt</strong></span> <span class='ocrx_word' id='word_1_602' title='bbox 1846 4322 2060 4388; x_wconf 77' lang='lat' dir='ltr'><strong>liberte;</strong></span> 
     </span>
    </p>
   </div>
   <div class='ocr_carea' id='block_1_78' title="bbox 493 4390 2063 4471">
    <p class='ocr_par' dir='ltr' id='par_1_78' title="bbox 493 4390 2063 4471">
     <span class='ocr_line' id='line_1_80' title="bbox 493 4390 2063 4471; baseline 0.006 -31"><span class='ocrx_word' id='word_1_603' title='bbox 493 4390 777 4471; x_wconf 62' lang='lat' dir='ltr'><strong>miscentur</strong></span> <span class='ocrx_word' id='word_1_604' title='bbox 799 4400 973 4443; x_wconf 88' lang='lat' dir='ltr'><strong>autem</strong></span> <span class='ocrx_word' id='word_1_605' title='bbox 1003 4406 1119 4443; x_wconf 74' lang='lat' dir='ltr'><strong>cum</strong></span> <span class='ocrx_word' id='word_1_606' title='bbox 1151 4392 1259 4445; x_wconf 81' lang='lat' dir='ltr'><strong>suis</strong></span> <span class='ocrx_word' id='word_1_607' title='bbox 1283 4394 1465 4457; x_wconf 81' lang='lat' dir='ltr'><strong>servis,</strong></span> <span class='ocrx_word' id='word_1_608' title='bbox 1490 4392 1879 4465; x_wconf 83' lang='lat' dir='ltr'><strong>vicinarumque</strong></span> <span class='ocrx_word' id='word_1_609' title='bbox 1895 4395 2063 4465; x_wconf 81' lang='lat' dir='ltr'><strong>regio-</strong></span> 
     </span>
    </p>
   </div>
   <div class='ocr_carea' id='block_1_79' title="bbox 494 4474 802 4513">
    <p class='ocr_par' dir='ltr' id='par_1_79' title="bbox 494 4474 802 4513">
     <span class='ocr_line' id='line_1_81' title="bbox 494 4474 802 4513; baseline 0.006 -2"><span class='ocrx_word' id='word_1_610' title='bbox 494 4475 618 4513; x_wconf 83' lang='lat' dir='ltr'><strong>num</strong></span> <span class='ocrx_word' id='word_1_611' title='bbox 650 4474 802 4513; x_wconf 74' lang='grc' dir='ltr'><strong>υιηε.</strong></span> 
     </span>
    </p>
   </div>
   <div class='ocr_carea' id='block_1_80' title="bbox 563 4524 2060 4599">
    <p class='ocr_par' dir='ltr' id='par_1_80' title="bbox 563 4524 2060 4599">
     <span class='ocr_line' id='line_1_82' title="bbox 563 4524 2060 4599; baseline 0.004 -16"><span class='ocrx_word' id='word_1_612' title='bbox 563 4527 676 4599; x_wconf 75' lang='lat'><strong>(95)</strong></span> <span class='ocrx_word' id='word_1_613' title='bbox 711 4526 866 4599; x_wconf 78' lang='lat' dir='ltr'><strong>Apud</strong></span> <span class='ocrx_word' id='word_1_614' title='bbox 914 4524 1119 4585; x_wconf 81' lang='lat' dir='ltr'><strong>Gallos.</strong></span> <span class='ocrx_word' id='word_1_615' title='bbox 1164 4528 1222 4585; x_wconf 83' lang='lat' dir='ltr'><strong>1d</strong></span> <span class='ocrx_word' id='word_1_616' title='bbox 1271 4531 1436 4587; x_wconf 89' lang='lat' dir='ltr'><strong>etiam</strong></span> <span class='ocrx_word' id='word_1_617' title='bbox 1487 4540 1756 4587; x_wconf 86' lang='lat' dir='ltr'><strong>testantur</strong></span> <span class='ocrx_word' id='word_1_618' title='bbox 1790 4531 2060 4589; x_wconf 84' lang='lat' dir='ltr'><strong>Diodorus</strong></span> 
     </span>
    </p>
   </div>
   <div class='ocr_carea' id='block_1_81' title="bbox 495 4596 1627 4664">
    <p class='ocr_par' dir='ltr' id='par_1_81' title="bbox 495 4596 1627 4664">
     <span class='ocr_line' id='line_1_83' title="bbox 495 4596 1627 4664; baseline 0.006 -12"><span class='ocrx_word' id='word_1_619' title='bbox 495 4596 735 4656; x_wconf 85' lang='lat' dir='ltr'><strong>Siculus.</strong></span> <span class='ocrx_word' id='word_1_620' title='bbox 760 4596 860 4654; x_wconf 86' lang='lat' dir='ltr'><strong>lib.</strong></span> <span class='ocrx_word' id='word_1_621' title='bbox 886 4615 940 4661; x_wconf 80' lang='grc' dir='ltr'>ν.</span> <span class='ocrx_word' id='word_1_622' title='bbox 967 4608 1021 4654; x_wconf 92' lang='lat' dir='ltr'><strong>et</strong></span> <span class='ocrx_word' id='word_1_623' title='bbox 1047 4601 1361 4664; x_wconf 67' lang='lat' dir='ltr'><strong>Athenaeus,</strong></span> <span class='ocrx_word' id='word_1_624' title='bbox 1388 4602 1480 4657; x_wconf 89' lang='lat' dir='ltr'><strong>lih.</strong></span> <span class='ocrx_word' id='word_1_625' title='bbox 1509 4617 1627 4659; x_wconf 76' lang='lat' dir='ltr'><strong>xm.</strong></span> 
     </span>
    </p>
   </div>
   <div class='ocr_carea' id='block_1_82' title="bbox 564 4667 2070 4743">
    <p class='ocr_par' dir='ltr' id='par_1_82' title="bbox 564 4667 2070 4743">
     <span class='ocr_line' id='line_1_84' title="bbox 564 4667 2070 4743; baseline 0.005 -22"><span class='ocrx_word' id='word_1_626' title='bbox 564 4667 681 4743; x_wconf 67' lang='lat'><strong>(96)</strong></span> <span class='ocrx_word' id='word_1_627' title='bbox 720 4667 786 4722; x_wconf 88' lang='lat' dir='ltr'><strong>In</strong></span> <span class='ocrx_word' id='word_1_628' title='bbox 806 4668 1112 4743; x_wconf 62' lang='lat' dir='ltr'><strong>_Britannia.:</strong></span> <span class='ocrx_word' id='word_1_629' title='bbox 1131 4670 1409 4743; x_wconf 70' lang='lat' dir='ltr'><strong>partibus,</strong></span> <span class='ocrx_word' id='word_1_630' title='bbox 1434 4680 1542 4727; x_wconf 90' lang='lat' dir='ltr'><strong>etc.</strong></span> <span class='ocrx_word' id='word_1_631' title='bbox 1572 4673 1653 4743; x_wconf 75' lang='lat' dir='ltr'><strong>De</strong></span> <span class='ocrx_word' id='word_1_632' title='bbox 1681 4672 1921 4743; x_wconf 70' lang='lat' dir='ltr'><strong>antiquis</strong></span> <span class='ocrx_word' id='word_1_633' title='bbox 1951 4670 2070 4743; x_wconf 84' lang='lat' dir='ltr'><strong>Bri-</strong></span> 
     </span>
    </p>
   </div>
   <div class='ocr_carea' id='block_1_83' title="bbox 491 4738 2070 4797">
    <p class='ocr_par' dir='ltr' id='par_1_83' title="bbox 491 4738 2070 4797">
     <span class='ocr_line' id='line_1_85' title="bbox 491 4738 2070 4797; baseline 0.004 -6"><span class='ocrx_word' id='word_1_634' title='bbox 491 4738 677 4793; x_wconf 87' lang='lat' dir='ltr'><strong>tannis</strong></span> <span class='ocrx_word' id='word_1_635' title='bbox 706 4738 871 4792; x_wconf 89' lang='lat' dir='ltr'><strong>verba</strong></span> <span class='ocrx_word' id='word_1_636' title='bbox 919 4748 1046 4794; x_wconf 90' lang='lat' dir='ltr'><strong>sunt</strong></span> <span class='ocrx_word' id='word_1_637' title='bbox 1078 4738 1309 4795; x_wconf 74' lang='lat' dir='ltr'><strong>Caesaris</strong></span> <span class='ocrx_word' id='word_1_638' title='bbox 1356 4741 1451 4796; x_wconf 90' lang='lat' dir='ltr'><strong>lib.</strong></span> <span class='ocrx_word' id='word_1_639' title='bbox 1485 4759 1517 4795; x_wconf 90' lang='lat' dir='ltr'><strong>v</strong></span> <span class='ocrx_word' id='word_1_640' title='bbox 1559 4742 1636 4796; x_wconf 84' lang='lat' dir='ltr'><strong>De</strong></span> <span class='ocrx_word' id='word_1_641' title='bbox 1685 4738 1830 4797; x_wconf 73' lang='lat' dir='ltr'><strong>bello</strong></span> <span class='ocrx_word' id='word_1_642' title='bbox 1866 4741 2070 4797; x_wconf 87' lang='lat' dir='ltr'><strong>Gallico</strong></span> 
     </span>
    </p>
   </div>
   <div class='ocr_carea' id='block_1_84' title="bbox 494 4806 2070 4882">
    <p class='ocr_par' dir='ltr' id='par_1_84' title="bbox 494 4806 2070 4882">
     <span class='ocr_line' id='line_1_86' title="bbox 494 4806 2070 4882; baseline 0.004 -23"><span class='ocrx_word' id='word_1_643' title='bbox 494 4823 616 4878; x_wconf 82' lang='lat' dir='ltr'><strong>cap.</strong></span> <span class='ocrx_word' id='word_1_644' title='bbox 638 4810 670 4864; x_wconf 83' lang='lat'><strong>5</strong></span> <span class='ocrx_word' id='word_1_645' title='bbox 704 4828 716 4862; x_wconf 93' lang='lat'>:</span> <span class='ocrx_word' id='word_1_646' title='bbox 754 4806 958 4882; x_wconf 75' lang='lat' dir='ltr'><strong>Uxores</strong></span> <span class='ocrx_word' id='word_1_647' title='bbox 977 4809 1164 4882; x_wconf 82' lang='lat' dir='ltr'><strong>habent</strong></span> <span class='ocrx_word' id='word_1_648' title='bbox 1193 4810 1313 4863; x_wconf 85' lang='lat' dir='ltr'><strong>deni</strong></span> <span class='ocrx_word' id='word_1_649' title='bbox 1338 4811 1662 4882; x_wconf 82' lang='lat' dir='ltr'><strong>duodenique</strong></span> <span class='ocrx_word' id='word_1_650' title='bbox 1688 4814 1824 4867; x_wconf 87' lang='lat' dir='ltr'><strong>inter</strong></span> <span class='ocrx_word' id='word_1_651' title='bbox 1848 4830 1903 4866; x_wconf 86' lang='lat' dir='ltr'><strong>se</strong></span> <span class='ocrx_word' id='word_1_652' title='bbox 1926 4830 2070 4866; x_wconf 88' lang='lat' dir='ltr'><strong>com-</strong></span> 
     </span>
    </p>
   </div>
   <div class='ocr_carea' id='block_1_85' title="bbox 496 4880 2069 4953">
    <p class='ocr_par' dir='ltr' id='par_1_85' title="bbox 496 4880 2069 4953">
     <span class='ocr_line' id='line_1_87' title="bbox 496 4880 2069 4953; baseline 0.004 -23"><span class='ocrx_word' id='word_1_653' title='bbox 496 4894 703 4953; x_wconf 72' lang='lat' dir='ltr'><strong>munes.</strong></span> <span class='ocrx_word' id='word_1_654' title='bbox 728 4889 795 4953; x_wconf 7' lang='lat' dir='ltr'><strong>etg</strong></span> <span class='ocrx_word' id='word_1_655' title='bbox 814 4880 1042 4953; x_wconf 72' lang='lat' dir='ltr'><strong>niaxime</strong></span> <span class='ocrx_word' id='word_1_656' title='bbox 1074 4880 1266 4953; x_wconf 77' lang='lat' dir='ltr'><strong>{rhtres</strong></span> <span class='ocrx_word' id='word_1_657' title='bbox 1296 4897 1412 4953; x_wconf 84' lang='lat' dir='ltr'><strong>cum</strong></span> <span class='ocrx_word' id='word_1_658' title='bbox 1444 4880 1721 4949; x_wconf 78' lang='lat' dir='ltr'><strong>fratribus,</strong></span> <span class='ocrx_word' id='word_1_659' title='bbox 1751 4893 1801 4936; x_wconf 88' lang='lat' dir='ltr'><strong>et</strong></span> <span class='ocrx_word' id='word_1_660' title='bbox 1828 4894 2069 4953; x_wconf 87' lang='lat' dir='ltr'><strong>parentes</strong></span> 
     </span>
    </p>
   </div>
   <div class='ocr_carea' id='block_1_86' title="bbox 495 4949 2071 5007">
    <p class='ocr_par' dir='ltr' id='par_1_86' title="bbox 495 4949 2071 5007">
     <span class='ocr_line' id='line_1_88' title="bbox 495 4949 2071 5007; baseline 0.003 -7"><span class='ocrx_word' id='word_1_661' title='bbox 495 4963 615 5001; x_wconf 84' lang='lat' dir='ltr'><strong>cum</strong></span> <span class='ocrx_word' id='word_1_662' title='bbox 646 4950 842 5003; x_wconf 85' lang='lat' dir='ltr'><strong>liberis.</strong></span> <span class='ocrx_word' id='word_1_663' title='bbox 880 4949 953 5003; x_wconf 88' lang='lat' dir='ltr'><strong>De</strong></span> <span class='ocrx_word' id='word_1_664' title='bbox 980 4952 1151 5003; x_wconf 91' lang='lat' dir='ltr'><strong>multo</strong></span> <span class='ocrx_word' id='word_1_665' title='bbox 1180 4952 1573 5007; x_wconf 87' lang='lat' dir='ltr'><strong>recentioribus</strong></span> <span class='ocrx_word' id='word_1_666' title='bbox 1596 4961 1774 5007; x_wconf 88' lang='lat' dir='ltr'><strong>autem</strong></span> <span class='ocrx_word' id='word_1_667' title='bbox 1823 4949 1905 5006; x_wconf 85' lang='lat' dir='ltr'><strong>sui</strong></span> <span class='ocrx_word' id='word_1_668' title='bbox 1937 4962 2071 5007; x_wconf 89' lang='lat' dir='ltr'><strong>tem-</strong></span> 
     </span>
    </p>
   </div>
   <div class='ocr_carea' id='block_1_87' title="bbox 497 5019 2068 5089">
    <p class='ocr_par' dir='ltr' id='par_1_87' title="bbox 497 5019 2068 5089">
     <span class='ocr_line' id='line_1_89' title="bbox 497 5019 2068 5089; baseline 0.003 -17"><span class='ocrx_word' id='word_1_669' title='bbox 497 5021 651 5089; x_wconf 82' lang='lat' dir='ltr'><strong>poris</strong></span> <span class='ocrx_word' id='word_1_670' title='bbox 698 5021 771 5073; x_wconf 79' lang='lat' dir='ltr'><strong>ait</strong></span> <span class='ocrx_word' id='word_1_671' title='bbox 809 5019 1019 5080; x_wconf 82' lang='lat' dir='ltr'><strong>Gildas,</strong></span> <span class='ocrx_word' id='word_1_672' title='bbox 1051 5020 1104 5073; x_wconf 91' lang='lat' dir='ltr'><strong>in</strong></span> <span class='ocrx_word' id='word_1_673' title='bbox 1136 5019 1378 5089; x_wconf 77' lang='lat' dir='ltr'><strong>Epistula</strong></span> <span class='ocrx_word' id='word_1_674' title='bbox 1404 5022 1468 5075; x_wconf 86' lang='lat' dir='ltr'><strong>de</strong></span> <span class='ocrx_word' id='word_1_675' title='bbox 1496 5024 1700 5076; x_wconf 73' lang='lat' dir='ltr'><strong>excidio</strong></span> <span class='ocrx_word' id='word_1_676' title='bbox 1725 5022 2024 5076; x_wconf 72' lang='lat' dir='ltr'><strong>Britannice</strong></span> <span class='ocrx_word' id='word_1_677' title='bbox 2047 5039 2068 5076; x_wconf 89' lang='lat'><strong><em>:</em></strong></span> 
     </span>
    </p>
   </div>
   <div class='ocr_carea' id='block_1_88' title="bbox 498 5088 2067 5162">
    <p class='ocr_par' dir='ltr' id='par_1_88' title="bbox 498 5088 2067 5162">
     <span class='ocr_line' id='line_1_90' title="bbox 498 5088 2067 5162; baseline 0.001 -18"><span class='ocrx_word' id='word_1_678' title='bbox 498 5088 659 5162; x_wconf 80' lang='lat' dir='ltr'><strong>Reges</strong></span> <span class='ocrx_word' id='word_1_679' title='bbox 700 5090 853 5162; x_wconf 81' lang='lat' dir='ltr'><strong>habet</strong></span> <span class='ocrx_word' id='word_1_680' title='bbox 887 5088 1191 5151; x_wconf 86' lang='lat' dir='ltr'><strong>Britannia,</strong></span> <span class='ocrx_word' id='word_1_681' title='bbox 1218 5092 1305 5144; x_wconf 88' lang='lat' dir='ltr'><strong>sed</strong></span> <span class='ocrx_word' id='word_1_682' title='bbox 1343 5102 1631 5162; x_wconf 79' lang='lat' dir='ltr'><strong>tyrannos;</strong></span> <span class='ocrx_word' id='word_1_683' title='bbox 1655 5092 1860 5159; x_wconf 85' lang='lat' dir='ltr'><strong>judices</strong></span> <span class='ocrx_word' id='word_1_684' title='bbox 1892 5092 2067 5155; x_wconf 85' lang='lat' dir='ltr'><strong>habet,</strong></span> 
     </span>
    </p>
   </div>
   <div class='ocr_carea' id='block_1_89' title="bbox 497 5159 2072 5229">
    <p class='ocr_par' dir='ltr' id='par_1_89' title="bbox 497 5159 2072 5229">
     <span class='ocr_line' id='line_1_91' title="bbox 497 5159 2072 5229; baseline 0.001 -16"><span class='ocrx_word' id='word_1_685' title='bbox 497 5159 589 5213; x_wconf 83' lang='lat' dir='ltr'><strong>sed</strong></span> <span class='ocrx_word' id='word_1_686' title='bbox 616 5161 826 5226; x_wconf 83' lang='lat' dir='ltr'><strong>impios,</strong></span> <span class='ocrx_word' id='word_1_687' title='bbox 859 5177 994 5229; x_wconf 72' lang='lat' dir='ltr'><strong>strpe</strong></span> <span class='ocrx_word' id='word_1_688' title='bbox 1021 5162 1337 5229; x_wconf 75' lang='lat' dir='ltr'><strong>prwdantes,</strong></span> <span class='ocrx_word' id='word_1_689' title='bbox 1362 5159 1409 5215; x_wconf 79' lang='lat' dir='ltr'><strong>et</strong></span> <span class='ocrx_word' id='word_1_690' title='bbox 1439 5164 1787 5216; x_wconf 86' lang='lat' dir='ltr'><strong>concutientes</strong></span> <span class='ocrx_word' id='word_1_691' title='bbox 1827 5163 2072 5216; x_wconf 83' lang='lat' dir='ltr'><strong>innocen-</strong></span> 
     </span>
    </p>
   </div>
   <div class='ocr_carea' id='block_1_90' title="bbox 502 5230 2069 5302">
    <p class='ocr_par' dir='ltr' id='par_1_90' title="bbox 502 5230 2069 5302">
     <span class='ocr_line' id='line_1_92' title="bbox 502 5230 2069 5302; baseline 0.003 -20"><span class='ocrx_word' id='word_1_692' title='bbox 502 5239 607 5293; x_wconf 88' lang='lat' dir='ltr'><strong>tes;</strong></span> <span class='ocrx_word' id='word_1_693' title='bbox 646 5230 986 5293; x_wconf 83' lang='lat' dir='ltr'><strong>vindicantes,</strong></span> <span class='ocrx_word' id='word_1_694' title='bbox 1014 5242 1062 5284; x_wconf 90' lang='lat' dir='ltr'><strong>et</strong></span> <span class='ocrx_word' id='word_1_695' title='bbox 1086 5244 1427 5302; x_wconf 81' lang='lat' dir='ltr'><strong>protegentes,</strong></span> <span class='ocrx_word' id='word_1_696' title='bbox 1461 5234 1550 5287; x_wconf 80' lang='lat' dir='ltr'><strong>sed</strong></span> <span class='ocrx_word' id='word_1_697' title='bbox 1583 5250 1694 5286; x_wconf 87' lang='lat' dir='ltr'><strong>reos</strong></span> <span class='ocrx_word' id='word_1_698' title='bbox 1718 5242 1767 5285; x_wconf 87' lang='lat' dir='ltr'><strong>et</strong></span> <span class='ocrx_word' id='word_1_699' title='bbox 1797 5234 2069 5295; x_wconf 79' lang='lat' dir='ltr'><strong>latrones;</strong></span> 
     </span>
    </p>
   </div>
   <div class='ocr_carea' id='block_1_91' title="bbox 536 5302 2070 5370">
    <p class='ocr_par' dir='ltr' id='par_1_91' title="bbox 536 5302 2070 5370">
     <span class='ocr_line' id='line_1_93' title="bbox 536 5302 2070 5370; baseline 0.001 -18"><span class='ocrx_word' id='word_1_700' title='bbox 536 5302 919 5367; x_wconf 86' lang='lat' dir='ltr'><strong>uamplurimas</strong></span> <span class='ocrx_word' id='word_1_701' title='bbox 944 5302 1185 5370; x_wconf 82' lang='lat' dir='ltr'><strong>conjuges</strong></span> <span class='ocrx_word' id='word_1_702' title='bbox 1205 5302 1469 5364; x_wconf 84' lang='lat' dir='ltr'><strong>habentes.</strong></span> <span class='ocrx_word' id='word_1_703' title='bbox 1489 5302 1577 5356; x_wconf 67' lang='lat' dir='ltr'><strong>Sed</strong></span> <span class='ocrx_word' id='word_1_704' title='bbox 1596 5302 2070 5370; x_wconf 84' lang='lat' dir='ltr'><strong>scortantes.Apud</strong></span> 
     </span>
    </p>
   </div>
   <div class='ocr_carea' id='block_1_92' title="bbox 546 5372 2071 5440">
    <p class='ocr_par' dir='ltr' id='par_1_92' title="bbox 546 5372 2071 5440">
     <span class='ocr_line' id='line_1_94' title="bbox 546 5372 2071 5440; baseline 0.001 -17"><span class='ocrx_word' id='word_1_705' title='bbox 546 5380 699 5426; x_wconf 81' lang='lat' dir='ltr'><strong>cotes</strong></span> <span class='ocrx_word' id='word_1_706' title='bbox 731 5387 856 5425; x_wconf 83' lang='lat' dir='ltr'><strong>vero</strong></span> <span class='ocrx_word' id='word_1_707' title='bbox 882 5379 1093 5440; x_wconf 82' lang='lat' dir='ltr'><strong>gentem</strong></span> <span class='ocrx_word' id='word_1_708' title='bbox 1140 5373 1524 5433; x_wconf 86' lang='lat' dir='ltr'><strong>Britannicam,</strong></span> <span class='ocrx_word' id='word_1_709' title='bbox 1559 5388 1876 5426; x_wconf 87' lang='lat' dir='ltr'><strong>communes</strong></span> <span class='ocrx_word' id='word_1_710' title='bbox 1899 5372 2071 5427; x_wconf 82' lang='lat' dir='ltr'><strong>exsti-</strong></span> 
     </span>
    </p>
   </div>
   <div class='ocr_carea' id='block_1_93' title="bbox 502 5442 2071 5513">
    <p class='ocr_par' dir='ltr' id='par_1_93' title="bbox 502 5442 2071 5513">
     <span class='ocr_line' id='line_1_95' title="bbox 502 5442 2071 5513; baseline 0.002 -20"><span class='ocrx_word' id='word_1_711' title='bbox 502 5442 637 5513; x_wconf 75' lang='lat' dir='ltr'><strong>tisse</strong></span> <span class='ocrx_word' id='word_1_712' title='bbox 668 5457 870 5513; x_wconf 83' lang='lat' dir='ltr'><strong>uxores</strong></span> <span class='ocrx_word' id='word_1_713' title='bbox 899 5443 1161 5513; x_wconf 72' lang='lat' dir='ltr'><strong>discimus</strong></span> <span class='ocrx_word' id='word_1_714' title='bbox 1204 5460 1231 5495; x_wconf 77' lang='grc' dir='ltr'><strong>ιι</strong></span> <span class='ocrx_word' id='word_1_715' title='bbox 1267 5442 1592 5513; x_wconf 83' lang='lat' dir='ltr'><strong>Hieronymo</strong></span> <span class='ocrx_word' id='word_1_716' title='bbox 1623 5444 1716 5496; x_wconf 88' lang='lat' dir='ltr'><strong>lib.</strong></span> <span class='ocrx_word' id='word_1_717' title='bbox 1753 5459 1788 5496; x_wconf 90' lang='grc' dir='ltr'><strong>ιι</strong></span> <span class='ocrx_word' id='word_1_718' title='bbox 1824 5442 2071 5513; x_wconf 73' lang='lat' dir='ltr'><strong>adversus</strong></span> 
     </span>
    </p>
   </div>
   <div class='ocr_carea' id='block_1_94' title="bbox 502 5510 2075 5567">
    <p class='ocr_par' dir='ltr' id='par_1_94' title="bbox 502 5510 2075 5567">
     <span class='ocr_line' id='line_1_96' title="bbox 502 5510 2075 5567; baseline 0.001 -5"><span class='ocrx_word' id='word_1_719' title='bbox 502 5510 843 5565; x_wconf 71' lang='lat' dir='ltr'><strong>Iovinianum</strong></span> <span class='ocrx_word' id='word_1_720' title='bbox 874 5528 922 5567; x_wconf 89' lang='lat' dir='ltr'><strong>c.</strong></span> <span class='ocrx_word' id='word_1_721' title='bbox 953 5513 1006 5567; x_wconf 85' lang='grc'>6.</span> <span class='ocrx_word' id='word_1_722' title='bbox 1041 5510 1149 5566; x_wconf 89' lang='lat' dir='ltr'><strong>Nec</strong></span> <span class='ocrx_word' id='word_1_723' title='bbox 1200 5510 1539 5567; x_wconf 78' lang='lat' dir='ltr'><strong>dissriiiiliter</strong></span> <span class='ocrx_word' id='word_1_724' title='bbox 1580 5513 1800 5567; x_wconf 88' lang='lat' dir='ltr'><strong>Hiberni</strong></span> <span class='ocrx_word' id='word_1_725' title='bbox 1832 5513 1887 5566; x_wconf 91' lang='lat' dir='ltr'><strong>in</strong></span> <span class='ocrx_word' id='word_1_726' title='bbox 1920 5512 2075 5566; x_wconf 80' lang='lat' dir='ltr'><strong>Stra-</strong></span> 
     </span>
    </p>
   </div>
   <div class='ocr_carea' id='block_1_95' title="bbox 505 5580 2074 5652">
    <p class='ocr_par' dir='ltr' id='par_1_95' title="bbox 505 5580 2074 5652">
     <span class='ocr_line' id='line_1_97' title="bbox 505 5580 2074 5652; baseline -0.001 -17"><span class='ocrx_word' id='word_1_727' title='bbox 505 5581 647 5652; x_wconf 85' lang='lat' dir='ltr'><strong>bone</strong></span> <span class='ocrx_word' id='word_1_728' title='bbox 672 5580 762 5637; x_wconf 91' lang='lat' dir='ltr'><strong>lib.</strong></span> <span class='ocrx_word' id='word_1_729' title='bbox 798 5600 867 5636; x_wconf 88' lang='lat' dir='ltr'><strong>IV.</strong></span> <span class='ocrx_word' id='word_1_730' title='bbox 905 5583 1057 5649; x_wconf 89' lang='lat' dir='ltr'><strong>Quod</strong></span> <span class='ocrx_word' id='word_1_731' title='bbox 1090 5593 1297 5652; x_wconf 88' lang='lat' dir='ltr'><strong>spectat</strong></span> <span class='ocrx_word' id='word_1_732' title='bbox 1324 5585 1388 5637; x_wconf 87' lang='lat' dir='ltr'><strong>ad</strong></span> <span class='ocrx_word' id='word_1_733' title='bbox 1420 5584 1652 5637; x_wconf 86' lang='lat' dir='ltr'><strong>Parthos</strong></span> <span class='ocrx_word' id='word_1_734' title='bbox 1673 5622 1689 5644; x_wconf 91' lang='lat'><strong>,</strong></span> <span class='ocrx_word' id='word_1_735' title='bbox 1721 5599 1920 5637; x_wconf 77' lang='lat' dir='ltr'><strong>uxores</strong></span> <span class='ocrx_word' id='word_1_736' title='bbox 1951 5582 2074 5635; x_wconf 87' lang='lat' dir='ltr'><strong>dul—</strong></span> 
     </span>
    </p>
   </div>
   <div class='ocr_carea' id='block_1_96' title="bbox 507 5650 2074 5724">
    <p class='ocr_par' dir='ltr' id='par_1_96' title="bbox 507 5650 2074 5724">
     <span class='ocr_line' id='line_1_98' title="bbox 507 5650 2074 5724; baseline 0.002 -21"><span class='ocrx_word' id='word_1_737' title='bbox 507 5650 914 5724; x_wconf 70' lang='lat' dir='ltr'><strong>ced_ine_variaa</strong></span> <span class='ocrx_word' id='word_1_738' title='bbox 941 5650 1200 5724; x_wconf 77' lang='lat' dir='ltr'><strong>libidinis</strong></span> <span class='ocrx_word' id='word_1_739' title='bbox 1233 5656 1432 5724; x_wconf 86' lang='lat' dir='ltr'><strong>singuli</strong></span> <span class='ocrx_word' id='word_1_740' title='bbox 1464 5657 1648 5723; x_wconf 88' lang='lat' dir='ltr'><strong>plures</strong></span> <span class='ocrx_word' id='word_1_741' title='bbox 1675 5654 1981 5724; x_wconf 71' lang='lat' dir='ltr'><strong>habebant;</strong></span> <span class='ocrx_word' id='word_1_742' title='bbox 2017 5661 2074 5724; x_wconf 88' lang='lat' dir='ltr'><strong>ut</strong></span> 
     </span>
    </p>
   </div>
   <div class='ocr_carea' id='block_1_97' title="bbox 506 5720 2071 5793">
    <p class='ocr_par' dir='ltr' id='par_1_97' title="bbox 506 5720 2071 5793">
     <span class='ocr_line' id='line_1_99' title="bbox 506 5720 2071 5793; baseline 0.002 -21"><span class='ocrx_word' id='word_1_743' title='bbox 506 5720 688 5775; x_wconf 88' lang='lat' dir='ltr'><strong>verbis</strong></span> <span class='ocrx_word' id='word_1_744' title='bbox 709 5720 906 5777; x_wconf 84' lang='lat' dir='ltr'><strong>Justini</strong></span> <span class='ocrx_word' id='word_1_745' title='bbox 937 5723 1193 5777; x_wconf 83' lang='lat' dir='ltr'><strong>llistorici</strong></span> <span class='ocrx_word' id='word_1_746' title='bbox 1228 5720 1633 5789; x_wconf 51' lang='lat' dir='ltr'><strong>lib.&#39;xr.t,&#39;ntar.</strong></span> <span class='ocrx_word' id='word_1_747' title='bbox 1668 5722 1785 5793; x_wconf 76' lang='lat' dir='ltr'><strong>Hoc</strong></span> <span class='ocrx_word' id='word_1_748' title='bbox 1822 5737 1985 5793; x_wconf 89' lang='lat' dir='ltr'><strong>porro</strong></span> <span class='ocrx_word' id='word_1_749' title='bbox 2016 5723 2071 5775; x_wconf 89' lang='lat' dir='ltr'><strong>in</strong></span> 
     </span>
    </p>
   </div>
   <div class='ocr_carea' id='block_1_98' title="bbox 509 5792 2073 5860">
    <p class='ocr_par' dir='ltr' id='par_1_98' title="bbox 509 5792 2073 5860">
     <span class='ocr_line' id='line_1_100' title="bbox 509 5792 2073 5860; baseline -0.001 -15"><span class='ocrx_word' id='word_1_750' title='bbox 509 5795 646 5846; x_wconf 79' lang='lat' dir='ltr'><strong>loco.</strong></span> <span class='ocrx_word' id='word_1_751' title='bbox 696 5800 747 5845; x_wconf 88' lang='lat' dir='ltr'><strong>et</strong></span> <span class='ocrx_word' id='word_1_752' title='bbox 783 5793 978 5849; x_wconf 86' lang='lat' dir='ltr'><strong>Noster</strong></span> <span class='ocrx_word' id='word_1_753' title='bbox 1021 5794 1296 5860; x_wconf 88' lang='lat' dir='ltr'><strong>paululum</strong></span> <span class='ocrx_word' id='word_1_754' title='bbox 1346 5794 1559 5852; x_wconf 79' lang='lat' dir='ltr'><strong>deﬂexit</strong></span> <span class='ocrx_word' id='word_1_755' title='bbox 1603 5810 1631 5849; x_wconf 92' lang='lat' dir='ltr'><strong>a</strong></span> <span class='ocrx_word' id='word_1_756' title='bbox 1662 5792 1986 5860; x_wconf 82' lang='lat' dir='ltr'><strong>Bardesane,</strong></span> <span class='ocrx_word' id='word_1_757' title='bbox 2019 5800 2073 5849; x_wconf 86' lang='lat' dir='ltr'><strong>et</strong></span> 
     </span>
    </p>
   </div>
   <div class='ocr_carea' id='block_1_99' title="bbox 506 5862 1267 5929">
    <p class='ocr_par' dir='ltr' id='par_1_99' title="bbox 506 5862 1267 5929">
     <span class='ocr_line' id='line_1_101' title="bbox 506 5862 1267 5929; baseline 0.001 -14"><span class='ocrx_word' id='word_1_758' title='bbox 506 5863 786 5929; x_wconf 67' lang='lat' dir='ltr'><strong>diligentia</strong></span> <span class='ocrx_word' id='word_1_759' title='bbox 816 5863 988 5918; x_wconf 84' lang='lat' dir='ltr'><strong>defuit</strong></span> <span class='ocrx_word' id='word_1_760' title='bbox 1014 5862 1267 5919; x_wconf 68' lang='lat' dir='ltr'><strong>Catsario.</strong></span> 
     </span>
    </p>
   </div>
   <div class='ocr_carea' id='block_1_100' title="bbox 2235 3690 3738 3768">
    <p class='ocr_par' dir='ltr' id='par_1_100' title="bbox 2235 3690 3738 3768">
     <span class='ocr_line' id='line_1_102' title="bbox 2235 3690 3738 3768; baseline -0.003 -17"><span class='ocrx_word' id='word_1_761' title='bbox 2235 3697 2346 3768; x_wconf 88' lang='lat'><strong>(97)</strong></span> <span class='ocrx_word' id='word_1_762' title='bbox 2388 3697 2490 3753; x_wconf 85' lang='lat' dir='ltr'><strong>Sed</strong></span> <span class='ocrx_word' id='word_1_763' title='bbox 2520 3712 2679 3768; x_wconf 85' lang='lat' dir='ltr'><strong>neque</strong></span> <span class='ocrx_word' id='word_1_764' title='bbox 2697 3694 3039 3768; x_wconf 62' lang='lat' dir='ltr'><strong>Mercurium,</strong></span> <span class='ocrx_word' id='word_1_765' title='bbox 3063 3700 3169 3747; x_wconf 91' lang='lat' dir='ltr'><strong>etc.</strong></span> <span class='ocrx_word' id='word_1_766' title='bbox 3192 3690 3313 3745; x_wconf 54' lang='lat' dir='ltr'><strong>Haec</strong></span> <span class='ocrx_word' id='word_1_767' title='bbox 3335 3699 3529 3745; x_wconf 86' lang='lat' dir='ltr'><strong>carent</strong></span> <span class='ocrx_word' id='word_1_768' title='bbox 3552 3706 3738 3768; x_wconf 78' lang='lat' dir='ltr'><strong>sensu,</strong></span> 
     </span>
    </p>
   </div>
   <div class='ocr_carea' id='block_1_101' title="bbox 2167 3764 3743 3837">
    <p class='ocr_par' dir='ltr' id='par_1_101' title="bbox 2167 3764 3743 3837">
     <span class='ocr_line' id='line_1_103' title="bbox 2167 3764 3743 3837; baseline -0.003 -16"><span class='ocrx_word' id='word_1_769' title='bbox 2167 3764 2266 3822; x_wconf 85' lang='lat' dir='ltr'><strong>nec</strong></span> <span class='ocrx_word' id='word_1_770' title='bbox 2307 3778 2535 3837; x_wconf 88' lang='lat' dir='ltr'><strong>possunt</strong></span> <span class='ocrx_word' id='word_1_771' title='bbox 2569 3764 2833 3823; x_wconf 83' lang='lat' dir='ltr'><strong>construi.</strong></span> <span class='ocrx_word' id='word_1_772' title='bbox 2869 3764 3136 3837; x_wconf 76' lang='lat' dir='ltr'><strong>Equidem</strong></span> <span class='ocrx_word' id='word_1_773' title='bbox 3163 3777 3222 3817; x_wconf 90' lang='lat' dir='ltr'><strong>re</strong></span> <span class='ocrx_word' id='word_1_774' title='bbox 3255 3764 3743 3837; x_wconf 65' lang='lat' dir='ltr'><strong>attenteconside-</strong></span> 
     </span>
    </p>
   </div>
   <div class='ocr_carea' id='block_1_102' title="bbox 2165 3832 3743 3907">
    <p class='ocr_par' dir='ltr' id='par_1_102' title="bbox 2165 3832 3743 3907">
     <span class='ocr_line' id='line_1_104' title="bbox 2165 3832 3743 3907; baseline -0.004 -15"><span class='ocrx_word' id='word_1_775' title='bbox 2165 3832 2766 3907; x_wconf 55' lang='lat' dir='ltr'><strong>rata,&#39;comparatisque</strong></span> <span class='ocrx_word' id='word_1_776' title='bbox 2796 3832 2942 3891; x_wconf 77' lang='lat' dir='ltr'><strong>inter</strong></span> <span class='ocrx_word' id='word_1_777' title='bbox 2966 3851 3025 3889; x_wconf 84' lang='lat' dir='ltr'><strong>se</strong></span> <span class='ocrx_word' id='word_1_778' title='bbox 3047 3834 3225 3888; x_wconf 91' lang='lat' dir='ltr'><strong>tribus</strong></span> <span class='ocrx_word' id='word_1_779' title='bbox 3248 3832 3591 3907; x_wconf 82' lang='lat' dir='ltr'><strong>auctoribus.</strong></span> <span class='ocrx_word' id='word_1_780' title='bbox 3622 3833 3743 3907; x_wconf 78' lang='lat' dir='ltr'><strong>Bar-</strong></span> 
     </span>
    </p>
   </div>
   <div class='ocr_carea' id='block_1_103' title="bbox 2165 3904 3738 3979">
    <p class='ocr_par' dir='ltr' id='par_1_103' title="bbox 2165 3904 3738 3979">
     <span class='ocr_line' id='line_1_105' title="bbox 2165 3904 3738 3979; baseline -0.001 -18"><span class='ocrx_word' id='word_1_781' title='bbox 2165 3908 2387 3979; x_wconf 80' lang='lat' dir='ltr'><strong>desane,</strong></span> <span class='ocrx_word' id='word_1_782' title='bbox 2432 3904 2939 3979; x_wconf 69' lang='lat' dir='ltr'><strong>pseudo-Clemente</strong></span> <span class='ocrx_word' id='word_1_783' title='bbox 2989 3905 3359 3979; x_wconf 64' lang='lat' dir='ltr'><strong>e_t__(}tesario1</strong></span> <span class='ocrx_word' id='word_1_784' title='bbox 3398 3904 3640 3979; x_wconf 80' lang='lat' dir='ltr'><strong>arbitror</strong></span> <span class='ocrx_word' id='word_1_785' title='bbox 3684 3905 3738 3959; x_wconf 80' lang='lat' dir='ltr'><strong>in</strong></span> 
     </span>
    </p>
   </div>
   <div class='ocr_carea' id='block_1_104' title="bbox 2166 3972 3742 4049">
    <p class='ocr_par' dir='ltr' id='par_1_104' title="bbox 2166 3972 3742 4049">
     <span class='ocr_line' id='line_1_106' title="bbox 2166 3972 3742 4049; baseline 0 -18"><span class='ocrx_word' id='word_1_786' title='bbox 2166 3978 2354 4033; x_wconf 65' lang='lat' dir='ltr'><strong>Graeco</strong></span> <span class='ocrx_word' id='word_1_787' title='bbox 2376 3972 2468 4031; x_wconf 78' lang='lat' dir='ltr'><strong>hic</strong></span> <span class='ocrx_word' id='word_1_788' title='bbox 2494 3979 2757 4049; x_wconf 85' lang='lat' dir='ltr'><strong>scriptum</strong></span> <span class='ocrx_word' id='word_1_789' title='bbox 2803 3975 2975 4049; x_wconf 80' lang='lat' dir='ltr'><strong>fuisse</strong></span> <span class='ocrx_word' id='word_1_790' title='bbox 3000 3974 3133 4027; x_wconf 83' lang='grc' dir='ltr'><strong>ἀλλὰ</strong></span> <span class='ocrx_word' id='word_1_791' title='bbox 3162 3974 3289 4049; x_wconf 79' lang='grc' dir='ltr'><strong>μήν,</strong></span> <span class='ocrx_word' id='word_1_792' title='bbox 3327 3972 3582 4049; x_wconf 63' lang='grc' dir='ltr'>βυιίιιιιηι</span> <span class='ocrx_word' id='word_1_793' title='bbox 3618 3991 3742 4031; x_wconf 82' lang='lat' dir='ltr'><strong>vero</strong></span> 
     </span>
    </p>
   </div>
   <div class='ocr_carea' id='block_1_105' title="bbox 2169 4043 3739 4114">
    <p class='ocr_par' dir='ltr' id='par_1_105' title="bbox 2169 4043 3739 4114">
     <span class='ocr_line' id='line_1_107' title="bbox 2169 4043 3739 4114; baseline -0.001 -14"><span class='ocrx_word' id='word_1_794' title='bbox 2169 4050 2516 4104; x_wconf 89' lang='lat' dir='ltr'><strong>transtulisse</strong></span> <span class='ocrx_word' id='word_1_795' title='bbox 2562 4043 2651 4101; x_wconf 68' lang='lat' dir='ltr'><strong>sed</strong></span> <span class='ocrx_word' id='word_1_796' title='bbox 2694 4058 2764 4106; x_wconf 84' lang='lat' dir='ltr'><strong>et,</strong></span> <span class='ocrx_word' id='word_1_797' title='bbox 2799 4056 2891 4100; x_wconf 90' lang='lat' dir='ltr'><strong>aut</strong></span> <span class='ocrx_word' id='word_1_798' title='bbox 2936 4047 2982 4100; x_wconf 88' lang='lat' dir='ltr'><strong>si</strong></span> <span class='ocrx_word' id='word_1_799' title='bbox 3031 4043 3373 4099; x_wconf 83' lang='lat' dir='ltr'><strong>transtulerit</strong></span> <span class='ocrx_word' id='word_1_800' title='bbox 3418 4044 3509 4097; x_wconf 84' lang='lat' dir='ltr'><strong>sed</strong></span> <span class='ocrx_word' id='word_1_801' title='bbox 3559 4061 3739 4114; x_wconf 80' lang='lat' dir='ltr'><strong>neque.</strong></span> 
     </span>
    </p>
   </div>
   <div class='ocr_carea' id='block_1_106' title="bbox 2171 4114 3744 4188">
    <p class='ocr_par' dir='ltr' id='par_1_106' title="bbox 2171 4114 3744 4188">
     <span class='ocr_line' id='line_1_108' title="bbox 2171 4114 3744 4188; baseline 0.001 -19"><span class='ocrx_word' id='word_1_802' title='bbox 2171 4134 2451 4187; x_wconf 89' lang='lat' dir='ltr'><strong>perperam</strong></span> <span class='ocrx_word' id='word_1_803' title='bbox 2488 4118 2681 4188; x_wconf 86' lang='lat' dir='ltr'><strong>legisse</strong></span> <span class='ocrx_word' id='word_1_804' title='bbox 2703 4116 2840 4169; x_wconf 81' lang='grc' dir='ltr'><strong>ἀλλὰ</strong></span> <span class='ocrx_word' id='word_1_805' title='bbox 2873 4117 2969 4188; x_wconf 82' lang='grc' dir='ltr'><strong>μή.</strong></span> <span class='ocrx_word' id='word_1_806' title='bbox 3001 4114 3131 4169; x_wconf 84' lang='lat' dir='ltr'><strong>Dein</strong></span> <span class='ocrx_word' id='word_1_807' title='bbox 3171 4125 3228 4168; x_wconf 89' lang='lat' dir='ltr'><strong>ut</strong></span> <span class='ocrx_word' id='word_1_808' title='bbox 3268 4116 3596 4184; x_wconf 85' lang='lat' dir='ltr'><strong>particulam</strong></span> <span class='ocrx_word' id='word_1_809' title='bbox 3623 4131 3744 4171; x_wconf 87' lang='lat' dir='ltr'><strong>esse</strong></span> 
     </span>
    </p>
   </div>
   <div class='ocr_carea' id='block_1_107' title="bbox 2170 4188 2816 4243">
    <p class='ocr_par' dir='ltr' id='par_1_107' title="bbox 2170 4188 2816 4243">
     <span class='ocr_line' id='line_1_109' title="bbox 2170 4188 2816 4243; baseline -0.002 -2"><span class='ocrx_word' id='word_1_810' title='bbox 2170 4188 2517 4243; x_wconf 89' lang='lat' dir='ltr'><strong>concedentis</strong></span> <span class='ocrx_word' id='word_1_811' title='bbox 2546 4189 2816 4243; x_wconf 80' lang='lat' dir='ltr'><strong>existimo.</strong></span> 
     </span>
    </p>
   </div>
   <div class='ocr_carea' id='block_1_108' title="bbox 2243 4253 3745 4329">
    <p class='ocr_par' dir='ltr' id='par_1_108' title="bbox 2243 4253 3745 4329">
     <span class='ocr_line' id='line_1_110' title="bbox 2243 4253 3745 4329; baseline -0.001 -18"><span class='ocrx_word' id='word_1_812' title='bbox 2243 4258 2355 4329; x_wconf 81' lang='lat'><strong>(98)</strong></span> <span class='ocrx_word' id='word_1_813' title='bbox 2396 4258 2647 4329; x_wconf 68' lang='lat' dir='ltr'><strong>Chrysea.</strong></span> <span class='ocrx_word' id='word_1_814' title='bbox 2669 4256 2742 4311; x_wconf 88' lang='lat' dir='ltr'><strong>De</strong></span> <span class='ocrx_word' id='word_1_815' title='bbox 2760 4256 2970 4329; x_wconf 79' lang='lat' dir='ltr'><strong>Chryse</strong></span> <span class='ocrx_word' id='word_1_816' title='bbox 2990 4254 3215 4329; x_wconf 67' lang='lat' dir='ltr'><strong>consule</strong></span> <span class='ocrx_word' id='word_1_817' title='bbox 3240 4253 3605 4325; x_wconf 83' lang='lat' dir='ltr'><strong>geographos,</strong></span> <span class='ocrx_word' id='word_1_818' title='bbox 3627 4270 3745 4310; x_wconf 87' lang='lat' dir='ltr'><strong>nec-</strong></span> 
     </span>
    </p>
   </div>
   <div class='ocr_carea' id='block_1_109' title="bbox 2171 4324 3346 4382">
    <p class='ocr_par' dir='ltr' id='par_1_109' title="bbox 2171 4324 3346 4382">
     <span class='ocr_line' id='line_1_111' title="bbox 2171 4324 3346 4382; baseline -0.002 -1"><span class='ocrx_word' id='word_1_819' title='bbox 2171 4324 2280 4382; x_wconf 87' lang='lat' dir='ltr'><strong>non</strong></span> <span class='ocrx_word' id='word_1_820' title='bbox 2306 4324 2559 4382; x_wconf 42' lang='lat' dir='ltr'><strong>S&#39;almas&#39;it</strong></span> <span class='ocrx_word' id='word_1_821' title='bbox 2592 4324 3025 4382; x_wconf 81' lang='lat' dir='ltr'><strong>Exercitationes</strong></span> <span class='ocrx_word' id='word_1_822' title='bbox 3051 4324 3346 4380; x_wconf 83' lang='lat' dir='ltr'><strong>Plinianas.</strong></span> 
     </span>
    </p>
   </div>
   <div class='ocr_carea' id='block_1_110' title="bbox 2242 4391 3746 4469">
    <p class='ocr_par' dir='ltr' id='par_1_110' title="bbox 2242 4391 3746 4469">
     <span class='ocr_line' id='line_1_112' title="bbox 2242 4391 3746 4469; baseline -0.003 -15"><span class='ocrx_word' id='word_1_823' title='bbox 2242 4398 2373 4469; x_wconf 18' lang='lat'><strong>(99);</strong></span> <span class='ocrx_word' id='word_1_824' title='bbox 2395 4396 2558 4469; x_wconf 77' lang='lat' dir='ltr'><strong>Medi.</strong></span> <span class='ocrx_word' id='word_1_825' title='bbox 2590 4397 2787 4469; x_wconf 82' lang='lat' dir='ltr'><strong>Narrat</strong></span> <span class='ocrx_word' id='word_1_826' title='bbox 2831 4394 3372 4469; x_wconf 10' lang='lat' dir='ltr'><strong>hocudegBactrianis</strong></span> <span class='ocrx_word' id='word_1_827' title='bbox 3401 4391 3746 4469; x_wconf 63' lang='lat' dir='ltr'><strong>Quesicritus</strong></span> 
     </span>
    </p>
   </div>
   <div class='ocr_carea' id='block_1_111' title="bbox 2168 4464 3747 4535">
    <p class='ocr_par' dir='ltr' id='par_1_111' title="bbox 2168 4464 3747 4535">
     <span class='ocr_line' id='line_1_113' title="bbox 2168 4464 3747 4535; baseline -0.002 -14"><span class='ocrx_word' id='word_1_828' title='bbox 2168 4464 2311 4535; x_wconf 86' lang='lat' dir='ltr'><strong>apud</strong></span> <span class='ocrx_word' id='word_1_829' title='bbox 2339 4464 2667 4523; x_wconf 83' lang='lat' dir='ltr'><strong>Strabonem</strong></span> <span class='ocrx_word' id='word_1_830' title='bbox 2694 4467 2789 4523; x_wconf 92' lang='lat' dir='ltr'><strong>lib.</strong></span> <span class='ocrx_word' id='word_1_831' title='bbox 2821 4482 2907 4535; x_wconf 50' lang='lat' dir='ltr'><strong>si,</strong></span> <span class='ocrx_word' id='word_1_832' title='bbox 2923 4464 2997 4521; x_wconf 89' lang='lat' dir='ltr'><strong>De</strong></span> <span class='ocrx_word' id='word_1_833' title='bbox 3022 4464 3215 4521; x_wconf 86' lang='lat' dir='ltr'><strong>iisdem</strong></span> <span class='ocrx_word' id='word_1_834' title='bbox 3240 4464 3470 4535; x_wconf 88' lang='lat' dir='ltr'><strong>Bactr_iis</strong></span> <span class='ocrx_word' id='word_1_835' title='bbox 3514 4481 3614 4520; x_wconf 91' lang='lat' dir='ltr'><strong>seu</strong></span> <span class='ocrx_word' id='word_1_836' title='bbox 3648 4464 3747 4519; x_wconf 83' lang='lat' dir='ltr'><strong>Ba-</strong></span> 
     </span>
    </p>
   </div>
   <div class='ocr_carea' id='block_1_112' title="bbox 2168 4529 3747 4610">
    <p class='ocr_par' dir='ltr' id='par_1_112' title="bbox 2168 4529 3747 4610">
     <span class='ocr_line' id='line_1_114' title="bbox 2168 4529 3747 4610; baseline 0.001 -21"><span class='ocrx_word' id='word_1_837' title='bbox 2168 4529 2325 4610; x_wconf 79' lang='lat' dir='ltr'><strong>ctris,</strong></span> <span class='ocrx_word' id='word_1_838' title='bbox 2352 4547 2407 4594; x_wconf 88' lang='lat' dir='ltr'><strong>et</strong></span> <span class='ocrx_word' id='word_1_839' title='bbox 2452 4537 2520 4593; x_wconf 87' lang='lat' dir='ltr'><strong>de</strong></span> <span class='ocrx_word' id='word_1_840' title='bbox 2567 4536 2836 4610; x_wconf 75' lang='lat' dir='ltr'><strong>Hyrcanis</strong></span> <span class='ocrx_word' id='word_1_841' title='bbox 2884 4534 3242 4610; x_wconf 37' lang='lat' dir='ltr'><strong>Porphyrius:</strong></span> <span class='ocrx_word' id='word_1_842' title='bbox 3285 4529 3747 4610; x_wconf 65' lang='lat' dir='ltr'><strong>tV_[_Iep‘t_a1toxi~,;</strong></span> 
     </span>
    </p>
   </div>
   <div class='ocr_carea' id='block_1_113' title="bbox 2163 4603 3745 4679">
    <p class='ocr_par' dir='ltr' id='par_1_113' title="bbox 2163 4603 3745 4679">
     <span class='ocr_line' id='line_1_115' title="bbox 2163 4603 3745 4679; baseline 0.001 -20"><span class='ocrx_word' id='word_1_843' title='bbox 2163 4607 2425 4679; x_wconf 67' lang='grc' dir='ltr'><strong>ἐμψύχων</strong></span> <span class='ocrx_word' id='word_1_844' title='bbox 2450 4603 2633 4679; x_wconf 12' lang='lat' dir='ltr'><strong>fnum:</strong></span> <span class='ocrx_word' id='word_1_845' title='bbox 2667 4607 2730 4661; x_wconf 77' lang='lat' dir='ltr'><strong>2i</strong></span> <span class='ocrx_word' id='word_1_846' title='bbox 2760 4622 2834 4679; x_wconf 79' lang='lat' dir='ltr'><strong>ac</strong></span> <span class='ocrx_word' id='word_1_847' title='bbox 2866 4603 3159 4679; x_wconf 41' lang='lat' dir='ltr'><strong>post—eum</strong></span> <span class='ocrx_word' id='word_1_848' title='bbox 3200 4603 3469 4679; x_wconf 80' lang='lat' dir='ltr'><strong>Eusebius</strong></span> <span class='ocrx_word' id='word_1_849' title='bbox 3505 4603 3745 4679; x_wconf 55' lang='lat' dir='ltr'><strong>erepta.</strong></span> 
     </span>
    </p>
   </div>
   <div class='ocr_carea' id='block_1_114' title="bbox 2195 4673 3748 4748">
    <p class='ocr_par' dir='ltr' id='par_1_114' title="bbox 2195 4673 3748 4748">
     <span class='ocr_line' id='line_1_116' title="bbox 2195 4673 3748 4748; baseline -0.003 -16"><span class='ocrx_word' id='word_1_850' title='bbox 2195 4673 2376 4748; x_wconf 53' lang='lat' dir='ltr'><strong>euang,</strong></span> <span class='ocrx_word' id='word_1_851' title='bbox 2409 4678 2502 4748; x_wconf 89' lang='lat' dir='ltr'><strong>lib.</strong></span> <span class='ocrx_word' id='word_1_852' title='bbox 2537 4695 2576 4741; x_wconf 90' lang='lat' dir='ltr'><strong>I,</strong></span> <span class='ocrx_word' id='word_1_853' title='bbox 2600 4693 2721 4747; x_wconf 89' lang='lat' dir='ltr'><strong>cap.</strong></span> <span class='ocrx_word' id='word_1_854' title='bbox 2753 4677 2838 4740; x_wconf 74' lang='grc'><strong>14.</strong></span> <span class='ocrx_word' id='word_1_855' title='bbox 2866 4673 2934 4730; x_wconf 72' lang='grc' dir='ltr'>ἐι</span> <span class='ocrx_word' id='word_1_856' title='bbox 2964 4674 3324 4748; x_wconf 62' lang='lat' dir='ltr'><strong>Hieroiiymus</strong></span> <span class='ocrx_word' id='word_1_857' title='bbox 3349 4688 3387 4729; x_wconf 85' lang='grc' dir='ltr'><strong>ιι</strong></span> <span class='ocrx_word' id='word_1_858' title='bbox 3421 4674 3475 4726; x_wconf 84' lang='lat' dir='ltr'><strong>in</strong></span> <span class='ocrx_word' id='word_1_859' title='bbox 3506 4673 3748 4729; x_wconf 71' lang='lat' dir='ltr'><strong>Iovinia-</strong></span> 
     </span>
    </p>
   </div>
   <div class='ocr_carea' id='block_1_115' title="bbox 2174 4742 3747 4817">
    <p class='ocr_par' dir='ltr' id='par_1_115' title="bbox 2174 4742 3747 4817">
     <span class='ocr_line' id='line_1_117' title="bbox 2174 4742 3747 4817; baseline -0.003 -16"><span class='ocrx_word' id='word_1_860' title='bbox 2174 4742 2399 4812; x_wconf 46' lang='lat' dir='ltr'><strong>numfﬁ.</strong></span> <span class='ocrx_word' id='word_1_861' title='bbox 2425 4747 2527 4813; x_wconf 86' lang='lat' dir='ltr'><strong>Qui</strong></span> <span class='ocrx_word' id='word_1_862' title='bbox 2557 4742 2893 4817; x_wconf 75' lang='lat' dir='ltr'><strong>postremus,</strong></span> <span class='ocrx_word' id='word_1_863' title='bbox 2926 4753 2986 4798; x_wconf 90' lang='lat' dir='ltr'><strong>ut</strong></span> <span class='ocrx_word' id='word_1_864' title='bbox 3026 4746 3077 4799; x_wconf 89' lang='lat' dir='ltr'><strong>id</strong></span> <span class='ocrx_word' id='word_1_865' title='bbox 3102 4742 3288 4817; x_wconf 70' lang='lat' dir='ltr'><strong>obiter</strong></span> <span class='ocrx_word' id='word_1_866' title='bbox 3306 4759 3561 4797; x_wconf 87' lang='lat' dir='ltr'><strong>moneam</strong></span> <span class='ocrx_word' id='word_1_867' title='bbox 3582 4785 3599 4807; x_wconf 93' lang='lat'><strong>,</strong></span> <span class='ocrx_word' id='word_1_868' title='bbox 3648 4747 3747 4798; x_wconf 61' lang='lat' dir='ltr'><strong>mi.</strong></span> 
     </span>
    </p>
   </div>
   <div class='ocr_carea' id='block_1_116' title="bbox 2172 4813 3751 4888">
    <p class='ocr_par' dir='ltr' id='par_1_116' title="bbox 2172 4813 3751 4888">
     <span class='ocr_line' id='line_1_118' title="bbox 2172 4813 3751 4888; baseline -0.003 -17"><span class='ocrx_word' id='word_1_869' title='bbox 2172 4833 2279 4872; x_wconf 92' lang='lat' dir='ltr'><strong>nus</strong></span> <span class='ocrx_word' id='word_1_870' title='bbox 2302 4813 2582 4888; x_wconf 81' lang='lat' dir='ltr'><strong>commode</strong></span> <span class='ocrx_word' id='word_1_871' title='bbox 2611 4816 2895 4888; x_wconf 81' lang='lat' dir='ltr'><strong>Porphyrii</strong></span> <span class='ocrx_word' id='word_1_872' title='bbox 2923 4813 3454 4888; x_wconf 67' lang='grc' dir='ltr'><strong>κᾳτακρημνιζουσιν</strong></span> <span class='ocrx_word' id='word_1_873' title='bbox 3481 4817 3751 4888; x_wconf 41' lang='lat' dir='ltr'><strong>{invertit</strong></span> 
     </span>
    </p>
   </div>
   <div class='ocr_carea' id='block_1_117' title="bbox 2173 4882 3750 4957">
    <p class='ocr_par' dir='ltr' id='par_1_117' title="bbox 2173 4882 3750 4957">
     <span class='ocr_line' id='line_1_119' title="bbox 2173 4882 3750 4957; baseline -0.003 -16"><span class='ocrx_word' id='word_1_874' title='bbox 2173 4887 2497 4957; x_wconf 82' lang='lat' dir='ltr'><strong>suspendunt</strong></span> <span class='ocrx_word' id='word_1_875' title='bbox 2522 4889 2575 4940; x_wconf 89' lang='lat' dir='ltr'><strong>in</strong></span> <span class='ocrx_word' id='word_1_876' title='bbox 2596 4882 2883 4957; x_wconf 78' lang='lat' dir='ltr'><strong>patibulis,</strong></span> <span class='ocrx_word' id='word_1_877' title='bbox 2910 4887 2987 4939; x_wconf 89' lang='lat' dir='ltr'><strong>uti</strong></span> <span class='ocrx_word' id='word_1_878' title='bbox 3013 4882 3189 4957; x_wconf 72' lang='lat' dir='ltr'><strong>etiam</strong></span> <span class='ocrx_word' id='word_1_879' title='bbox 3206 4891 3470 4957; x_wconf 22' lang='lat' dir='ltr'><strong>Apatetex</strong></span> <span class='ocrx_word' id='word_1_880' title='bbox 3500 4882 3750 4939; x_wconf 79' lang='lat' dir='ltr'><strong>Theodo-</strong></span> 
     </span>
    </p>
   </div>
   <div class='ocr_carea' id='block_1_118' title="bbox 2173 4953 3751 5026">
    <p class='ocr_par' dir='ltr' id='par_1_118' title="bbox 2173 4953 3751 5026">
     <span class='ocr_line' id='line_1_120' title="bbox 2173 4953 3751 5026; baseline -0.002 -15"><span class='ocrx_word' id='word_1_881' title='bbox 2173 4953 2276 5011; x_wconf 50' lang='lat' dir='ltr'><strong>riti&#39;</strong></span> <span class='ocrx_word' id='word_1_882' title='bbox 2308 4973 2558 5012; x_wconf 87' lang='lat' dir='ltr'><strong>sermone</strong></span> <span class='ocrx_word' id='word_1_883' title='bbox 2579 4953 2656 5011; x_wconf 82' lang='lat' dir='ltr'><strong>De</strong></span> <span class='ocrx_word' id='word_1_884' title='bbox 2683 4957 2903 5026; x_wconf 85' lang='lat' dir='ltr'><strong>legibus,</strong></span> <span class='ocrx_word' id='word_1_885' title='bbox 2943 4972 2996 5026; x_wconf 89' lang='lat' dir='ltr'><strong>p.</strong></span> <span class='ocrx_word' id='word_1_886' title='bbox 3024 4955 3148 5026; x_wconf 78' lang='lat' dir='ltr'><strong>6l5.</strong></span> <span class='ocrx_word' id='word_1_887' title='bbox 3190 4955 3274 5008; x_wconf 79' lang='lat' dir='ltr'><strong>Ab</strong></span> <span class='ocrx_word' id='word_1_888' title='bbox 3308 4953 3645 5026; x_wconf 61' lang='lat' dir='ltr'><strong>aliisautetn</strong></span> <span class='ocrx_word' id='word_1_889' title='bbox 3670 4970 3751 5008; x_wconf 88' lang='lat' dir='ltr'><strong>re-</strong></span> 
     </span>
    </p>
   </div>
   <div class='ocr_carea' id='block_1_119' title="bbox 2175 5022 3749 5096">
    <p class='ocr_par' dir='ltr' id='par_1_119' title="bbox 2175 5022 3749 5096">
     <span class='ocr_line' id='line_1_121' title="bbox 2175 5022 3749 5096; baseline -0.003 -16"><span class='ocrx_word' id='word_1_890' title='bbox 2175 5028 2347 5081; x_wconf 82' lang='lat' dir='ltr'><strong>fertur</strong></span> <span class='ocrx_word' id='word_1_891' title='bbox 2370 5029 2630 5082; x_wconf 87' lang='lat' dir='ltr'><strong>usitatum</strong></span> <span class='ocrx_word' id='word_1_892' title='bbox 2677 5022 2846 5083; x_wconf 83' lang='lat' dir='ltr'><strong>fuisse</strong></span> <span class='ocrx_word' id='word_1_893' title='bbox 2876 5022 3017 5096; x_wconf 78' lang='lat' dir='ltr'><strong>apud</strong></span> <span class='ocrx_word' id='word_1_894' title='bbox 3065 5025 3401 5096; x_wconf 83' lang='lat' dir='ltr'><strong>Bactrianos,</strong></span> <span class='ocrx_word' id='word_1_895' title='bbox 3444 5022 3749 5096; x_wconf 57' lang='lat' dir='ltr'><strong>Hyrcanos,</strong></span> 
     </span>
    </p>
   </div>
   <div class='ocr_carea' id='block_1_120' title="bbox 2174 5093 3750 5169">
    <p class='ocr_par' dir='ltr' id='par_1_120' title="bbox 2174 5093 3750 5169">
     <span class='ocr_line' id='line_1_122' title="bbox 2174 5093 3750 5169; baseline -0.001 -20"><span class='ocrx_word' id='word_1_896' title='bbox 2174 5096 2391 5169; x_wconf 87' lang='lat' dir='ltr'><strong>Persas,</strong></span> <span class='ocrx_word' id='word_1_897' title='bbox 2415 5098 2691 5169; x_wconf 83' lang='lat' dir='ltr'><strong>Assyrios.</strong></span> <span class='ocrx_word' id='word_1_898' title='bbox 2713 5093 2959 5166; x_wconf 83' lang='lat' dir='ltr'><strong>Caspios,</strong></span> <span class='ocrx_word' id='word_1_899' title='bbox 2982 5094 3235 5169; x_wconf 84' lang='lat' dir='ltr'><strong>ludorum</strong></span> <span class='ocrx_word' id='word_1_900' title='bbox 3261 5094 3495 5169; x_wconf 79' lang='lat' dir='ltr'><strong>aliquos,</strong></span> <span class='ocrx_word' id='word_1_901' title='bbox 3523 5093 3750 5169; x_wconf 75' lang='lat' dir='ltr'><strong>Parthos</strong></span> 
     </span>
    </p>
   </div>
   <div class='ocr_carea' id='block_1_121' title="bbox 2174 5164 3748 5238">
    <p class='ocr_par' dir='ltr' id='par_1_121' title="bbox 2174 5164 3748 5238">
     <span class='ocr_line' id='line_1_123' title="bbox 2174 5164 3748 5238; baseline -0.001 -19"><span class='ocrx_word' id='word_1_902' title='bbox 2174 5168 2439 5238; x_wconf 87' lang='lat' dir='ltr'><strong>aliosque,</strong></span> <span class='ocrx_word' id='word_1_903' title='bbox 2489 5164 2835 5222; x_wconf 81' lang='lat' dir='ltr'><strong>mortuorum</strong></span> <span class='ocrx_word' id='word_1_904' title='bbox 2896 5168 3190 5238; x_wconf 63' lang='lat' dir='ltr'><strong>cadavera</strong></span> <span class='ocrx_word' id='word_1_905' title='bbox 3224 5164 3475 5238; x_wconf 86' lang='lat' dir='ltr'><strong>canibus,</strong></span> <span class='ocrx_word' id='word_1_906' title='bbox 3539 5164 3748 5238; x_wconf 62' lang='lat' dir='ltr'><strong>bestiis,</strong></span> 
     </span>
    </p>
   </div>
   <div class='ocr_carea' id='block_1_122' title="bbox 2176 5232 3750 5304">
    <p class='ocr_par' dir='ltr' id='par_1_122' title="bbox 2176 5232 3750 5304">
     <span class='ocr_line' id='line_1_124' title="bbox 2176 5232 3750 5304; baseline -0.001 -15"><span class='ocrx_word' id='word_1_907' title='bbox 2176 5232 2504 5301; x_wconf 74' lang='lat' dir='ltr'><strong>vulturibus,</strong></span> <span class='ocrx_word' id='word_1_908' title='bbox 2556 5239 2872 5292; x_wconf 89' lang='lat' dir='ltr'><strong>volucribus</strong></span> <span class='ocrx_word' id='word_1_909' title='bbox 2918 5236 3227 5291; x_wconf 88' lang='lat' dir='ltr'><strong>devoranda</strong></span> <span class='ocrx_word' id='word_1_910' title='bbox 3276 5235 3567 5304; x_wconf 88' lang='lat' dir='ltr'><strong>projicere.</strong></span> <span class='ocrx_word' id='word_1_911' title='bbox 3605 5232 3750 5304; x_wconf 72' lang='lat' dir='ltr'><strong>Unde</strong></span> 
     </span>
    </p>
   </div>
   <div class='ocr_carea' id='block_1_123' title="bbox 2174 5303 3750 5377">
    <p class='ocr_par' dir='ltr' id='par_1_123' title="bbox 2174 5303 3750 5377">
     <span class='ocr_line' id='line_1_125' title="bbox 2174 5303 3750 5377; baseline -0.003 -17"><span class='ocrx_word' id='word_1_912' title='bbox 2174 5306 2377 5361; x_wconf 87' lang='lat' dir='ltr'><strong>dictum</strong></span> <span class='ocrx_word' id='word_1_913' title='bbox 2426 5308 2677 5377; x_wconf 89' lang='lat' dir='ltr'><strong>Diogenis</strong></span> <span class='ocrx_word' id='word_1_914' title='bbox 2727 5309 2779 5362; x_wconf 92' lang='lat' dir='ltr'><strong>in</strong></span> <span class='ocrx_word' id='word_1_915' title='bbox 2832 5307 3031 5361; x_wconf 72' lang='lat' dir='ltr'><strong>Slobtei</strong></span> <span class='ocrx_word' id='word_1_916' title='bbox 3076 5320 3326 5377; x_wconf 86' lang='lat' dir='ltr'><strong>sermone</strong></span> <span class='ocrx_word' id='word_1_917' title='bbox 3355 5303 3477 5377; x_wconf 17' lang='lat' dir='ltr'><strong>A122</strong></span> <span class='ocrx_word' id='word_1_918' title='bbox 3511 5305 3658 5377; x_wconf 59' lang='grc' dir='ltr'><strong>,Ὅτι</strong></span> <span class='ocrx_word' id='word_1_919' title='bbox 3690 5303 3750 5357; x_wconf 72' lang='grc' dir='ltr'><strong>ἂν</strong></span> 
     </span>
    </p>
   </div>
   <div class='ocr_carea' id='block_1_124' title="bbox 2178 5375 3745 5462">
    <p class='ocr_par' dir='ltr' id='par_1_124' title="bbox 2178 5375 3745 5462">
     <span class='ocr_line' id='line_1_126' title="bbox 2178 5375 3745 5462; baseline -0.002 -32"><span class='ocrx_word' id='word_1_920' title='bbox 2178 5377 2274 5462; x_wconf 53' lang='grc' dir='ltr'><strong>μὲν</strong></span> <span class='ocrx_word' id='word_1_921' title='bbox 2292 5378 2450 5462; x_wconf 51' lang='lat' dir='ltr'><strong>leave-.5</strong></span> <span class='ocrx_word' id='word_1_922' title='bbox 2470 5375 3023 5462; x_wconf 49' lang='lat' dir='ltr'><strong>ababvnanapdgwotv,</strong></span> <span class='ocrx_word' id='word_1_923' title='bbox 3057 5376 3318 5458; x_wconf 60' lang='grc' dir='ltr'>Ὑρκανία</span> <span class='ocrx_word' id='word_1_924' title='bbox 3340 5375 3495 5462; x_wconf 49' lang='grc' dir='ltr'><strong>ἑστια.</strong></span> <span class='ocrx_word' id='word_1_925' title='bbox 3515 5376 3550 5454; x_wconf 66' lang='grc' dir='ltr'>ᾖ</span> <span class='ocrx_word' id='word_1_926' title='bbox 3576 5375 3714 5462; x_wconf 51' lang='lat' dir='ltr'><strong>nitarj</strong></span> <span class='ocrx_word' id='word_1_927' title='bbox 3732 5391 3745 5403; x_wconf 85' lang='grc'><em>’</em></span> 
     </span>
    </p>
   </div>
   <div class='ocr_carea' id='block_1_125' title="bbox 2175 5443 3749 5519">
    <p class='ocr_par' dir='ltr' id='par_1_125' title="bbox 2175 5443 3749 5519">
     <span class='ocr_line' id='line_1_127' title="bbox 2175 5443 3749 5519; baseline -0.003 -19"><span class='ocrx_word' id='word_1_928' title='bbox 2175 5443 2243 5519; x_wconf 83' lang='grc' dir='ltr'><strong>ἂν</strong></span> <span class='ocrx_word' id='word_1_929' title='bbox 2288 5448 2343 5519; x_wconf 83' lang='grc' dir='ltr'>δὲ</span> <span class='ocrx_word' id='word_1_930' title='bbox 2374 5448 2584 5516; x_wconf 80' lang='grc' dir='ltr'>γῦπες,</span> <span class='ocrx_word' id='word_1_931' title='bbox 2621 5443 2898 5519; x_wconf 50' lang='grc' dir='ltr'><strong>Βάκτρων.</strong></span> <span class='ocrx_word' id='word_1_932' title='bbox 2954 5445 3027 5500; x_wconf 91' lang='lat' dir='ltr'><strong>Ita</strong></span> <span class='ocrx_word' id='word_1_933' title='bbox 3076 5443 3218 5519; x_wconf 77' lang='lat' dir='ltr'><strong>enim</strong></span> <span class='ocrx_word' id='word_1_934' title='bbox 3250 5444 3482 5519; x_wconf 49' lang='lat' dir='ltr'><strong>colendo</strong></span> <span class='ocrx_word' id='word_1_935' title='bbox 3524 5443 3588 5519; x_wconf 74' lang='lat' dir='ltr'><strong>in</strong></span> <span class='ocrx_word' id='word_1_936' title='bbox 3624 5458 3749 5519; x_wconf 82' lang='lat' dir='ltr'><strong>voce</strong></span> 
     </span>
    </p>
   </div>
   <div class='ocr_carea' id='block_1_126' title="bbox 2174 5512 3748 5582">
    <p class='ocr_par' dir='ltr' id='par_1_126' title="bbox 2174 5512 3748 5582">
     <span class='ocr_line' id='line_1_128' title="bbox 2174 5512 3748 5582; baseline -0.003 -12"><span class='ocrx_word' id='word_1_937' title='bbox 2174 5518 2330 5571; x_wconf 90' lang='lat' dir='ltr'><strong>nihili</strong></span> <span class='ocrx_word' id='word_1_938' title='bbox 2376 5512 2595 5582; x_wconf 75' lang='grc' dir='ltr'><strong>ἁπτέον,</strong></span> <span class='ocrx_word' id='word_1_939' title='bbox 2637 5512 2907 5572; x_wconf 81' lang='lat' dir='ltr'><strong>adductus</strong></span> <span class='ocrx_word' id='word_1_940' title='bbox 2936 5517 3261 5571; x_wconf 86' lang='lat' dir='ltr'><strong>auctoritate</strong></span> <span class='ocrx_word' id='word_1_941' title='bbox 3308 5512 3748 5582; x_wconf 83' lang='lat' dir='ltr'><strong>Plutarchi,_qui</strong></span> 
     </span>
    </p>
   </div>
   <div class='ocr_carea' id='block_1_127' title="bbox 2166 5579 3748 5651">
    <p class='ocr_par' dir='ltr' id='par_1_127' title="bbox 2166 5579 3748 5651">
     <span class='ocr_line' id='line_1_129' title="bbox 2166 5579 3748 5651; baseline -0.006 -11"><span class='ocrx_word' id='word_1_942' title='bbox 2166 5585 2223 5640; x_wconf 81' lang='lat' dir='ltr'><strong>in</strong></span> <span class='ocrx_word' id='word_1_943' title='bbox 2251 5584 2429 5637; x_wconf 85' lang='lat' dir='ltr'><strong>libello</strong></span> <span class='ocrx_word' id='word_1_944' title='bbox 2463 5592 2541 5635; x_wconf 76' lang='lat' dir='ltr'><strong>An</strong></span> <span class='ocrx_word' id='word_1_945' title='bbox 2569 5579 2829 5636; x_wconf 76' lang='lat' dir='ltr'><strong>uitiositas</strong></span> <span class='ocrx_word' id='word_1_946' title='bbox 2862 5583 2930 5635; x_wconf 90' lang='lat' dir='ltr'><strong>ad</strong></span> <span class='ocrx_word' id='word_1_947' title='bbox 2958 5583 3324 5651; x_wconf 78' lang='lat' dir='ltr'><strong>infelicitatem</strong></span> <span class='ocrx_word' id='word_1_948' title='bbox 3346 5581 3608 5651; x_wconf 25' lang='lat' dir='ltr'><strong>Asu/jiqiqt,</strong></span> <span class='ocrx_word' id='word_1_949' title='bbox 3636 5579 3748 5651; x_wconf 53' lang='lat' dir='ltr'><strong>hinc</strong></span> 
     </span>
    </p>
   </div>
   <div class='ocr_carea' id='block_1_128' title="bbox 2169 5647 3746 5719">
    <p class='ocr_par' dir='ltr' id='par_1_128' title="bbox 2169 5647 3746 5719">
     <span class='ocr_line' id='line_1_130' title="bbox 2169 5647 3746 5719; baseline -0.006 -10"><span class='ocrx_word' id='word_1_950' title='bbox 2169 5654 2328 5709; x_wconf 83' lang='lat' dir='ltr'><strong>habet</strong></span> <span class='ocrx_word' id='word_1_951' title='bbox 2359 5670 2374 5707; x_wconf 90' lang='lat'><strong>:</strong></span> <span class='ocrx_word' id='word_1_952' title='bbox 2422 5653 2701 5719; x_wconf 66' lang='grc' dir='ltr'><strong>’Ϊῖρκάνων</strong></span> <span class='ocrx_word' id='word_1_953' title='bbox 2747 5653 2803 5705; x_wconf 84' lang='grc' dir='ltr'>δὲ</span> <span class='ocrx_word' id='word_1_954' title='bbox 2835 5647 3026 5715; x_wconf 58' lang='lat' dir='ltr'><strong>activae,</strong></span> <span class='ocrx_word' id='word_1_955' title='bbox 3055 5649 3408 5719; x_wconf 82' lang='grc' dir='ltr'>Βακτριανῶν</span> <span class='ocrx_word' id='word_1_956' title='bbox 3453 5648 3511 5700; x_wconf 84' lang='grc' dir='ltr'><strong>δὲ</strong></span> <span class='ocrx_word' id='word_1_957' title='bbox 3542 5647 3746 5719; x_wconf 68' lang='grc' dir='ltr'><strong>ὄρνιθες</strong></span> 
     </span>
    </p>
   </div>
   <div class='ocr_carea' id='block_1_129' title="bbox 2164 5718 3743 5808">
    <p class='ocr_par' dir='ltr' id='par_1_129' title="bbox 2164 5718 3743 5808">
     <span class='ocr_line' id='line_1_131' title="bbox 2164 5718 3743 5808; baseline -0.005 -32"><span class='ocrx_word' id='word_1_958' title='bbox 2164 5724 2391 5808; x_wconf 52' lang='grc' dir='ltr'>νεκρορς</span> <span class='ocrx_word' id='word_1_959' title='bbox 2417 5718 2681 5777; x_wconf 70' lang='grc' dir='ltr'><strong>ἐσθίουσιν</strong></span> <span class='ocrx_word' id='word_1_960' title='bbox 2706 5721 2844 5775; x_wconf 80' lang='grc' dir='ltr'>κατὰ</span> <span class='ocrx_word' id='word_1_961' title='bbox 2870 5722 3087 5793; x_wconf 77' lang='grc' dir='ltr'><strong>νόμους,</strong></span> <span class='ocrx_word' id='word_1_962' title='bbox 3110 5718 3238 5774; x_wconf 79' lang='grc' dir='ltr'>ὅταν</span> <span class='ocrx_word' id='word_1_963' title='bbox 3262 5719 3539 5791; x_wconf 78' lang='grc' dir='ltr'><strong>μακαρίου</strong></span> <span class='ocrx_word' id='word_1_964' title='bbox 3565 5718 3743 5781; x_wconf 79' lang='grc' dir='ltr'><strong>τέλους</strong></span> 
     </span>
    </p>
   </div>
   <div class='ocr_carea' id='block_1_130' title="bbox 2164 5809 2523 5864">
    <p class='ocr_par' dir='ltr' id='par_1_130' title="bbox 2164 5809 2523 5864">
     <span class='ocr_line' id='line_1_132' title="bbox 2164 5809 2523 5864; baseline 0.003 -16"><span class='ocrx_word' id='word_1_965' title='bbox 2164 5809 2523 5864; x_wconf 77' lang='grc' dir='ltr'><strong>τυγχανωσιν.</strong></span> 
     </span>
    </p>
   </div>
  </div>
