3848 6252
177 302 312 357 HIS

1304 294 1849 355 RECOGNITIONUM
1888 292 2013 347 LIB.
2054 292 2143 349 IX.

3172 298 3308 353 MM

174 415 332 469 modo
360 428 570 468 summa
598 415 938 470 observantia
964 413 1135 468 adhuc
1161 420 1424 483 spirantes
1448 412 1690 465 homines
1716 420 1763 472 Α
1798 406 2068 474 signorum
2088 445 2102 469 ,
2138 420 2308 473 neque
2338 405 2551 473 triginta
2579 414 2632 459 et
2664 419 2756 459 sex
2784 404 3075 460 secundum
3112 423 3303 462 nume-

173 503 400 556 canibus
451 506 787 559 devorandos
836 504 1125 571 abjiciunt,
1158 503 1201 533 "
1232 510 1283 555 et
1327 517 1433 555 non
1481 501 1550 553 ob
1592 501 1692 552 hoc

174 588 395 643 Martem
425 606 545 644 cum
574 591 721 645 Luna
750 608 842 662 per
870 593 1112 646 diurnam
1144 591 1377 659 genesim
1406 590 1458 642 in
1488 588 1693 642 Cancro

174 677 379 746 positos
413 677 629 733 habent.
659 678 770 733 Indi
800 689 1035 733 mortuos
1062 693 1188 733 suos
1219 677 1540 738 incendunt,
1571 690 1692 727 cum

174 766 369 833 quibus
400 774 453 819 et
485 783 678 822 uxores
707 766 1075 823 defunctorum
1113 774 1301 836 sponte
1328 781 1385 818 se
1412 765 1694 818 ollerentes

173 860 497 908 exuruntur.
530 854 633 909 Sed
671 871 774 908 non
810 856 929 909 ideo
966 870 1149 909 omnes
1185 870 1301 921 quae
1342 854 1473 906 viva:
1512 854 1694 905 incen-

172 939 373 993 duntur
403 940 653 995 Indorum
683 944 933 997 mulieres
954 984 968 1008 ,
1002 943 1053 995 in
1093 952 1353 995 nocturna
1383 942 1560 1010 genesi
1593 940 1694 993 sub

172 1040 310 1082 terra
338 1030 541 1084 habent
572 1029 745 1083 Solem
775 1045 893 1085 cum
922 1031 1085 1086 Marte
1122 1033 1172 1084 in
1212 1031 1450 1099 partibus
1488 1029 1691 1082 Martis.

170 1116 563 1171 Germanorum
612 1118 825 1187 plurimi
870 1120 1058 1187 laqueo
1105 1120 1262 1173 vitam
1312 1120 1539 1179 finiunt,
1591 1131 1693 1169 nec

172 1207 379 1260 idcirco
405 1223 594 1261 omnes
623 1207 824 1260 Lunam
855 1223 975 1261 cum
1005 1210 1165 1270 hora,
1196 1206 1426 1261 Saturno
1452 1215 1504 1260 et
1527 1205 1694 1257 Marte

171 1297 590 1350 circumeinctas
617 1297 827 1350 habent.
848 1297 951 1351 Sed
976 1314 1078 1350 non
1108 1298 1161 1349 in
1189 1298 1330 1349 omni
1360 1305 1533 1365 gente,
1564 1303 1614 1348 et
1642 1295 1695 1347 in

146 1385 317 1449 .emni
348 1386 434 1438 die
464 1401 561 1453 per
586 1401 794 1440 omnem
822 1387 1180 1440 diversitatem
1225 1387 1431 1455 genesis
1466 1401 1695 1440 nascun-

170 1482 257 1525 tur
301 1472 593 1527 homines?
630 1473 706 1527 Ex
746 1474 939 1543 quibus
976 1476 1225 1529 omnibus
1263 1483 1519 1543 apparet,
1570 1476 1694 1543 quia

170 1570 345 1614 metus
381 1562 557 1630 legum
590 1563 643 1615 in
674 1578 990 1632 unaquaque
1027 1566 1241 1633 regione
1283 1565 1604 1625 dominatur,
1630 1571 1696 1629 .et

124 1636 139 1647 ’
170 1655 381 1706 arbitrii
415 1656 636 1707 libertas
664 1670 780 1722 quae
810 1664 892 1707 est
917 1656 1223 1709 hominibus
1253 1658 1411 1710 insita
1452 1671 1543 1723 per
1582 1656 1695 1724 spi-

1792 513 1907 550 rum
1937 496 2258 549 decanorum
2279 533 2293 556 ,
2328 495 2418 548 sed
2449 502 2572 549 sunt
2600 496 2929 559 innumeras.

1859 581 2066 637 XXVII.
2106 583 2409 637 Meminisse
2452 591 2626 637 autem
2672 584 2925 638 debemus
2973 600 3155 639 eorum
3185 600 3318 654 qua.

1792 687 1951 739 supra
1993 678 2299 727 enumerata
2337 680 2483 735 sunt,
2519 672 2660 741 quod
2691 674 2742 725 in
2770 688 2872 726 una
2904 672 3065 727 Indiae
3087 674 3305 742 regione

1791 768 1915 814 sunt
1941 771 1993 815 et
2037 762 2127 830 qui
2169 762 2441 815 hominum
2474 763 2727 815 carnibus
2759 773 3061 826 vescantur,
3091 772 3142 816 et
3181 771 3305 817 sunt

1792 849 1882 916 qui
1912 850 2071 903 etiam
2115 865 2143 902 a
2174 850 2466 919 pecudibus
2500 851 2578 903 vel
2611 853 2798 905 avibus
2827 853 3177 922 omnibusque
3196 854 3303 906 ani-

1793 940 2060 993 mantibus
2089 942 2411 1006 abstineant,
2441 948 2494 994 et
2533 941 2656 1008 quia
2698 940 2945 1010 Magusaai
2993 959 3097 997 non
3134 944 3304 998 solum

1792 1028 1845 1080 in
1874 1027 2089 1082 Perside
2125 1038 2320 1083 matres
2355 1046 2417 1083 ac
2465 1030 2599 1084 filias
2647 1031 2914 1097 accipiunt
2966 1032 3017 1086 in
3045 1034 3288 1087 matrimo

1792 1115 1959 1176 nium,
1996 1116 2089 1169 sed
2111 1125 2161 1169 et
2180 1116 2231 1167 in
2257 1116 2400 1168 omni
2430 1126 2585 1185 gente
2604 1117 2905 1185 ubicunque
2933 1118 3305 1184 habitaverint,

1792 1205 2048 1257 malorum
2080 1220 2293 1259 suorum
2324 1207 2523 1259 incesta
2557 1207 2797 1261 instituta
2819 1208 3146 1261 custodiunt.
3173 1208 3306 1262 Tum

1791 1305 2048 1361 praeterea
2089 1304 2141 1348 et
2196 1296 2502 1349 innumeras
2525 1303 2708 1363 gentes
2737 1300 3163 1360 memoravimus,
3189 1316 3307 1368 quae

1793 1384 2003 1450 penitus
2034 1383 2207 1437 studia
2236 1385 2479 1436 nesciunt
2509 1383 2831 1437 litterarum.
2858 1384 2960 1439 Sed
2978 1393 3028 1439 et
3052 1388 3307 1455 aliquanti

1794 1472 2061 1539 sapientes
2088 1473 2188 1525 viri
2221 1473 2365 1540 ipsas
2405 1474 2545 1541 leges
2570 1474 2621 1527 in
2652 1475 2922 1527 nonnullis
2953 1488 3309 1532 commutare-

1792 1568 1917 1611 runt
1946 1559 2095 1620 locis,
2128 1560 2244 1612 alia:
2265 1575 2389 1612 vero
2424 1562 2580 1613 etiam
2606 1571 2801 1631 sponte
2834 1540 2927 1630 pro
2967 1564 3047 1615 sui
3100 1566 3178 1617 vel
3209 1566 3309 1617 im-

1794 1650 2144 1717 possibilitate
2178 1650 2256 1702 vel
2291 1650 2623 1711 inhonestate
2650 1651 2913 1705 derelicta:
2956 1661 3095 1707 sunt.
3128 1655 3304 1717 Certe,

168 1744 369 1805 ritum,
401 1745 732 1812 obtemperat
768 1746 1006 1813 legibus,
1044 1760 1141 1799 nec
1179 1761 1366 1813 cogere
1402 1752 1574 1813 potest
1606 1760 1692 1812 ge-
1722 1734 1764 1791 Β
1792 1740 1932 1807 quod
1979 1739 2033 1792 in
2084 1746 2325 1807 promptu
2359 1746 2440 1791 est
2471 1755 2708 1802 noscere,
2744 1742 2923 1808 quanti
2967 1743 3309 1810 imperatores

169 1834 319 1886 nesis
349 1841 441 1885 aut
472 1832 628 1886 Seres
656 1834 1001 1886 homicidium
1032 1835 1383 1897 committere,
1415 1842 1503 1887 aut
1533 1833 1695 1899 Brag-

170 1935 364 1973 mauos
400 1922 653 1975 carnibus
688 1921 861 1983 vesci,
902 1933 992 1973 aut
1025 1920 1215 1976 Persas
1254 1924 1452 1975 incesta
1491 1922 1692 1983 vitare,

169 2010 250 2062 vel
278 2008 447 2061 Indos
475 2024 580 2060 non
608 2010 789 2071 exuri,
817 2016 907 2062 aut
937 2009 1116 2065 Medos
1150 2027 1253 2063 non
1285 2026 1314 2063 a
1345 2011 1568 2065 canibus
1601 2011 1693 2064 de-

169 2095 386 2156 vorari,
433 2093 659 2149 Parthos
700 2112 808 2149 non
851 2098 1044 2152 habere
1091 2100 1269 2166 plures
1321 2113 1547 2159 uxores,
1596 2108 1690 2151 aut

171 2180 431 2235 mulieres
490 2181 879 2251 Mesopotamia:
924 2198 1030 2237 non
1079 2199 1290 2237 servare
1342 2184 1693 2252 pudicitiam,

175 2267 397 2324 Grmcos
437 2286 542 2324 non
581 2273 817 2325 exerceri
845 2273 1135 2341 palaestris,
1179 2272 1446 2325 Gallorum
1497 2287 1690 2340 pueros

169 2372 277 2409 non
313 2356 425 2426 pati
459 2357 765 2419 muliebria,
799 2359 877 2410 vel
905 2366 1083 2426 gentes
1109 2358 1365 2410 barbaras
1393 2355 1696 2409 Graecorum

170 2448 373 2501 studiis
403 2447 646 2511 institui,
678 2446 791 2509 sed,
820 2456 877 2499 ut
900 2446 1129 2499 diximus
1149 2485 1163 2507 ,
1205 2459 1532 2515 unaquasque
1566 2459 1694 2512 gens

170 2538 288 2590 suis
324 2537 539 2605 legibus
582 2538 749 2587 utitur
789 2550 885 2603 pro
921 2535 1180 2588 libertatis
1219 2536 1471 2597 arbitrio,
1514 2542 1566 2587 et
1590 2532 1698 2587 de-

169 2636 319 2680 creta
354 2627 568 2695 genesis
595 2627 769 2695 legum
800 2627 1079 2680 severitate
1109 2626 1344 2694 depellit.

237 2710 435 2765 XXVI.
473 2711 517 2741 "°
555 2709 657 2764 Sed
693 2710 832 2764 dicet
869 2712 1059 2779 aliquis
1093 2726 1278 2765 eorum
1315 2712 1403 2781 qui
1442 2713 1495 2766 in
1533 2712 1695 2766 disci-

168 2803 318 2870 plina
373 2802 631 2855 mathesis
676 2800 866 2854 eruditi
916 2809 1070 2862 sunt,
1122 2804 1355 2871 genesim
1405 2804 1458 2855 in
1495 2815 1696 2873 septem

166 2900 358 2962 partes
400 2890 613 2951 dirimi,
658 2905 775 2959 quze
814 2889 890 2943 illi
950 2891 1163 2945 climata
1207 2894 1473 2962 appellant
1515 2896 1693 2964 (I00),

166 2980 448 3034 dominari
478 2995 600 3034 vero
629 2981 915 3049 unicuique
944 2981 1143 3034 elimati
1185 2998 1342 3035 unam
1388 2999 1450 3037 ex
1488 2992 1691 3053 septem

165 3070 380 3132 stellis,
429 3075 483 3123 et
536 3070 664 3123 istas
712 3084 845 3138 quas
880 3071 1221 3138 exposuimus
1265 3074 1501 3127 diversas
1554 3075 1693 3144 leges

165 3177 276 3215 non
324 3161 399 3213 ab
448 3159 750 3212 hominibus
790 3160 1019 3227 positas,
1058 3162 1149 3215 sed
1186 3162 1251 3215 ab
1288 3163 1405 3216 istis
1440 3165 1694 3233 principi-

163 3250 269 3303 bus
301 3247 601 3302 secundum
647 3247 1066 3318 uniuscujusque
1103 3250 1463 3315 voluntatem;
1505 3261 1556 3306 et
1592 3254 1692 3307 hoc

161 3339 313 3407 quod
349 3337 519 3392 stellae
548 3338 714 3390 visum
744 3344 825 3391 est
846 3380 860 3402 ,
892 3338 1055 3406 legem
1088 3338 1155 3391 ab
1184 3339 1484 3394 hominibus
1513 3342 1693 3394 obser-

162 3438 378 3483 vatam.
418 3427 494 3479 Ad
535 3426 645 3479 haec
678 3441 802 3494 ergo
838 3428 1305 3495 respondebimus,
1347 3430 1487 3497 quod
1526 3430 1696 3498 primo

161 3517 397 3585 quidem
426 3529 531 3567 nou
560 3522 641 3567 est
669 3514 720 3566 in
750 3522 947 3581 septem
977 3523 1152 3583 partes
1184 3517 1331 3569 orbis
1368 3524 1519 3569 terra:
1555 3517 1691 3569 divi-

160 3622 259 3660 sus
280 3644 297 3669 ,
337 3613 454 3656 tum
483 3602 751 3656 deinde‘et
780 3603 823 3655 si
854 3603 926 3655 ita
953 3613 1132 3666 esset,
1163 3604 1218 3656 in
1248 3618 1351 3656 una
1379 3612 1529 3673 parte
1560 3610 1611 3657 et
1639 3603 1692 3655 in

160 3710 271 3749 una
311 3691 535 3759 regione
570 3690 867 3743 invenimus
900 3692 1091 3744 multas
1121 3691 1443 3745 differentias
1479 3692 1651 3757 legum
1673 3728 1690 3754 ,

158 3792 214 3837 et
269 3782 405 3836 ideo
456 3792 625 3845 neque
676 3786 873 3845 septem
920 3786 1044 3832 sunt
1079 3780 1367 3833 secundum
1414 3795 1691 3833 numerum

159 3872 497 3931 stellarum,
539 3880 711 3933 neque
749 3865 1028 3920 duodecim
1074 3870 1367 3922 secundum
1415 3883 1695 3922 numerum

1794 1830 2031 1897 gentium
2060 1843 2193 1896 quas
2220 1830 2456 1881 vicerant
2486 1830 2626 1897 leges
2653 1838 2705 1883 et
2738 1831 2977 1883 instituta
3015 1843 3307 1898 mutarunt,

1794 1925 1844 1969 et
1873 1917 1985 1971 suis
2020 1932 2113 1970 eas
2161 1917 2365 1986 legibus
2399 1918 2761 1985 subiecerunt!
2786 1919 2935 1984 Quod
2982 1923 3251 1976 evidenter
3279 1940 3308 1975 a

1793 2006 2047 2060 Romanis
2096 2006 2292 2059 factum
2322 2007 2561 2069 docetur,
2590 2008 2678 2075 qui
2711 2023 2917 2062 omnem
2949 2026 3083 2083 pene
3126 2013 3308 2065 orbem

1793 2110 2084 2163 omnesque
2109 2096 2352 2149 nationes
2384 2098 2608 2164 propriis
2638 2098 2809 2165 primo
2833 2106 2885 2151 et
2914 2102 3074 2161 variis
3106 2101 3310 2167 legibus

1793 2183 2156 2252 institutisque
2184 2186 2438 2247 viventes,
2473 2186 2523 2237 in
2550 2185 3017 2255 Romanorumjus
3050 2198 3102 2243 et
3134 2191 3310 2245 civilia

1794 2275 1927 2327 scita
1951 2280 2244 2327 verterunt.
2280 2274 2324 2304 ‘“
2351 2270 2605 2343 Superest
2647 2289 2773 2342 ergo
2812 2284 2868 2327 ut
2900 2287 2952 2330 et
2985 2280 3151 2331 stella:
3181 2296 3310 2347 gen-

1793 2363 1946 2423 tium,
1980 2377 2097 2430 qua:
2125 2377 2153 2414 a
2186 2360 2440 2416 Romanis
2468 2363 2620 2416 victm
2648 2370 2793 2425 sunt,
2824 2365 3035 2423 climata
3062 2382 3157 2419 sua
3192 2384 3312 2434 par~

1793 2459 1978 2518 tesque
2008 2451 2353 2519 perdiderint.

1861 2538 2090 2593 XXVIII.
2131 2540 2334 2592 Addam
2385 2538 2557 2591 adhuc
2608 2552 2740 2602 rem,
2774 2555 2889 2611 qua:
2938 2548 3106 2608 possit
3150 2543 3308 2595 etiam

1793 2628 1947 2682 Valde
1994 2627 2283 2682 incredulis
2318 2627 2641 2681 satisfacere.
2684 2626 2849 2681 Judaei
2904 2643 3086 2683 omnes
3112 2629 3184 2699 (l)
3218 2631 3310 2697 qui

1793 2719 1893 2773 sub
1919 2720 2033 2787 lege
2059 2718 2222 2788 Moysi
2254 2719 2455 2779 vivunt,
2476 2717 2611 2770 ﬁlios
2640 2732 2768 2771 suos
2793 2727 2976 2775 octaua
3004 2719 3089 2771 die
3108 2721 3311 2788 absque

1792 2808 1899 2859 ulla
1923 2807 2175 2859 dilatione
2201 2788 2609 2865 circumcidunt,
2647 2812 2699 2859 et
2730 2805 2947 2860 infantis
2985 2807 3150 2861 teneri
3186 2824 3312 2861 sau-

1793 2896 2006 2962 gninem
2049 2894 2306 2958 fundunt;
2338 2908 2366 2945 a
2413 2893 2606 2945 saeculo
2634 2904 2809 2946 autem
2839 2896 3017 2949 nullus
3043 2910 3106 2948 ex
3137 2898 3309 2965 genti-

1794 2983 1893 3036 bus
1921 2983 2021 3036 hoc
2049 2983 2134 3035 die
2157 2989 2342 3035 octava
2364 2993 2647 3049 perpessus
2673 2988 2774 3043 est,
2790 2991 2843 3034 et
2867 2990 3082 3043 econtra
3102 2982 3311 3037 Iudaeo-

1794 3088 1911 3126 rum
1939 3072 2115 3125 nullus
2144 3071 2337 3124 omisit.
2370 3069 2644 3134 Quomodo
2672 3084 2798 3138 ergo
2838 3072 2891 3123 in
2938 3072 3037 3125 hoc
3064 3074 3198 3126 ratio
3221 3090 3311 3138 ge»

1795 3161 1939 3214 nesis
1974 3159 2171 3214 stabit?
2200 3173 2316 3211 cum
2350 3172 2443 3225 per
2480 3164 2700 3210 cunctas
2750 3159 2897 3213 orbis
2942 3168 3096 3214 terrae
3132 3172 3311 3230 partes

1795 3264 1981 3310 (unnes
2029 3246 2194 3301 Judaei
2246 3247 2455 3300 admisti
2501 3246 2741 3313 gentibus
2790 3248 2986 3311 vivant,
3018 3257 3070 3302 et
3123 3260 3310 3303 octava

1795 3338 1991 3392 ferrum
2011 3336 2277 3406 perferant
2305 3336 2389 3389 die
2416 3336 2572 3389 unius
2596 3338 2650 3389 in
2679 3339 2899 3391 membri
2927 3339 3064 3401 luco,
3082 3348 3133 3391 et
3154 3354 3309 3392 nemo

1796 3428 2091 3496 gentilium,
2116 3426 2206 3478 sed
2234 3426 2333 3492 ipsi
2370 3426 2489 3486 soli,
2522 3434 2579 3478 ut
2609 3426 2739 3486 dixi,
2766 3427 2866 3478 hoc
2898 3426 3117 3489 faciunt,
3135 3428 3179 3458 ⁷³
3203 3442 3309 3480 non

1794 3518 1948 3571 stella
1972 3522 2194 3584 cogente
2222 3529 2318 3567 nec
2341 3514 2647 3581 perfusione
2675 3517 2952 3583 sanguinis
2971 3527 3305 3586 perurgente,

1794 3606 1887 3659 sed
1918 3605 2031 3672 lege
2073 3604 2343 3671 religionis
2390 3604 2626 3663 adducti,
2657 3611 2709 3656 et
2739 3604 2791 3656 in
2815 3620 3131 3674 quocunque
3163 3608 3307 3660 orbis

1796 3692 1912 3744 loco
1944 3692 2135 3743 fuerint
2164 3690 2263 3742 hoc
2290 3696 2371 3743 est
2400 3690 2477 3744 eis
2499 3690 2707 3758 insigne
2726 3693 3092 3747 vernaculum.
3120 3690 3220 3747 Sed
3252 3703 3306 3746 et

1797 3780 1936 3849 quod
1985 3794 2146 3832 unum
2194 3793 2383 3831 nomen
2416 3780 2662 3833 cluiuilius
2692 3779 2827 3832 inest
2873 3781 3171 3848 ubicunque
3200 3782 3307 3835 fue-

1799 3870 1925 3929 rint,
1960 3864 2196 3933 nunquid
2255 3872 2305 3917 et
2348 3865 2446 3917 hoc
2497 3880 2589 3933 per
2621 3868 2851 3935 genesim
2881 3868 3061 3920 venit?
3085 3878 3136 3921 et
3162 3870 3304 3937 quod

231 4052 281 4085 ι’
306 4047 380 4101 Et
403 4061 545 4098 non..
569 4040 759 4112 habent
805 4046 961 4112 atque
1000 4039 1088 4112 illa
1136 4056 1251 4110 quae
1299 4042 1351 4095 in
1384 4044 1727 4112 sequentibus
1776 4043 1841 4096 ad
1871 4043 2205 4112 astrologiam
2263 4049 2504 4112 spectant
2545 4056 2721 4094 omnia
2768 4042 2856 4112 sed
2897 4060 3063 4097 non...
3091 4043 3303 4112 quartis

156 4133 208 4174 et
263 4132 363 4172 nec
412 4114 668 4181 Μείνιος,
703 4107 896 4181 Martis
914 4122 1018 4181 ngn
1067 4107 1310 4177 leguntur
1338 4112 1393 4164 in
1442 4107 1604 4181 codd.
1626 4111 1801 4181 Lipss.
1877 4114 1921 4143 ⁷ο
1960 4107 2227 4181 Setl'tlicet
2257 4107 2566 4181 instituta
2598 4110 2887 4181 castodiunt
2916 4120 3055 4180 (cap.
3080 4111 3169 4181 27)
3208 4112 3306 4165 de-

156 4196 295 4243 sunt
326 4186 386 4237 in
423 4180 577 4235 codd.
610 4177 782 4244 Lipss.
855 4175 899 4208 "
934 4174 1236 4244 Superest...
1273 4178 1582 4246 perdiderint
1603 4174 1796 4234 des-unt
1825 4180 1878 4233 in
1908 4179 2060 4233 codd.
2095 4178 2268 4246 Lipss.
2338 4179 2383 4209 "
2404 4175 2522 4229 Non
2553 4178 2770 4232 stella...
2789 4189 2877 4231 aut
2905 4174 3067 4233 emere
3094 4174 3201 4235 non
3228 4182 3309 4234 le-

156 4262 374 4327 guntur
398 4251 453 4304 in
472 4248 625 4303 codd.
641 4246 814 4315 Lipss.

1460 4335 1811 4392 COTELERII
1842 4334 2066 4390 ΝΟΤΕ.

235 4466 392 4541 (100)
433 4462 675 4541 (ἳεηςξὶηιᾼ
710 4464 991 4541 inmaele
1038 4472 1207 4541 partes
1233 4464 1442 4541 dirimi,
1471 4482 1585 4535 qua:
1610 4465 1690 4518 illi
1720 4470 1762 4523 D
1788 4462 1880 4519 lib.
1905 4478 2062 4541 tu,_c.
2182 4462 2376 4541 Verum
2407 4462 2585 4519 forsan
2614 4463 2893 4541 Homerum
2917 4471 3039 4541 post
3067 4473 3302 4541 tempora

154 4530 389 4596 climata
419 4532 694 4600 appellant.
722 4530 937 4584 Dillleile
957 4530 1043 4585 est
1068 4532 1133 4585 de
1159 4533 1259 4585 hoc
1289 4534 1405 4587 loco
1434 4530 1684 4589 statuere.

153 4611 303 4665 Nam
342 4602 389 4656 si
410 4599 651 4670 exigatur
689 4600 753 4650 ad
788 4599 1098 4670 Caesarium,
1139 4600 1356 4670 mutilus
1383 4602 1687 4670 apparebit;

156 4681 206 4733 si
234 4688 375 4729 vero
396 4670 459 4721 ad
485 4666 1137 4736 Bartlesanetn,videbitur
1158 4668 1378 4721 Rufinus
1403 4666 1587 4736 legisse
1608 4686 1691 4736 γε·

154 4747 312 4799 νέσιν
337 4753 433 4808 pro
454 4737 572 4808 γῆν.
590 4733 768 4808 yerba
797 4735 985 4808 prioris
1014 4742 1137 4808 sunt
1171 4754 1191 4808 :_
1204 4737 1333 4787 Ἀλλ’
1357 4733 1490 4808 ἐπτᾷ
1527 4733 1688 4808 cura»):

154 4754 312 4799 νέσιν
337 4754 433 4808 pro
525 4754 572 4786 ν.
607 4754 768 4787 verba
797 4754 985 4802 pl'lOl'lS
1014 4754 1137 4788 sunt
1171 4754 1184 4789 :
1216 4754 1332 4787 AM'
1357 4754 1490 4788 επτα
1527 4754 1688 4789 οντων

153 4817 227 4882 τῇ
258 4754 1039 4882 γενέξεῖτλμῶνιάναξειιὶένων
1059 4804 1322 4882 ditt-€993,
1353 4804 1591 4882 elg'érrya
1616 4804 1692 4855 λέ-

153 4869 335 4949 γὸμὲν
356 4869 601 4949 fugem
630 4871 745 4949 τὴν.
766 4869 1216 4949 γῆνδιαιρεζσθαέζ
1254 4872 1567 4949 Posterioris
1599 4887 1693 4949 au-

152 4937 271 5002 t'et'n
301 4963 313 4997 :
349 4943 409 4994 Οἱ
442 4937 497 4991 δὲ
529 4937 839 5008 ᾀστργόνόμοὶ
864 4937 995 5008 ερασὶ
1017 4938 1109 5005 τὴν
1132 4940 1230 5007 γῆν
1249 4940 1443 5008 ταύτην
1474 4939 1693 5008 μεμερι..

156 5017 289 5069 00w-
312 5013 392 5071 εἰς
419 5006 555 5060 ἑπτὰ
585 5005 831 5073 κλίματα.
850 5005 1110 5074 Cmterum
1142 5005 1337 5073 septem
1367 5005 1575 5074 quoque
1603 5005 1693 5059 cli-

154 5091 311 5137 tnata
360 5077 525 5145 ponit,
562 5074 787 5145 Servius
821 5075 884 5125 ad
930 5089 941 5123 ι
985 5073 1278 5145 Georgicon.
1316 5073 1691 5142 enumeratque

151 5141 407 5205 Isidorus
436 5144 704 5207 Originum
733 5141 823 5193 lib.
854 5157 930 5201 ιιι,
958 5156 1075 5208 cap.
1097 5141 1157 5193 41
1195 5156 1207 5191 :
1243 5156 1355 5208 qua:
1379 5152 1549 5195 tamen
1573 5152 1691 5196 octo

151 5223 312 5286 )eges
340 5214 477 5286 apud
501 5211 826 5286 blartianuur
844 5209 1108 5275 Capellam
1141 5210 1233 5263 lib.
1263 5227 1372 5273 vm,
1398 5226 1448 5286 p.
1480 5211 1605 5264 296.

233 5275 530 5354 (ΠΙ-ιιάωὶ
551 5293 750 5354 carnes.
774 5275 914 5329 Idem
939 5286 1300 5354 argumentum
1329 5275 1483 5354 vulgo
1506 5287 1693 5346 urgent

151 5344 344 5409 sancti
377 5348 577 5402 Patres.
604 5344 752 5410 Quod
782 5354 955 5397 autem
996 5345 1082 5397 hic
1110 5346 1301 5398 dicitur
1324 5344 1522 5398 nullum
1563 5344 1689 5413 gen-

153 5424 341 5474 tilium
382 5431 613 5484 unquam
645 5414 1094 5484 circumcistonem
1135 5424 1322 5466 oetavo
1358 5415 1442 5484 die
1473 5430 1686 5484 passum

152 5491 356 5546 fuisse,
388 5480 652 5538 confutari
673 5498 825 5550 posse
843 5481 1047 5534 videtur
1076 5496 1168 5547 per
1197 5480 1545 5534 narrationem
1569 5480 1687 5533 Phi-

156 5555 411 5613 mstorgii
450 5554 515 5607 Ile
565 5550 843 5605 llomer’itis
884 5566 945 5604 ea
976 5551 1061 5605 die
1121 5550 1427 5607 circumcidi
1473 5550 1643 5605 solitis
1668 5590 1683 5616 ,

1790 4534 1959 4586 n0stri
1984 4532 2228 4585 Auctoris
2255 4533 2415 4585 ritum
2438 4548 2591 4587 suum
2619 4539 2904 4593 mutavere,
2921 4531 3117 4585 edocti
3152 4531 3186 4584 a
3203 4531 3301 4586 Ju-

1791 4601 1919 4654 dazis
1958 4600 2247 4668 inquilinis.
2280 4599 2482 4653 Etenim
2510 4600 2713 4655 Arabes
2740 4607 2888 4652 erant
2913 4617 2930 4668 ε
2956 4600 3305 4653 circumcide-

1790 4669 1983 4737 bantur
2019 4665 2178 4737 porro
2220 4668 2420 4720 Arabes
2446 4682 2589 4737 anno
2619 4670 2703 4727 15,
2732 4675 2870 4737 teste
2900 4665 3124 4737 Origene
3162 4669 3300 4737 apud

1792 4736 2072 4787 Eusebium
2104 4735 2195 4787 Pr.
2237 4751 2413 4803 evang.
2444 4736 2533 4789 lib.
2566 4752 2639 4793 vt.
2669 4751 2784 4801 cap.
2819 4736 2901 4799 II,
2936 4735 3138 4803 p.995,
3171 4735 3299 4789 etin

1792 4751 2072 4787 nusemum
2104 4751 2195 4787 Br.
2237 4751 2413 4803 euang.
2445 4751 2533 4789 ιιι).
2566 4752 2639 4793 νι.
2669 4751 2784 4801 cap.
2819 4751 2901 4799 ιι,
3016 4751 3138 4797 zuo,
3171 4751 3222 4789 et
3246 4753 3299 4789 tn

1790 4803 2089 4855 Philocaliw
2125 4803 2350 4883 cap..22,
2378 4818 2509 4921 ἕως.
2542 4804 2661 4865 565,
2704 4818 2905 4855 necnon
2979 4804 3211 4856 ustathio
3246 4806 3299 4857 in

1792 4872 2140 4921 Hexaemeron
2165 4873 2251 4921 ubi
2287 4871 2351 4921 de
2425 4871 2692 4921 brahamo.
2733 4872 2880 4921 Μετὰ
2916 4872 3029 4921 ἔτος
3059 4886 3299 4921 τρισκαι-

1792 4872 2140 4923 llexaemeron
2165 4872 2251 4925 ubi
2287 4871 2351 4923 de
2378 4871 2692 4924 Abrahamo.
2733 4872 2880 4923 Μετὰ
2916 4872 3029 4932 ἔτος
3059 4886 3302 4939 τρισκαι-

1787 4939 2021 5001 δέκατον,
2064 4948 2172 5005 post
2199 4940 2447 4991 decimum
2491 4941 2695 4991 tertium
2716 4955 2923 4999 annum,
2954 4940 3123 5006 inquit
3150 4939 3300 4993 Iose—

1789 5008 1924 5074 phus
1953 5008 2327 5074 Antiquitatum
2354 5007 2444 5059 lib.
2476 5022 2512 5066 ι,
2559 5023 2677 5074 cap.
2707 5008 2791 5069 I5,
2820 5009 2958 5075 quod
2998 5007 3178 5075 eodem
3216 5023 3297 5061 re-

1789 5077 1935 5135 cidit,
1969 5085 2025 5127 ut
2057 5084 2263 5128 constat
2284 5090 2348 5127 ex
2371 5076 2607 5138 ejusdem
2641 5076 2756 5128 libri
2791 5074 2888 5142 cap
2943 5076 3022 5135 II,
3056 5074 3154 5125 hoc
3194 5084 3295 5139 est,

1789 5157 1928 5211 anno
1962 5145 2024 5195 I5
2044 5144 2321 5211 completo.
2341 5142 2833 5211 CerteiAmbrosius.
2857 5143 2947 5195 lib.
2974 5158 3009 5195 ιι
3033 5142 3107 5194 De
3130 5144 3298 5197 Abra-

1786 5209 1955 5269 Itamo,
1989 5227 2037 5263 c.
2072 5209 2353 5268 “(refert
2383 5211 2451 5263 ab
2474 5210 2731 5279 [Egyptiis
2756 5212 3094 5279 circulncisos
3134 5212 3296 5267 fuisse

1786 5294 1977 5345 pueros
2002 5292 2193 5330 annum
2226 5287 2440 5349 agentes
2465 5278 2988 5349 quartuiiidecimum.
3024 5278 3198 5349 Atque
3233 5296 3292 5333 ex

1786 5344 1868 5401 his
1907 5356 2206 5412 suspectum
2232 5344 2396 5399 habeo
2419 5344 2587 5400 locum
2618 5346 2857 5415 Procopii
2883 5344 3051 5400 Gazaei
3075 5344 3138 5399 aii
3162 5347 3289 5400 Gen.

1784 5428 1823 5476 ι,
1876 5416 1938 5468 14
1965 5434 1977 5469 :
2004 5415 2175 5477 Quare
2223 5418 2358 5481 apud
2383 5415 2672 5467 lsmaelitas
2721 5416 3006 5467 sacerdotes
3052 5416 3139 5467 ubi
3188 5426 3297 5468 natt

1783 5484 1972 5550 fuerint
1998 5499 2155 5534 annos
2176 5482 2364 5540 decem,
2391 5484 2773 5537 circumcisione
2793 5485 3101 5551 signantur?
3126 5499 3191 5537 ne
3223 5499 3295 5551 ιγ,

1784 5553 1995 5615 detrito,
2027 5568 2080 5617 γ,
2114 5553 2379 5606 transierit
2416 5554 2468 5605 in
2499 5570 2537 5607 ι.
