3904 6408
512 349 651 405 ωδ

1342 335 1406 391 S.
1445 333 1837 393 CLEMENTIS
1874 336 1895 391 1
1931 333 2097 391 ΙιυΜ.
2138 333 2336 390 I’ONT.
2370 332 2598 389 OPERA
2630 332 2853 389 DUBIA.

3622 334 3744 396 Nili

511 475 786 533 nunquam
821 458 960 529 apud
995 471 1089 513 eos
1124 453 1306 508 infans
1335 465 1497 506 natus
1522 449 1835 522 exponitur,
1863 460 1917 505 et
1937 449 2083 520 quod
2111 458 2154 515 Α
2186 447 2393 503 cuisset
2423 446 2514 501 ille
2534 447 2628 516 qui
2660 445 2932 516 apparuit,
2977 444 3276 502 nuntiaret.
3335 446 3443 503 Sed
3475 464 3547 503 ne
3590 454 3744 507 multa

512 555 746 625 septimo
809 562 1027 619 quoque
1082 544 1170 599 die
1230 558 1421 598 omnes
1480 542 1792 611 ubicunque
1852 539 2075 601 fuerint,

511 638 681 701 otium
702 649 893 713 gerunt
913 653 1010 692 nec
1040 638 1143 690 iter
1164 634 1423 689 incedunt
1451 651 1551 688 nec
1584 634 1691 703 igni
1717 632 2080 702 utuntur(2)i

510 736 649 804 Quid
682 742 764 789 est
796 746 945 801 ergo,
978 728 1120 800 quod
1164 729 1371 782 nullum
1413 725 1725 779 Iudaeorum
1768 726 1821 779 in
1856 726 1946 778 illa
1990 724 2079 779 die

511 831 657 900 cogit
698 825 912 896 genesis
950 830 1042 877 aut
1073 822 1179 876 iter
1208 836 1369 891 agere
1404 820 1502 891 (3),
1537 826 1631 872 aut
1654 818 1947 882 aediﬁcare,
1984 826 2078 872 aut

512 920 744 975 vendere
776 914 999 986 aliquid,
1023 921 1115 968 aut
1146 913 1365 969 emere?

581 1006 774 1065 XXIX.
803 1006 1059 1073 Quinimo
1102 1013 1157 1059 et
1218 1003 1479 1073 majorem
1516 1001 1673 1057 tidem
1724 1017 1907 1055 rerum
1942 1016 2077 1072 prte-

512 1102 745 1159 sentium
778 1100 939 1155 dabo.
978 1099 1115 1153 Ecce
1145 1097 1289 1153 enim
1326 1112 1391 1152 ex
1433 1095 1667 1149 adventu
1698 1094 1832 1162 justi
1864 1101 1918 1148 et
1962 1093 2076 1147 veri

514 1191 797 1262 Propheta:
827 1190 1047 1243 vixdum
1082 1194 1289 1257 septem
1323 1186 1450 1239 anni
1485 1192 1635 1248 sunt,
1680 1185 1733 1238 in
1770 1185 1969 1254 quibus
2010 1199 2077 1238 ex

513 1283 768 1337 omnibus
786 1280 1035 1352 gentibus
1055 1278 1440 1333 convenientes
1458 1276 1704 1332 homines
1728 1276 1793 1329 ad
1813 1275 2075 1338 Iudaeam,

509 1382 564 1427 et
595 1372 767 1442 signis
799 1387 860 1425 ac
892 1369 1187 1425 virtutibus
1211 1382 1335 1438 qme
1366 1367 1634 1433 viderant,
1670 1366 1765 1422 sed
1796 1374 1848 1421 et
1872 1365 2078 1420 doctri-

514 1481 595 1531 me
626 1464 911 1533 majestate
950 1459 1205 1534 permoti,
1232 1458 1324 1514 ubi
1361 1466 1685 1529 receperunt
1729 1457 1885 1511 ﬁdem
1930 1456 2073 1525 ejus,

514 1556 776 1610 abeuntes
821 1553 887 1607 ad
920 1553 1170 1622 regiones
1203 1564 1334 1605 suas
1366 1549 1591 1604 illicitos
1615 1563 1862 1618 quosque
1900 1548 2079 1618 genti-

514 1644 642 1697 lium
688 1644 827 1698 ritus
853 1652 904 1697 et
925 1643 1131 1696 incesta
1184 1653 1442 1708 sprevere
1496 1637 1771 1707 conjugia.
1832 1635 2077 1705 Denique

514 1732 657 1805 apud
688 1731 941 1795 Parthos,
986 1732 1129 1787 sicut
1162 1728 1321 1782 nobis
1353 1726 1616 1791 Thomas,
1654 1726 1746 1796 qui
1780 1726 1922 1795 apud
1955 1727 2077 1781 illos

516 1825 864 1897 Evangelium
893 1822 1174 1895 praedicat,
1208 1821 1429 1890 scripsit
1459 1818 1558 1889 (4),
1603 1835 1711 1875 non
1759 1820 1915 1876 multi
1962 1820 2075 1890 jam

512 1932 640 1988 erga
687 1916 920 1985 plurima
953 1911 1301 1968 matrimonia
1331 1908 1735 1976 diﬂ‘unduntur,
1776 1926 1878 1965 nec
1922 1911 2077 1966 multi

514 2008 657 2078 apud
692 2006 876 2061 Medos
903 2005 1133 2060 canibus
1156 2005 1419 2074 objiciunt
1444 2010 1691 2058 mortuos
1720 2016 1870 2069 suos,
1902 2017 2080 2072 neque

510 2097 692 2152 Persa:
736 2105 970 2149 matrum
1007 2095 1276 2165 conjugiis
1324 2102 1417 2147 aut
1455 2091 1686 2145 filiarum
1718 2091 1939 2146 incestis
1964 2105 2079 2145 ma-

510 2185 782 2242 trimoniis
823 2183 1186 2247 delectantur,
1222 2198 1325 2237 nec
1354 2180 1610 2235 mulieres
1648 2178 1876 2234 Susides
1925 2179 2075 2231 licita

510 2276 717 2329 ducunt
764 2276 1068 2341 adulteria;
1101 2289 1201 2328 nec
1248 2273 1424 2344 potuit
1475 2270 1543 2325 ad
1593 2269 1825 2324 crimina
1860 2270 2077 2339 genesis

510 2367 853 2437 compellere,
880 2382 1017 2437 quos
1050 2364 1326 2436 religionis
1350 2362 1598 2417 doctrina
1622 2360 1967 2431 prohibebat.

582 2535 747 2591 XXX.
787 2537 833 2569 ⁷³
858 2534 997 2591 Ecce
1031 2551 1097 2591 ex
1144 2535 1249 2590 hoc
1297 2536 1416 2605 ipso
1441 2533 1677 2601 conjice,
1712 2541 1766 2588 et
1798 2531 1865 2588 de
1890 2532 1979 2587 his
2019 2531 2075 2586 in

509 2628 709 2698 quibus
740 2642 929 2681 sumus
987 2626 1145 2690 locis,
1197 2626 1571 2694 conjecturam
1606 2639 1759 2695 cape,
1810 2622 2081 2694 quomodo

512 2720 652 2773 fama
688 2726 897 2772 tantum
934 2716 1240 2787 perferente
1291 2718 1358 2771 ad
1418 2732 1577 2771 aures
1603 2716 1903 2779 hominum,
1934 2713 2079 2783 quod

509 2807 779 2880 Propheta
808 2811 862 2864 in
878 2802 1062 2865 Judma
1087 2809 1364 2880 apparuit,
1396 2809 1489 2879 qui
1518 2810 1691 2879 signis
1706 2817 1759 2863 et
1782 2808 2080 2862 virtutibus

510 2902 731 2957 doceret
766 2902 1014 2958 homines
1046 2918 1211 2956 unum
1249 2902 1429 2955 colere
1480 2900 1668 2965 Deum,
1694 2916 1883 2957 omnes
1915 2914 2078 2969 para-

508 2990 579 3043 tis
606 2990 937 3061 intentisque
958 2992 1155 3046 animis
1182 2992 1603 3059 exspectabant,
1640 2991 1802 3045 etiam
1839 3000 1964 3045 ante
1993 2990 2083 3045 ad-

508 3088 730 3133 ventum
777 3080 981 3133 domini
1016 3085 1119 3135 mei
1146 3078 1318 3144 Petri,
1347 3087 1404 3132 ut
1457 3079 1562 3135 sibi
1602 3080 1801 3150 aliquis
1828 3095 1948 3150 quae
1977 3080 2079 3134 do-

2182 552 2507 593 enumerare
2563 536 2867 599 videamur,
2919 537 3099 591 dicam
3131 548 3240 607 quo
3268 538 3506 594 debeant
3559 553 3747 598 cuncta

2180 628 2431 684 concludi
2464 647 2478 683 :
2509 627 2647 683 Cum
2699 627 2842 684 Deus
2887 629 3070 698 justus
3095 630 3167 684 sit
3192 638 3246 684 et
3281 631 3398 700 ipse
3430 631 3627 687 iecerit
3658 635 3739 688 ho-

2180 720 2389 774 minum
2437 728 2713 782 naturam,
2766 719 3040 789 quomodo
3080 728 3290 790 poterat
3341 720 3479 783 ﬁeri,
3523 731 3583 775 ut
3640 724 3749 794 ipse

2183 816 2408 879 poneret
2447 811 2688 880 genesim
2721 809 3055 863 contrariam
3102 810 3284 872 nobis,
3310 827 3433 880 qua:
3471 820 3573 867 nos
3595 829 3751 883 coge-

2180 910 2264 957 ret
2302 902 2369 956 ad
2415 910 2701 972 peccatum
2733 908 2786 955 et
2816 915 3012 955 rursus
3054 902 3421 957 ulcisceretur
3467 902 3587 972 ipse
3630 920 3754 974 pec-

2179 1000 2369 1046 cantes
2391 992 2414 1044 ?
2440 990 2594 1046 Unde
2622 999 2831 1046 certum
2870 998 2977 1055 est,
3016 993 3160 1061 quod
3193 1008 3301 1046 non
3335 993 3495 1047 aliam
3528 996 3600 1049 ob
3621 1010 3744 1049 cau-

2180 1099 2295 1138 sam
2349 1082 2492 1137 Deus
2547 1083 2663 1138 sive
2708 1084 2762 1137 in
2818 1082 3072 1152 praesenti
3106 1084 3221 1137 sive
3253 1082 3308 1136 in
3340 1083 3529 1139 futuro
3559 1088 3755 1141 sacqu

2181 1182 2525 1244 peccatorem
2556 1174 2736 1244 punit.
2776 1174 2883 1228 nisi
2913 1174 3042 1244 quia
3078 1175 3184 1229 scit
3212 1190 3334 1229 eum
3367 1180 3613 1247 potuisse
3641 1181 3757 1234 vin-

2179 1280 2325 1330 cere,
2384 1265 2479 1321 sed
2520 1266 2828 1335 neglexisse
2878 1267 3207 1333 victoriam;
3241 1266 3403 1323 infert
3434 1271 3582 1324 enim
3616 1280 3675 1325 et
3704 1272 3753 1327 in

2178 1358 2431 1427 prmsenti
2456 1359 2653 1413 saeculo
2682 1359 2976 1413 vindictam
3007 1359 3062 1412 in
3094 1360 3362 1423 homines,
3396 1361 3540 1415 sicut
3562 1363 3623 1417 in
3661 1378 3753 1418 eos

2180 1450 2309 1505 fecit
2335 1450 2427 1520 qui
2473 1450 2679 1505 diluvio
2722 1450 3027 1520 perierunt,
3060 1450 3153 1520 qui
3191 1452 3378 1521 utique
3400 1467 3594 1507 omnes
3649 1470 3755 1507 una

2177 1540 2291 1603 die,
2318 1541 2428 1594 imo
2467 1556 2577 1594 una
2636 1540 2770 1595 hora
2806 1541 3064 1595 exstincti
3109 1547 3259 1603 sunt,
3289 1556 3413 1594 cum
3448 1550 3659 1595 certum
3697 1545 3760 1599 sit

2180 1647 2288 1687 non
2313 1647 2407 1687 eos
2438 1647 2560 1687 esse
2604 1631 2905 1687 secundum
2939 1632 3157 1703 genesis
3195 1632 3442 1686 ordinem
3478 1649 3586 1686 una
3619 1633 3758 1687 hora

2180 1730 2357 1777 natos.
2390 1719 2860 1776 Absurdissimum
2897 1730 2983 1777 est
3026 1733 3205 1776 autem
3249 1722 3451 1788 dicere,
3497 1723 3631 1791 quia
3692 1739 3758 1777 ex

2179 1820 2373 1867 natura
2415 1811 2574 1867 nobis
2615 1812 2828 1867 accidat
2875 1812 2987 1882 pati
3017 1808 3259 1876 mala,'si
3290 1826 3398 1867 non
3430 1812 3586 1882 prius
3618 1828 3752 1883 pec-

2179 1905 2299 1951 cata
2334 1898 2731 1966 pmcesserint.

2250 1986 2440 2043 XXXI.
2487 1988 2550 2041 Et
2585 1987 2706 2044 ideo
2752 1989 2799 2045 si
2852 1990 3050 2046 salutis
3105 2005 3295 2046 curam
3330 1993 3593 2063 gerimus,
3629 2004 3757 2051 ante

2179 2082 2361 2136 omnia
2400 2081 2642 2135 scientiae
2695 2082 2957 2137 debemus
2988 2098 3209 2152 operam
3242 2082 3396 2149 dare,
3431 2086 3566 2140 certi
3605 2088 3755 2155 quod

2180 2170 2227 2225 si
2257 2185 2411 2223 mens
2441 2179 2628 2223 nostra
2666 2169 2718 2222 in
2744 2170 3050 2239 ignorantia
3077 2177 3409 2239 perseveret,
3438 2185 3547 2224 non
3581 2173 3761 2227 solum

2178 2259 2397 2332 genesis
2449 2260 2610 2319 mala,
2645 2260 2738 2314 sed
2797 2267 2851 2314 et
2897 2260 3002 2313 alia
3034 2262 3383 2315 extrinsecus
3412 2277 3763 2332 quacunque

2178 2351 2517 2405 daemonibus
2567 2351 2685 2405 visa
2740 2350 2942 2404 fuerint
2999 2351 3360 2420 perferemus,
3417 2354 3524 2407 nisi
3576 2362 3762 2408 metus

2180 2441 2358 2513 legum
2390 2450 2442 2497 et
2476 2442 2644 2496 futuri
2675 2441 2870 2509 judicii
2894 2441 3131 2495 obsistat
3162 2442 3419 2496 omnibus
3440 2441 3759 2504 desideriis,

2178 2545 2231 2589 et
2261 2534 2520 2609 impetum
2564 2534 2828 2604 peccandi
2879 2533 3135 2588 refrenet.
3190 2532 3324 2586 Nam
3376 2541 3431 2588 et
3482 2534 3760 2589 humanus

2178 2625 2341 2677 timor
2373 2612 2542 2677 multa
2575 2626 2735 2687 bona,
2774 2625 2942 2677 multa
2980 2625 3144 2679 etiam
3185 2624 3325 2677 mala
3357 2626 3487 2693 agit,
3516 2642 3639 2695 quae
3673 2643 3765 2697 ge-

2179 2716 2327 2770 nesis
2357 2718 2551 2779 nescit,
2585 2718 2728 2771 sicut
2761 2732 2927 2787 supra
2961 2716 3325 2773 ostendimus.
3372 2714 3601 2785 'l‘riplici
3655 2717 3765 2787 ἰεί-

2178 2816 2270 2861 tur
2305 2807 2466 2861 modo
2519 2824 2675 2865 mens
2706 2817 2895 2863 nostra
2927 2808 3208 2863 erroribus
3235 2807 3485 2876 subiacet
3519 2826 3533 2861 :
3566 2823 3633 2863 ex
3667 2808 3762 2862 his

2179 2913 2300 2968 quae
2325 2914 2422 2969 per
2444 2901 2640 2953 malam
2683 2900 3139 2955 consuetudinem
3176 2899 3423 2959 veniunt,
3456 2900 3541 2952 vel
3573 2916 3637 2953 ex
3666 2901 3759 2953 bis

2179 2980 2300 3061 quae
2354 3006 2555 3061 corpus
2607 2993 2926 3046 naturaliter
2957 2992 3194 3060 suggerit
3232 2989 3544 3050 desideriis,
3576 2992 3663 3045 vel
3697 3006 3767 3044 (ι

2180 3080 2268 3136 his
2317 3098 2439 3152 quae
2488 3085 2779 3138 contraria:
2830 3090 3134 3154 potestates
3170 3090 3502 3152 perurgent;
3535 3082 3633 3136 sed
3672 3082 3766 3137 his

584 3248 630 3279 "
667 3251 863 3306 Ecce...
886 3266 1187 3303 enumerare
1220 3249 1489 3304 videamur
1515 3251 1710 3305 desunt
1742 3251 1795 3304 in
1829 3259 2057 3321 utroque
2091 3252 2253 3308 codd.
2286 3251 2466 3322 Lipss.

1828 3402 2196 3462 COTELERII
2235 3405 2462 3461 NOTAE.

583 3563 660 3634 (2)7
699 3562 808 3616 Nec
839 3563 949 3632 igni
972 3573 1208 3616 utuntur.
1231 3563 1458 3634 Propter
1482 3566 1650 3634 legem
1680 3564 1771 3618 Dei
1792 3562 2069 3629 Ex.xxxv,
2101 3572 2143 3628 C
2177 3562 2439 3634 discimus
2471 3578 2534 3616 ex
2566 3576 2775 3617 canone
2802 3562 2871 3617 28
2902 3564 3119 3617 concilii
3159 3562 3574 3619 Aurelianensis
3607 3580 3663 3617 In
3708 3572 3765 3618 et

509 3635 575 3686 δε
615 3633 735 3686 Non
765 3635 1082 3703 surcendetis
1106 3635 1273 3703 ignem
1302 3633 1353 3687 in
1380 3635 1619 3687 omnibus
1644 3635 1959 3689 habitaculis
1994 3651 2077 3688 ve-

506 3705 636 3757 stris
666 3720 756 3770 per
785 3705 921 3773 diem
951 3702 1193 3773 Sabbati.
1230 3703 1349 3769 Quo
1390 3705 1591 3758 factum
1640 3706 1909 3773 suspicari
1956 3706 2079 3773 quis

512 3775 704 3896 possit.
743 3783 799 3826 ut
830 3772 1066 3854 Rutilius
1093 3772 1363 3828 Itinerarii
1387 3776 1490 3855 'lib.
1522 3791 1558 3839 l,
1590 3791 1644 3830 v.
1668 3772 1793 3840 389,
1841 3772 2079 3829 Sabbata

552 3843 824 3896 udacorum
859 3844 1051 3896 [naida
1079 3844 1455 3896 appellaverit:

552 3843 824 3899 udworum
857 3844 1051 3913 frigida
1079 3844 1455 3914 appellaverit:

862 3958 959 4015 Cui
992 3960 1230 4015 Sabbata
1261 3959 1456 4030 frigida
1488 3959 1654 4013 cordi.

509 4073 685 4142 Atque
732 4072 857 4125 hinc
901 4072 1060 4125 etiam
1114 4072 1253 4142 forte
1300 4073 1562 4142 originem
1590 4069 2078 4142 sumpsitcelebris

513 4138 843 4213 paganorum
874 4144 1056 4213 opinio
1093 4142 1159 4195 de
1190 4138 1479 4213 Sabhatico
1508 4138 1725 4213 jejunio
1744 4138 2075 4213 Judazorum.

514 4210 691 4266 Facile
736 4213 878 4265 enim
912 4210 1029 4265 ’sibi
1076 4211 1472 4279 persuadebant
1524 4226 1618 4265 eos
1638 4210 1907 4277 jejunare,
1933 4212 2075 4281 apud

514 4299 651 4353 quos
685 4281 862 4353 factum
903 4282 1022 4349 igne
1046 4281 1320 4353 lucentem
1349 4296 1572 4335 cernere
1602 4298 1707 4353 non
1736 4288 1874 4353 erat.

583 4353 658 4420 (ὅ)
703 4350 810 4403 Iter
834 4348 1001 4419 agere.
1032 4350 1281 4403 Arbitror
1317 4352 1577 4419 scriptum
1604 4351 1769 4404 fuisse
1806 4350 1857 4402 in
1889 4348 2077 4404 Graeco

510 4440 574 4476 ex
607 4422 910 4474 Bardesane
938 4420 1255 4482 καταλῦσαι,
1290 4421 1430 4489 quod
1473 4437 1752 4490 perperam
1786 4421 1924 4487 apud
1947 4420 2065 4490 AEu-

510 4494 718 4547 sebium
771 4506 862 4558 per
908 4491 1126 4544 verbum
1179 4488 1421 4543 demoliri
1463 4488 1901 4556 interpretantur.
1941 4488 2075 4543 Rem

508 4564 676 4617 verbo
708 4560 1058 4630 signiﬁcatam
1091 4561 1430 4615 iliustraruut
1460 4562 1633 4624 inulti,
1669 4564 2075 4630 pza‘scrtimque

510 4648 679 4686 saria:
712 4629 1005 4699 Scriptura:
1035 4632 1356 4700 interpretes
1399 4632 1463 4683 ad
1494 4632 1611 4684 Act.
1652 4629 1689 4698 i,
1710 4630 1810 4700 ‘1'2.
1844 4630 1947 4683 Sed
1982 4629 2075 4700 nu-

510 4703 626 4756 St'io
650 4716 715 4753 an
743 4716 772 4752 a
797 4698 1065 4769 quoquam
1090 4698 1325 4769 expensa
1354 4701 1675 4769 luerintista
1702 4698 1881 4753 διιίίιίιξ
1904 4719 1914 4752 :
1937 4699 2075 4751 Σαϐ-

509 4772 671 4824 ϐἁτου
705 4770 840 4839 ἔχων
864 4770 977 4823 ὁδόν
994 4787 1006 4798 ο
1030 4770 1308 4839 Δισχιλίων
1327 4772 1541 4839 πήχεων
1566 4770 1651 4840 ἦν.
1680 4770 1940 4840 Τοςοῦτρν
1967 4770 2073 4840 γὰρ

509 4841 797 4912 ήκιϐωτὺς
837 4841 1104 4912 διᾷστημα
1148 4840 1527 4912 προελάμϐανε
1558 4839 1655 4911 τὴν
1688 4839 2068 4912 εταρεμϐολήν.

508 4905 615 4964 Καὶ
637 4911 742 4963 ἀπὸ
764 4905 1398 4979 τοσούτονδιαστῆματός
1424 4905 1634 4963 ἐκίνουν
1658 4905 1737 4972 οἷς
1766 4905 1890 4976 ἐξῑξν
1914 4905 2072 4980 πρὸς·

508 4984 686 5034 κυνεῖν
726 4980 823 5045 τὴν
865 4979 1063 5045 σκηνὴν
1110 4981 1166 5032 ὲν
1216 4980 1475 5045 Σαϐϐάτῳ
1519 4979 1772 5045 βαδίζειν.
1819 4948 1949 5045 dum
1989 4980 2068 5033 vi—

2182 4911 2450 4964 memoriaa
2496 4910 2753 4964 traditum
2798 4905 2901 4964 est.
2929 4908 3230 4963 Ohservatu

2182 4988 2257 5034 est
2289 4981 2440 5034 locus
2482 4980 2775 5045 Hippolyti.
2822 4980 3003 5045 libello
3049 4978 3121 5031 De
3161 4980 3230 5031 du

508 4984 686 5034 κυνεῖν
726 4980 823 5049 τὴν
865 4979 1063 5048 σκηνὴν
1110 4981 1166 5032 ὲν
1216 4980 1475 5049 Σαϐϐάτῳ
1519 4979 1772 5049 βαδίζειν.
1819 4979 2068 5045 Ουίθίνί-

507 5051 705 5105 dentur
748 5036 810 5103 eis
846 5036 1241 5115 Thebphylacto
1282 5058 1336 5104 et
1383 5036 1714 5105 (Eetimen'io
1758 5036 1861 5115 hoc
1908 5059 2067 5115 pacto

504 5116 882 5187 concinnanda
924 5135 938 5171 :
983 5113 1256 5187 Σαϐϐάτῳ
1302 5117 1440 5187 ἔχων
1479 5117 1581 5178 (sic
1626 5132 1727 5170 ms.
1774 5113 2077 5187 Reg—ABG)

502 5186 617 5238 ὀδόν
638 5204 657 5267 ί
678 5186 947 5256 δισχιλίων
976 5188 1190 5256 πήχεων
1220 5183 1308 5308 ἓν.
1332 5183 1603 5239 ’Τοσοῦτον
1634 5187 1741 5257 γὰρ
1780 5183 2077 5269 ὴοκιϐωτδς

504 5256 884 5308 προελάμϐανε
909 5258 1007 5308 τὶν
1034 5273 1217 5308 παοευ.
1253 5257 1378 5308 ολὴν
1408 5257 1501 5308 καὶ
1542 5256 1650 5308 ἀπὸ
1680 5272 1931 5308 τοσουτου
1963 5256 2071 5308 δια-

504 5254 884 5325 προελάμϐὰνε
909 5258 1007 5327 τὴν
1034 5254 1378 5379 adpetitioqu
1408 5257 1501 5310 καὶ
1542 5256 1650 5309 ἀπὸ
1680 5254 1931 5309 τὸσούτου
1963 5256 2071 5308 δια-

505 5326 778 5379 στήματος
799 5328 1076 5379 ὲσκῆνο’.›ν’
1149 5328 1297 5379 ἐξῆν.
1320 5327 1645 5379 προσκυνεῖν
1662 5327 1758 5379 τὴν
1775 5325 1993 5379 σκηνὴν.
2016 5327 2071 5379 ἐν

505 5326 778 5396 (πήματος
798 5325 1127 5396 ξσκήνὸυνςρ
1149 5325 1297 5393 ἐξῆν.
1320 5325 1645 5396 ¹ιέςροσκυνεῖν
1662 5327 1758 5396 τὴν
1775 5325 1993 5396 σκηνὴν,
2016 5327 2075 5379 ἐν

507 5394 767 5464 Σαϐϐάτῳ
792 5393 1040 5463 βαδίζειν.
1061 5392 1173 5448 Hoc
1193 5392 1273 5449 εει
1292 5413 1302 5464 ς
1324 5392 1540 5449 sabbati
1564 5398 1696 5450 viam
1716 5392 1957 5452 'habens'.
1985 5400 2067 5452 uia

504 5474 618 5517 erat
664 5463 747 5516 bis
777 5464 919 5518 mille
941 5464 1251 5519 cubitorum.
1274 5463 1441 5518 Tanto
1482 5469 1618 5519 enim
1643 5468 1918 5521 intervallo
1942 5485 2068 5521 arca

504 5536 1060 5607 castrapprreredebut;
1086 5546 1133 5607 et
1159 5552 1191 5588 α
1219 5546 1363 5588 tanto
1381 5538 1549 5603 spatio
1569 5540 1789 5591 tentoria
1807 5538 2066 5607 ﬁgebant:

503 5602 638 5669 quod
680 5604 883 5669 licebat,
916 5606 983 5658 ad
1032 5605 1357 5658 adorandum
1400 5602 1817 5668 tabernaculum,
1848 5602 1899 5661 in
1932 5608 2066 5661 Sab-

505 5671 625 5725 bato
659 5673 819 5746 obire.
849 5674 1277 5746 Consuetudines
1323 5684 1503 5729 autem
1544 5678 1667 5733 huic
1702 5685 1757 5732 ct
1797 5677 2063 5746 superiori

503 5744 817 5799 consimiles
870 5745 1155 5814 irrepsisse
1205 5746 1494 5816 aliquando
1521 5748 1659 5803 inter
1700 5744 2060 5813 Christianos,

2181 3631 2447 3686 Vernensi
2479 3648 2587 3685 xw.

2251 3704 2327 3773 (ι)
2367 3702 2597 3773 Denique
2643 3703 2781 3773 apud
2826 3701 3086 3766 Parthos;
3141 3704 3277 3756 sicut
3322 3704 3475 3757 nobis
3528 3703 3761 3757 Thomas

2177 3768 2268 3842 qui
2311 3768 2450 3841 apud
2492 3768 2612 3824 illos
2646 3768 2980 3842 Evangetium
3014 3774 3289 3840 prwdicat,
3324 3775 3560 3841 scripsit.
3596 3774 3761 3828 Anti-

2179 3860 2283 3913 qua
2316 3843 2536 3895 traditio
2584 3852 2666 3897 est
2709 3844 2848 3911 apud
2884 3842 3171 3913 Eusebium
3206 3842 3511 3913 Hist._eccl.
3545 3844 3638 3897 lib.
3671 3860 3759 3905 ιιι.

2178 3911 2299 3981 cap.
2327 3914 2377 3975 1,
2411 3922 2464 3967 et
2507 3914 2692 3980 opinio
2733 3915 3059 3974 communis,
3092 3912 3314 3967 ’l‘homm
3354 3911 3661 3975 Parthiam,
3697 3917 3756 3967 in

2177 3998 2284 4052 qua
2328 3984 2531 4036 Christi
2583 3986 2738 4036 tidem
2780 3984 3131 4036 annuntiaret
3157 4023 3170 4045 ,
3214 3985 3414 4037 sortito
3463 3982 3758 4051 obtigisse.

2178 4053 2397 4106 Addunt
2439 4054 2529 4105 alii
2578 4053 2647 4105 ab
2692 4054 2879 4122 eodem
2906 4054 3153 4122 apostolo
3181 4052 3529 4122 Evangelium
3560 4054 3759 4121 praedi-

2177 4124 2537 4175 catumetialn
2568 4122 2735 4183 Indis,
2765 4121 2954 4183 Medis,
2987 4121 3187 4183 Persis,
3208 4121 3496 4191 Hyrcanis.
3518 4122 3759 4185 Bactris,

2179 4192 2369 4262 Magis.
2400 4191 2489 4245 Ge;
2511 4194 2687 4246 manis
2710 4208 2802 4246 seu
2839 4193 3018 4260 potius
3047 4192 3332 4245 Carmanis
3387 4202 3441 4247 et
3478 4192 3764 4262 Ethiopi-

2176 4262 2300 4323 bus.
2332 4277 2543 4316 necnon
2570 4263 2761 4315 Incolis
2792 4272 3046 4317 extremae
3071 4263 3311 4315 Orientzs
3342 4278 3453 4317 ciae
3483 4280 3548 4315 ac
3575 4264 3757 4315 ultimi

2176 4335 2369 4403 Oceani
2402 4332 2701 4403 insulaajue
2724 4330 3095 4403 Taprobanes.
3133 4331 3240 4386 Sed
3266 4335 3442 4387 notari
3478 4334 3762 4403 pra-cipue

2176 4402 2335 4456 debet
2366 4418 2556 4457 versus
2585 4402 2643 4457 S.
2674 4400 2909 4465 Paulini,
2934 4401 3109 4455 Natali
3138 4418 3189 4455 XI
3218 4421 3231 4455 :

2246 4516 2469 4569 Parthia
2485 4515 2795 4569 Matt/neum
2815 4518 3195 4585 complectitur,
3218 4516 3378 4570 India
3398 4516 3687 4576 Thomam.

2211 4631 2300 4684 uia
2336 4628 2557 4700 Thomae
2599 4628 2805 4683 Indiam
2838 4629 3187 4700 peculiariter
3210 4628 3500 4700 assignant
3531 4644 3756 4700 quoque

2225 4706 2463 4765 regorius
2522 4698 2898 4756 Nazianzentis
2946 4701 3193 4753 oratione
3242 4699 3332 4770 25,
3382 4698 3756 4770 Hieronymus

2171 4773 2399 4841 cpistnia
2454 4770 2574 4831 M8,
2624 4771 3012 4841 Metaphrastes
3054 4778 3107 4822 et
3158 4768 3389 4834 Abdias;
3432 4768 3753 4841 slzittlizeum

2173 4839 2301 4895 vero
2321 4839 2578 4895 .Parthos
2628 4839 2790 4895 etiam
2840 4840 3226 4911 praglicatione
3273 4853 3371 4893 sua
3430 4840 3754 4894 illustrasse

3281 4924 3501 4980 quoque
3548 4911 3755 4980 dignus

2173 4988 2257 5034 est
2289 4981 2440 5034 locus
2482 4980 2792 5051 Hippolyti;
2822 4978 3121 5051 libelloﬂQe
3161 4978 3439 5051 duodecim
3490 4978 3775 5051 apostolis,

2211 5050 2496 5116 routjacet
2547 5047 2602 5103 in
2649 5047 2925 5119 Ins.Regio
2957 5047 3091 5119 I789
3125 5068 3137 5078 ·
3171 5050 3372 5117 Scopa;
3396 5049 3453 5101 δὲ
3486 5047 3753 5119 Πάρθοις.

2201 5121 2391 5205 {iam
2428 5122 2681 5205 Πέρσαιςς
2728 5118 3028 5205 “armis
3048 5118 3342 5205 Eiram-3
3372 5118 3624 5205 sese:
3670 5118 3754 5183 (ιο

2170 5188 2379 5258 Μάγοις
2420 5188 2581 5244 etiam
2632 5207 2699 5244 ex
2745 5188 3009 5257 cotheg.
3043 5188 3219 5257 1026)
3262 5188 3528 5258 κηρύξάς,
3561 5190 3754 5241 ilex:-

2172 5208 2263 5244 ma
2300 5208 2379 5252 οις
2420 5208 2581 5244 etiam
2632 5208 2699 5244 ex
2745 5208 3009 5257 cou.ueg.
3043 5208 3215 5257 IUZD)
3262 5208 3528 5258 κηρυςας,
3561 5208 3754 5241 ελακι-

2171 5208 2338 5331 δάσῦη
2371 5260 2411 5331 _(
2434 5262 2484 5313 in
2518 5276 2682 5331 marg.
2725 5260 2913 5331 eadem
2952 5259 3489 5331 manuélgyxta'ioen)
3519 5264 3634 5322 τοῖς
3655 5259 3754 5331 κτέ-

2172 5302 2338 5401 τρασί.Ι
2360 5302 2782 5402 (δι-ο-τέττέρσι)
2816 5330 3037 5402 μέρξσιν
3070 5302 3344 5402 αὐτρῦίιέν
3375 5302 3529 5381 ’κύλιξι
3565 5302 3757 5382 Κναλαο

2172 5399 2314 5471 pinv!)
2340 5402 2438 5471 τῆς
2479 5399 2725 5471 Ἰνδικῇ,
2755 5399 2847 5453 καὶ
2876 5399 3138 5471 (tamen;
3169 5399 3298 5451 ἐκεῖ.
3325 5399 3455 5471 Inde
3478 5401 3633 5471 enim
3653 5413 3758 5466 ap-

2170 5469 2321 5539 paret
2358 5469 2454 5522 cur
2476 5471 2531 5523 in
2559 5469 2671 5523 alio
2693 5472 2878 5539 codice
2911 5479 2964 5522 ιιι
2988 5470 3041 5521 in
3068 5470 3305 5539 editione
3326 5469 3752 5539 Combelisiana

2169 5537 2508 5625 exhibentur,
2557 5538 3171 5625 élunﬁbq‘éloyx‘zdabq.
3218 5538 3465 5625 Scilicet,
3508 5537 3755 5625 ἐλακήδρ

2171 5618 2485 5678 corruptum
2528 5626 2592 5664 ex
2635 5607 2837 5664 ὲλὰκίδι
2881 5607 3182 5664 intextum
3228 5609 3474 5679 irrepsit,
3498 5608 3644 5677 quod
3664 5607 3750 5679 ad

2170 5677 2467 5751 marginem
2486 5680 2805 5751 designabat
2828 5683 3030 5751 variam
3057 5677 3355 5741 lectionem
3368 5677 3745 5747 ἐλακιδιάσθη.

2174 5748 2452 5819 Significat
2478 5748 2656 5806 autem
2682 5749 3315 5822 eluxiozisbmlaccratus
3345 5762 3445 5805 est.
