3848 6318
188 340 316 423 im

1341 352 1887 414 RECOGNITION‘UM
1935 357 2060 412 LIB.
2099 354 2185 413 IX.

3178 362 3314 416 “l8

182 476 409 550 singulis
435 478 698 532 obsistere
732 488 783 533 et
814 490 1107 546 repugnare
1126 473 1287 527 habet
1313 472 1366 525 ln
1398 479 1589 555 natura
1619 486 1714 525 sua
1741 505 1785 559 Α
1814 470 1911 524 tibi
1948 468 2106 547 hodie
2152 452 2431 537 conjugem
2474 474 2619 523 tuam
2668 484 2786 525 cum
2820 448 3005 526 tribus
3052 475 3245 528 vestris
3272 475 3338 528 li-

184 586 356 630 mens,
384 583 508 620 cum
530 567 578 621 ei
600 567 881 622 obfulserit
906 554 1149 619 veritatis
1178 562 1398 631 agnitio,
1422 552 1523 629 per
1554 575 1712 628 quam

182 658 461 715 scientiam
498 658 659 711 timor
690 655 851 713 futuri
872 642 1055 724 judicii
1085 654 1261 715 datur,
1291 650 1379 719 qui
1403 652 1472 703 sit
1493 650 1713 703 idoneus

183 749 372 802 animae
402 748 727 816 gubernator
754 753 806 799 et
834 749 923 814 qui
980 761 1095 798 eam
1137 734 1307 812 possit
1361 757 1389 794 a
1437 739 1716 807 concupis-

180 838 479 893 centiarum
511 836 816 905 praecipitiis
846 849 1115 888 revocare.
1147 832 1281 898 Quia
1313 846 1439 899 ergo
1468 831 1575 884 sint
1599 831 1712 882 haec

164 932 230 984 ‘in
261 939 449 983 nostra
481 936 762 997 potestate,
794 926 1116 981 sufficienter
1138 924 1337 976 dictum
1368 931 1466 975 est.

241 1019 461 1073 XXXII.
502 1018 655 1072 Nunc
691 1028 741 1072 et
779 1026 835 1070 tu
874 1032 1032 1070 senex
1058 1055 1072 1078 ,
1114 1015 1156 1067 si
1194 1013 1320 1082 quid
1355 1012 1521 1064 habes
1567 1009 1710 1077 quod

178 1113 242 1166 ad
284 1113 401 1166 lnec
446 1108 806 1179 respondeas,
851 1107 1046 1175 incipe.
1090 1104 1263 1157 Senex
1302 1102 1368 1155 ad
1401 1102 1555 1154 haec:
1593 1093 1713 1153 Ple-

173 1202 430 1263 nissime,
458 1201 565 1261 ait,
593 1197 902 1259 ostendisti,
928 1195 997 1249 ﬁli
1024 1212 1040 1260 ;
1073 1194 1165 1247 sed
1190 1208 1317 1261 ego,
1345 1192 1482 1246 sicut
1509 1189 1617 1243 dixi
1648 1204 1712 1242 ex

173 1292 360 1354 initio,
392 1290 542 1343 omni
570 1289 694 1342 huic
736 1285 1134 1353 incomparabili
1178 1282 1465 1338 assertioni
1510 1288 1648 1341 tuas,
1682 1291 1711 1329 a

170 1382 395 1451 propria
438 1379 773 1433 conscientia
820 1376 1110 1445 prohibeor
1148 1370 1551 1427 accommodare
1582 1383 1711 1421 con-

169 1458 419 1528 sensum.
466 1469 598 1523 Novi
630 1469 769 1522 enim
799 1474 852 1520 et
882 1480 1051 1519 meam
1094 1462 1330 1533 genesim
1373 1469 1425 1514 et
1467 1458 1711 1527 conjugis

166 1578 336 1628 meae,
373 1568 427 1613 et
456 1559 570 1612 scio
601 1573 661 1611 ea
706 1570 822 1626 qua:
863 1556 1150 1621 unicuique
1193 1558 1435 1605 nostrum
1477 1548 1712 1601 dictabat

165 1650 393 1723 genesis
443 1649 741 1711 accidisse,
787 1653 840 1698 et
881 1645 947 1697 ab
990 1644 1071 1696 his
1116 1656 1233 1709 qua:
1274 1640 1432 1692 rebus
1457 1647 1509 1691 et
1539 1637 1714 1706 operi-

162 1740 271 1795 bus
302 1744 585 1807 comperta
613 1742 737 1790 sunt
760 1734 886 1787 mihi
902 1773 917 1797 ,
941 1748 1083 1786 nunc
1104 1732 1281 1786 verbis
1304 1730 1581 1784 transferri
1604 1743 1711 1782 non

1812 560 1955 614 beris
2006 562 2270 614 viventem
2320 560 2665 629 pudicissinie
2708 561 3072 630 traditurum;
3123 572 3176 620 et
3230 566 3333 635 jam

1811 666 1952 703 nunc
1981 651 2163 718 accipe
2188 648 2342 703 ﬁdem
2371 665 2546 704 rerum
2571 665 2637 703 ex
2667 664 2730 703 eo
2749 691 2763 713 ,
2796 651 2935 720 quod
2968 667 3177 708 omnem
3209 672 3337 711 cau-

1811 756 1923 795 sam
1972 742 2139 794 multo
2186 740 2493 810 diligentius
2539 741 2651 793 scio
2698 756 2855 810 quam
2901 750 2991 804 tu,
3036 756 3336 814 cunctaque

1808 832 1901 886 tibi
1933 846 2027 899 per
2054 831 2295 884 ordinem
2330 818 2453 898 quasi
2486 838 2633 900 gesta
2676 838 2801 885 sunt
2843 834 3141 911 cnarrabo,
3188 844 3245 888 ut
3284 842 3337 888 et

1792 915 1862 973 tu
1896 934 2187 987 cognoscas
2213 928 2264 974 et
2293 921 2382 989 qui
2414 929 2702 990 praesentes
2730 928 2853 974 sunt
2881 923 3109 976 discant.

1876 1008 2085 1064 XXXV.
2124 1011 2186 1063 Et
2215 1027 2336 1064 cum
2370 1012 2481 1065 haec
2512 1011 2767 1075 dixisset,
2798 1027 3091 1085 conversus
3123 1014 3186 1067 ad
3215 1024 3334 1069 tur-

1806 1099 1904 1153 bas
1947 1100 2019 1152 ita
2059 1102 2258 1169 coepit:
2300 1100 2397 1154 llic
2439 1116 2597 1168 quem
2638 1101 2869 1166 videtis,
2898 1118 2929 1155 ο
2958 1105 3087 1164 viri,
3140 1105 3194 1159 in
3233 1106 3335 1160 hac

1806 1200 1951 1244 veste
1978 1180 2311 1260 pauperrima
2333 1231 2347 1252 ,
2379 1190 2629 1246 Romana:
2662 1193 2809 1247 urbis
2839 1203 2920 1247 est
2952 1196 3116 1260 civis,
3150 1213 3215 1251 ex
3245 1214 3338 1267 ges

1807 1294 1935 1334 nere
1966 1282 2134 1349 ipsius
2162 1280 2390 1334 CEESIII'iS
2421 1282 2753 1336 descendens
2781 1302 2795 1349 ;
2829 1299 3021 1339 nomen
3049 1286 3097 1338 ei
3127 1283 3337 1340 Fausti-

1796 1370 2035 1432 ‘nianus,
2066 1385 2285 1423 uxorem
2322 1385 2531 1438 quoque
2569 1372 2955 1426 nobilissimam
2999 1374 3327 1429 Mattbidiam

1806 1459 2021 1511 nomine
2064 1450 2283 1512 sortitus
2323 1467 2436 1523 cst,
2484 1474 2545 1513 ex
2596 1476 2699 1530 qua
2740 1469 2848 1516 tres
2890 1463 3027 1517 ﬁlios
3068 1468 3331 1534 suscepit,

1808 1561 2033 1615 quorum
2064 1548 2171 1600 duo
2200 1549 2425 1617 gemini,
2456 1564 2595 1603 unus
2626 1559 2801 1603 autem
2845 1552 2935 1620 qui
2975 1561 3088 1605 erat
3130 1554 3332 1623 junior,

1809 1638 1895 1690 cui
1924 1652 2119 1691 nomen
2149 1636 2425 1700 Clemens,
2457 1638 2543 1691 hic
2570 1642 2670 1693 est.
2702 1639 2765 1691 Et
2796 1655 2915 1693 cum
2948 1641 3049 1695 hoc
3074 1642 3329 1711 dixisset,

1810 1727 1974 1796 digito
2020 1743 2103 1781 me
2144 1728 2398 1782 ostendit.
2440 1726 2644 1782 Gemini
2697 1740 2873 1782 autem
2914 1730 3007 1784 ﬁlii
3048 1732 3164 1799 ejus
3206 1744 3333 1788 sunt

158 1844 417 1899 possum.
448 1827 688 1895 Denique
711 1824 965 1893 quoniam
995 1831 1047 1877 te
1078 1822 1313 1890 apprime
1343 1820 1605 1873 imbutum
1634 1818 1713 1870 vi—
1742 1825 1783 1877 Β
1812 1817 1933 1878 isti,
1964 1817 2145 1872 Niceta
2174 1825 2225 1870 et
2253 1816 2471 1885 Aquila,
2507 1833 2728 1886 quorum
2760 1820 2896 1876 alius
2924 1820 3210 1878 Faustinus
3238 1840 3333 1879 vo-

160 1916 268 1968 deo
301 1914 358 1967 in
393 1912 760 1981 hujuscemodi
791 1909 1123 1978 disciplinis,
1156 1908 1278 1961 audi
1309 1907 1553 1975 conjugis
1582 1921 1710 1959 mea:

161 1998 395 2060 thema,
444 2006 497 2051 et
536 1996 777 2050 invenies
820 1995 1037 2049 schema
1078 1995 1234 2062 cujus
1278 1994 1453 2047 exitus
1494 1993 1707 2047 accidit.

163 2086 379 2141 Habuit
408 2086 552 2139 enim
585 2086 804 2139 Martem
850 2099 972 2137 cum
1001 2082 1208 2137 Venere
1248 2097 1408 2151 super
1447 2092 1707 2144 centrum,

154 2176 381 2230 Lunam
430 2190 559 2229 vero
600 2176 655 2228 in
692 2190 889 2228 occasu
936 2175 991 2228 in
1022 2175 1266 2227 domibus
1296 2174 1479 2227 Martis
1507 2181 1559 2227 et
1588 2158 1709 2225 ﬁni-

159 2269 270 2321 bus
315 2264 577 2327 Saturni,
610 2264 749 2333 quod
780 2264 993 2318 schema
1022 2264 1293 2317 adulteras
1335 2262 1463 2316 facit
1504 2270 1557 2317 et
1597 2276 1710 2316 ser-

151 2373 259 2413 vos
297 2356 557 2426 proprios
587 2369 766 2408 amare
787 2393 801 2417 ,
833 2355 885 2406 in
916 2353 1343 2422 peregrinatione
1387 2360 1441 2405 et
1474 2352 1528 2405 in
1558 2353 1710 2420 aquis

150 2448 435 2516 defungi,
469 2445 611 2516 quod
644 2453 697 2498 et
741 2445 813 2497 ita
854 2444 1051 2496 factum
1094 2450 1214 2506 est;
1256 2442 1441 2495 incidit
1481 2448 1710 2509 namque

148 2541 209 2594 in
240 2552 496 2593 amorem
530 2535 707 2599 servi,
738 2542 791 2588 et
821 2534 1115 2603 periculum
1144 2532 1303 2585 simul
1334 2539 1489 2600 atque
1515 2545 1709 2599 oppro-

146 2628 349 2684 brium
383 2635 628 2680 metuens
655 2622 787 2693 fugit
826 2638 946 2676 cum
989 2623 1140 2691 ipso,
1182 2630 1236 2675 et
1272 2636 1491 2690 peregre
1531 2620 1708 2689 profe-

142 2725 242 2773 cta
282 2716 383 2769 ubi
417 2712 590 2766 amori
622 2726 721 2768 suo
752 2710 1046 2773 satisfecit,
1077 2709 1234 2778 periit
1262 2709 1317 2761 in
1346 2709 1499 2762 mari.

222 2803 484 2862 XXXIII.
521 2802 587 2856 Et
617 2816 715 2871 ego
744 2800 993 2869 respondi
1018 2819 1031 2853 :
1073 2798 1221 2852 Unde
1252 2798 1359 2852 scis
1388 2798 1510 2867 quia
1552 2812 1704 2866 pere-

141 2911 251 2968 gre
284 2907 454 2950 servo
485 2892 583 2947 δυο
614 2892 816 2946 sociata
844 2895 926 2944 est
952 2899 1005 2941 et
1042 2888 1096 2941 in
1142 2887 1257 2955 ejus
1299 2887 1569 2942 consortio
1611 2902 1704 2956 po—

142 2987 264 3044 sita
325 2982 681 3052 defungitur?
727 2980 791 3034 Et
842 2995 1043 3035 senex:
1095 2978 1442 3041 Certissime,
1491 2980 1699 3047 inquit,

138 3080 277 3137 scio
300 3115 318 3141 .
354 3087 546 3128 revera
576 3088 678 3125 non
709 3072 830 3140 quia
874 3070 1114 3138 nupserit
1157 3083 1341 3132 servo,
1374 3069 1569 3138 quippe
1610 3070 1697 3137 ‘IUi

139 3180 344 3236 neque
378 3163 486 3216 hoc
512 3160 725 3230 quidem
755 3158 897 3228 quod
940 3173 1060 3211 eum
1106 3164 1307 3210 amaret
1347 3171 1696 3226 agnoverant,

134 3255 250 3308 sed
285 3260 582 3321 postquam
614 3247 849 3316 profecta
879 3252 993 3308 est,
1025 3244 1189 3300 frater
1217 3260 1364 3299 meus
1394 3245 1519 3297 mihi
1551 3260 1705 3298 enar-

134 3345 306 3400 ravit
326 3380 345 3406 ,
378 3341 569 3394 dicens
591 3378 605 3402 ,
638 3337 778 3405 quod
807 3336 976 3404 primo
1005 3334 1215 3403 quidem
1246 3335 1418 3402 ipsum
1462 3334 1706 3387 adamas-

130 3441 280 3498 set;
350 3429 451 3484 sed
500 3428 587 3480 ille
628 3426 751 3494 quia
794 3430 908 3479 erat
950 3425 1237 3487 honestus,
1292 3430 1473 3491 utpote
1522 3422 1703 3483 frater,

128 3522 342 3581 noluit
389 3525 566 3571 torum
614 3514 794 3569 fratris
839 3515 1026 3569 incesti
1066 3514 1271 3567 macula
1300 3515 1554 3582 polluere.
1596 3510 1700 3565 Sed

126 3615 239 3671 illa
277 3616 342 3664 ct
375 3620 465 3659 me
497 3619 707 3668 verens,
736 3614 787 3658 et
813 3604 1153 3673 Opprobrium
1184 3619 1288 3656 non
1316 3603 1492 3656 ferens
1522 3601 1702 3654 infelix

124 3705 379 3776 (neque
422 3695 562 3748 enim
600 3694 964 3762 imputandum
1002 3695 1048 3746 ei
1084 3701 1196 3754 est,
1229 3692 1371 3761 quod
1401 3706 1516 3744 earn
1545 3705 1703 3759 gene-

121 3796 217 3848 sis
261 3793 463 3853 facere
493 3784 804 3851 compulit),
836 3783 981 3835 ﬁnxit
1014 3782 1278 3835 «omnium
1308 3788 1360 3834 et
1387 3782 1460 3833 ait
1485 3781 1551 3832 ad
1582 3794 1697 3833 me:

116 3880 352 3939 Astitit
385 3872 518 3926 mihi
550 3871 766 3939 quidam
800 3887 893 3939 per
920 3872 1090 3924 visum
1111 3911 1125 3935 ,
1160 3873 1249 3941 qui
1273 3871 1433 3939 jussit
1462 3887 1545 3925 me
1578 3885 1700 3924 cum

114 3969 383 4026 duobus
416 3957 643 4030 geminis
670 3959 800 4014 meis
828 3960 944 4013 sine
970 3974 1117 4013 mora
1148 3974 1211 4012 ex
1239 3959 1381 4014 Urbe
1410 3959 1696 4027 proficisci.

113 4062 283 4115 Haec
318 4066 460 4121 ergo
486 4065 605 4104 cum
636 4049 934 4114 audissem,
966 4063 1061 4117 pro
1091 4049 1259 4103 salute
1285 4050 1402 4117 ejus
1447 4048 1701 4103 ﬁliorum-

108 4166 247 4222 que
283 4142 589 4203 sollicitus,
615 4139 894 4193 confestim
916 4139 1084 4207 ipsam
1106 4148 1157 4192 ct
1185 4139 1380 4192 liberos
1403 4138 1545 4191 exire
1560 4138 1696 4202 feci;

106 4253 328 4298 unum
362 4232 462 4301 qui
492 4238 605 4284 erat
631 4228 832 4297 junior,
865 4228 991 4281 mihi
1020 4227 1213 4282 retinui
1242 4244 1256 4293 ;
1292 4228 1394 4280 hoc
1419 4226 1557 4281 enim
1577 4241 1696 4280 eum

102 4332 225 4402 qui
258 4334 544 4390 responsa
574 4319 627 4370 in
657 4318 858 4372 somnis
881 4317 1116 4380 dederat,
1140 4316 1442 4385 permisisse
1468 4316 1693 4370 dicebat.

1809 1904 2030 1957 cabatur
2056 1906 2244 1975 prius,
2276 1914 2328 1959 et
2370 1907 2506 1961 alius
2549 1906 2797 1962 Faustus.
2844 1909 3013 1964 Simul
3053 1920 3231 1967 autem
3274 1921 3333 1967 ut

1807 1995 2028 2048 nomina
2068 2002 2253 2049 nostra
2291 1998 2586 2050 enuntiavit
2624 1997 2847 2063 Petrus,
2884 2016 3045 2055 senex
3080 2004 3331 2057 resolutis

1808 2083 2062 2137 membris
2092 2080 2371 2147 Omnibus,
2401 2099 2553 2151 quasr
2588 2085 2914 2156 interceptus
2942 2090 3195 2146 concidit.
3220 2091 3331 2147 Nos

1808 2180 1986 2225 autem
2022 2171 2113 2224 filii
2152 2172 2413 2226 irruentes
2457 2188 2617 2241 super
2652 2178 2806 2238 eum,
2850 2180 3330 2247 complcctebamur

1804 2264 1858 2314 et
1889 2256 2281 2326 osculabamur,
2315 2274 2558 2319 verentes
2595 2266 2755 2320 simul
2792 2283 2857 2321 ne
2891 2270 3138 2336 spiritum
3175 2287 3331 2327 revoo

1760 2374 1766 2380 ’
1807 2365 1929 2405 care
1957 2368 2060 2405 non
2091 2363 2290 2420 posset.
2323 2354 2385 2406 Et
2414 2369 2532 2407 cum
2564 2355 2677 2409 haec
2705 2356 2922 2419 ﬁerent,
2957 2361 3183 2427 populus
3212 2362 3330 2429 qui-

1806 2439 1929 2493 dem
1954 2440 2303 2495 admiratione
2338 2443 2453 2512 ipsa
2481 2444 2883 2513 obstupefactus
2913 2456 3017 2501 est.

1873 2526 2103 2582 XXXVI.
2146 2522 2334 2583 Petrus
2362 2541 2535 2586 autem
2571 2547 2788 2602 surgere
2820 2550 2918 2589 nos
2963 2550 2993 2588 a
3031 2540 3327 2607 complexi-

1805 2614 1905 2667 bus
1935 2615 2100 2682 patris
2121 2655 2135 2678 ,
2172 2632 2240 2669 ne
2273 2633 2392 2671 cum
2424 2633 2738 2675 necaremus
2761 2621 2946 2688 jubet,
2995 2630 3046 2677 et
3083 2625 3196 2692 ipse
3234 2640 3328 2696 ap-

1804 2703 2061 2770 prehensa
2090 2719 2249 2756 manu
2274 2707 2389 2771 ejus
2408 2744 2423 2766 ,
2452 2707 2606 2775 quasi
2638 2708 2701 2761 de
2727 2722 2915 2762 somno
2943 2711 3172 2778 quodam
3201 2728 3328 2782 pro.

1804 2788 1967 2843 fundo
1990 2793 2202 2845 elevans
2224 2808 2344 2847 eum
2366 2801 2417 2847 et
2432 2796 2702 2863 paululum
2723 2811 2992 2861 recreans,
3010 2799 3189 2852 omnia
3210 2815 3327 2869 qua

1803 2886 1954 2948 gesta
1980 2880 2188 2934 fuerant
2210 2883 2502 2935 secundum
2530 2885 2805 2938 veritatem
2838 2889 2999 2955 erepit
3023 2903 3319 2957 exponere:

1799 2964 2063 3037 quemodo
2085 2971 2246 3024 frater
2266 2972 2382 3039 ejus
2404 2973 2455 3025 in
2479 2988 2707 3028 amorem
2734 2974 2977 3029 inciderit
2997 2976 3286 3034 Matthidiae
3306 3021 3323 3043 ,

1802 3065 1852 3110 et
1878 3060 1965 3111 illa
1993 3074 2111 3113 cum
2136 3068 2276 3115 esset
2298 3061 2674 3129 pudicissima,
2706 3064 2948 3121 illicitum
2976 3066 3156 3121 fratris
3179 3082 3326 3121 amo-

1799 3163 1908 3203 rem
1940 3150 2057 3203 viro
2089 3151 2323 3205 indicare
2350 3154 2609 3215 noluerit,
2639 3169 2707 3207 ne
2734 3155 2816 3209 vel
2845 3156 3039 3210 bellum
3072 3156 3323 3212 fratribus

1800 3236 1881 3290 vel
1927 3240 2267 3306 opprobrium
2321 3243 2501 3310 generi
2558 3244 2858 3309 indiceret,
2913 3249 3003 3301 sed
3055 3250 3324 3317 sapienter

1799 3329 2063 3382 somnium
2093 3329 2338 3394 ﬁnxerit,
2362 3346 2467 3399 quo
2497 3347 2561 3384 ex
2591 3331 2733 3387 Urbe
2769 3335 3042 3401 iuberetur
3070 3340 3324 3395 excedere

1798 3433 1919 3471 cum
1950 3418 2175 3487 geminis
2205 3418 2361 3482 ﬁliis,
2406 3420 2618 3486 juniore
2660 3422 2798 3489 apud
2843 3434 3045 3491 patrem
3090 3428 3318 3495 relicto;

1800 3513 1963 3574 utque
1994 3506 2307 3575 navigantes
2335 3507 2670 3577 naufragium
2696 3510 2747 3562 vi
2774 3516 3108 3581 tempestatis
3139 3517 3323 3571 incur-

1799 3595 2000 3660 rerint,
2026 3603 2080 3649 et
2106 3597 2173 3649 ad
2203 3597 2431 3651 insulam
2463 3599 2792 3654 Antaradum
2822 3605 3037 3657 nomine
3077 3608 3280 3675 expulsi
3302 3649 3316 3669 .

1798 3685 2071 3740 Mattbidia
2124 3688 2334 3756 quidem
2392 3705 2553 3759 supra
2604 3707 2791 3746 saxum
2845 3696 3109 3764 quoddam
3156 3699 3316 3753 fluctu

1792 3772 2031 3840 jactante
2080 3775 2316 3842 projecta
2357 3777 2460 3843 sit,
2513 3778 2705 3845 gemini
2746 3795 2872 3833 vero
2920 3781 3072 3836 liberi
3117 3786 3251 3854 rapti
3289 3803 3317 3838 a

1797 3861 1984 3927 piratis
2010 3868 2061 3916 et
2079 3864 2372 3918 Caesaream
2400 3865 2659 3934 perducti,
2697 3869 2958 3938 religiose
2992 3872 3201 3927 cuidam
3242 3875 3319 3929 fe-

1797 3950 1951 4005 minae
2005 3955 2289 4007 venundati
2335 3954 2477 4018 sint,
2525 3972 2642 4024 qure
2683 3972 2776 4012 eos
2825 3959 2881 4013 in
2921 3961 3149 4017 ﬁliorum
3199 3965 3318 4019 loco

1794 4043 1996 4098 habens
2047 4044 2338 4098 liberaliter
2385 4046 2691 4102 educaverit
2741 4057 2793 4103 et
2842 4051 3041 4106 erudiri
3095 4053 3313 4119 fecerit.

1794 4132 2329 4211 eorumque‘nomina
2362 4133 2543 4200 pirata:
2575 4136 2972 4191 immutaverint
2998 4148 3051 4194 et
3080 4140 3315 4197 Nicetam
3402 4122 3403 4129 γ

1796 4219 1991 4282 alium,
2045 4220 2208 4273 alium
2257 4219 2503 4289 Aquilam
2558 4225 2945 4294 vocitaverint;
2992 4239 3155 4299 utque
3200 4244 3316 4302 post

1797 4310 1907 4363 haec
1939 4310 2239 4365 studiorum
2269 4320 2322 4365 et
2349 4315 2756 4371 consuetudinis
2781 4331 2947 4373 causa
2979 4318 3184 4375 Simoni
3222 4325 3314 4377 ad-

194 4408 476 4474 XXXIV.
497 4405 631 4459 Tum
661 4412 759 4474 ego
788 4403 1053 4467 Clemens,
1085 4403 1383 4473 intelligens
1413 4403 1551 4471 quod
1581 4404 1693 4470 ipse
1723 4420 1766 4474 ι)
1793 4404 2062 4469 haeserint,
2080 4412 2236 4472 atque
2257 4403 2323 4457 ab
2347 4419 2430 4471 eo,
2457 4407 2547 4459 ubi
2575 4423 2784 4476 magum
2812 4418 2863 4463 et
2888 4409 3216 4480 deceptor-em
3238 4415 3315 4466 vi-

98 4503 420 4570 f'ortassis
443 4505 586 4554 esset
607 4502 757 4565 pater
780 4510 931 4549 meus
949 4533 963 4557 ,
993 4493 1243 4563 lacrymis
1267 4492 1512 4561 Oppletus
1540 4506 1688 4556 sum;

92 4605 359 4659 fragres
391 4602 607 4658 quoque
645 4598 793 4639 meos
831 4585 1068 4638 volentes
1112 4583 1356 4652 prosilire
1395 4588 1449 4640 et
1487 4581 1693 4649 aperire

90 4706 252 4748 rem
285 4724 308 4753 ,
342 4675 622 4750 prohibuit
650 4672 838 4727 Petrus
875 4671 1057 4725 dicens
1086 4689 1100 4725 :
1131 4669 1397 4735 Quiescite
1423 4667 1692 4737 quoadus-

84 4796 235 4857 que
295 4769 445 4829 mihi
492 4764 769 4835 placuerit.
819 4760 1164 4831 Respondens
1208 4773 1335 4828 ergo
1383 4756 1574 4811 Petrus
1619 4755 1692 4808 ait

83 4846 176 4928 ἑά
219 4868 483 4922 senem:
519 4852 667 4918 Quod
690 4848 886 4927 "nomen
928 4857 1042 4903 erat
1078 4849 1277 4919 juniori
1316 4846 1425 4901 ﬁlio
1466 4846 1690 4901 tuo?At

78 4967 208 5023 ille
254 4956 355 5010 ait
384 4968 399 5003 :
434 4947 701 5001 Clemens.
744 4942 805 4994 Et
836 4941 1056 4996 Petrus:
1096 4940 1151 4995 Si
1183 4941 1316 5001 tibi,
1351 4940 1561 5008 inquit,
1591 4938 1690 4990 ho-

75 5061 199 5115 die
243 5043 563 5109 conjugem
606 5047 747 5089 tuam
774 5034 1127 5088 castissimam
1155 5032 1538 5099 consignavero
1567 5045 1688 5083 cum

73 5148 331 5205 “ibus
381 5131 507 5185 ﬁliis
548 5127 684 5187 tuis,
728 5125 900 5178 credis
940 5123 1064 5192 quia
1103 5128 1278 5190 potest
1317 5121 1506 5188 pudica
1538 5134 1689 5173 mens

74 5242 335 5297 motus
370 5214 766 5275 irrationabiles
795 5210 1047 5280 superare
1071 5250 1085 5276 ,
1114 5220 1166 5263 et
1192 5208 1333 5277 quod
1361 5210 1540 5261 omnia
1571 5223 1693 5295 quas

69 5348 115 5388 a
162 5316 381 5382 nobis
423 5309 567 5363 dicta
599 5312 753 5365 sunt,
785 5315 907 5355 vera
938 5301 1044 5354 sint
1070 5306 1122 5353 et
1149 5297 1358 5367 genesis
1400 5298 1535 5350 nihil
1578 5296 1691 5388 sit?

70 5386 166 5477 ἐι
224 5417 475 5468 senex:
512 5397 660 5451 Sicut
705 5390 1030 5477 impossibile
1071 5393 1184 5477 est,
1206 5387 1421 5477 inquit,
1454 5393 1506 5440 te
1538 5386 1688 5439 exhi-

72 5472 263 5563 ξένε
298 5483 460 5558 quod
490 5477 817 5551 promisisti,
849 5476 919 5529 ita
946 5472 1271 5563 impossibde
1298 5479 1381 5525 est
1409 5479 1564 5563 extra
1593 5488 1687 5542 ge-

68 5559 326 5652 simsim
360 5572 479 5630 ﬁeri
507 5567 726 5639 aliquid.
757 5566 891 5620 Tum
934 5563 1161 5618 Petrus:
1203 5559 1390 5616 Testes
1410 5599 1425 5623 ,
1472 5562 1680 5632 inquit,

64 5682 355 5744 habere
403 5662 528 5717 volo
568 5674 753 5713 omnes
791 5656 1004 5745 hosqui
1042 5657 1331 5723 prasentes
1375 5662 1508 5704 sunt
1537 5689 1554 5717 ,
1600 5668 1685 5707 me

439 5751 703 5813 Partica.
751 5747 857 5805 Gn.
903 5746 949 5804 Ι.

1792 4494 2015 4557 derunt,
2038 4497 2210 4549 aversi
2233 4495 2557 4549 accesserint
2579 4498 2645 4550 ad
2671 4498 2981 4553 Zacchreum
2997 4538 3012 4563 ,
3034 4508 3087 4553 et
3107 4509 3164 4553 ut
3192 4513 3311 4570 post

1792 4583 1903 4636 lucc
1934 4583 2121 4637 sociati
2153 4589 2275 4637 sunt
2303 4584 2403 4636 sibi
2428 4602 2441 4648 ;
2477 4585 2569 4638 sed
2598 4594 2650 4641 et
2678 4586 2923 4642 Clemens
2955 4590 3218 4656 quomodo
3245 4608 3308 4644 ex

1791 4672 1931 4727 Urbe
1954 4673 2301 4741 agnoscenda:
2320 4675 2558 4729 veritatis
2581 4690 2742 4730 causa
2768 4676 3057 4745 profectus,
3078 4696 3171 4749 per
3192 4681 3313 4734 Bar-

1789 4764 1939 4819 naba:
1968 4765 2205 4817 notitiam
2232 4765 2525 4819 Caesaream
2553 4766 2757 4821 venerit
2785 4767 2991 4839 sibique
3022 4769 3311 4827 innotuerit

1788 4860 1837 4907 et
1867 4852 2176 4916 adhaeserit,
2203 4859 2365 4920 utque
2394 4852 2459 4905 ab
2484 4868 2546 4906 eo
2571 4853 2639 4907 sit
2666 4853 2730 4907 de
2758 4853 2858 4907 ﬁde
2884 4856 3159 4924 religionis
3183 4859 3312 4911 edo-

1787 4950 1937 5008 ctus;
1964 4942 2056 4997 sed
2079 4951 2131 4997 et
2151 4944 2379 5012 qualiter
2400 4943 2536 5011 apud
2562 4943 2890 4997 Antaradum
2914 4946 3308 5003 mendicantem

1786 5034 2039 5101 repererit
2067 5040 2119 5085 et
2146 5033 2514 5101 recognOverit
2544 5041 2765 5085 matrem
2784 5074 2798 5099 ,
2832 5040 2996 5102 utque
3023 5036 3200 5089 omnis
3229 5036 3312 5088 in-

1786 5123 1901 5177 sula
1930 5125 1981 5175 in
2007 5122 2122 5190 ejus
2147 5121 2508 5189 recognitione
2536 5122 2716 5188 gavisa
2741 5121 2837 5186 sit,
2861 5131 2911 5175 et
2940 5124 3005 5177 de
3034 5123 3312 5192 pudicissiv

1785 5222 1883 5261 mae
1909 5207 2130 5276 hospitae
2156 5208 2503 5261 contubernio
2531 5217 2687 5276 atque
2706 5208 2821 5275 ejus
2853 5225 2945 5277 per
2963 5213 3307 5280 semetipsum

1784 5299 1978 5350 collata
2009 5298 2234 5351 sanitate
2259 5336 2274 5359 ,
2305 5306 2358 5351 et
2388 5298 2453 5351 de
2482 5299 2797 5352 liberalitate
2819 5298 3107 5353 Clementis
3134 5302 3189 5355 in
3217 5316 3310 5355 eos

1782 5384 1872 5454 qui
1915 5400 2039 5454 erga
2086 5393 2306 5439 matrem
2336 5385 2557 5440 beneﬁci
2600 5388 2947 5453 exstiterant;
2978 5395 3149 5458 utque
3188 5399 3311 5461 post

1781 5476 1894 5529 haec
1919 5474 2101 5530 Niceta
2124 5482 2174 5529 et
2195 5473 2385 5544 Aquila
2413 5478 2744 5545 requirentes
2775 5489 3016 5544 quaenam
3047 5487 3195 5536 esset
3220 5492 3311 5549 pe-

1782 5564 1995 5632 regrina
2037 5562 2245 5625 mulier,
2289 5577 2411 5617 cum
2455 5562 2731 5617 audissent
2769 5576 2800 5615 a
2838 5561 3122 5618 Clemente
3160 5578 3315 5618 omne

1788 5653 2053 5724 negotium
2075 5692 2092 5719 ,
2125 5666 2181 5707 se
2211 5666 2331 5708 esse
2360 5653 2598 5723 geminos
2641 5650 2760 5721 ejus
2808 5648 2940 5705 ﬁlios
2986 5652 3315 5707 Faustinum

2998 5740 3082 5798 ἠδ
