3904 6376
523 301 658 358 μω

1375 297 1432 350 S.
1473 293 1865 351 CLEMENTIS
1898 293 1918 347 Ι
1951 293 2118 350 ROM.
2155 294 2354 351 PONT.
2391 291 2619 349 OPERA
2653 293 2876 350 DUBIA.

3648 296 3773 354 ηιῡ

521 411 975 468 exclamaverunt
999 420 1055 468 et
1097 409 1397 475 Faustum,
1443 422 1772 478 omnemque
1817 407 2102 462 historiam
2132 413 2180 473 Α
2211 407 2473 462 conclave
2523 406 2742 471 clausa,
2783 407 3024 478 effugato
3070 424 3102 462 a
3144 422 3204 464 se
3239 407 3486 464 daemone
3529 418 3586 464 et
3629 415 3776 470 ostiis

519 520 644 576 quae
670 520 767 562 eos
799 505 977 576 egerit
1006 502 1410 575 patefecerint;
1442 511 1608 570 utque
1640 507 1764 570 post
1797 498 1912 553 haec
1945 501 2102 554 matri

521 598 765 666 cautius,
782 613 849 653 ne
884 597 1071 652 subito
1101 595 1302 666 gaudio
1334 594 1778 664 interciperetur,
1813 593 1934 662 ipso
1967 591 2105 645 insi-

524 700 732 745 nuante
755 730 770 754 ,
800 688 969 744 oblati
1002 686 1325 747 sint,Petro.

595 779 858 836 XXXVII.
892 779 998 835 Sed
1026 796 1150 834 cum
1179 782 1294 834 hzec
1321 781 1373 833 in
1400 779 1590 833 auditu
1618 781 1766 834 senis
1792 787 2106 835 narratione

525 877 839 950 gratissima
874 875 1052 930 turbis
1086 881 1384 940 exponeret
1414 873 1644 936 Petrus,
1680 875 1755 928 ita
1789 883 1848 928 ut
1879 874 2106 928 audien-

526 977 610 1026 tes
639 976 918 1039 gestorum
948 968 1230 1022 miraculis
1260 974 1314 1022 et
1345 967 1705 1023 humanitatis
1752 966 2106 1021 miseratione

525 1063 926 1133 lacrymarent,
964 1061 1152 1114 nescio
1183 1059 1326 1113 unde
1356 1058 1585 1114 audiens
1620 1067 1794 1114 mater
1838 1059 1906 1113 de
1948 1075 2105 1114 reco-

527 1154 772 1226 gnitione
819 1153 1024 1224 patris,
1074 1167 1243 1206 cursu
1290 1153 1511 1206 concito
1555 1152 1717 1206 irruit
1765 1153 1820 1206 in
1864 1152 2105 1206 medium

527 1247 740 1312 nostri,
776 1263 900 1301 cum
936 1247 1177 1301 clamore
1225 1245 1462 1300 dicens:
1517 1243 1619 1298 Ubi
1663 1252 1747 1300 est
1794 1260 1950 1300 meus
1997 1246 2103 1309 vir,

529 1355 684 1394 meus
707 1339 964 1394 dominus
988 1337 1408 1400 Faustinianus,
1435 1337 1526 1408 qui
1561 1346 1668 1390 tam
1690 1338 1875 1391 multis
1895 1345 2108 1406 tempo-

427 1471 430 1475 ~
527 1433 682 1488 ribus
716 1432 991 1503 afﬂigitur,
1025 1431 1313 1485 ambulans
1348 1447 1443 1500 per
1473 1431 1637 1484 urbes
1667 1432 1910 1501 singulas
1939 1438 1992 1485 et
2023 1447 2107 1485 me

531 1529 828 1603 quaerens?
879 1527 1003 1583 Haec
1040 1544 1164 1583 cum
1199 1529 1289 1582 illa
1315 1527 1471 1598 quasi
1518 1543 1705 1584 amens
1750 1529 2011 1581 clamaret
2055 1534 2108 1581 et

528 1621 1016 1693 circumspiceret,
1048 1637 1212 1676 senex
1243 1637 1539 1676 accurrens
1567 1637 1689 1676 cum
1719 1622 1903 1676 multis
1930 1622 2108 1690 lacry-

529 1716 634 1770 mis
667 1712 924 1784 amplecti
954 1721 1008 1767 et
1055 1714 1435 1783 constringere
1477 1727 1596 1766 eam
1643 1711 1827 1782 cmpit.
1879 1711 1943 1764 Et
1980 1725 2104 1765 cum

2209 497 2502 567 patefactis
2549 513 2673 552 cum
2726 499 2938 554 catenis
2983 500 3099 554 suis
3152 501 3376 558 veniens
3427 501 3672 572 procidit
3717 506 3778 559 ad

2207 588 2374 659 pedes
2405 585 2588 651 Petri,
2622 588 2847 643 dicens:
2890 587 3119 643 Rectum
3160 598 3277 655 est,
3318 591 3393 644 mi
3433 591 3694 656 domine,
3731 603 3782 648 ut

2210 695 2339 750 agas
2371 680 2532 736 hodie
2560 681 2648 734 hic
2680 681 2940 736 salutaria
2970 697 3091 737 mea
3123 682 3200 755 (5)
3223 724 3238 749 ,
3269 692 3322 737 et
3348 700 3458 739 non
3494 686 3784 742 contristes

2210 796 2389 852 neque
2429 797 2516 835 me
2549 799 2724 854 neque
2757 791 3012 853 parentes
3053 799 3226 838 meos.
3268 783 3429 838 Petro
3466 793 3656 838 autem
3696 801 3780 839 re-

2211 877 2463 946 quirente
2512 885 2830 930 catenarum
2879 891 3305 946 sermonumque
3354 876 3475 945 ejus
3532 892 3784 939 causam,

2210 979 2465 1042 parentes
2503 978 2701 1042 praeter
2737 985 2888 1039 spem
2920 970 3025 1023 laeti
3055 969 3235 1024 effecti
3268 970 3335 1024 de
3366 970 3490 1023 filia:
3522 971 3787 1036 sanitate,

2210 1065 2360 1119 velut
2400 1073 2626 1136 stupore
2663 1063 2901 1136 quodam
2942 1065 3163 1118 attoniti
3204 1064 3306 1134 ipsi
3344 1065 3574 1134 quidem
3613 1065 3790 1120 dicere

2209 1163 2518 1226 nequeunt,
2574 1164 2823 1212 astantes
2870 1162 3052 1209 autem
3100 1155 3289 1208 famuli
3338 1156 3540 1209 aiunt:
3591 1154 3720 1210 Haec
3757 1171 3786 1208 a

2210 1251 2440 1321 septimo
2469 1251 2645 1304 aetatis
2689 1266 2834 1305 anno
2878 1264 2907 1302 a
2956 1249 3203 1304 daamone
3247 1258 3550 1319 occupata,
3601 1265 3787 1304 omnes

2209 1344 2304 1412 qui
2342 1343 2602 1398 accedere
2650 1351 2957 1398 tentassent
3005 1341 3069 1396 ad
3113 1358 3264 1405 eam,
3313 1341 3607 1406 scindere,
3654 1341 3785 1395 dila-

2210 1435 2365 1489 niare
2397 1435 2675 1490 morsibus
2696 1475 2708 1498 ,
2742 1435 2905 1488 etiam
2938 1434 3283 1502 disrumpere
3304 1473 3317 1497 ,
3351 1445 3405 1488 et
3437 1434 3540 1486 hoc
3574 1450 3673 1503 per
3711 1432 3788 1486 vi-

2208 1529 2348 1599 ginti
2380 1544 2553 1584 annos
2584 1544 2758 1598 usque
2789 1529 2855 1581 ad
2891 1543 3132 1598 praesens
3164 1527 3344 1582 facere
3374 1543 3656 1596 nunquam
3691 1527 3786 1582 de-

2211 1621 2381 1684 stitit,
2433 1637 2534 1675 nec
2587 1622 2654 1675 ab
2705 1621 2890 1690 aliquo
2939 1619 3117 1690 potuit
3166 1620 3390 1683 curari,
3440 1621 3537 1673 sed
3583 1634 3652 1673 ne
3693 1633 3785 1672 ac-

2210 1712 2404 1768 cedere
2453 1712 2519 1764 ad
2567 1728 2687 1768 eam
2744 1713 3034 1783 quisquam
3082 1711 3341 1776 valebat;
3393 1711 3597 1764 multos
3643 1711 3787 1763 enim

532 1809 647 1864 haec
678 1815 1023 1878 gererentur,
1057 1804 1257 1859 Petrus
1302 1805 1513 1876 rogavit
1545 1805 1736 1859 turbas
1769 1812 1828 1858 ut
1857 1804 2108 1859 discede-
2140 1786 2181 1840 Β
2212 1804 2433 1860 inutiles
2464 1805 2730 1869 reddidit,
2767 1806 2903 1859 alios
2947 1811 2998 1858 et
3044 1803 3304 1873 peremit,
3343 1803 3602 1857 omnibus
3641 1804 3787 1856 enim

525 1906 682 1962 rent,
723 1899 913 1953 dicens
960 1897 1388 1951 inverecundum
1430 1913 1554 1952 esse
1599 1898 1744 1950 ultra
1779 1897 2104 1967 persistere,

531 1991 625 2044 sed
658 1990 897 2044 dandum
931 1989 1011 2043 eis
1047 1989 1227 2043 locum
1274 1989 1599 2044 familiarius
1644 1989 1877 2043 invicem
1927 2003 1986 2043 se
2026 1989 2109 2042 vi-

529 2080 696 2135 dendi
721 2098 736 2147 ;
766 2083 1011 2137 crastino
1048 2090 1227 2136 autem
1260 2082 1350 2134 hic
1371 2122 1385 2145 ,
1420 2081 1632 2151 inquit,
1668 2082 1713 2136 si
1741 2081 1834 2150 qui
1863 2088 2107 2136 vestrum

529 2176 761 2238 volunt,
794 2175 1126 2230 conveniant
1158 2174 1226 2228 ad
1259 2174 1592 2229 audiendum
1625 2177 1873 2230 verbum.

601 2265 892 2322 XXXVIII.
934 2266 1032 2322 His
1066 2283 1095 2320 a
1126 2267 1287 2322 Petro
1314 2267 1480 2322 dictis
1513 2277 1866 2323 secesserunt
1897 2271 2069 2325 turba:
2089 2310 2103 2335 ,

530 2369 582 2415 et
610 2375 733 2415 cum
762 2360 1023 2416 vellemus
1053 2375 1155 2415 nos
1188 2375 1405 2430 quoque
1439 2361 1517 2415 ire
1545 2361 1612 2414 ad
1643 2361 1937 2430 hospitium
1961 2401 1976 2426 ,
2010 2363 2109 2417 do-

533 2451 717 2505 minus
762 2451 958 2506 domus
1001 2453 1076 2505 ait
1120 2451 1187 2506 ad
1230 2468 1376 2508 nos:
1425 2450 1606 2522 Turpe
1650 2461 1735 2508 est
1782 2461 1838 2509 et
1881 2455 2106 2524 impium

531 2543 672 2598 tales
703 2558 766 2600 ac
799 2550 983 2597 tantos
1013 2544 1162 2598 viros
1200 2560 1422 2600 manere
1463 2544 1518 2598 in
1559 2547 1808 2612 stabulo,
1845 2562 1971 2601 cum
2007 2561 2108 2617 ego

536 2650 754 2691 omnem
786 2652 923 2706 pene
957 2636 1179 2691 domum
1209 2643 1495 2691 vacantem
1530 2635 1756 2692 habeam
1776 2680 1791 2705 ,
1823 2638 2107 2708 lectosque

534 2736 740 2784 stratos
775 2731 1210 2800 quamplurimos
1248 2738 1304 2786 et
1343 2746 1463 2800 quae
1495 2731 1806 2786 necessaria
1847 2742 1974 2787 sunt
2012 2748 2111 2801 pa-

532 2826 674 2874 rata.
708 2818 816 2875 Sed
846 2820 1010 2876 Petro
1041 2822 1454 2876 contradicente
1475 2862 1490 2886 ,
1524 2838 1662 2876 uxor
1697 2821 2109 2892 patrisfamilias

533 2927 643 2968 una
698 2929 824 2967 cum
876 2913 1066 2969 liberis
1107 2915 1224 2969 suis
1265 2915 1578 2984 prostrabat
1619 2929 1677 2968 se
1722 2921 1847 2967 ante
1889 2929 2013 2968 eum
2057 2921 2110 2969 et

537 3003 800 3059 exorabat
829 3005 1061 3061 dicens:
1096 3003 1337 3059 Obsecro
1367 3016 1446 3067 te,
1483 3019 1642 3058 mane
1673 3004 1814 3073 apud
1847 3020 1966 3061 nos.
2003 3003 2109 3061 Sed

531 3109 603 3148 ne
631 3094 713 3148 sic
739 3094 959 3165 quidem
994 3095 1376 3165 acquiescebat
1405 3094 1632 3159 Petrus,
1664 3094 1839 3148 donec
1871 3093 1979 3149 filia
2011 3111 2106 3151 eo-

2210 1899 2344 1953 viris
2373 1898 2603 1952 validior
2626 1906 2764 1963 erat,
2792 1898 2908 1952 sine
2931 1897 3100 1953 dubio
3121 1897 3329 1951 viribus
3353 1897 3620 1950 daemonis
3645 1894 3786 1948 nisa.

2209 1989 2368 2045 Nunc
2419 1997 2622 2054 autem,
2673 1997 2730 2042 ut
2778 1989 2967 2054 vides,
3021 2005 3087 2044 ex
3129 1985 3420 2057 praesentia
3457 1994 3550 2040 tua
3579 1986 3785 2041 daamon

2210 2082 2430 2154 quidem
2462 2081 2635 2152 fugit,
2670 2080 2814 2135 ostia
2850 2096 2982 2135 vero
3013 2096 3135 2150 quze
3171 2095 3387 2135 summo
3429 2095 3556 2133 cum
3604 2077 3785 2131 muni-

2211 2181 2396 2229 mento
2427 2174 2614 2228 clausa
2661 2169 2911 2233 fuerant,
2955 2179 3142 2240 aperta
3189 2178 3351 2235 sunt,
3401 2176 3456 2223 et
3501 2169 3618 2237 ipsa
3653 2181 3788 2220 sana

2211 2274 2318 2323 stat
2360 2274 2493 2321 ante
2538 2273 2590 2320 te
2631 2280 2864 2336 rogans,
2913 2272 2972 2317 ut
3023 2264 3165 2318 diem
3197 2263 3520 2318 salutarium
3562 2275 3788 2314 suorum

2209 2357 2392 2411 latum
2425 2363 2479 2411 et
2510 2356 2614 2426 ipsi
2638 2365 2692 2409 et
2719 2355 3037 2425 parentibus
3073 2353 3239 2407 facias
3259 2394 3273 2417 ,
3305 2359 3357 2405 et
3388 2364 3606 2404 maneas
3641 2348 3786 2418 apud

2209 2464 2326 2505 eos.
2369 2447 2494 2503 Haec
2529 2464 2653 2504 cum
2693 2449 2765 2501 ita
2797 2464 2938 2502 unus
2978 2462 3042 2502 ex
3084 2445 3304 2499 famulis
3339 2450 3694 2505 enarrasset,
3733 2447 3789 2494 et

2211 2542 2343 2611 ipsa:
2385 2547 2593 2595 catena:
2621 2540 2688 2594 de
2731 2538 2984 2594 manibus
3016 2538 3135 2607 ejus
3177 2552 3241 2590 ac
3278 2534 3509 2606 pedibus
3553 2532 3789 2586 fuissent

2212 2641 2407 2704 sponte
2453 2634 2748 2696 resolutae,
2796 2631 2992 2686 Petrus
3041 2637 3225 2684 certus
3271 2628 3416 2697 quod
3460 2641 3557 2696 per
3604 2626 3786 2696 ipsum

2211 2726 2420 2782 sanitas
2464 2726 2580 2780 hzec
2620 2724 2833 2780 reddita
2877 2711 2948 2779 sit
2989 2723 3215 2794 puellae,
3256 2719 3530 2790 acquievit
3563 2730 3789 2771 manere

2212 2818 2357 2890 apud
2383 2834 2497 2874 eos.
2538 2817 2644 2873 Sed
2673 2825 2727 2873 et
2757 2817 2879 2870 illos
2911 2815 3002 2885 qui
3035 2821 3415 2870 remanserant
3446 2813 3500 2865 in
3542 2810 3785 2879 hospitio

2213 2930 2319 2967 una
2371 2928 2494 2968 cum
2534 2928 2705 2968 uxore
2745 2927 2844 2968 sua
2886 2908 3124 2964 transire
3157 2909 3324 2978 jussit
3353 2949 3367 2972 ,
3401 2916 3454 2962 et
3485 2907 3792 2976 unusquis-

2211 3020 2318 3074 que
2347 3005 2588 3075 acceptis
2621 3019 2869 3060 seorsum
2911 3001 3185 3057 cubiculis
3230 3001 3575 3064 mansimus,
3625 3004 3794 3066 atque

2213 3112 2282 3153 ex
2330 3113 2481 3152 more
2533 3097 2655 3152 cibo
2696 3104 2916 3166 sumpto
2953 3097 3297 3169 redditisque
3339 3097 3600 3153 laudibus
3644 3095 3791 3152 Deo.

522 3200 656 3239 rum
688 3184 783 3254 qui
812 3185 1097 3255 rogabant,
1130 3186 1199 3240 ab
1231 3185 1512 3240 immundo
1541 3186 1732 3256 spiritu
1767 3188 2105 3257 temporibus
2133 3201 2175 3257 α
2213 3190 2329 3246 suis
2359 3189 2560 3261 singuli
2597 3189 2969 3260 requievimus
2997 3192 3154 3247 locis.

523 3277 722 3331 multis
757 3285 950 3332 vexata
987 3289 1039 3331 et
1079 3277 1287 3332 catenis
1321 3281 1503 3332 vincta
1525 3317 1541 3343 ,
1577 3293 1699 3347 qua:
1738 3278 1916 3333 fuerat
1957 3279 2100 3334 intra

1652 3639 2021 3727 LIBER
2101 3639 2659 3732 DECIMUS.

590 3900 643 3955 ‘I.
685 3898 840 3955 Mane
874 3906 1077 3964 autem,
1109 3906 1300 3952 exorto
1331 3896 1444 3952 sole
1463 3938 1476 3963 ,
1507 3910 1607 3968 ego
1644 3896 1897 3955 Clemens
1928 3907 1983 3956 et
2010 3899 2106 3955 Ni-

515 3999 652 4055 ..ποίει
680 4001 844 4066 atque
868 3991 1063 4063 Aquila
1092 4005 1199 4044 una
1226 4005 1350 4043 cum
1374 3989 1536 4044 Petro
1554 3991 1807 4046 venimus
1832 3991 1899 4045 ad
1924 3993 2103 4047 locum

530 4094 586 4147 in
634 4107 742 4163 quo
788 4095 944 4158 pater
985 4085 1148 4140 simul
1194 4099 1317 4138 cum
1369 4090 1542 4138 matre
1586 4084 2000 4154 requiescebat;
2050 4093 2104 4141 et

523 4200 654 4240 cum
684 4181 862 4236 adhuc
888 4194 982 4235 eos
1020 4176 1355 4232 dormientes
1387 4176 1804 4245 reperissemus,
1835 4192 1935 4246 pro
1970 4177 2102 4232 fori-

531 4279 633 4334 bus
653 4272 1002 4330 consedimus
1026 4309 1040 4335 ,
1073 4269 1166 4322 ubi
1193 4267 1394 4323 Petrus
1422 4269 1625 4323 talibus
1654 4268 1796 4338 apud
1834 4285 1939 4325 nos
1986 4286 2102 4327 ser-

527 4369 786 4427 monibus
842 4365 1051 4420 utitur:
1078 4360 1276 4416 Audite
1311 4377 1419 4428 me,
1452 4361 1794 4417 dilectissimi
1824 4363 2098 4428 conservi,

521 4464 645 4520 scio
681 4461 810 4532 quia
850 4454 1111 4529 grandem
1154 4454 1375 4509 habetis
1416 4451 1670 4509 affectum
1711 4469 1839 4524 erga
1891 4464 2103 4525 patrem
2134 4439 2180 4494 Ῑ)

527 4565 805 4622 vestrum,
836 4567 1028 4608 νει-θοι·
1057 4565 1187 4621 ergo
1225 4565 1294 4604 ne
1337 4558 1468 4604 ante
1493 4555 1714 4619 tempus
1741 4565 1865 4604 eum
1907 4566 2101 4621 perur-

527 4647 699 4718 geatis
744 4646 935 4714 jugum
983 4639 1262 4711 religionis
1305 4639 1626 4709 suscipere,
1658 4640 1900 4695 nondum
1935 4642 2006 4696 ad
2047 4643 2102 4697 id

525 4746 822 4809 paratum,
855 4733 921 4788 ad
959 4731 1105 4804 quod
1147 4730 1286 4785 forte
1316 4744 1416 4800 pro
1442 4728 1609 4784 vestri
1649 4731 1825 4800 gratia
1852 4731 2106 4786 videatur

530 4831 900 4900 acquiescere.
935 4824 1042 4880 Sed
1073 4825 1176 4879 hoc
1215 4837 1324 4877 non
1355 4831 1441 4876 est
1487 4823 1732 4891 firmum;
1779 4824 1923 4894 quod
1956 4825 2102 4880 enim

529 4927 750 4990 propter
776 4915 1027 4970 homines
1057 4913 1117 4968 fit
1135 4954 1150 4978 ,
1182 4912 1461 4984 probabile
1489 4928 1600 4967 non
1631 4920 1717 4968 est
1743 4923 1796 4969 et
1826 4915 1938 4969 cito
1965 4915 2103 4970 dila-

529 5012 697 5066 bitur.
727 5005 964 5078 Ideoque
997 5005 1214 5061 videtur
1243 5005 1375 5058 mihi
1397 5043 1412 5069 ,
1442 5011 1500 5058 ut
1534 5004 1848 5060 concedatis
1875 5005 1926 5060 ei
1958 5022 2103 5061 anno

527 5117 638 5156 uno
662 5100 844 5156 vivere
883 5113 984 5168 pro
1013 5096 1242 5152 arbitrio
1268 5139 1283 5164 ,
1321 5098 1375 5152 in
1408 5111 1516 5166 quo
1556 5103 1739 5166 potest
1786 5097 1889 5152 iter
1935 5112 2102 5169 agens

527 5196 839 5260 nobiscum,
871 5190 1003 5246 dum
1028 5206 1131 5247 nos
1158 5191 1295 5246 alios
1319 5189 1600 5254 docemus,
1635 5190 1799 5245 etiam
1833 5190 1950 5261 ipse
1971 5191 2105 5246 sim-

528 5288 742 5357 pliciter
769 5286 997 5353 audire;
1046 5293 1102 5341 et
1126 5283 1384 5348 audiens,
1419 5283 1688 5353 siquidem
1740 5285 2104 5354 agnoscenda;

528 5376 773 5433 veritatis
809 5385 1020 5432 rectum
1067 5371 1403 5446 propositum
1445 5371 1604 5443 gerit,
1644 5370 1764 5440 ipse
1796 5372 2010 5441 rogabit
2044 5381 2104 5426 ut

531 5467 795 5538 suscipiat
825 5466 1103 5540 religionis
1121 5465 1334 5536 jugum,
1367 5469 1461 5518 aut
1490 5463 1538 5521 si
1564 5478 1676 5518 non
1705 5463 1886 5534 placet
1925 5465 1975 5519 ei
2017 5481 2104 5521 re—

2214 3901 2431 3972 cipere,
2463 3909 2782 3972 permaneat
2815 3902 3047 3958 amicus.
3086 3900 3153 3958 Hi
3186 3904 3331 3959 enim
3362 3903 3458 3975 qui
3508 3920 3619 3961 non
3648 3906 3702 3961 id
3727 3925 3793 3964 ex

2213 3993 2377 4049 corde
2406 3994 2749 4064 suscipiunt,
2785 4010 2909 4049 cum
2948 3998 3216 4067 ceperint
3265 3997 3411 4054 ferre
3443 4015 3555 4053 non
3592 4016 3790 4072 posse,

2213 4101 2323 4141 non
2354 4086 2529 4142 solum
2563 4088 2828 4157 abjiciunt
2871 4089 3016 4159 quod
3059 4099 3448 4160 susceperant,
3491 4093 3589 4148 sed
3636 4097 3796 4166 quasi

2209 4190 2311 4246 pro
2353 4177 2710 4232 excusatione
2758 4177 3091 4234 infirmitatis
3137 4194 3284 4244 sua},
3325 4180 3599 4252 incipiunt
3648 4185 3794 4239 viam

2208 4270 2494 4343 religionis
2524 4270 2907 4343 hlasphemare
2929 4311 2946 4336 ,
2979 4279 3033 4327 et
3064 4273 3206 4328 male
3233 4275 3382 4345 loqui
3423 4275 3494 4331 de
3532 4276 3620 4333 his
3654 4293 3798 4349 quos

2209 4382 2552 4440 nequaquam
2581 4367 2735 4438 sequi
2765 4375 2859 4420 aut
2885 4366 3083 4420 imitari
3114 4374 3430 4436 potuerunt.

2280 4461 2347 4515 ll.
2389 4459 2472 4514 Ad
2521 4458 2636 4513 haec
2674 4456 2866 4513 Niceta
2899 4460 3182 4528 respondit
3217 4475 3230 4510 :
3262 4458 3380 4516 Non
3426 4463 3792 4524 contradico.

2197 4551 2429 4615 ,domine
2469 4550 2544 4603 mi
2579 4549 2769 4613 Petre,
2800 4549 2968 4604 rectis
2995 4557 3049 4603 et
3077 4543 3233 4604 bonis
3261 4550 3507 4606 consiliis
3531 4553 3664 4618 tuis,
3698 4553 3792 4609 sed

2209 4642 2392 4698 dicere
2415 4639 2621 4712 aliquid
2651 4641 2795 4703 volo,
2827 4648 2889 4693 ut
2911 4655 3009 4709 per
3034 4640 3138 4695 hoc
3163 4641 3369 4697 discam
3397 4641 3548 4712 quod
3579 4644 3790 4700 nescio.

2209 4733 2349 4800 Quid
2378 4733 2425 4788 si
2450 4733 2592 4787 intra
2624 4747 2830 4786 annum
2859 4731 3006 4785 hunc
3026 4771 3041 4795 ,
3067 4747 3177 4802 quo
3206 4731 3410 4788 differri
3450 4749 3577 4787 eum
3601 4734 3790 4802 jubes,

2209 4827 2478 4882 moriatur
2512 4833 2671 4895 pater
2693 4824 2928 4878 noster?
2963 4823 3259 4879 descendet
3291 4825 3345 4878 in
3375 4824 3658 4880 infernum
3697 4842 3793 4879 va-

2210 4935 2348 4976 cuus
2377 4928 2432 4976 et
2469 4916 2804 4974 crueiandus
2830 4917 3193 4972 iuaaternum.
3221 4917 3362 4972 Tum
3388 4916 3588 4974 Petrus
3613 4938 3627 4973 :
3662 4920 3791 4974 Am-

2210 5011 2440 5081 plector,
2465 5009 2677 5079 inquit,
2718 5007 3014 5079 benignum
3044 5025 3174 5080 erga
3195 5017 3406 5079 patrem
3444 5011 3790 5082 propositum

2207 5111 2384 5168 tuum,
2415 5108 2470 5157 et
2493 5102 2718 5171 ignosco
2739 5100 2838 5153 tibi
2863 5099 2930 5154 de
2955 5101 3040 5155 his
3069 5116 3192 5172 qua:
3221 5101 3466 5172 ignoras.
3483 5101 3627 5168 Quid
3644 5103 3788 5157 enim

2207 5208 2420 5257 censes,
2457 5192 2584 5262 quia
2618 5191 2664 5247 si
2690 5192 2814 5264 quis
2835 5199 3062 5263 putatur
3082 5191 3232 5261 juste
3259 5190 3489 5255 vixisse,
3523 5192 3630 5248 iste
3659 5207 3792 5246 con-

2209 5284 2362 5338 tinuo
2389 5283 2726 5338 salvabitur?
2767 5282 2888 5338 Non
2928 5291 3091 5354 putas
3114 5297 3239 5338 eum
3277 5281 3694 5338 discutiendum
3722 5284 3790 5338 ab

2207 5391 2272 5432 eo
2301 5375 2395 5446 qui
2424 5376 2639 5431 occulta
2668 5375 2954 5431 hominum
2983 5376 3171 5441 novit,
3201 5376 3483 5447 quomodo
3515 5376 3672 5444 juste
3706 5375 3790 5428 vi-

2207 5469 2382 5532 xerit,
2408 5484 2477 5523 ne
2510 5467 2651 5524 forte
2689 5469 2798 5525 ritu
2829 5470 3116 5542 gentilium
3147 5468 3252 5541 (ϐ),
3285 5468 3565 5524 institutis
3599 5483 3787 5524 eorum

1845 5603 2206 5663 COTELERII
2239 5607 2471 5664 ΝΟΤᾹΞ.

602 5748 676 5813 (5)
713 5746 992 5802 Salutaria
1021 5762 1155 5802 mea.
1175 5745 1255 5799 Τὰ
1278 5746 1536 5816 σῳτήριαρ
1566 5743 1676 5803 Res
1701 5745 1843 5816 satis
1863 5754 1993 5816 nota
2013 5748 2097 5802 vel
2131 5745 2484 5809 mediocriter
2515 5743 2761 5800 eruditis.

601 5811 679 5883 (t5)
715 5817 1026 5899 Gentilium,
1062 5817 1167 5870 hoc
1189 5827 1275 5870 est
1304 5811 1597 5887 ὁμοεθνῶν.
1626 5829 1732 5868 non
1773 5811 2056 5879 Ἑλλήνωι
