3904 6436
500 378 642 435 υσεδ

1358 369 1414 423 5.
1449 362 1843 427 CLEMENTIS
1874 361 1894 416 1
1924 354 2095 424 ΕΟΜ.
2131 355 2333 418 ΡΟΝΤ.
2369 352 2599 409 OPEBA
2634 350 2859 407 ΜΙΒῙΔΔ

3621 349 3750 403 μυ

480 492 744 566 quoniam
767 488 987 561 quidem
1015 486 1179 555 cupio
1202 497 1290 539 me
1323 481 1590 538 inclinare
1616 478 1685 533 ad
1719 478 1859 535 bene
1889 490 2053 546 agen-
2082 477 2130 534 Α
2184 484 2308 566 quae
2341 468 2630 566 malaesse
2663 465 2818 566 apud
2831 465 3108 566 neminem
3133 462 3629 566 dubitantur.“N_on
3662 467 3757 566 tibi

481 588 637 651 dum,
664 590 720 639 et
749 598 859 637 non
872 591 1120 651 {possum
1152 576 1307 631 bene.
1338 588 1519 645 agerc,
1568 572 1676 629 nisi
1726 571 1879 642 prius
1910 567 2056 625 didi-

482 689 611 732 cero
644 672 775 745 quid
812 672 883 726 sit
920 670 1157 733 bonum;
1187 665 1333 736 quod
1377 665 1424 719 si
1469 664 1774 732 intelligere
1805 666 2056 731 potuero,

482 784 550 825 ex
577 769 698 839 ipso
724 765 886 821 etiam
910 760 1043 833 quid
1075 760 1148 816 sit
1177 760 1404 823 malum,
1437 758 1544 812 hoc
1575 764 1661 812 est
1684 756 1813 811 huic
1837 762 2061 814 contra-

482 861 652 925 rium,
677 859 979 912 advertam.
1738 882 1739 885 η
1958 896 1961 903 .

555 949 646 1017 Vl.
675 949 874 1003 Verum
915 945 979 1001 ad
1032 945 1148 1001 haec
1178 959 1299 1015 quae
1328 941 1461 1007 dixi,
1510 954 1678 997 unum
1707 954 1738 994 e
1777 936 1931 993 vobis
1968 950 2059 990 re-

486 1040 753 1112 apondere
786 1039 928 1102 volo,
953 1050 1064 1092 non
1092 1034 1346 1100 Petrum;
1381 1048 1493 1087 non
1518 1032 1663 1087 enim
1700 1031 1924 1101 dignum
1954 1036 2061 1094 est,

485 1136 557 1189 ab
603 1132 698 1186 illo
746 1130 909 1185 verba
941 1136 997 1183 et
1024 1126 1331 1187 doctrinam
1376 1139 1499 1178 cum
1544 1121 1942 1190 qumstionibus
1970 1135 2064 1174 ca-

482 1240 636 1296 pere,
658 1221 766 1279 sed
808 1221 900 1275 ille
936 1220 982 1275 si
1026 1217 1163 1290 quid
1212 1215 1680 1288 pronuntiaverit,
1712 1214 1818 1268 hoc
1851 1214 2063 1281 absque

482 1316 669 1385 aliqua
715 1310 1106 1367 retractatione
1149 1316 1421 1363 teneatur.
1457 1306 1523 1359 Et
1572 1304 1693 1359 ideo
1726 1304 1859 1373 ipse
1903 1302 2065 1357 nobis

486 1412 737 1464 servetur
765 1402 921 1474 quasi
962 1399 1199 1475 arbiter,
1220 1408 1281 1454 ut
1319 1397 1496 1454 sicubi
1541 1395 1834 1466 disputatio
1875 1402 2067 1448 nostra

488 1500 696 1556 exitum
731 1511 837 1550 non
873 1492 1172 1556 invenerit,
1207 1490 1325 1562 ipse
1362 1487 1507 1560 quod
1545 1489 1650 1543 sibi
1687 1488 1865 1541 visum
1902 1484 2065 1539 fuerit

492 1588 889 1662 pronuntians,
935 1585 1305 1641 indubitatum
1345 1583 1511 1639 ﬁnem
1536 1580 1703 1637 rebus
1750 1578 1931 1638 dubiis
1961 1577 2066 1630 im-

488 1687 675 1750 ponat.
708 1677 775 1732 Et
820 1691 970 1731 nunc
1016 1690 1147 1745 ergo
1198 1687 1415 1744 possem
1468 1676 1585 1733 sola
1634 1671 1756 1739 ejus
1793 1669 2064 1725 sententia

487 1779 780 1829 contentus
814 1769 1058 1833 credere,
1092 1767 1143 1822 si
1167 1766 1298 1837 quid
1338 1766 1387 1820 ei
1417 1764 1713 1829 videretur,
1742 1762 1889 1833 quod
1913 1769 1969 1818 et
1995 1761 2069 1818 ad

2156 561 2383 617 videtur
2408 561 2610 615 malum
2636 574 2761 615 esse
2796 557 2997 623 febris,
3027 557 3364 621 incendium,
3382 556 3621 629 seditio,
3644 558 3756 612 rul-

2169 669 2265 721 na,
2300 654 2479 709 caedes
2500 693 2514 717 ,
2543 652 2761 719 vincula
2783 690 2806 723 ,θ
2842 649 3131 723 supplicia,
3166 648 3384 707 dolores
3408 691 3424 715 ,
3467 650 3676 713 luctus.
3716 659 3765 708 et

2168 747 2257 803 bis
2301 748 2541 817 similia?
2584 734 2653 800 Et
2678 756 2834 816 pater
2861 763 2875 800 :
2903 743 3108 799 Verum
3135 756 3254 809 est,
3284 745 3485 816 inquit,
3513 745 3612 809 ﬁli,
3647 746 3759 801 hac

2169 841 2313 894 mala
2340 856 2463 896 esse
2501 847 2556 897 et
2598 839 2756 894 valde
2796 837 2972 904 mala;
3004 845 3101 892 aut
3136 845 3289 893 certe
3323 838 3421 909 qui
3452 848 3623 910 negat
3647 836 3764 893 lucc

2168 946 2293 987 esse
2317 932 2479 997 mala,
2509 932 2748 1003 patiatur
2774 943 2859 1003 ea.

2240 1028 2330 1083 1X.
2361 1028 2429 1083 Et
2453 1044 2553 1100 ego
2578 1025 2880 1097 respondi:
2906 1023 3047 1097 Quia
3072 1038 3205 1094 ergo
3227 1038 3353 1078 cum
3388 1037 3455 1078 eo
3487 1020 3626 1075 mihi
3650 1035 3758 1077 sero

2170 1136 2261 1176 mo
2284 1130 2389 1185 est,
2426 1120 2521 1199 qui
2563 1120 2617 1189 in
2655 1117 2987 1188 astrologic-a
3036 1115 3329 1185 disciplina
3360 1112 3617 1169 eruditus
3648 1118 3755 1176 est,

2168 1215 2479 1271 secundum
2522 1214 2697 1285 ipsam
2730 1220 2914 1267 tecum
2963 1225 3157 1282 agam,
3184 1219 3244 1264 ut
3275 1209 3342 1279 de
3374 1207 3463 1262 bis
3504 1222 3629 1278 quae
3658 1206 3756 1261 tibi

2169 1306 2226 1361 in
2254 1323 2357 1362 usu
2394 1314 2527 1361 sunt
2573 1305 2848 1375 accipiens
2891 1304 3185 1375 rationem,
3219 1301 3386 1356 citius
3412 1300 3756 1370 acquiescas.

2168 1399 2314 1453 Audi
2354 1412 2503 1452 nunc
2544 1412 2696 1467 ergo.
2746 1395 3050 1467 Confessus
3083 1410 3143 1450 es
3184 1394 3327 1447 mala
3372 1407 3497 1449 esse
3531 1407 3598 1446 ea
3638 1406 3759 1461 qua

2170 1504 2339 1560 supra
2373 1487 2721 1557 diximus,jid
2744 1494 2828 1542 est
2862 1486 3066 1549 febres,
3096 1484 3371 1547 incendia,
3397 1491 3451 1538 et
3490 1483 3579 1537 bis
3606 1482 3760 1538 simi-

2169 1583 2275 1649 lia;
2306 1582 2423 1638 baac
2468 1582 2771 1637 secundum
2813 1594 2913 1635 vos
2952 1594 2983 1633 a
3016 1578 3306 1633 malitiosis
3331 1576 3507 1633 stellis
3531 1576 3652 1631 ﬁeri
3680 1574 3761 1628 di-

2170 1684 2398 1740 cuntur,
2450 1672 2507 1728 id
2551 1682 2637 1729 est
2668 1674 2736 1728 ab
2784 1672 3009 1727 humido
3063 1668 3302 1726 Saturno
3346 1669 3424 1740 (9)
3460 1678 3517 1725 et
3574 1667 3759 1723 calido

2175 1768 2376 1838 Marte;
2404 1769 2600 1824 horum
2630 1784 2761 1825 vero
2784 1768 3062 1835 contraria
3088 1782 3119 1819 a
3140 1765 3391 1835 benignis
3420 1762 3537 1818 ﬁeri
3560 1762 3760 1830 stellis,

487 1864 739 1919 ultimum
786 1861 1021 1929 faciam;
1067 1860 1193 1915 volo
1229 1866 1411 1913 tamen
1447 1857 1601 1928 prius
1646 1856 1851 1920 videre.
1889 1855 1937 1909 si
1983 1863 2067 1909 est
2099 1831 2141 1886 Β
2171 1860 2225 1916 id
2264 1868 2349 1916 est
2375 1874 2406 1914 a
2437 1865 2739 1928 temperato
2764 1854 2900 1912 Jove
2918 1864 2971 1913 et
3000 1854 3223 1910 humida
3248 1852 3494 1919 Venere;
3526 1861 3628 1907 aut
3652 1866 3763 1906 non

484 1953 749 2024 possibile
788 1949 1120 2022 disputando
1153 1948 1398 2007 invenire
1430 1947 1579 2016 quod
1613 1946 1898 2017 quaeritur.
1939 1943 2066 1998 Pla-

485 2052 572 2105 cet
599 2058 737 2123 ergo
770 2052 831 2103 ut
864 2041 1118 2101 Clemens
1159 2040 1370 2115 primus
1400 2039 1657 2107 incipiat,
1687 2046 1741 2093 et
1786 2036 2069 2103 ostendat,

486 2137 534 2193 si
560 2144 645 2193 est
672 2137 884 2207 aliquid
931 2136 985 2191 in
1033 2133 1343 2191 substantia
1378 2139 1431 2189 et
1462 2133 1682 2195 actibus
1725 2132 1932 2188 bonum
1977 2130 2067 2187 vel

486 2229 714 2289 malum.
870 2264 875 2289 ;
982 2268 987 2285 ί
1071 2264 1079 2271 ι
1286 2260 1287 2263 η
1366 2250 1376 2285 ;
1976 2274 1982 2282 .

499 2380 505 2385 ,
561 2319 667 2384 νιι.
705 2318 786 2374 Ad
821 2319 937 2373 haec
979 2333 1082 2389 ego
1119 2316 1378 2388 respondi
1413 2332 1428 2369 :
1459 2315 1729 2395 Quoniam
1772 2315 1995 2387 quidem
2031 2331 2064 2371 ι

488 2428 576 2469 me
607 2413 691 2480 vis
720 2411 956 2475 discere,
985 2410 1033 2465 si
1068 2417 1153 2473 est
1198 2407 1406 2480 aliquid
1449 2416 1644 2473 natura
1678 2415 1771 2462 aut
1804 2418 1929 2471 actu
1964 2407 2063 2463 bo-

483 2523 615 2569 num
642 2506 724 2560 vel
748 2505 975 2570 malum,
1002 2520 1071 2569 an
1099 2502 1282 2574 potius
1308 2518 1412 2557 usu
1437 2504 1724 2574 praeventis
1749 2501 2063 2557 hominibus

482 2599 625 2665 bona
645 2597 893 2668 quaedam
925 2603 979 2661 et
1022 2596 1130 2664 alia
1174 2596 1431 2666 videntur
1467 2596 1633 2659 mala,
1679 2610 1780 2665 pro
1823 2610 1888 2650 eo
1914 2595 2063 2664 quod

481 2691 804 2757 divisionem
829 2691 973 2756 inter
1006 2706 1066 2747 se
1098 2706 1284 2746 rerum
1312 2689 1488 2745 fecere
1521 2688 1914 2753 communium,
1940 2704 2062 2760 quas

481 2783 765 2853 deberent,
813 2792 879 2846 ,ιιι
922 2783 1035 2848 ais,
1074 2784 1149 2845 ita
1194 2798 1319 2838 esse
1360 2783 1699 2845 communia,
1748 2789 1808 2839 ut
1860 2797 1953 2837 aer
1998 2789 2063 2837 et

483 2877 743 2947 splendor
772 2878 941 2953 solis;
980 2882 1112 2946 puto
1144 2874 1293 2946 quod
1326 2890 1442 2931 non
1466 2874 1692 2929 debeam
1717 2875 1814 2929 tibi
1841 2875 2061 2932 aliunde

481 2969 815 3030 assertiones
846 2966 1131 3032 adbibere,
1166 2967 1271 3023 nisi
1300 2981 1366 3021 ex
1408 2966 1493 3020 his
1526 2965 1834 3035 disciplinis
1860 2965 2061 3034 quibus

483 3059 813 3129 ipseuteris
841 3066 895 3113 et
926 3073 1065 3129 quas
1115 3058 1232 3126 ipse
1287 3055 1614 3120 conﬁrmas,
1651 3064 1705 3110 et
1752 3056 2060 3111 indubitata

2171 1952 2246 2011 ita
2268 1950 2387 2007 est?
2417 1950 2483 2005 Et
2510 1957 2667 2021 pater
2696 1948 2981 2020 respondit
3024 1962 3039 1999 :
3081 1945 3156 2000 Ita
3186 1954 3292 2012 est,
3321 1946 3419 2010 ﬁli,
3451 1960 3560 2000 nec
3596 1945 3762 1999 aliter

2169 2038 2289 2095 ﬁeri
2320 2046 2521 2110 potest.
2566 2037 2707 2114 Tum
2744 2052 2847 2108 ego
2881 2054 2895 2091 ς
2927 2035 3065 2113 Quia
3105 2051 3235 2107 ergo
3284 2050 3314 2088 a
3362 2035 3527 2092 bonis
3560 2034 3762 2099 stellis,

2162 2131 2300 2189 Jove
2345 2132 2472 2189 dico
2514 2139 2571 2189 et
2599 2130 2843 2195 Venere,
2874 2126 3033 2207 bona
3079 2129 3197 2185 ﬁeri
3232 2130 3440 2191 dicitis,
3472 2128 3765 2185 videamus

2172 2242 2516 2297 unaquaaque
2545 2225 2815 2295 malarum
2838 2224 3131 2289 stellarum
3162 2239 3288 2277 cum
3319 2222 3565 2278 admista
3598 2222 3766 2279 fuerit

2165 2320 2348 2385 bonis,
2374 2319 2507 2390 quid
2534 2325 2619 2375 est
2646 2317 2790 2389 quod
2814 2315 3011 2384 efﬁcit;
3043 2325 3098 2373 et
3131 2316 3265 2372 illud
3307 2332 3433 2372 esse
3482 2317 3766 2388 intelliga-

2168 2428 2295 2468 mus
2325 2412 2553 2467 malum.
2584 2410 2799 2465 Etenim
2844 2410 3067 2480 nuptias
3112 2409 3293 2466 facere
3340 2408 3616 2483 Venerem
3664 2424 3769 2480 po-

2165 2508 2331 2575 nitis;
2371 2523 2495 2577 qua:
2525 2506 2572 2563 si
2616 2504 2809 2561 Jovem
2839 2504 3039 2558 habeat
3084 2503 3139 2558 in
3170 2504 3455 2571 schemate
3494 2517 3624 2568 suo,
3654 2518 3762 2572 pu-

2163 2602 2317 2657 dicas
2342 2600 2570 2667 eﬁiciat,
2604 2598 2741 2655 Jove
2782 2608 2965 2668 autem
3018 2612 3132 2665 non
3176 2596 3543 2668 respiciente,
3583 2598 3631 2651 si
3662 2596 3763 2651 ad-

2164 2695 2328 2751 fuerit
2360 2694 2527 2759 Mars,
2560 2692 2840 2763 corrumpi
2882 2691 3105 2761 nuptias
3135 2706 3234 2760 per
3262 2690 3594 2746 adulterium
3625 2703 3761 2759 pro-

2163 2787 2453 2842 nuntiatis.
2487 2785 2552 2852 Et
2581 2794 2737 2856 pater
2764 2803 2777 2838 :
2804 2782 2883 2837 Ita
2916 2799 3008 2849 se,
3034 2783 3252 2853 inquit,
3292 2782 3478 2837 habet.
3522 2780 3637 2852 Ego
3669 2795 3762 2834 re-

2163 2879 2361 2950 spondi
2396 2897 2409 2933 :
2443 2877 2589 2949 Ergo
2630 2876 2837 2931 malum
2873 2874 3332 2943 estadulterium
3355 2913 3370 2943 ,
3400 2862 3763 2944 quandoqui-

2161 2971 2283 3025 dem
2308 2986 2375 3025 ex
2400 2971 2666 3025 malarum
2689 2968 3331 3039 stellarumadmistione
3355 2965 3761 3029 committitur;

2162 3072 2216 3119 ct
2242 3070 2303 3118 ut
2332 3062 2781 3134 compendiosius
2808 3060 3172 3132 explicemus,
3200 3060 3383 3116 omnia
3406 3074 3532 3131 quas
3567 3059 3765 3114 dicitis

483 3150 579 3205 libi
616 3152 728 3214 sint
772 3165 893 3221 quae
939 3149 1221 3211 dicuntur.
1250 3146 1508 3215 Omnium
1553 3148 1950 3207 Elementorum
2002 3155 2058 3203 ει
2084 3172 2128 3231 c
2159 3172 2229 3213 ex
2279 3157 2548 3210 malarum
2611 3154 2941 3226 admistione
2981 3154 3265 3209 stellarum
3315 3154 3489 3209 bonas
3539 3152 3765 3222 perpeti

479 3241 761 3298 stellarum
801 3246 978 3305 certos
1014 3238 1220 3309 ponitis
1256 3237 1413 3306 ﬁnes,
1458 3252 1706 3307 quaSque
1751 3240 1937 3295 stellas
1969 3238 2058 3295 di-

476 3334 601 3390 citis
637 3334 692 3388 in
726 3332 1051 3403 quibusdam
1080 3332 1289 3396 absque
1316 3345 1457 3385 noxa
1480 3330 1630 3385 coire
1656 3332 1799 3385 sicut
1835 3331 1892 3387 in
1925 3346 2052 3387 con-

474 3425 662 3495 iugiis,
695 3425 749 3477 in
771 3422 895 3479 aliis
922 3438 1053 3478 vero
1074 3424 1236 3478 noxie
1261 3422 1480 3478 misceri
1505 3424 1647 3478 sicut
1672 3423 1724 3477 in
1752 3422 2058 3484 adulteriis.

480 3515 548 3583 Et
593 3515 780 3581 dicitis
812 3515 1061 3588 qugedam
1104 3516 1388 3586 generalia
1422 3530 1546 3571 esse
1588 3517 1832 3585 omnium
1854 3556 1871 3582 ,
1908 3535 2059 3591 quae-

479 3610 605 3665 dam
651 3626 783 3666 vero
826 3625 933 3665 non
978 3611 1222 3667 omnium
1276 3626 1451 3681 neque
1497 3614 1790 3682 generalia.
1833 3612 1939 3669 Sed
1987 3632 2057 3671 ne

477 3702 689 3774 prolixa
725 3701 1026 3771 disputatio
1077 3701 1205 3765 ﬁat,
1257 3702 1498 3758 breviter
1535 3712 1589 3758 et
1638 3705 1705 3760 de
1762 3721 1821 3761 re
1851 3708 2052 3766 dicam.

475 3791 646 3859 Terra
672 3810 795 3865 quae
819 3795 971 3850 arida
1004 3803 1110 3858 est,
1138 3797 1394 3866 coniugio
1417 3805 1473 3852 et
1495 3798 1823 3857 admistione
1848 3801 2057 3873 indiget

475 3902 649 3957 aquae,
677 3896 737 3942 ut
770 3888 946 3957 possit
990 3904 1254 3958 generare
1293 3889 1531 3957 fructus,
1570 3892 1689 3949 sine
1714 3896 1915 3965 quibus
1944 3896 2057 3951 vita

476 3980 791 4036 hominibus
825 3996 937 4035 non
969 3987 1089 4049 est;
1118 3990 1204 4037 est
1238 3998 1369 4053 ergo
1393 3984 1511 4041 haec
1550 3985 1785 4057 legitima
1819 3990 2054 4059 conjun-

473 4073 602 4128 ctio.
630 4072 871 4135 Econtra
906 4074 952 4130 si
989 4086 1084 4131 aut
1111 4077 1320 4146 pruina:
1354 4076 1530 4147 frigus
1565 4090 1724 4135 teme
1758 4081 2053 4139 misceatur

469 4172 573 4261 aut.
599 4166 751 4220 calor
784 4168 963 4237 aquis,
993 4168 1308 4238 bujusmodi
1338 4171 1655 4241 coniunctio
1680 4175 2052 4261 cogruptelam

470 4254 636 4321 facit;
664 4264 718 4310 et
753 4256 857 4311 hoc
882 4258 934 4311 in
968 4259 1169 4315 talibus
1195 4260 1523 4317 adulterium
1553 4271 1658 4319 est.

541 4344 678 4403 VIII.
707 4347 773 4402 Et
808 4359 961 4419 pater
986 4353 1267 4422 respondit
1307 4370 1319 4406 :
1351 4354 1457 4410 Sed
1485 4356 1630 4410 sicut
1650 4356 2049 4413 elementarum

470 4438 552 4493 vel
579 4440 863 4494 stellarum
913 4441 1233 4500 inconsonac
1264 4446 1672 4517 coniunctionis
1706 4450 1892 4505 statim
1923 4466 2050 4521 pro-

466 4529 616 4586 ditur
643 4547 808 4594 noxa,
834 4536 910 4586 ita
935 4534 1157 4590 deberet
1180 4548 1234 4592 et
1261 4539 1592 4595 adulterium
1624 4542 1808 4597 statim
1830 4542 2046 4597 ostendi
2080 4523 2122 4578 D

466 4635 632 4692 quam
667 4625 867 4678 malum
893 4640 995 4681 est.
1030 4627 1096 4682 Et
1124 4645 1225 4701 ego
1249 4632 1336 4686 aio
1365 4648 1378 4684 :
1410 4632 1525 4688 Hoc
1558 4635 1690 4688 mibi
1716 4636 1895 4705 primo
1919 4650 2049 4692 con-

470 4710 654 4777 ﬁrma,
683 4712 751 4777 si,
782 4724 841 4769 ut
864 4719 1027 4771 etiam
1057 4721 1174 4789 ipse
1207 4722 1498 4779 confessus
1536 4739 1617 4787 cs,
1649 4740 1715 4779 ex
1742 4725 2045 4795 incongrua

463 4812 519 4857 et
543 4803 845 4861 inconsona
887 4808 1219 4868 admistione
1254 4812 1567 4870 efﬁciuntur
1608 4817 1775 4884 mala,
1803 4825 1857 4873 et
1892 4818 2044 4873 istud

458 4894 520 4949 in
555 4900 1021 4969 consequentibus
1056 4906 1386 4974 requiretur.
1414 4906 1478 4960 Et
1532 4915 1685 4977 pater
1730 4908 1806 4961 ait
1836 4928 1849 4963 :
1877 4907 1948 4963 Ut
1982 4925 2041 4965 se

461 4987 627 5045 habet
652 4990 731 5045 rei
777 5000 995 5058 natura,
1027 4994 1102 5049 ita
1151 4996 1255 5061 ais,
1292 4997 1388 5055 ﬁli.
1419 4998 1556 5053 Tum
1594 5016 1694 5070 ego
1731 5001 1989 5072 respondi
2023 5019 2037 5056 :

463 5078 602 5146 Quia
642 5098 773 5154 ergo
807 5083 1022 5142 discere
1067 5090 1223 5159 cupis
1268 5091 1335 5147 de
1364 5091 1471 5159 bis,
1522 5094 1646 5149 vide
1690 5102 1895 5163 quanta
1930 5094 2041 5150 sint

2162 3250 2370 3314 stellas,
2398 3248 2547 3319 ,mala
2597 3262 2722 3303 esse
2763 3246 2883 3302 sine
2930 3246 3099 3301 dubio
3138 3245 3549 3316 pronuntianda
3598 3253 3764 3301 sunt.

2160 3339 2282 3396 Ista:
2308 3354 2439 3409 ergo
2467 3339 2643 3393 stella:
2668 3352 2901 3408 quarum
2928 3337 3257 3392 admistione
3275 3336 3522 3391 diximus
3546 3336 3763 3401 febres,

2161 3433 2434 3500 incendia,
2467 3439 2523 3487 et
2561 3442 2757 3487 uetera
2783 3430 2868 3486 bis
2903 3430 3111 3501 similia
3143 3429 3280 3484 eﬂici
3308 3429 3477 3495 mala,
3507 3430 3643 3498 ipsa
3666 3443 3766 3482 se-

2161 3526 2399 3582 cundum
2429 3539 2528 3580 vos
2558 3524 2735 3587 etiam,
2759 3523 3075 3589 homicidia,
3111 3521 3404 3586 adulteria,
3440 3521 3588 3575 furta
3618 3535 3765 3592 ope-

2159 3626 2372 3683 rantur,
2396 3625 2685 3688 protervos
2711 3618 2877 3672 etiam
2901 3624 2955 3672 et
2984 3614 3220 3672 stolidos
3250 3618 3387 3686 ipsa:
3410 3614 3683 3671 elficiunt.

2227 3710 2295 3767 Χ.
2330 3712 2398 3765 Ει
2430 3719 2624 3783 pater:
2656 3709 2796 3766 Vere
2816 3753 2830 3778 ,
2865 3710 3073 3781 inquit,
3107 3710 3351 3767 breviter
3377 3718 3433 3765 et
3462 3710 3763 3779 incompa-

2156 3805 2413 3861 rabiliter
2432 3805 2744 3869 ostendisti,
2780 3805 2908 3874 quia
2949 3805 3063 3861 sint
3092 3804 3238 3863 mala
3277 3803 3335 3858 in
3366 3805 3618 3866 actibus,
3651 3802 3761 3858 sed

2154 3897 2262 3953 hoc
2315 3898 2495 3953 adhuc
2538 3898 2701 3953 velim
2748 3896 2983 3964 discere,
3021 3895 3299 3967 quomodo
3344 3895 3498 3964 iuste
3531 3893 3763 3961 iudicat

2156 3990 2303 4047 Deus
2328 4006 2423 4047 eos
2445 3991 2541 4061 qui
2572 3998 2837 4061 peccant,
2863 3992 3006 4046 sicut
3039 4005 3139 4047 vos
3173 3989 3390 4053 dicitis,
3433 3989 3481 4044 si
3511 4001 3761 4058 peccare

2154 4098 2250 4141 eos
2281 4083 2501 4153 genesis
2547 4082 2730 4153 cogit?
2756 4080 2894 4135 Tum
2925 4097 3025 4151 ego
3065 4080 3325 4152 respondi
3358 4099 3371 4134 :
3412 4078 3619 4135 Vereor
3658 4078 3757 4133 di-

2154 4191 2278 4232 cere
2326 4176 2421 4231 tibi
2458 4176 2685 4247 aliquid,
2714 4183 2892 4247 pater,
2929 4175 3061 4245 quia
3109 4175 3167 4229 in
3216 4173 3368 4229 omni
3428 4182 3483 4228 te
3532 4173 3762 4230 honoro

2154 4268 2340 4325 haberi
2373 4284 2405 4323 a
2443 4285 2530 4324 me
2568 4270 2759 4336 decet,
2792 4270 3037 4339 alioquin
3070 4275 3189 4325 erat
3232 4270 3377 4338 quod
3415 4269 3632 4340 possim
3667 4267 3763 4322 di-

2152 4374 2276 4415 cere
2306 4360 2352 4415 si
2384 4360 2621 4417 deceret.
2656 4360 2722 4416 Et
2749 4370 2906 4433 pater
2933 4360 3011 4415 ait
3055 4380 3068 4415 :
3104 4359 3513 4431 Dicquodtrbi
3544 4373 3760 4414 occur-

2152 4452 2247 4516 rit,
2273 4451 2387 4518 ﬁli,
2416 4453 2633 4509 etiamsi
2679 4454 3011 4522 iniuriosum
3038 4453 3292 4521 videtur;
3326 4468 3440 4508 non
3474 4453 3627 4508 enim
3661 4461 3754 4513 tu.

2153 4544 2250 4598 sed
2297 4545 2617 4613 quazstionis
2659 4546 2800 4600 ratio
2838 4545 3102 4615 iniuriam
3138 4545 3305 4608 facit,
3354 4545 3503 4600 sicut
3542 4543 3753 4615 pudica

2153 4636 2349 4691 mulier
2379 4636 2763 4706 intemperanti
2790 4636 2930 4700 viro,
2962 4637 3008 4692 si
3051 4652 3152 4707 pro
3210 4639 3387 4692 salute
3424 4638 3755 4708 indignetur

2151 4735 2205 4784 et
2228 4728 2533 4783 honestate.
2585 4727 2651 4782 Et
2694 4743 2795 4799 ego
2845 4730 3102 4799 respondi
3140 4748 3152 4784 :
3187 4728 3244 4783 Si
3294 4730 3473 4800 prima
3508 4743 3754 4800 quaeque

2151 4821 2296 4876 inter
2320 4835 2423 4877 nos
2449 4820 2771 4875 conﬁrmata
2796 4830 2851 4876 et
2879 4822 3137 4878 confessa
3179 4838 3291 4877 non
3324 4824 3465 4878 bene
3492 4823 3747 4878 retinea-

2152 4929 2296 4981 mus,
2333 4914 2430 4969 sed
2461 4930 2675 4985 semper
2711 4930 2831 4986 qua:
2858 4915 3083 4971 deﬁnita
3113 4924 3241 4971 sunt
3268 4919 3625 4972 resolvantur
3647 4931 3755 4988 per

2150 5003 2502 5068 oblivionem,
2536 5004 2843 5061 videbimur
2880 5008 3044 5063 telam
3091 5015 3277 5063 texere
3314 5007 3645 5079 Penelopes,
3676 5024 3753 5062 ea

2147 5109 2268 5164 quae
2296 5094 2567 5150 texuimus
2594 5098 2960 5165 resolventes;
2988 5105 3044 5155 et
3062 5097 3186 5155 ideo
3206 5097 3475 5157 debemus
3502 5105 3599 5153 aut
3630 5114 3753 5152 non

1758 5337 2130 5398 COTELERII
2161 5341 2394 5399 NOTAE.

535 5527 605 5653 φ)
648 5526 881 5587 Humido
912 5531 1167 5593 Saturno.
1197 5534 1341 5593 Idem
1370 5538 1437 5597 de
1467 5540 1726 5606 Saturno,
1757 5540 2061 5599 humidam;

535 5619 538 5652 ε
566 5601 668 5653 lam
696 5618 836 5653 esse.
858 5606 1101 5653 sentiunt
1119 5606 1372 5653 Πιριηρης
1406 5612 1804 5653 ιιιρτειηιιιςίιιης
1831 5612 2025 5653 mmm,

459 5601 668 5656 stellam
696 5618 837 5667 esse,
858 5606 1101 5662 sentiunt
1119 5606 1372 5665 Clemens
1400 5601 1806 5669 Alexandrinus
1829 5612 2029 5668 Strom.

459 5687 510 5732 ν,
556 5688 607 5732 p.
646 5671 779 5732 564:
824 5673 1052 5732 Nonnus
1082 5680 1444 5732 Διονυσιακῶν
1479 5684 1570 5732 lib.
1600 5702 1755 5732 mn-
1810 5701 1860 5732 n_
1894 5685 2024 5732 500:

458 5687 510 5755 v,
555 5688 608 5752 ρἶ
646 5684 779 5741 364;
824 5684 1052 5732 Nonnus
1082 5684 1444 5735 Διονυσιακῶν
1478 5684 1570 5737 lib.
1600 5702 1757 5744 xvm.
1810 5701 1860 5754 p.
1894 5685 2024 5741 500;

459 5741 683 5827 Servius
733 5743 1077 5827 ad‘Qeorqig.
1116 5749 1398 5827 I,_12._13,
1431 5761 1483 5827 et
1513 5753 2029 5827 Platoniciquidaln

459 5813 599 5882 apud
631 5812 1087 5873 Macrobium'lib.
1120 5812 1149 5875 ιν
1170 5820 1224 5873 in
1260 5812 1541 5878 Somnium
1566 5812 1907 5902 Scipionis'c.
1946 5827 2030 5880 ll.

2139 5543 2342 5601 Verum
2372 5545 2518 5602 Julio
2548 5547 2787 5607 Firmico
2833 5550 2928 5605 lib.
2963 5566 3027 5614 ιι,
3072 5568 3124 5607 c.
3160 5555 3247 5619 10,
3283 5564 3370 5609 εει
3408 5575 3420 5611 :
3464 5554 3746 5614 Saturnus

2137 5629 2335 5690 natura
2374 5620 2581 5688 quidem
2607 5620 2833 5690 frigidus
2874 5633 2923 5676 et
2968 5623 3158 5684 siccus.
3191 5643 3255 5678 ex
3301 5626 3568 5681 accidenti
3612 5643 3745 5682 raro

2134 5688 2444 5768 quandyque
2471 5688 2740 5768 humidus.
2788 5691 3085 5768 Eyiemque
3111 5697 3304 5766 Κρόνῳ
3338 5700 3535 5768 tribuit
3551 5695 3741 5768 5132.9

2134 5757 2498 5886 girftébripov
2552 5759 2780 5819 Proclus
2829 5764 2925 5820 lib.
2967 5757 3072 5821 t'in
3128 5757 3497 5823 Tetrdbiblum
3548 5757 3742 5824 Ξῖιῦιει-

2170 5843 2253 5885 ιει
2284 5846 2335 5884 ε.
2366 5843 2421 5885 θ.
