3848 6250
192 348 322 412 1126

1388 341 1937 400 ιιιεοααιτιοκωι
1968 340 2094 394 LIB.
2131 340 2191 393 Χ.

3216 336 3249 389 ﬁ
3256 334 3355 390 126

189 466 347 521 facile
376 448 738 534 acquiescere,
761 462 1074 533 priusquam
1105 454 1384 525 diligenter
1400 454 1733 508 examinetur
1757 460 1804 515 Α
1831 452 1946 507 sine
1993 451 2176 517 dubio,
2222 450 2349 521 quis
2392 456 2631 519 tempore
2671 455 2761 509 tua
2787 448 3083 503 mahtlosus
3115 453 3351 519 suscepit

188 568 365 612 sermo
394 552 723 623 propositus,
752 559 843 605 aut
883 552 927 605 si
952 552 1066 620 jam
1110 545 1473 615 acquievimus
1502 552 1553 598 et
1578 558 1712 597 con-

185 646 395 702 ﬁrmata
445 644 710 698 sententia
756 650 857 705 est,
902 654 1118 695 servare
1147 651 1356 705 semper
1381 636 1524 705 quod
1555 635 1718 689 semel

185 739 465 797 deﬁnitum
506 747 588 793 est
612 777 626 798 .
672 743 732 790 ut
770 736 1042 805 possimus
1079 738 1134 786 et
1174 731 1240 785 de
1291 731 1409 783 aliis
1458 742 1714 799 quaerere.

182 827 247 883 Et
283 836 438 899 pater
459 826 572 897 (10)
602 825 677 879 ait
702 845 715 878 :
743 825 883 878 Bene
915 824 1073 884 dicis,
1106 821 1199 886 ﬁli,
1241 827 1293 874 et
1323 821 1433 874 scio
1463 830 1625 888 quam
1642 818 1717 871 ob

184 933 404 973 causam
436 918 594 980 dicis,
627 917 750 985 quia
778 916 1027 969 hesterno
1054 912 1139 965 die
1176 911 1243 965 de
1273 910 1608 964 naturalibus
1636 906 1719 960 di-

181 1016 410 1077 sputans
440 1008 641 1068 causis,
668 1003 947 1058 ostendisti
977 1003 1100 1071 quia
1129 1002 1300 1054 virtus
1337 999 1579 1068 quaedam
1601 1013 1716 1050 ma-

181 1098 329 1168 ligna
363 1096 761 1151 transformans
782 1110 838 1148 se
868 1094 919 1147 in
958 1094 1197 1147 ordinem
1227 1092 1497 1145 stellarum
1531 1090 1718 1142 huma-

178 1204 279 1244 nas
308 1187 779 1255 concupiscentias
818 1185 1069 1254 exagitat,
1115 1181 1342 1236 diversis
1384 1179 1553 1235 modis
1590 1196 1715 1249 pro-

177 1286 381 1331 vocans
412 1275 479 1329 ad
492 1278 795 1344 "peccatum,
821 1287 927 1325 non
954 1281 1129 1324 tamen
1150 1284 1345 1339 cogens
1366 1278 1458 1321 aut
1484 1268 1717 1323 etliciens

176 1377 480 1436 peccatum.
524 1364 621 1419 Cui
673 1378 771 1433 ego
805 1362 1058 1433 respondi
1091 1380 1104 1414 :
1135 1360 1308 1420 Bene,
1345 1359 1468 1428 quia
1509 1366 1562 1413 et
1604 1372 1716 1412 meo

175 1455 383 1509 ministi
413 1463 467 1509 et
499 1469 620 1507 cum
654 1452 961 1507 memineris
988 1450 1201 1504 errasti.
1230 1449 1293 1501 Et
1324 1456 1472 1517 pater
1510 1463 1523 1499 :
1562 1446 1717 1516 igno—

175 1560 286 1609 sce,
318 1546 515 1614 inquit,
539 1545 612 1597 ﬁli
652 1563 665 1598 :
692 1544 927 1598 nondum
948 1544 1087 1596 enim
1110 1557 1264 1595 usum
1295 1542 1518 1594 multum
1550 1542 1602 1594 in
1634 1542 1717 1596 his

173 1634 386 1700 habeo;
421 1649 543 1687 nam
584 1642 636 1688 et
667 1632 903 1688 hesterni
935 1646 1210 1686 sermones
1249 1631 1326 1683 tui
1357 1630 1576 1683 veritate
1602 1630 1713 1698 ipsa

172 1726 563 1780 concluserunt
587 1742 671 1781 me
706 1734 764 1779 ut
792 1725 883 1779 tibi
915 1725 1325 1793 acquiescerem,
1357 1724 1412 1776 in
1436 1723 1715 1777 conscien-

172 1817 243 1869 tia
270 1824 449 1870 tamen
480 1830 597 1871 mea
628 1824 751 1870 sunt
777 1815 927 1884 quasi
951 1814 1189 1883 quaedam
1210 1814 1444 1881 reliquie:
1467 1812 1711 1878 febrium,

171 1919 294 1972 qua
326 1904 605 1972 paululum
634 1920 718 1958 me
740 1919 768 1957 a
791 1879 895 1958 lide
921 1879 1075 1973 quasi
1104 1917 1133 1954 a
1163 1879 1389 1956 sanitate
1412 1898 1709 1955 retrahunt.
1747 1879 1785 1931 Β

170 1992 488 2047 Discrucior
516 1994 680 2058 enim,
718 1996 841 2063 quia
890 1993 1004 2048 scio
1048 1993 1214 2046 multa
1255 1992 1420 2053 mihi,
1446 1992 1556 2044 imo
1580 2006 1713 2059 pene

168 2079 355 2136 omnia
386 2080 649 2139 accidisse
678 2084 967 2137 secundum
990 2082 1242 2152 genesim.

237 2171 329 2226 X1.
374 2171 439 2224 Et
473 2186 573 2241 ego
615 2173 863 2241 respondi
894 2186 908 2222 :
948 2172 1085 2225 Audi
1122 2186 1267 2239 ergo,
1298 2178 1468 2239 pater,
1496 2186 1615 2239 quae
1642 2173 1712 2225 sit

166 2262 436 2318 mathesis
476 2268 691 2325 natura,
726 2269 779 2315 et
816 2261 978 2315 facito
1004 2259 1298 2316 secundum
1333 2274 1394 2313 ea
1438 2275 1556 2329 qua
1591 2261 1712 2314 dico

166 2352 284 2405 tibi.
321 2350 458 2405 Vide
484 2352 917 2405 mathematicum
947 2351 1055 2421 (ii)
1078 2359 1127 2404 et
1157 2345 1243 2402 dic
1271 2349 1319 2403 ei
1355 2349 1550 2417 primo,
1584 2350 1709 2416 quia

163 2441 297 2494 talia
338 2441 584 2509 quwdam
628 2441 757 2492 mihi
800 2441 1107 2494 acciderunt
1149 2441 1287 2493 mala
1326 2442 1379 2493 in
1434 2441 1525 2495 illo
1574 2447 1711 2492 tem»

166 2544 335 2598 pore;
370 2528 517 2583 unde
562 2544 687 2598 ergo
718 2536 809 2582 aut
847 2544 954 2597 quo
979 2528 1139 2582 modo
1172 2537 1261 2581 aut
1292 2544 1546 2597 perequas
1574 2528 1701 2581 mihi

164 2618 474 2673 acciderint
523 2614 727 2681 stellas,
774 2618 982 2672 discere
1025 2619 1166 2673 volo.
1208 2618 1569 2689 Respondebit
1607 2618 1702 2671 tibi

1818 541 1959 597 Mars
1987 550 2080 596 aut
2113 540 2407 605 Saturnus,
2438 546 2543 593 aut-
2565 537 2760 606 aliquis
2792 537 2996 593 eorun?
3015 547 3350 607 apocatastay

1816 633 1956 687 ticus
1986 632 2085 686 fuit
2114 632 2245 702 (12),
2277 639 2367 685 aut
2388 630 2585 699 aliquis
2606 645 2813 687 annum
2836 638 2983 683 tuum
3014 630 3219 698 aspexit
3240 629 3357 699 (l5)

1816 740 1880 779 ex
1910 724 2166 778 diametro
2196 734 2293 777 aut
2309 724 2633 792 coniunctus
2672 729 2763 775 aut
2809 723 2865 776 in
2894 730 3099 783 centro,
3136 722 3215 777 vel
3246 721 3351 774 alia

1816 811 1900 867 his
1931 814 2128 867 similia
2154 814 2520 882 respondebit,
2559 812 2780 875 addens,
2803 812 2927 881 quia
2968 813 3021 865 in
3064 812 3157 868 his.
3174 811 3348 865 muni-

1815 900 1916 955 bus
1946 902 2141 970 aliquis
2184 911 2277 955 aut
2318 902 2606 972 asyndetus
2635 903 2735 956 fuit
2766 918 2886 956 cum
2934 901 3073 955 malo
3099 900 3237 971 (il);
3252 907 3349 954 aut

1816 993 2118 1057 invisibilis,
2142 1002 2234 1047 aut
2264 995 2319 1047 in
2343 994 2753 1057 schemate,-aut
2782 1002 2930 1049 extra
2959 994 3222 1056 haeresim,
3255 1005 3347 1048 aut

1816 1082 2071 1145 deﬁciens
2094 1082 2225 1153 (15),
2261 1094 2351 1139 aut
2372 1100 2480 1139 non
2510 1086 2843 1155 contingens,
2866 1093 2968 1140 aut
3008 1084 3062 1138 in
3102 1086 3347 1140 obscuris

1816 1174 2007 1237 stellis,
2037 1183 2091 1228 et
2123 1175 2299 1239 multa
2318 1176 2421 1229 alia
2455 1176 2538 1229 his
2569 1178 2763 1229 similia
2788 1175 3084 1230 secundum
3106 1176 3357 1243 rationes

1815 1265 2061 1333 proprias
2089 1266 2424 1333 respondebit
2453 1275 2504 1319 et
2536 1268 2601 1321 de
2624 1267 2849 1333 singulis
2875 1266 3189 1334 assignabit.
3219 1265 3345 1319 Post

1815 1355 1957 1409 hunc
1982 1356 2142 1409 alium
2172 1356 2315 1409 adito
2337 1358 2768 1411 mathematicum
2791 1364 2841 1409 et
2863 1356 3025 1410 dicito
3054 1356 3341 1415 contraria;

1814 1444 1942 1514 quia
1975 1446 2102 1500 illud
2127 1448 2258 1499 mihi
2287 1448 2415 1501 boni
2440 1448 2667 1516 contigit
2701 1447 2753 1499 in
2778 1448 2869 1500 illo
2898 1453 3171 1514 tempore;
3212 1454 3345 1499 tetu-

1816 1552 1915 1604 pus
1942 1542 2117 1589 autem
2159 1536 2259 1589 hoc
2307 1536 2443 1590 idem
2488 1537 2681 1599 dicito,
2725 1545 2777 1589 et
2810 1536 3023 1604 require
3057 1552 3123 1590 ex
3148 1533 3343 1603 quibus

1816 1626 2054 1693 partibus
2082 1626 2292 1696 genesis
2333 1627 2434 1679 hoc
2460 1626 2556 1679 tibi
2583 1626 2819 1681 evenerit
2850 1625 2996 1688 boni,
3025 1634 3078 1678 et
3107 1634 3343 1692 tempora

1815 1722 1873 1767 ut
1892 1715 2024 1779 dixi,
2054 1716 2238 1770 eadem
2267 1732 2385 1784 qua:
2412 1717 2476 1769 de
2500 1716 2656 1769 malis
2685 1717 3130 1783 interrogaveras,
3164 1720 3343 1767 custo-

1814 1807 1945 1859 dito.
1992 1807 2235 1875 Cumque
2289 1815 2346 1860 tu
2388 1806 2641 1862 fefelleris
2692 1808 2757 1861 de
2811 1806 3166 1875 temporibus,
3223 1807 3343 1858 vide

1814 1907 2010 1966 quanta
2057 1900 2152 1953 tibi
2194 1898 2425 1952 inveniet
2472 1899 2762 1961 schemata,
2808 1914 2901 1967 per
2934 1911 3051 1967 quae
3098 1894 3343 1961 ostendat

1815 1990 1955 2057 (μιοά
1987 1990 2081 2042 tibi
2112 1990 2166 2042 in
2194 1990 2465 2057 illis-ipsis
2516 1989 2847 2059 temporibus
2890 1989 3105 2043 evenire
3145 1987 3342 2041 debue»

1816 2079 1923 2132 rint
1956 2081 2113 2133 bona.
2148 2078 2479 2148 lmpossibile
2518 2081 2658 2133 enim
2690 2090 2771 2134 est
2799 2080 3071 2132 hominum
3105 2078 3340 2147 genesim

1813 2171 2190 2231 tractantibus,
2242 2185 2346 2222 non
2388 2170 2441 2223 in
2499 2170 2645 2223 omni
2692 2185 2852 2239 quam
2894 2169 3079 2223 dicunt
3126 2170 3342 2238 regione

1815 2258 2090 2311 stellarum
2120 2256 2233 2326 (16)
2258 2272 2466 2324 semper
2490 2257 2727 2311 invenire
2769 2256 3030 2326 quasdam
3073 2258 3205 2311 bene
3240 2272 3341 2326 po-

1812 2350 1943 2403 sitas
1990 2350 2193 2412 stellas,
2230 2356 2285 2402 et
2315 2348 2573 2417 quasdam
2619 2350 2791 2415 male;
2818 2350 3056 2405 circulus
3080 2349 3221 2402 enim
3258 2361 3340 2405 est

1811 2440 2084 2507 aequaliter
2126 2454 2187 2491 ex
2230 2439 2375 2493 omni
2417 2447 2567 2507 parte
2611 2439 2866 2494 collectus
2904 2440 3195 2494 secundum
3228 2454 3342 2491 ma-

1801 2530 2029 2591 thesim,
2076 2528 2315 2585 diversas
2356 2538 2409 2585 et
2465 2531 2646 2584 varias
2693 2529 2961 2598 accipiens
3001 2536 3220 2593 causas,
3274 2544 3337 2583 ex

1805 2618 2003 2689 quibus
2030 2620 2365 2675 occasionem
2395 2621 2607 2689 capiant
2642 2618 2853 2673 dicendi
2884 2620 3025 2689 quod
3060 2621 3264 2673 volunt.

1474 2818 1829 2889 COTELEBII
1861 2835 2087 2892 norm.
2120 2802 2123 2803 ί

243 3009 358 3084 (ίρ)
398 3005 463 3084 Et
490 3014 652 3084 pater.
676 3004 823 3084 Iota
854 3005 1096 3084 περιοχή,
1128 3006 1325 3084 σει-μδ..
1345 3023 1429 3060 xiv
1457 3006 1705 3084 _Periodo-

1820 3021 1928 3062 tum
1964 3012 2111 3084 _apud
2131 3010 2431 3084 _S_i_doniu_m
2462 3010 2555 3061 lib.
2585 3024 2679 3084 vin
2701 3049 2716 3071 ,
2751 3008 2903 3084 epist.
2940 3009 3026 3084 il,
3056 3015 3166 3059 tum
3197 2998 3343 3084 εἰς]ῆί

166 3071 286 3132 rum
328 3071 543 3129 laudata
577 3076 643 3141 ab
672 3071 897 3141 Origene
925 3071 1151 3127 tonum
1185 3071 1623 3141 Eaplanationum
1651 3078 1706 3126 in

164 3147 438 3203 Genesim,
469 3158 531 3195 ac
566 3137 811 3195 Genequ
836 3157 873 3202 I,
908 3142 993 3203 M,
1022 3149 1197 3195 exstat
1221 3137 1593 3195 Philocaliaac.
1615 3141 1702 3195 22.

165 3218 231 3270 Et
262 3214 487 3284 quidem
508 3211 737 3284 _citantis
763 3211 921 3284 verba
953 3211 1145 3284 protuli
1170 3211 1222 3284 ip
1245 3209 1588 3284 Testimoniis
1607 3209 1711 3264 Ve-

162 3278 349 3359 teru'm
386 3300 398 3333 ε
428 3279 519 3359 ubi
555 3287 711 3359 recte
743 3278 1017 3359 _lege'bain,
1048 3278 1585 3359 éx6e§quévat,uquod
1625 3295 1710 3331 re-

164 3344 284 3422 peri
322 3356 507 3422 postea
555 3348 605 3399 in
625 3344 839 3422 duobus
870 3344 1046 3422 Regiis
1074 3344 1367 3422 codicibus.
1403 3344 1555 3399 Nunc
1584 3362 1711 3400 vero

161 3414 220 3475 ut
257 3414 598 3483 intelligatur
622 3414 828 3468 facilius
859 3415 985 3482 quid
1010 3415 1109 3467 hoc
1138 3417 1252 3467 loco
1274 3429 1378 3466 non
1408 3430 1712 3482 usquequa-

159 3507 274 3559 que
324 3485 527 3559 Δ(Γνιςειείιο
574 3483 934 3559 respondeat,_
972 3490 1135 3559 utque
1180 3484 1710 3559 notisseguentibus

162 3550 341 3613 veluti
397 3554 483 3606 fax
524 3550 855 3621 praeferatur,
886 3550 1059 3619 placet
1086 3553 1243 3604 citata
1284 3550 1358 3621 ab
1402 3550 1629 3617 Origene
1659 3550 1711 3603 'et

164 3620 539 3681 Rufiniananr
569 3622 864 3673 versionem
916 3626 1154 3672 nostram
1216 3620 1314 3673 sub
1369 3633 1529 3669 unum
1577 3632 1709 3669 eon-

155 3701 423 3765 spectum
452 3689 685 3765 dare..—-
716 3686 853 3765 Quae,
879 3687 979 3765 hic"
1001 3688 1212 3765 exhibet
1254 3686 1549 3765 Cotelerius
1570 3725 1583 3746 ,
1621 3687 1715 3765 ha-

161 3754 265 3819 b'es
311 3756 459 3813 infra
492 3758 549 3809 in
596 3756 902 3823 Appendice
936 3754 1380 3824 Recognitionibus
1435 3755 1671 3822 subjecta
1696 3792 1711 3818 ,

156 3828 337 3887 num.
357 3824 409 3877 5.

232 3916 365 3991 (11)Δ
409 3910 535 3965 Vide
557 3914 1113 3991 mathematicumetc.
1144 3913 1415 3991 Expressit
1450 3914 1550 3967 ista
1581 3915 1715 3991 scri-

160 3980 296 4061 ριρι-
329 3980 580 4061 Άειρῖωῃ
706 3980 1163 4061 88.ὺαδεξαιιί.ιηιθᾳ
1203 3980 1415 4061 quidem
1454 3984 1715 4061 sententia

157 4048 314 4110 illius
368 4066 397 4103 a
444 4048 501 4102 S.
535 4049 837 4103 Ambrosio.
866 4049 1097 4116 Prwcipe
1140 4048 1305 4113 hodie,
1347 4051 1539 4118 inquit,
1570 4051 1637 4102 ad
1669 4061 1717 4103 te

156 4120 435 4180 Mathesis
464 4119 629 4171 venire
668 4118 958 4181 doctorem;
992 4122 1074 4171 cui
1099 4119 1263 4182 dicas,
1299 4120 1390 4172 illo
1421 4130 1638 4185 tempore
1670 4130 1717 4171 te

153 4191 379 4259 asperis
402 4188 609 4259 casibus
640 4186 905 4259 laborasse
906 4202 938 4259 _;
968 4197 1015 4240 et
1046 4188 1246 4259 inquire
1273 4204 1360 4255 per
1380 4204 1505 4255 quas
1537 4189 1714 4259 stellas

153 4254 259 4316 lio}:
316 4257 411 4310 tibi
458 4255 671 4307 evenerit
718 4256 861 4307 mali.
896 4254 1157 4324 Responsa
1197 4257 1306 4324 ejus
1353 4254 1499 4307 erunt
1539 4256 1715 4322 procul

1816 3093 1919 3145 que
1964 3072 2079 3131 loco
2123 3078 2431 3130 Philocalite
2458 3078 2703 3145 superius
2742 3072 2934 3141 allato;
2963 3079 3017 3128 in
3045 3090 3151 3143 quo
3179 3089 3209 3127 e
3238 3072 3339 3128 Rc-

1816 3146 1917 3212 giis
1942 3161 2068 3199 mss.
2110 3146 2312 3199 restitui
2342 3146 2833 3207 ἁποκαταστατικός
2859 3160 2953 3211 pro
2982 3145 3342 3197 ἀπθκαταστι-

1815 3213 1907 3281 θεός
1931 3214 2161 3281 vulgato.
2192 3214 2292 3265 Sed
2318 3214 2520 3267 Sidonii
2544 3217 2700 3267 verba
2729 3228 2833 3265 non
2862 3213 3026 3281 debeo
3044 3212 3338 3281 praeterire.

1817 3278 1961 3333 Illud
1990 3278 2110 3333 sane
2140 3297 2239 3332 non
2266 3280 2430 3332 solum
2457 3281 2711 3348 culpabile
2742 3283 2797 3332 in
2834 3281 2943 3332 ciro
2974 3280 3092 3342 fuit,
3116 3280 3201 3348 sed
3228 3296 3342 3344 per-

1812 3351 2154 3415 emptorium;
2205 3348 2338 3415 quod
2386 3347 2774 3400 mathematicos
2819 3349 3076 3414 quondam
3123 3347 3184 3398 de
3226 3349 3341 3399 vita:

1809 3432 1916 3488 sua:
1948 3418 2050 3481 [ine
2073 3416 2354 3488 consuluit,
2380 3416 2583 3488 urbium
2627 3416 2757 3488 cives
2796 3415 3193 3488 Africanarum;
3226 3424 3341 3488 qui-

1810 3482 1902 3547 bus
1934 3493 1991 3534 ut
2017 3493 2091 3535 est
2122 3483 2279 3551 regio,
2310 3483 2384 3533 sic
2407 3482 2607 3534 animus
2635 3483 2897 3534 ardentior
2924 3498 2943 3534 :
2970 3485 3056 3550 qui
3076 3482 3343 3542 constella-

1812 3553 1945 3602 tione
1963 3551 2338 3617 percunctantis
2366 3551 2609 3616 inspecta,
2631 3552 2825 3617 pariter
2848 3567 3035 3602 annum
3056 3592 3069 3613 ,
3094 3570 3336 3615 mensem,

1765 3658 1768 3662 .
1810 3617 2041 3692 diemque
2084 3619 2347 3692 dixerunt,
2375 3633 2502 3692 quos
2550 3620 2646 3685 (ut
2690 3618 2834 3671 verba
2864 3618 3152 3692 Matheseos
3181 3630 3339 3692 utar)

1812 3686 2180 3740 climactericos
2208 3695 2338 3739 esset
2365 3686 2632 3738 habiturus
2662 3701 2679 3738 :
2708 3697 2877 3753 utpote
2909 3688 3090 3755 quibus
3123 3686 3343 3746 themate

1813 3754 2169 3827 oblato,quasi
2196 3756 2543 3827 sanguinaria:
2569 3756 2815 3827 genitura:
2844 3754 3045 3809 schema
3070 3762 3338 3827 patuisset,

1810 3826 1933 3892 quia
1963 3824 2187 3896 videlicet
2212 3824 2367 3896 amici
2396 3825 2650 3896 nascentis
2679 3841 2831 3896 anno,
2861 3842 3201 3896 quemcunque
3228 3824 3342 3895 vcleL

1813 3890 2029 3963 mentem
2066 3893 2435 3959 planeticorum
2473 3892 2699 3944 siderum
2726 3890 2929 3963 globum
2961 3894 3013 3945 in
3038 3890 3342 3951 diastemata

1813 3960 2039 4013 Zodiaco
2061 3976 2270 4027 prosper
2291 3970 2431 4013 ortus
2456 3970 2713 4023 erexerat;
2729 3960 2861 4013 hunc
2886 3963 2937 4013 in
2967 3978 3150 4016 occasu
3173 3981 3343 4019 cruen-

1814 4031 1878 4082 tis
1909 4029 2107 4097 ignibus
2135 4028 2527 4089 inrubescentes,
2565 4046 2651 4081 seu
2687 4046 2837 4097 super
2862 4030 3112 4083 diametro
3138 4032 3343 4087 Mercu-

1814 4100 1940 4167 rius
1963 4097 2259 4167 asyndetus,
2293 4113 2381 4149 seu
2421 4108 2862 4167 superptetragonu
2892 4098 3146 4152 Saturnus
3181 4114 3341 4157 retro-

1813 4165 2037 4285 qradus,‘
2057 4182 2145 4217 scu
2169 4182 2320 4231 super
2344 4179 2514 4218 centro
2545 4165 2689 4219 Mars
2732 4165 3110 4233 apocatasticus
3136 4184 3342 4225 exacer-

1849 4244 2040 4285 assent.
2075 4234 2146 4285 De
2181 4235 2624 4285 λιποκαταστάσει.
2657 4236 2756 4285 hoc
2794 4247 2876 4285 est
2923 4238 3092 4285 reditu
3120 4241 3342 4285 Dlanetm

1849 4244 2040 4305 essent.
2075 4234 2148 4305 De
2181 4235 2624 4305 ‘trroxatastdost,
2657 4236 2756 4288 hoc
2794 4247 2876 4288 est
2923 4238 3092 4291 reditu
3120 4241 3342 4305 planeta:

154 4302 1154 4391 Lata;"(aisais.d"'a.;;p;;'5;.;;;
1177 4302 1496 4377 satiat-5.1;
1539 4302 1715 4377 in};
1746 4336 1788 4387 υ
1815 4302 3094 4391 3‘3_§d,${“1_,§1§9,“91“ﬁtﬁlfffegffsttylﬁlagfntus
3122 4302 3189 4391 in
3214 4324 3278 4391 ξ.
3308 4311 3341 4391 εξ

154 4404 472 4461 susceptum
517 4402 615 4453 est,
665 4402 763 4461 aut
805 4392 1061 4446 Saturnus
1109 4395 1541 4458 apocatastaticus
1584 4393 1704 4459 fuit,

153 4478 259 4523 aut
294 4459 467 4529 annus
496 4470 613 4513 tuus
640 4475 704 4513 ea:
731 4459 982 4514 diametro
1010 4472 1269 4528 susceptus
1293 4471 1388 4524 est,
1416 4472 1502 4513 aut
1528 4464 1709 4513 clima—

155 4534 367 4591 cterica
387 4530 477 4597 tibi
507 4530 559 4580 in
587 4539 756 4580 centro
780 4539 898 4581 sunt
926 4540 1068 4591 nata,
1092 4541 1181 4581 aut
1208 4530 1447 4596 syndetus
1477 4530 1575 4595 fuit
1594 4545 1709 4581 cum

155 4605 338 4663 malo,
373 4608 463 4651 aut
501 4597 791 4657 invisibilis,
820 4608 909 4649 aut
938 4598 991 4649 in
1020 4598 1289 4656 schemate,
1322 4607 1409 4649 aut
1435 4598 1710 4651 immobilis

154 4678 314 4728 circa
350 4678 397 4721 te
430 4666 629 4719 exstitit
655 4682 833 4718 cursus
863 4668 917 4717 in
945 4667 1127 4718 stellis.
1161 4664 1287 4717 ch
1329 4676 1377 4718 et
1416 4667 1493 4719 his
1519 4668 1713 4720 similia

153 4758 290 4799 cum
320 4736 546 4795 dixerit,
568 4735 783 4804 rationis
811 4735 901 4786 tibi
929 4734 1199 4804 verisimile
1227 4735 1492 4803 assignare
1522 4737 1712 4787 nititur

154 4806 453 4879 aliquidet
476 4803 709 4879 probare.
750 4805 860 4879 Age
884 4803 1322 4879 nunc,_interroga
1353 4803 1571 4879 alterunt
1601 4821 1714 4879 nta-

157 4872 540 4933 theinaticum;
571 4873 650 4922 cui
678 4872 816 4936 ipsas
842 4872 1015 4925 horas.
1039 4872 1299 4935 ipsumque
1330 4880 1522 4938 tempus
1551 4874 1603 4925 in
1635 4872 1713 4924 bo-

156 4952 246 5002 nis
285 4944 384 4999 tibi
412 4940 717 4993 exuberasse
748 4939 949 4991 casibus
991 4938 1134 4991 dicas
1166 4953 1183 4989 .'
1214 4938 1353 4990 illico
1382 4941 1573 4994 uidebis
1598 4958 1713 4993 eum

156 5018 261 5070 tibi
296 5007 647 5077 rationabiliar
665 5006 923 5077 schemata
953 5008 1155 5077 inﬁnita
1180 5007 1387 5071 a/ferre,
1418 5010 1600 5077 quibus
1624 5025 1713 5077 ηρ,

153 5084 392 5153 ρνοιηειζ
404 5078 532 5153 quia
554 5076 604 5127 in
634 5076 755 5139 ipsis
768 5075 871 5153 _tibi
895 5074 1197 5140 temporibus
1213 5074 1713 5153 'evenire'debueri'nt

154 5142 330 5207 bona.
353 5142 619 5201 Cit-culum
646 5145 827 5195 etenim
859 5154 986 5197 tenet
1006 5156 1069 5195 ex
1087 5142 1393 5207 omni‘parte
1422 5146 1710 5209 collectum,

155 5226 216 5276 in
262 5234 371 5288 quo
418 5215 647 5288 diversas
695 5216 943 5288 ct__varia_s
972 5227 1176 5288 causas
1205 5212 1423 5288 accipit,
1448 5230 1511 5266 ex
1532 5215 1713 5288 quibus

155 5279 498 5344 occasionem
529 5282 699 5348 capiat
721 5280 918 5332 dicendi
944 5279 1075 5348 quod
1098 5279 1335 5335 voluerit.
1368 5281 1511 5334 Nam
1515 5279 1717 5401 ¢[utam

155 5359 380 5401 mnilus
412 5350 683 5401 urceuidere
717 5366 816 5401 non
845 5356 1064 5401 possunt.
1105 5346 1485 5401 climactericas
1553 5352 1706 5401 icunt-

154 5359 380 5429 penitus
412 5346 683 5429 praevidere
705 5366 816 5429 orion
843 5346 1064 5429 possunt,
1104 5346 1485 5429 climactericas
1510 5346 1706 5429 dicunt,

157 5414 217 5482 id
251 5435 337 5481 est
362 5414 562 5475 natura:
598 5420 673 5471 rei
698 5414 885 5471 incerta
910 5414 1163 5483 profugia.
1191 5415 1336 5485 Lege
1367 5421 1415 5471 si
1450 5420 1596 5474 lubet
1617 5437 1712 5474 no-

160 5508 256 5552 tas
285 5497 597 5560 sequentes.

239 5578 502 5655 (inAut
544 5576 724 5655 aliquis
768 5588 929 5627 eorum
952 5574 1409 5655 apoqatastaticus
1445 5574 1569 5641 fuit.
1599 5575 1715 5630 Non

161 5646 484 5710 miiaiidum
516 5646 557 5698 si
586 5646 804 5712 ignotam
848 5654 1016 5712 vocem
1064 5646 1119 5712 ig
1160 5646 1503 5712 apostaticus
1543 5658 1704 5699 muta-

317 5713 539 5774 ]ibrarii,
574 5704 675 5767 tum
704 5711 798 5775 hic,
827 5718 923 5764 tum
968 5706 1022 5759 in
1072 5704 1236 5761 Cestis
1272 5710 1338 5763 S.
1384 5710 1710 5779 Sebastiani,

1814 4371 1937 4491 lilbri
1955 4370 2027 4423 Dc
2055 4369 2238 4423 divinis
2259 4370 2569 4435 nominibus,
2588 4369 2879 4426 Columella
2910 4374 3101 4438 lib..ul,
3123 4369 3184 4427 'c.
3212 4377 3264 4438 6,
3289 4386 3341 4430 et

1814 4455 1839 4491 a
1867 4456 1923 4491 ιι.
2684 4452 2685 4455 ‘

1812 4452 1923 4491 alii.
2684 4452 2685 4455 “

1884 4528 1993 4600 (15)
2011 4526 2261 4600 _Aspexit.
2288 4528 2469 4582 Grmce
2495 4529 2878 4600 ὲπεοεὼρησεν.
2922 4530 3084 4597 Igitur
3116 4532 3167 4583 in
3195 4533 3341 4585 Actis

1800 4596 2137 4661 Sebastiani,
2166 4608 2428 4665 susceptus
2457 4596 2765 4667 corruptum
2790 4608 2870 4652 est
2895 4596 2963 4651 ex
2989 4610 3271 4667 suspectus.

1882 4688 1993 4755 (14)
2013 4686 2097 4756 iln
2127 4688 2206 4740 his
2229 4687 2461 4740 omnibus
2489 4689 2675 4756 aliquis
2708 4699 2796 4740 aut
2817 4687 3092 4756 asyndetus
3111 4690 3213 4756 fuit
3227 4707 3342 4744 cum

1814 4757 1974 4826 malo.
2011 4755 2257 4826 Legebat,
2287 4755 2582 4818 aeduossog,
2616 4756 2757 4825 quod
2801 4755 2960 4826 sensu
2993 4757 3130 4826 idem
3162 4768 3245 4821 est
3282 4775 3343 4813 ac

1813 4823 2115 4887 ὰσύνθετοςῖ
2147 4826 2247 4890 Qui
2294 4834 2469 4877 autem
2520 4825 2606 4878 hic
2634 4823 2699 4879 ἐι
2742 4827 2794 4878 in
2839 4823 3012 4879 Gestis
3043 4824 3342 4882 Sebastiani

1814 4892 2060 4961 syndetus
2110 4894 2464 4961 scripserunt,
2491 4894 2617 4946 dum
2663 4894 2933 4961 corrigere
2960 4904 3242 4959 conantur,
3278 4899 3347 4950 ob

1816 4961 2139 5032 imperitiam
2166 4962 2319 5032 lapsi
2369 4969 2512 5032 sunt.
2543 4961 2724 5032 Neque
2751 4977 2878 5017 vero
2905 4964 3078 5016 omitti
3102 4965 3283 5018 debuit
3318 4983 3345 5018 a

1813 5029 2006 5084 Rulino
2030 5046 2129 5084 vox
2152 5029 2483 5094 ἀγαθοποιός.

1882 5121 1988 5187 (15)
2027 5121 2129 5179 Aut
2157 5119 2414 5185 deﬁciens.
2446 5123 2515 5174 Ἢ
2540 5123 2596 5174 ὲν
2626 5122 2873 5191 ἐκλείψει.
2908 5122 3151 5177 Manilius
3175 5122 3268 5177 lib.
3296 5136 3344 5174 Iv

1816 5191 2210 5248 Astronomicbn
2238 5209 2256 5246 :
3238 5204 3241 5211 '

1918 5280 2125 5349 Percipe
2145 5295 2277 5330 nunc
2297 5280 2475 5347 etiam,
2495 5297 2609 5349 qua:
2632 5283 2736 5334 sint
2759 5281 3011 5349 Ecliptica
3033 5279 3190 5333 Graio

1922 5348 2161 5417 Nomine,
2186 5363 2299 5415 qua:
2322 5360 2484 5401 certos
2506 5348 2653 5417 quasi
2679 5348 2939 5403 delassata
2960 5350 3227 5417 per‘annos

1920 5414 2299 5485 Nonnunquam
2319 5414 2705 5471 cessant'sterili
2727 5414 2984 5495 torpentia‘
3002 5430 3165 5474 motu.

1814 5510 1983 5576 Atque
2011 5508 2137 5560 hinc
2158 5516 2299 5575 patet
2327 5524 2423 5562 cur
2451 5509 2504 5561 in
2535 5510 2674 5561 Actis
2698 5506 2990 5568 Sebastiani
3030 5507 3289 5561 habeatur
3324 5529 3338 5561 :

1814 5575 1916 5631 Aut
1945 5575 2220 5630 immobilis
2247 5580 2385 5631 circa
2416 5585 2460 5630 te
2487 5579 2683 5631 exstitit
2714 5592 2894 5631 cursus
2926 5578 2978 5628 in
3001 5577 3186 5630 stellis.

1885 5648 1903 5715 (
1914 5648 1991 5726 Ιίξ)
2032 5644 2095 5698 In
2116 5648 2254 5700 omni
2272 5663 2420 5715 quam
2442 5646 2616 5699 dicunt
2631 5648 2831 5714 regione
2849 5645 3136 5700 stellarum.
3153 5643 3341 5713 Χὼρᾳ,

1814 5732 1917 5769 non
1944 5730 2073 5783 ωρᾳ.
