3904 6370
490 330 625 388 M27

1313 332 1371 384 S.
1413 326 1816 386 CLEMENTIS
1846 327 1870 383 ι
1904 326 2075 385 ROM.
2108 328 2312 385 PONT.
2348 324 2576 383 OPEBA
2608 323 2813 384 DUBIA

3604 325 3741 383 μοι

558 449 672 504 XII.
708 450 862 505 Sicut
891 450 1034 505 enim
1067 448 1182 504 ﬁeri
1212 447 1350 503 solet
1372 445 1466 501 ubi
1488 445 1703 502 somnia
1733 444 1957 515 obliqua
1990 442 2065 499 vi-
2093 449 2140 507 Α
2166 442 2296 500 fecit
2317 444 2524 499 omnia.
2552 441 2610 499 Si
2626 443 2772 500 enim
2802 441 3061 514 Magister
3079 450 3261 498 noster
3284 440 3432 497 diem
3450 449 3507 498 et
3530 439 3739 511 horam,

485 543 667 598 derint
691 530 963 604 homiﬁes,
984 549 1037 596 et
1052 538 1344 609 nihiljcerti
1366 537 1697 609 intelligunt,
1719 551 1845 592 cum
1862 536 2061 606 aliquis

485 636 790 690 occurrerit
810 635 988 690 exitus
1012 647 1215 697 rerum,
1247 638 1380 686 tunc
1409 628 1478 684 ad
1506 644 1570 685 ea
1600 644 1722 700 qum
1760 627 2064 683 acciderint

486 735 676 798 aptant
716 728 877 781 etiam
922 724 1122 781 somnii
1171 723 1376 789 visum,
1410 722 1487 776 ita
1524 729 1609 777 est
1650 728 1706 776 et
1753 720 2058 786 mathesis;

482 830 778 890 antequam
826 818 1034 889 aliquid
1084 817 1204 882 ﬁat,
1262 815 1397 871 certi
1452 814 1592 869 nihil
1648 814 2058 885 pronuntiatur,

483 921 674 983 postea
721 926 851 967 vero
886 926 1049 982 quam
1081 910 1290 982 aliquid
1328 909 1613 971 acciderit,
1638 907 1719 962 rei
1746 906 1860 977 jam
1894 911 2062 976 gestae

478 1005 749 1075 colligunt
784 1018 1003 1060 causas.
1036 1002 1281 1073 Denique
1325 1000 1641 1072 frequenter
1674 1014 1801 1054 eum
1836 1013 2060 1052 errave-

484 1098 595 1152 rint
614 1104 669 1152 et
706 1096 863 1151 aliter
895 1112 984 1153 res
1002 1095 1287 1161 acciderit,
1319 1094 1643 1163 semetipsos
1666 1091 1953 1161 increpant
1983 1087 2064 1144 di-

480 1196 671 1245 centes
700 1187 828 1258 quia
870 1188 962 1242 illa
989 1188 1091 1243 fuit
1121 1187 1277 1244 stella
1315 1202 1438 1258 qua:
1474 1184 1778 1258 impedivit,
1818 1199 1940 1255 qua:
1966 1196 2062 1237 oc-

483 1282 683 1345 currit,
708 1287 763 1336 et
782 1296 892 1335 non
922 1280 1512 1350 vidimus,ignorantes
1527 1277 1655 1349 quia
1685 1291 1844 1332 error
1870 1290 2060 1331 eorum

483 1389 594 1429 non
629 1388 696 1429 ex
736 1373 871 1429 artis
904 1372 1293 1444 imprudentia,
1324 1371 1420 1428 sed
1449 1387 1515 1427 ex
1560 1371 1732 1426 totius
1761 1384 1946 1425 causa:
1975 1368 2063 1422 in-

483 1465 862 1521 convenientia
906 1463 1230 1521 descendit:
1272 1464 1523 1535 ignorant
1566 1463 1713 1518 enim
1758 1478 1880 1532 quae
1927 1461 2060 1528 sint,

483 1574 605 1629 quae
626 1557 805 1615 facere
833 1558 1052 1628 quidem
1088 1558 1568 1629 concupiscamus,
1598 1571 1710 1611 non
1748 1563 1930 1610 tamen
1978 1556 2063 1610 in-

484 1652 807 1723 dulgeamus
833 1650 1320 1721 concupiscentiis.
1348 1648 1461 1705 Nos
1485 1658 1667 1705 autem
1699 1648 1791 1719 qui
1816 1648 2062 1719 mysterii

486 1742 651 1812 hujus
686 1741 978 1796 didicimus
1006 1740 1296 1803 rationem,
1330 1740 1535 1796 scimus
1573 1747 1627 1794 et
1658 1752 1905 1801 causam,
1931 1736 2063 1808 quia

2172 536 2344 606 cujus
2373 537 2538 592 etiam
2552 537 2709 608 signa
2726 535 3002 609 praedixit,
3024 534 3244 591 nescire
3256 550 3318 591 se
3332 534 3627 607 professus
3638 540 3739 601 est,

2163 634 2225 681 ut
2259 635 2433 682 totum
2470 637 2753 684 revocaret
2779 627 2846 684 ad
2868 626 3108 692 Patrem,
3140 626 3419 697 quomodo
3457 643 3567 684 nos
3588 636 3745 698 turpe

2163 718 2451 785 ducemus,
2476 720 2523 774 si
2546 720 2727 790 aliqua
2757 734 2857 775 nos
2883 718 3136 791 ignorare
3165 718 3456 785 fateamur,
3486 736 3617 775 cum
3639 717 3746 773 Ma-

2163 813 2321 885 gistri
2343 813 2517 869 inhoc
2541 813 2838 869 habeamus
2864 812 3210 883 exemplum?
3230 811 3345 869 Hoc
3361 823 3545 869 tamen
3578 828 3746 870 unum

2163 906 2483 977 proﬁtemur
2514 921 2578 960 ea
2600 921 2704 961 nos
2726 905 2891 969 scire,
2922 921 3045 976 quae
3074 920 3107 959 a
3145 920 3276 961 vero
3297 907 3564 978 propheta
3605 905 3747 962 didi-

2161 1000 2376 1067 cimus;
2408 1013 2474 1055 ea
2493 1009 2673 1054 autem
2694 1013 2725 1053 a
2743 1014 2875 1054 vero
2895 1000 3159 1071 propheta
3186 1000 3350 1057 nobis
3372 1016 3497 1057 esse
3521 1001 3743 1069 tradita,

2162 1107 2283 1164 quae
2306 1091 2563 1148 sufﬁcere
2590 1091 2841 1147 humanae
2869 1093 3114 1147 scientia:
3133 1092 3421 1163 judicavit.

2235 1184 2353 1240 XV.
2389 1184 2527 1240 Tum
2574 1200 2677 1258 ego
2714 1185 2968 1242 Clemens
3010 1185 3195 1242 dicere
3235 1186 3310 1241 ita
3354 1188 3500 1259 carpi
3539 1206 3554 1244 :
3586 1188 3743 1260 Apud

2165 1276 2432 1348 Tripolim
2479 1292 2605 1332 cum
2647 1284 2842 1332 contra
2893 1276 3126 1348 gentiles
3154 1276 3490 1348 disputares,
3519 1277 3744 1336 domino

2163 1369 2241 1424 mi
2269 1367 2451 1434 Petre,
2482 1368 2641 1425 valde
2662 1370 2894 1425 miratus
2915 1385 3039 1425 sum
3072 1377 3149 1433 te,
3175 1369 3271 1440 qui
3300 1386 3330 1424 a
3357 1370 3613 1442 patribus
3640 1370 3747 1427 lle-

2162 1462 2310 1519 brzeo
2358 1462 2467 1516 ritu
2507 1470 2561 1517 et
2606 1463 2972 1518 observantiis
3002 1464 3238 1534 propriae
3282 1464 3415 1535 legis
3466 1464 3742 1532 imbutus.

2162 1553 2369 1609 Graeca:
2398 1554 2728 1610 eruditionis
2767 1554 2967 1609 studiis
3004 1555 3062 1609 in
3102 1555 3257 1610 nullo
3293 1555 3617 1625 inquinatus
3644 1571 3743 1623 es,

2163 1645 2440 1718 quomodo
2483 1653 2595 1700 tam
2643 1645 2934 1717 magniﬁce
2974 1653 3029 1701 et
3080 1654 3191 1700 tam
3243 1646 3747 1717 incomparabiliter

2165 1745 2488 1811 prosecutus
2533 1739 2631 1804 sis,
2680 1739 2758 1793 ita
2799 1747 2860 1792 ut
2904 1738 3069 1795 etiam
3100 1738 3351 1810 quaedam
3382 1739 3452 1794 de
3501 1739 3748 1795 historiis

485 1835 794 1889 libertatem
821 1833 1085 1889 habentes
1108 1832 1323 1887 arbitrii
1354 1831 1630 1886 interdum
1661 1830 2058 1900 concupiscen-
2089 1848 2133 1903 Β
2162 1832 2391 1888 deorum
2422 1837 2545 1902 qnae
2574 1832 2630 1886 in
2656 1832 2889 1888 theatris
2921 1830 3205 1887 decantari
3227 1834 3427 1897 solent,
3463 1834 3749 1902 continge-

484 1924 579 1979 tiis
620 1924 967 1989 obsistimus,
1001 1923 1270 1978 interdum
1301 1922 1581 1978 cedimus:
1619 1928 1673 1977 ct
1704 1921 1827 1977 ideo
1868 1921 2062 1975 huma-

487 2030 682 2069 norum
714 2024 990 2084 gestorum
1029 2013 1137 2085 (I7)
1179 2014 1425 2068 incertus
1461 2020 1546 2067 est
1594 2010 1796 2079 exitus,
1829 2011 1958 2082 quia
2004 2010 2060 2064 in

488 2108 736 2163 libertate
766 2107 961 2177 pendet
988 2106 1221 2161 arbitrii.
1249 2104 1384 2158 Nam
1412 2090 1911 2173 concupiscentiam
1939 2104 2062 2173 qui-

486 2200 632 2265 dem,
655 2214 817 2270 quam
845 2206 1101 2268 cperatur
1128 2198 1365 2268 maligna
1393 2198 1587 2265 virtus,
1618 2205 1796 2267 potest
1820 2196 2063 2253 indicare

487 2292 937 2357 mathematicus;
978 2291 1073 2345 sed
1103 2291 1152 2345 si
1188 2289 1647 2360 concupiscentia:
1689 2289 1856 2358 hujus
1907 2296 2062 2344 actus

486 2384 573 2438 vel
600 2385 779 2438 exitus
812 2381 1026 2451 impleri
1069 2382 1243 2451 possit
1271 2397 1464 2447 necne,
1506 2382 1635 2452 quia
1665 2381 1719 2435 in
1759 2381 1969 2435 arbitrii
1998 2380 2064 2434 li-

487 2477 699 2530 bertate
723 2481 830 2537 est,
854 2474 985 2528 sciri
1016 2482 1142 2528 ante
1170 2472 1423 2529 eﬁectum
1456 2472 1533 2529 rei
1558 2490 1587 2526 ει
1611 2473 1762 2528 nullo
1783 2470 2064 2542 potest..Et

487 2569 593 2623 hoc
615 2575 699 2623 est
727 2566 871 2637 quod
892 2566 1206 2637 ignorantes
1237 2565 1497 2636 astrologi
1527 2564 1853 2619 invenerunt
1875 2563 1979 2617 sibi
2006 2569 2066 2617 ut

485 2661 829 2715 climacteras
844 2658 1113 2719 dicerent,
1129 2657 1207 2712 rei
1221 2656 1657 2712 scilicetincertae
1669 2653 1915 2725 perfugia
1930 2653 2063 2725 (18),

486 2742 629 2810 sicut
661 2753 916 2808 hesterno
952 2751 1267 2821 plenissime
1288 2750 1648 2805 ostendimus.

556 2844 694 2901 XIII.
720 2845 800 2899 Ad
821 2845 937 2899 haec
955 2845 999 2899 si
1030 2844 1162 2913 quid
1184 2842 1279 2897 tibi
1302 2842 1591 2897 dicendum
1607 2841 1841 2905 videtur,
1874 2838 2063 2895 dicito.

488 2935 553 2991 Et
581 2945 773 3007 pater:
808 2935 953 2990 Nihil
989 2937 1193 2997 verius,
1240 2933 1437 3004 inquit,
1479 2933 1574 2999 ﬁli,
1608 2932 1695 2987 bis
1723 2946 1848 3003 quae
1877 2946 2068 3001 prose-

488 3037 648 3084 cutus
697 3044 755 3085 es
787 3029 918 3099 (19).
960 3027 1207 3098 Cumque
1236 3026 1352 3081 haec
1387 3026 1734 3096 loqueremur
1775 3025 1919 3080 inter
1941 3040 2064 3089 nos,

488 3122 762 3176 nuntiavit
790 3120 1012 3191 quidam
1041 3118 1334 3189 plurimum
1354 3127 1502 3173 stare
1528 3120 1788 3189 populum
1812 3117 1945 3173 foris
1972 3118 2067 3189 qui

2162 1940 2273 1981 res.
2299 1922 2500 1979 Verum
2523 1924 2782 1997 quoniam
2815 1926 2962 1980 sensi
2988 1925 3087 1981 tibi
3106 1925 3255 1996 ipsas
3279 1926 3496 1981 fabulas
3524 1934 3580 1982 et
3603 1925 3749 1980 blas-

2161 2018 2411 2090 phemias
2440 2035 2630 2074 eorum
2660 2020 2843 2075 minus
2868 2036 2991 2076 esse
3021 2028 3199 2088 notas,
3222 2019 3290 2075 de
3315 2020 3425 2085 his,
3457 2019 3508 2076 si
3548 2020 3747 2091 placet,

2162 2114 2342 2185 aliqua
2366 2115 2421 2169 in
2446 2115 2633 2169 auditu
2663 2122 2758 2169 tuo
2790 2122 3043 2186 repetens
3073 2115 3140 2170 ab
3177 2116 3293 2185 ipsa
3322 2114 3537 2184 origine
3569 2114 3745 2169 disse«

2164 2217 2302 2256 ram.
2334 2200 2399 2255 Et
2423 2202 2617 2259 Petrus
2653 2219 2667 2254 :
2696 2202 2814 2269 Dic,
2835 2202 3034 2273 inquit,
3058 2203 3196 2257 bene
3228 2202 3367 2257 facis
3390 2204 3591 2271 juvare
3615 2215 3752 2271 pra-

2163 2293 2492 2350 dicationem
2531 2303 2800 2353 nostram.
2833 2296 2973 2351 Tum
2996 2312 3099 2367 ego
3142 2312 3157 2349 :
3205 2294 3394 2350 Dicam
3427 2293 3598 2364 igitur
3626 2292 3751 2362 quia

2159 2384 2353 2454 jubes,
2404 2402 2515 2441 non
2564 2394 2622 2441 ut
2667 2387 2893 2457 docens,
2945 2388 3042 2444 sed
3076 2402 3240 2459 quam
3287 2387 3489 2441 stultas
3530 2384 3600 2439 de
3636 2381 3743 2437 diis

2166 2476 2283 2532 suis
2323 2478 2611 2548 opiniones
2637 2480 2877 2537 habeant
2927 2481 3181 2555 gentiles,
3213 2480 3269 2535 in
3298 2478 3543 2534 medium
3574 2473 3753 2546 proie-

2166 2584 2315 2625 rens.

2239 2661 2376 2718 XVI.
2414 2662 2661 2736 Cumque
2684 2667 2873 2722 vellem
2905 2666 3109 2730 dicere,
3138 2665 3329 2721 Niceta
3360 2662 3583 2719 labrum
3615 2679 3755 2720 mor-

2167 2752 2325 2811 dicus
2367 2756 2667 2827 stringens,
2711 2756 2975 2811 innuebat
3013 2757 3245 2827 mihi,ut
3270 2764 3550 2822 tacerem;
3589 2770 3753 2826 quem

2168 2863 2294 2903 cum
2327 2848 2551 2904 vidisset
2578 2847 2795 2913 Petrus,
2821 2848 2935 2905 ait:
2967 2847 3079 2903 Cur
3109 2850 3389 2921 ingenium
3440 2849 3670 2904 liberale
3701 2854 3756 2902 et

2169 2955 2489 3011 generosam
2519 2939 2712 2996 laedere
2736 2942 2820 2997 vis
2850 2949 3124 3005 naturam,
3155 2949 3215 2996 ut
3244 2942 3300 2996 in
3322 2941 3592 2996 honorem
3623 2939 3755 3006 mei,

2170 3031 2265 3101 qui
2301 3030 2489 3086 nullus
2518 3038 2634 3097 est,
2679 3041 2860 3087 tacere
2888 3047 3014 3087 eum
3034 3032 3211 3088 velis?
3246 3033 3355 3087 Aut
3386 3033 3596 3096 nescis,
3626 3031 3759 3101 quia

2172 3122 2219 3179 si
2254 3137 2446 3179 omnes
2474 3131 2687 3194 gentes,
2718 3132 3007 3195 postquam
3042 3124 3320 3179 audierint
3354 3139 3387 3177 a
3440 3138 3531 3178 me
3561 3122 3761 3194 pradi-

489 3211 744 3267 audiendi
774 3211 947 3281 gratia
973 3208 1351 3271 convenerint,
1378 3213 1435 3260 et
1463 3205 1840 3275 Petrusjussit
1876 3206 1961 3259 his
1984 3206 2065 3258 in-
2093 3199 2134 3255 C
2169 3212 2441 3266 cationem
2470 3212 2719 3268 veritatis
2764 3221 2820 3268 ει
2864 3212 3220 3281 crediderim.
3263 3214 3435 3269 velim
3465 3228 3528 3269 se
3555 3213 3626 3267 ad
3656 3213 3758 3268 do.

488 3305 767 3379 grediendi
798 3307 1010 3376 copiam
1033 3303 1149 3359 dari
1173 3320 1187 3370 ;
1217 3310 1335 3358 erat
1360 3303 1508 3357 enim
1540 3302 1695 3357 locus
1724 3310 2067 3372 opportunus

489 3409 544 3454 et
566 3400 801 3471 amplus.
833 3397 1079 3467 Cumque
1104 3396 1339 3465 ingressi
1370 3394 1626 3459 fuissent,
1652 3395 1729 3448 ait
1752 3393 1819 3448 ad
1846 3410 1948 3449 nos
1968 3392 2069 3448 Pe-

491 3502 609 3548 trus
638 3507 653 3545 :
682 3490 739 3545 Si
772 3491 897 3561 quis
917 3491 1033 3543 vult
1054 3497 1320 3552 vestrum,
1355 3487 1520 3543 faciat
1559 3487 1627 3541 ad
1663 3487 1922 3558 populum
1953 3500 2070 3541 ser-

490 3599 706 3639 monem
739 3590 793 3638 et
829 3583 896 3637 de
928 3581 1238 3636 idololatria
1267 3580 1523 3635 disserat.
1556 3577 1657 3633 Cui
1686 3594 1785 3650 ego
1814 3577 2069 3647 Clemens

491 3676 751 3749 respondi
783 3696 795 3731 :
830 3674 996 3729 Multa
1017 3674 1329 3744 benignitas
1354 3680 1448 3725 tua
1479 3678 1533 3727 et
1558 3687 1688 3743 erga
1711 3686 1902 3727 omnes
1930 3670 2071 3725 leni-

490 3777 579 3825 tas
618 3784 683 3824 ac
713 3766 1253 3840 patientiarindulget
1281 3763 1462 3826 nobis,
1489 3771 1550 3817 ut
1587 3761 1886 3817 audeamus
1919 3761 2069 3831 loqui

491 3875 677 3915 coram
706 3868 759 3915 te
785 3867 839 3914 et
878 3874 1068 3929 rogare
1100 3870 1220 3927 quae
1249 3854 1539 3920 volumus;
1566 3863 1619 3909 et
1650 3853 1797 3917 ideo,
1840 3860 1902 3907 ut
1934 3852 2067 3916 dixi,

495 3969 710 4009 morum
740 3962 958 4008 tuorum
983 3948 1348 4007 mansuetudo
1367 3948 1563 4002 invitat
1584 3960 1774 4001 omnes
1791 3953 1845 4001 et
1867 3945 2071 4001 adhor-

495 4057 641 4103 tatur
662 4047 917 4103 salutaris
942 4044 1202 4100 doctrina:
1219 4047 1486 4112 praecepta
1514 4038 1814 4108 suscipere.
1832 4036 1950 4092 Hoc
1972 4052 2073 4109 ego

493 4155 667 4212 usque
696 4139 763 4193 ad
783 4153 1022 4209 praesens
1046 4136 1187 4207 apud
1212 4133 1420 4188 nullum
1448 4132 1614 4186 alium
1640 4129 1771 4195 vidi,
1795 4130 1903 4185 nisi
1927 4131 2071 4199 apud

494 4242 548 4290 te
563 4236 760 4299 solum,
776 4231 919 4304 apud
943 4245 1104 4301 quem
1130 4226 1329 4283 invidia
1354 4224 1503 4281 nulla
1518 4231 1601 4281 est
1622 4238 1797 4293 neque
1819 4221 2070 4293 indigna-

493 4326 600 4391 tio;
633 4335 726 4380 aut
753 4324 885 4395 quid
913 4323 1011 4377 tibi
1042 4319 1291 4376 videtur?
2048 4310 2049 4313 “

565 4418 707 4474 XIV.
742 4417 807 4475 Et
836 4417 1033 4472 Petrus
1069 4432 1081 4466 :
1119 4413 1239 4468 Non
1280 4415 1459 4469 solum
1500 4413 1615 4467 haec
1641 4425 1707 4465 ex
1749 4408 1951 4465 invidia
1978 4415 2072 4463 aut

2171 3305 2406 3360 cendum
2449 3306 2722 3375 conferre,
2754 3308 2891 3363 mihi
2933 3310 3200 3379 majorem
3249 3310 3473 3380 pariunt
3498 3311 3755 3381 gloriam,

2170 3394 2443 3466 siquidem
2473 3397 2660 3467 gloria:
2677 3415 2762 3455 me
2784 3400 3040 3471 cupidum
3074 3402 3271 3471 putas?
3297 3401 3441 3467 Quid
3468 3403 3618 3457 enim
3649 3410 3759 3457 tam

2166 3487 2468 3560 gloriosum
2488 3506 2652 3559 quam
2682 3491 2904 3547 Christo
2932 3492 3233 3562 discipulos
3255 3508 3627 3562 praeparasse,
3650 3508 3761 3548 non

2172 3581 2268 3651 qui
2311 3589 2530 3637 taceant
2563 3590 2619 3636 et
2658 3584 2761 3638 soli
2800 3583 2939 3639 salvi
2991 3583 3145 3650 ﬁant,
3186 3583 3284 3639 sed
3323 3584 3417 3655 qui
3461 3584 3765 3654 loquantur

2102 3742 2107 3747 δ
2171 3688 2294 3743 quae
2331 3672 2661 3741 didicerunt,
2693 3685 2747 3731 et
2775 3677 2962 3732 multis
3002 3677 3252 3747 prosint?
3282 3675 3506 3731 Utinam
3533 3677 3765 3748 quidem

2170 3772 2226 3822 et
2246 3766 2552 3833 tu,Niceta,
2586 3768 2683 3824 sed
2707 3779 2761 3824 et
2789 3776 2870 3835 tu,
2897 3771 3213 3826 dulcissime
3242 3770 3466 3841 Aquila,
3494 3768 3767 3838 juvaretis

2172 3871 2259 3913 me
2290 3860 2357 3914 ad
2391 3859 2797 3928 praedicandum
2834 3860 3057 3915 verbum
3092 3860 3211 3927 Dei,
3248 3874 3317 3915 eo
3354 3860 3534 3930 magis
3559 3874 3671 3929 quo
3699 3873 3765 3914 ea

2174 3950 2230 4005 in
2250 3950 2449 4021 quibus
2465 3959 2655 4006 errant
2682 3952 2935 4022 gentiles,
2966 3952 3105 4008 bene
3126 3953 3283 4009 vobis
3299 3957 3583 4023 comperta
3605 3957 3760 4007 sunt:

2174 4051 2229 4101 et
2272 4059 2383 4099 non
2426 4045 2605 4100 solum
2643 4061 2764 4111 vos,
2798 4045 2892 4101 sed
2925 4053 2979 4101 et
3016 4060 3207 4102 omnes
3245 4046 3341 4115 qui
3368 4044 3607 4101 audiunt
3650 4060 3761 4111 me,

2172 4145 2323 4208 Opto,
2394 4144 2455 4189 ut
2496 4136 2755 4204 dixi,]ita
2795 4137 2986 4193 audire
3009 4147 3063 4192 et
3101 4136 3338 4202 discere,
3382 4146 3444 4191 ut
3476 4144 3533 4193 et
3562 4136 3768 4192 docere

2173 4230 2417 4301 possint;
2453 4230 2641 4285 multis
2680 4244 2917 4303 namque
2946 4230 3294 4300 adjutoribus
3335 4230 3547 4301 indiget
3591 4245 3762 4285 mun-

2175 4320 2300 4386 dus,
2320 4321 2520 4392 quibus
2536 4320 2786 4377 homines
2809 4320 2877 4375 ab
2908 4336 3096 4376 errore
3123 4328 3469 4376 revocentur.
3511 4321 3767 4391 Cumque

2178 4412 2295 4468 haec
2328 4411 2589 4477 dixisset,
2611 4412 2688 4466 ait
2715 4411 2784 4467 ad
2822 4428 2947 4468 me:
2987 4410 3070 4466 'l‘u
3100 4427 3254 4483 ergo,
3289 4409 3570 4478 Clemens,
3600 4426 3767 4467 exse-

497 4509 875 4582 indignatione
915 4508 1164 4572 veniunt,
1196 4506 1293 4561 sed
1314 4503 1590 4559 interdum
1620 4502 1762 4558 inest
1792 4500 2073 4572 aliquibus
2102 4545 2154 4605 υ
2177 4520 2347 4575 quere
2365 4520 2488 4575 qua:
2507 4504 2744 4576 coepisti.

494 4603 848 4668 verecundia,
873 4617 942 4657 ne
967 4600 1106 4656 forte
1135 4598 1203 4655 de
1242 4599 1328 4653 his
1349 4612 1471 4668 quae
1491 4602 1891 4667 proponuntur,
1916 4596 2076 4666 plene

496 4700 829 4773 respondere
856 4714 967 4754 non
997 4695 1231 4768 possint,
1246 4702 1300 4749 et
1316 4692 1530 4764 fugiunt
1553 4689 1837 4761 imperitia:
1862 4697 2073 4752 notam,

464 4798 475 4807 “
499 4792 608 4849 Sed
636 4807 745 4847 non
767 4789 927 4845 debet
948 4801 1048 4858 pro
1073 4785 1177 4840 hoc
1206 4783 1331 4853 quis
1365 4779 1752 4837 verecundiam
1781 4780 1913 4849 pati,
1946 4781 2076 4850 quia

497 4899 600 4940 nec
626 4891 710 4939 est
741 4879 942 4951 aliquis
973 4876 1256 4931 hominum
1276 4873 1371 4944 qui
1398 4870 1643 4942 proﬁteri
1668 4868 1866 4926 debeat
1890 4873 2075 4927 omnia

500 4996 560 5036 se
583 4978 763 5043 scire;
794 4990 938 5029 unus
958 4972 1103 5027 enim
1138 4976 1223 5026 est
1242 4968 1335 5039 qui
1367 4967 1472 5023 scit
1500 4964 1709 5032 omnia,
1735 4964 1985 5035 ipse.qui
2016 4973 2074 5021 et

2249 4597 2416 4655 XVII.
2450 4598 2517 4654 Et
2555 4615 2656 4671 ego
2689 4600 2951 4653 continuo
2989 4598 3250 4669 subjunxi
3292 4614 3306 4650 :
3348 4596 3655 4664 Quoniam,
3705 4603 3768 4649 ut

2177 4692 2313 4758 dixi,
2332 4693 2476 4764 apud
2498 4691 2761 4763 Tripolim
2781 4692 3088 4762 disputans,
3109 4692 3280 4745 multa
3294 4690 3363 4746 de
3384 4690 3493 4746 diis
3515 4691 3767 4762 gentium

2178 4786 2391 4841 utiliter
2424 4797 2473 4842 et
2500 4786 2816 4841 necessario
2844 4783 3179 4849 disseruisti,
3216 4783 3381 4853 cupio
3429 4783 3501 4837 de
3546 4782 3764 4853 origine

2176 4890 2367 4930 eorum
2400 4876 2634 4931 ridicula
2683 4883 2737 4931 te
2788 4890 2973 4930 coram
3010 4889 3306 4945 exponere,
3360 4881 3421 4928 ut
3460 4889 3644 4945 neque
3708 4883 3767 4929 te

2177 4969 2343 5025 lateat
2367 4984 2521 5024 vanae
2540 4968 2705 5039 hujus
2735 4968 3142 5039 superstitionis
3169 4974 3567 5033 commentum,
3588 4976 3643 5022 et
3666 4980 3765 5020 au-

1785 5124 2149 5182 COTELERII
2196 5125 2427 5182 ΝΟΤιΕ.

575 5307 686 5375 (l7)
726 5302 795 5375 Et
822 5301 936 5354 ideo
966 5299 1318 5375 humanorum
1338 5303 1625 5375 gestorum,
1656 5301 1763 5375 etc.
1796 5292 1898 5349 llic
1926 5291 2079 5348 Ruﬁ-

502 5366 607 5431 nus
635 5366 892 5430 Rufinum
924 5371 1054 5439 agit,
1088 5368 1191 5422 hoc
1218 5376 1320 5439 est,
1346 5366 1547 5420 laxum
1597 5366 1911 5436 malumque
1945 5379 2078 5435 prae-

504 5447 695 5502 sertim
725 5447 781 5499 in
811 5437 1227 5498 obscurioribus
1258 5437 1629 5506 interpretem.

575 5514 687 5586 (l8)
730 5513 1172 5586 Ut__climacte_rt_zs
1189 5507 1468 5586 _dicere_nt_,
1504 5506 2077 5586 re_i_scilir£t_incerue

504 5574 775 5655 verfuéia.
798 5583 939 5638 Hinc
969 5579 1166 5655 scribi__
1186 5577 1323 5634 forte
1350 5578 1563 5655 debeat
1593 5576 1648 5630 in
1678 5575 1737 5631 S.
1769 5574 2075 5655 sebastiani

506 5646 708 5713 Act-is:
737 5654 1085 5710 Climacteras
1110 5649 1311 5713 dicunt,
1344 5647 1398 5700 id
1428 5656 1506 5702 est
1537 5658 1730 5701 natura
1760 5646 1835 5701 rei
1865 5646 2076 5699 incerta:

507 5708 761 5799 perfugia;
793 5708 954 5799 Aliud
988 5728 1195 5799 sonant
1236 5708 1473 5799 Graeca:
1522 5719 1659 5781 Τοὺς
1699 5715 2075 5799 ξιλιμακτῆροξς

509 5784 825 5868 ἱπένίησαν,
856 5797 935 5857 εἰς
977 5791 1273 5862 ἀδηλότητα
1302 5788 1606 5859 ποιούμενοι
1636 5790 1716 5844 vel
1754 5784 2074 5859 μὲταποῐού-

2185 5309 2336 5363 μενοι
2361 5291 2461 5363 τὴν
2486 5290 2823 5363 προαίρεσιν.
2844 5286 3048 5363 Nempe
3067 5304 3081 5341 :
3100 5286 3456 5363 “insectere;
3484 5282 3773 5337 commenti

2180 5358 2323 5429 aunt,
2356 5358 2575 5416 liberant
2604 5358 2830 5415 hominis
2855 5360 3176 5413 voluntatem
3195 5358 3250 5411 in
3269 5358 3471 5410 inmte
3491 5365 3769 5424 ponentes,

2180 5440 2276 5487 aut
2303 5433 2357 5487 in
2388 5449 2495 5486 rem
2526 5432 2780 5485 incertam
2811 5438 3217 5484 committentes.

2250 5503 2365 5575 (l9)
2407 5501 2559 5575 Nihil
2588 5501 2779 5564 verius,
2810 5502 3001 5575 inquit,
3043 5496 3267 5575 ﬁ_li,__his
3308 5511 3429 5575 quae
3450 5504 3773 5575 praecellis

2177 5563 2534 5643 eszl'icujus
2566 5563 2825 5643 momenti
2854 5563 2939 5643 est
2968 5563 3132 5625 lectio
3153 5563 3345 5643 Graeca
3390 5566 3632 5643 duorum
3664 5563 3769 5643 lie:

2178 5659 2390 5714 glorum
2430 5634 2719 5714 codicum,
2736 5641 3087 5713 ἁπεκρίνατο,
3125 5637 3290 5709 μηδὲν
3330 5636 3545 5690 eodm
3574 5634 3777 5709 ἀληθέι

2186 5707 2373 5789 ἅτερον
2402 5712 2536 5768 εἶναι
2565 5707 2640 5770 ὧν
2671 5709 2839 5767 εἶπεν.
