3848 6262
209 337 337 394 N29

1403 331 1950 388 RECOGNI‘I’IONUM
1982 332 2106 388 LIB.
2143 333 2200 389 Χ.

3227 325 3358 382 μεθ

204 448 399 503 dltores
421 447 514 515 qui
544 447 807 501 assistunt
831 448 1031 503 erroris
1054 445 1135 501 sui
1159 446 1352 515 probra
1381 454 1726 514 cognoscant.
1761 452 1802 507 Α
1836 447 1941 500 tior
1985 447 2101 514 ipso
2150 445 2363 497 futurus
2414 451 2557 497 esset
2593 459 2861 514 regnoque
2886 459 3007 499 eum
3051 440 3357 510 depelleret.

204 535 363 592 Aiunt
405 550 532 605 ergo
550 538 642 605 qui
665 538 1014 607 sapientiores
1040 546 1163 593 sunt
1183 537 1321 592 inter
1360 537 1603 606 gentiles,
1620 537 1731 605 pri-
1827 550 2015 590 omnes
2048 535 2140 605 qui
2169 535 2217 587 ei
2262 542 2614 589 nascerentur
2642 533 2779 589 lllios
2817 534 3085 600 devorare;
3106 529 3356 585 instituit.

200 639 284 681 tuo
314 626 555 680 omnium
587 630 751 683 chaos
783 628 973 685 fuisse:
1005 629 1107 684 hoc
1135 643 1228 698 per
1272 628 1495 682 multum
1520 636 1729 696 tempus

198 716 494 771 exteriores
526 721 609 771 sui
635 720 871 773 solidans
890 727 1086 788 partes,
1121 719 1257 774 lines
1298 719 1396 773 sibi
1421 729 1475 772 et
1504 716 1728 772 fundum

196 804 481 872 quemdam
513 804 703 861 fecisse
730 816 981 876 tanquam
1013 808 1066 860 in
1096 808 1180 860 ovi
1222 809 1472 862 immanis
1513 806 1727 859 modum

143 950 148 955 .
196 895 531 965 formamque
560 898 865 959 collectum,
901 899 1040 951 intra
1074 896 1217 966 quod
1258 898 1424 951 multo
1456 897 1729 951 nihilomi-

194 1002 294 1040 nus
315 993 579 1055 tempore,
606 989 759 1057 quasi
780 989 917 1041 intra
949 991 1032 1043 ovi
1064 996 1274 1051 testam,
1302 987 1469 1041 fotum
1499 986 1730 1040 vivifica-

193 1085 412 1146 tumque
439 1092 562 1131 esse
580 1077 774 1131 animal
795 1078 1057 1147 quoddam
1078 1097 1093 1144 ;
1112 1080 1455 1147 disruptoque
1478 1086 1596 1146 post
1617 1078 1728 1130 haec

191 1166 415 1219 immani
462 1165 554 1220 illo
603 1168 761 1235 globo
788 1168 1121 1236 processisse
1170 1168 1400 1238 speciem
1440 1166 1724 1237 quamdam

190 1257 426 1311 hominis
455 1257 686 1325 duplicis
710 1257 910 1323 formai,
931 1274 1086 1327 quam
1105 1259 1180 1312 illi
1205 1258 1725 1313 masculo—feminam

188 1354 413 1412 vocant;
441 1347 587 1401 hunc
615 1348 774 1402 etiam
802 1348 1091 1404 Plianetam
1123 1348 1229 1418 (20)
1262 1349 1627 1412 nominarunt,
1660 1350 1727 1402 ab

188 1435 532 1503 apparendo,
552 1452 675 1505 quia
702 1452 823 1490 eum
871 1438 1228 1506 apparuisset,
1284 1440 1549 1507 inquiunt,
1599 1447 1726 1490 tunc

185 1524 347 1579 etiam
405 1524 499 1578 lux
556 1526 774 1581 elI‘ulsit.
817 1526 881 1578 Et
930 1542 994 1581 ex
1042 1527 1144 1580 hoc
1174 1528 1359 1581 dicunt
1395 1530 1723 1599 progenitam

187 1630 306 1670 esse
335 1618 721 1683 substantiam,
754 1619 1107 1687 prudentiam,
1140 1628 1363 1681 motum,
1395 1621 1620 1673 coitum:
1660 1634 1724 1672 ex

183 1705 266 1758 his
296 1703 504 1759 factum
536 1707 731 1760 malum
778 1698 829 1761 et
866 1716 1089 1762 terram.
1144 1707 1217 1760 Ex
1261 1710 1397 1761 caelo
1456 1724 1548 1761 sex
1601 1721 1724 1775 pro-

1828 624 1963 679 IIuic
1996 641 2126 693 ergo
2159 625 2366 695 primus
2398 624 2640 678 nascitur
2676 623 2833 687 Illius,
2866 638 3022 693 quem
3064 620 3234 675 Aiden
3260 633 3357 686 apo

1824 715 2107 782 pellarunt,
2142 714 2232 783 qui
2262 713 2399 783 apud
2423 728 2521 767 nos
2542 711 2714 768 Oreus
2736 713 3059 776 nominatur,
3085 723 3241 780 quem
3265 722 3358 776 pro

1822 808 2007 857 causis
2042 803 2239 872 quibus
2274 818 2438 873 supra
2467 802 2722 868 diximus,
2761 808 3095 870 assumptum
3137 798 3358 852 devorat

1826 899 1994 962 pater.
2022 892 2150 947 Post
2175 894 2319 947 hunc
2340 892 2633 947 secundum
2657 892 2861 961 genuit,
2879 905 3037 959 quem
3053 887 3356 957 Neptunum

1823 980 2031 1041 dicunt,
2076 997 2345 1051 quemque
2386 982 2549 1037 simili
2592 982 2750 1034 modo
2782 980 3075 1033 devoravit.
3118 974 3357 1031 Novissi-

1823 1084 1966 1122 ntum
1997 1071 2175 1139 genuit
2193 1086 2335 1132 eum,
2371 1086 2527 1140 quem
2569 1069 2749 1125 Jovem
2780 1070 3064 1139 appellant,
3095 1068 3188 1122 sed
3216 1068 3361 1121 hunc

1820 1166 1992 1210 mater
2023 1158 2287 1212 miserans
2340 1157 2507 1221 Rhea,
2542 1175 2636 1228 per
2665 1168 2832 1213 artem
2866 1160 3189 1214 devoraturo
3236 1159 3359 1210 sub-

1821 1248 1985 1300 trahit
2017 1249 2173 1316 patri,
2205 1256 2259 1302 et
2286 1250 2458 1317 primo
2504 1249 2726 1319 quidem
2765 1265 2831 1303 ne
2857 1251 3067 1318 vagitus
3092 1248 3242 1317 pueri
3277 1248 3358 1300 in-

1822 1345 2146 1402 notesceret,
2177 1337 2513 1407 Corybantas
2556 1338 2818 1407 quosdam
2849 1338 3093 1407 cymbala
3140 1338 3266 1391 fecit
3294 1352 3358 1390 ac

1822 1435 2068 1498 tympana
2098 1438 2394 1497 percutere,
2426 1438 2484 1483 ut
2509 1430 2853 1499 obstrepente
2908 1429 3088 1483 sonitu
3146 1428 3357 1498 vagitus

1821 1532 1926 1570 non
1952 1518 2228 1572 audiretur
2254 1519 2494 1573 infantis.

1890 1606 2019 1660 XIX.
2064 1608 2167 1662 Sed
2201 1624 2320 1662 cum
2345 1625 2410 1662 ex
2434 1609 2571 1663 uteri
2602 1609 2976 1663 imminutione
3008 1609 3358 1663 intellexisset

1822 1708 1970 1765 pater
2008 1699 2211 1753 editum
2248 1708 2479 1769 partum,
2523 1700 2800 1768 expetebat
2840 1699 2905 1752 ad
2946 1698 3353 1759 devorandum;

182 1795 397 1864 genitos
420 1810 620 1859 mares,
662 1812 797 1865 quos
827 1805 879 1851 et
920 1796 1139 1851 Titanas
1173 1798 1280 1865 (21)
1312 1768 1616 1866 appellant;
1647 1799 1719 1849 si-
1754 1768 1794 1821 Β
1821 1801 1944 1844 tunc
1969 1786 2110 1844 Rhea
2131 1768 2355 1859 lapidem
2379 1792 2425 1845 ei
2454 1791 2683 1845 offerens
2704 1805 2973 1861 magnum,
2995 1790 3149 1844 Hunc
3172 1791 3352 1860 genui,

180 1883 385 1937 militer
415 1892 470 1938 et
498 1884 563 1938 de
592 1892 734 1938 terra
776 1902 868 1939 sex
896 1886 1142 1948 feminas,
1167 1901 1300 1954 quas
1323 1886 1597 1939 Titanidas
1621 1901 1718 1938 vo-

180 1970 449 2037 citarunt,
496 1980 550 2026 et
591 1979 718 2025 sunt
758 1973 975 2026 nomina
1021 1989 1208 2027 eorum
1252 1973 1465 2043 quidem
1513 1974 1603 2042 qui
1654 1990 1717 2028 ex

178 2061 317 2115 εωιυ
346 2062 453 2113 orti
478 2068 603 2114 sunt
625 2062 773 2115 ha2e:
804 2060 1066 2127 Oceanus,
1096 2060 1278 2125 Coeus,
1319 2063 1495 2126 Crios,
1540 2063 1715 2133 IIype-

174 2152 319 2212 rion,
353 2149 587 2219 Iapetos,
612 2150 838 2214 Cronos,
864 2152 955 2219 qui
976 2152 1116 2221 apud
1135 2168 1233 2207 nos
1260 2153 1524 2206 Saturnus
1547 2153 1718 2206 nomi-

175 2250 360 2295 natur.
400 2238 662 2293 Similiter
705 2248 757 2293 et
795 2255 977 2293 earum
1021 2257 1139 2310 qua:
1175 2257 1204 2294 e
1242 2249 1383 2295 terra
1426 2250 1557 2295 ortae
1594 2253 1719 2296 sunt

175 2330 401 2383 numina
436 2336 562 2381 sunt
592 2327 703 2380 hare
736 2347 749 2381 :
779 2327 964 2391 Theia,
997 2329 1163 2390 Rhea.
1199 2329 1436 2396 Themis,
1484 2330 1718 2385 Mnemo-

174 2435 329 2490 syne,
368 2417 567 2486 Tethys
599 2416 727 2485 (22),
768 2416 911 2472 Hebe
943 2417 1071 2488 (23).

243 2505 437 2561 XVIII.
466 2502 543 2558 Ex
568 2506 650 2559 his
676 2506 924 2560 omnibus
954 2509 1043 2576 qui
1073 2510 1275 2576 primus
1316 2508 1489 2563 fuerat
1513 2524 1542 2563 e
1582 2509 1717 2563 cmlo

172 2606 362 2658 natus,
404 2596 632 2665 primam
654 2600 811 2647 terra:
838 2595 997 2647 filiam
1028 2597 1229 2665 accepit
1252 2612 1493 2659 uxorem,
1525 2613 1718 2651 securi-

170 2688 274 2742 dus
306 2684 602 2741 secundam
631 2692 683 2738 et
705 2686 882 2738 caeteri
913 2686 1157 2738 similiter
1182 2701 1276 2754 per
1305 2686 1570 2739 ordinem.
1599 2685 1717 2739 Pri-

169 2791 294 2831 mus
318 2792 452 2845 ergo
469 2776 557 2843 qui
582 2776 806 2843 primam
825 2775 1069 2837 duxerat,
1094 2785 1308 2842 propter
1323 2790 1437 2827 eam
1459 2776 1715 2829 deductus

168 2873 253 2921 est
282 2864 575 2929 deorsum;
610 2863 842 2918 secunda
872 2878 997 2917 vero
1016 2871 1230 2931 propter
1252 2879 1372 2917 eum
1414 2866 1499 2918 cui
1522 2882 1716 2935 nupse-

168 2962 276 3017 rat,
327 2954 577 3007 ascendit
615 2968 859 3017 sursum;
907 2960 959 3005 et
997 2952 1069 3004 ita
1107 2952 1304 3020 singuli
1348 2968 1442 3021 per
1476 2955 1713 3008 ordinem

167 3044 467 3106 facientes,
514 3049 827 3097 manserunt
877 3043 929 3093 in
960 3042 1044 3094 his
1074 3042 1164 3110 qui
1203 3042 1280 3094 eis
1310 3043 1532 3110 nuptiali
1567 3049 1713 3097 sorte
1740 3074 1780 3131 ε

167 3135 515 3191 obrenerant
546 3132 696 3187 locis.
730 3132 805 3184 Ex
834 3132 1055 3186 istorum
1083 3131 1551 3198 conjunctionibus
1581 3134 1713 3187 alios
1814 3133 1967 3188 Hunc
2005 3136 2144 3189 enim
2187 3136 2381 3189 cmlum
2432 3135 2616 3188 dicunt
2641 3142 2824 3189 tenere
2854 3144 3106 3204 tanquam
3136 3137 3344 3191 caeteris

164 3239 396 3295 quoque
418 3223 728 3275 innumeros
758 3230 1004 3273 asserunt
1025 3221 1353 3288 progenitos.
1384 3218 1486 3273 Sed
1513 3221 1579 3273 de
1607 3222 1712 3275 illis
1808 3225 2103 3290 meliorem,
2151 3225 2244 3294 qui
2286 3226 2461 3279 statim
2512 3231 2569 3293 ut
2620 3224 2868 3289 adolevit,
2924 3239 3161 3280 sororem
3218 3241 3343 3293 pro-

163 3329 263 3369 sex
295 3311 541 3366 maribus
567 3327 723 3375 unus,
753 3310 845 3378 qui
875 3309 1070 3361 dicitur
1095 3307 1379 3371 Saturnus,
1419 3310 1471 3362 in
1506 3311 1694 3378 conju-

1818 1882 2009 1949 inquit.
2041 1882 2107 1934 At
2136 1882 2224 1935 ille
2254 1882 2526 1952 accipiens
2551 1882 2848 1944 absorbuit,
2880 1890 2933 1936 et
2965 1883 3098 1950 lapis
3128 1882 3354 1937 devora-

1816 1979 1902 2027 tus
1931 1986 2023 2025 eos
2043 1986 2176 2039 quos
2202 1973 2373 2039 primo
2401 1971 2748 2025 absorbuerat
2765 1971 2920 2034 filios,
2940 1971 3165 2025 trusitet
3184 1972 3357 2040 coegit

1815 2063 1979 2117 exire.
2010 2060 2221 2113 Primus
2256 2076 2384 2129 ergo
2427 2061 2723 2128 procedens
2751 2061 3031 2114 descendit
3063 2058 3255 2121 Orcus,
3302 2069 3357 2113 et

1815 2151 2087 2211 inferiora,
2135 2150 2237 2202 hoc
2268 2157 2348 2202 est
2380 2150 2587 2204 inferna
2610 2159 2845 2219 occupat
2897 2151 3034 2204 loca.
3075 2149 3355 2205 Secundus

1816 2250 1998 2310 utpote
2029 2242 2119 2293 illo
2137 2241 2381 2309 superior
2396 2256 2557 2309 super
2580 2256 2746 2309 aquas
2771 2240 3096 2303 detruditur,
3128 2241 3173 2294 is
3196 2256 3353 2308 quem

1814 2330 2113 2400 Neptunum
2137 2338 2348 2384 vocant.
2387 2330 2599 2385 Tertius
2652 2330 2744 2400 qui
2793 2336 2906 2383 arte
2953 2329 3138 2383 matris
3194 2328 3355 2382 Rhea:

1815 2419 2099 2489 superfuit,
2150 2420 2216 2473 ab
2265 2421 2380 2488 ipsa
2435 2433 2608 2488 caprae
2658 2418 3030 2488 superpositus
3075 2417 3129 2469 in
3157 2418 3350 2471 ccelum

1813 2511 2043 2565 emissus
2078 2518 2177 2563 est.

1882 2596 1995 2649 XX.
2029 2597 2294 2653 Ilactenus
2316 2599 2471 2652 anilis
2500 2598 2775 2668 gentilium
2806 2597 2985 2651 fabula
3019 2606 3071 2651 et
3102 2599 3349 2667 genealo-

1814 2689 1897 2757 gia
1928 2690 2280 2757 processerit;
2305 2691 2420 2744 sine
2445 2689 2546 2743 fine
2583 2691 2724 2743 enim
2754 2697 2856 2751 est,
2888 2690 2932 2741 si
2955 2689 3114 2741 velim
3153 2702 3341 2743 omnes

1813 2779 2183 2846 generationes
2223 2794 2406 2833 eorum
2438 2794 2571 2847 quos
2611 2779 2740 2832 deos
2773 2778 3070 2848 appellant,
3100 2786 3154 2831 et
3184 2779 3348 2846 impia

1814 2874 1960 2932 gesta
1990 2866 2245 2935 proferre.
2272 2867 2374 2920 Sed
2403 2867 2627 2935 exempli
2657 2867 2847 2935 gratia,
2881 2868 3098 2922 omissis
3119 2869 3346 2933 caeteris,

1815 2956 1975 3009 unius
1996 2972 2151 3021 quem
2182 2959 2471 3009 maximum
2489 2966 2541 3011 et
2564 2958 2887 3025 przecipuum
2916 2956 3133 3019 habent,
3161 2974 3349 3026 quem-

1814 3058 1915 3112 que
1948 3041 2129 3097 Jovem
2185 3045 2479 3105 nominant,
2537 3044 2796 3114 ﬂagitiosa
2850 3052 2995 3114 gesta
3053 3046 3342 3114 replicabo.

1804 3313 2006 3381 priam,
2064 3329 2221 3383 quam
2276 3315 2538 3368 Iunonem
2596 3313 2813 3379 dicunt,
2874 3315 3025 3367 duxit
3076 3329 3331 3379 uxorem,

161 3403 321 3471 gium
376 3400 582 3467 accepit
620 3396 840 3458 Rheam,
892 3402 945 3449 et
997 3412 1118 3449 cum
1170 3411 1429 3465 responso
1478 3398 1707 3467 quodam
1801 3402 1855 3455 in
1917 3419 2022 3471 quo
2078 3405 2261 3472 utique
2321 3405 2501 3458 statim
2554 3403 2612 3456 ﬁt
2672 3405 2861 3459 similis
2929 3404 3138 3473 pecudi.
3199 3405 3342 3461 Juno

161 3488 542 3544 commonitus
566 3495 727 3550 esset,
758 3485 900 3556 quod
933 3487 1023 3556 qui
1049 3500 1111 3541 ex
1148 3501 1210 3541 ea
1243 3494 1557 3541 nasceretur
1597 3489 1706 3541 for—
1802 3491 2097 3547 Vulcanum
2150 3493 2311 3563 parit.
2376 3492 2471 3546 sed
2494 3531 2510 3549 .
2541 3500 2600 3546 ut
2652 3492 2898 3558 tradunt,
2950 3509 3059 3549 non
3091 3511 3155 3549 ex
3210 3492 3340 3552 Jove

1440 3620 1796 3677 COTELERII
1826 3625 2050 3679 NOTAE.

238 3766 364 3834 (20)
396 3762 695 3839 Ηιιέηειτίηι.
721 3761 926 3815 Phanes
953 3763 1184 3882 (DOYSVRC
1220 3762 1428 3829 Orpheo
1457 3762 1507 3813 in
1544 3762 1706 3827 Hym-

238 3852 276 3882 ς.
319 3835 388 3882 ὲκ
419 3845 511 3880 του
538 3830 641 3880 ὼου
686 3829 966 3882 ποογυθεις
1004 3832 1117 3882 Anu
1186 3830 1569 3882 Athenagoram
1602 3828 1701 3881 Le-

163 3828 277 3894 nis,
319 3835 388 3882 ὲκ
419 3830 511 3880 τοῦ
538 3830 641 3898 ἀίονῦ
671 3829 966 3898 (προχυθεις
1004 3828 1153 3898 Apud
1186 3828 1569 3897 Athenagoram
1596 3828 1701 3898 Le-

160 3904 388 3977 gatione
409 3913 508 3977 Apro
532 3895 896 3977 Igitristianis;
930 3895 1066 3977 quia
1097 3895 1548 3977 m_as_culo_feniina,
1581 3897 1710 3977 ideo

163 3964 501 4038 (opinorfin
529 3964 772 4038 Orpliicis
796 3964 1118 4038 carminibus
1143 3966 1710 4038 inducebatur_habens

159 4032 377 4091 ἁὶδοῖθν
412 4032 599 4103 ὁπξιξῳΔ
630 4032 752 4103 περὶ
794 4032 888 4103 τὴν
922 4036 1290 4103 πυγήννιεεῑθ
1334 4032 1444 4103 Elia
1473 4032 1711 4102 Cretensi

161 4110 232 4159 ad
273 4101 523 4166 Gregorii
557 4099 873 4153 Nazianzen'i
898 4114 1029 4154 orat.
1054 4099 1101 4156 ’3
1134 4101 1242 4168 (ubi
1282 4102 1417 4155 male
1444 4099 1623 4167 legunt
1650 4115 1711 4153 ac

157 4176 599 4247 interpretantur
640 4168 846 4247 πηγήν)
894 4180 945 4247 et
991 4170 1322 4247 S7;_Nonpo
1365 4170 1428 4222 ad
1472 4170 1709 4247 eamdem

159 4236 479 4293 orationem
512 4237 563 4299 5,
598 4247 649 4289 et
693 4236 853 4289 Suida
896 4238 946 4289 in
986 4236 1195 4290 Lexico.
1233 4238 1366 4291 Cum
1398 4246 1572 4291 autem
1618 4251 1713 4289 no-

158 4324 296 4362 men
355 4306 529 4371 Φάνης
559 4306 848 4371 deducatur
895 4320 922 4356 a
966 4308 1123 4357 verbo
1169 4306 1391 4373 φαίνειν,
1433 4307 1637 4359 diversa
1682 4320 1712 4357 a

156 4376 411 4431 diversis
454 4374 783 4440 etymologiae
824 4373 958 4426 ratio
997 4373 1231 4426 affertur.
1273 4374 1511 4440 Orpheus
1563 4374 1713 4426 initio

151 4441 647 4562 Argdonauticorum
668 4457 687 4495 :
712 4440 920 4510 πρῶτος
944 4441 1049 4511 γὰρ
1075 4441 1293 4511 ἐφάνθη.
1321 4440 1524 4510 Hymno
1558 4443 1710 4511 Πρω-

151 4528 261 4562 my
299 4526 427 4561 vou:

150 4526 392 4574 τογονου
414 4526 427 4561 :

151 4590 440 4663 Λαμπρὸν
455 4588 596 4653 ἄγων
610 4585 740 4653 φάος
760 4587 934 4653 ἁγνὸν,
947 4580 1105 4654 ἀφόὗ
1122 4604 1179 4640 σε
1195 4591 1404 4659 Φάνητα
1418 4593 1705 4663 κικλήσκω.

151 4685 220 4738 In
248 4677 593 4747 Clementim's
625 4690 644 4747 ί
676 4677 792 4728 Ὅτι
824 4675 1280 4747 αὐτοῦῃφανέντος,
1311 4682 1369 4733 τὸ
1401 4684 1504 4735 πᾶν
1530 4684 1588 4747 ἐξ
1614 4684 1711 4735 αὐ·

149 4751 260 4805 τοῦ
300 4745 558 4814 ἔλαμψεν.
623 4742 931 4814 Lactantius
979 4742 1070 4798 lib.
1102 4762 1137 4808 ι,
1183 4762 1232 4800 c.
1265 4749 1296 4802 5
1330 4767 1341 4801 :
1377 4750 1543 4814 Quod,
1572 4742 1707 4804 ⁷ειιηι

154 4820 347 4875 adhuc
375 4813 687 4885 n_iltil_esse_t,
727 4813 922 4885 prima;
966 4828 1028 4865 ex
1075 4816 1279 4885 inﬁnito
1320 4813 1613 4885 apparuerit
1659 4832 1709 4873 et

152 4883 436 4953 cistiterit
455 4879 724 4953 ;_Pt'0clus
747 4881 802 4933 in
830 4880 1075 4953 Timwttm
1096 4879 1140 4953 ς’
1166 4884 1250 4945 Ὠς
1265 4879 1579 4953 ὲκερἁίνοντα
1612 4890 1710 4952 τὰς

152 4954 369 5023 νοητὰς
407 4949 614 5010 ἐνάδας.
663 4948 961 5002 Macrobius
988 4948 1221 5030 denique
1251 4954 1322 5006 lib
1343 4948 1366 5006 ἰ
1401 4948 1706 5020 Saturnal.,

153 5042 210 5070 η-
246 5023 322 5070 17
351 5038 364 5070 :
397 5018 632 5070 Plumeta
678 5017 931 5070 appellunt
980 5018 1085 5070 ἀπὸ
1131 5036 1223 5070 του
1268 5023 1492 5070 φαίνειν-
1524 5035 1573 5070 ιι
1604 5028 1706 5070 Φα-

153 5042 211 5080 c.
246 5023 322 5076 17
351 5038 364 5073 :
397 5023 632 5070 Phaneta
678 5023 931 5083 appellant
980 5023 1085 5070 ἀπὸ
1131 5023 1223 5071 τοῦ
1268 5023 1494 5087 φαίνειν,
1524 5035 1573 5076 et
1604 5028 1711 5078 Φα-

154 5097 338 5152 ναίον,
380 5085 561 5155 ἐπειδὴ
609 5085 845 5155 φαίνεται
881 5086 1014 5155 νέος,
1052 5096 1105 5140 et
1133 5102 1182 5141 c.
1212 5089 1315 5143 18:
1350 5090 1581 5145 Pitaneta
1608 5096 1711 5147 ἀπὸ

150 5162 261 5242 τρῠ
296 5156 473 5242 φωτὸς
504 5152 596 5207 καὶ
621 5152 868 5222 φανεροῦ.
905 5152 1024 5208 Haac
1058 5156 1125 5209 ad
1156 5156 1312 5212 istius
1341 5160 1443 5212 loci
1482 5161 1712 5216 illustra-

152 5241 959 5370 t|o(g(_3lI;l.Tit£nas.limpidus.
1011 5292 1484 5370 Animadversione
1516 5299 1711 5370 dignus

154 5359 257 5437 es!
300 5359 455 5437 locus
487 5359 797 5437 Tertulliani
843 5360 933 5412 lib.
969 5376 1025 5437 _n
1063 5362 1130 5415 ad
1158 5360 1426 5437 Nationes,
1461 5359 1603 5437 cap:
1632 5370 1664 5422 2
1694 5390 1706 5424 :

154 5434 349 5503 ,Eque
380 5429 678 5503 ΔΑιεειειιριιλιιιε
722 5429 913 5503 tr_inam
960 5429 1499 5503 forntam_dipim'ta_lis
1546 5429 1707 5502 ducit,

156 5496 469 5572 Olympios,
521 5498 697 5572 Astra,
744 5496 980 5572 Tifgneos
1000 5538 1013 5558 ,
1065 5499 1126 5551 de
1146 5496 1307 5572 _Caelo
1334 5508 1380 5550 et
1411 5500 1572 5572 Terra
1601 5521 1619 5557 :
1649 5496 1711 5559 ei;

153 5563 275 5633 his:
312 5563 541 5623 Saturno
564 5575 613 5619 et
640 5564 764 5633 Ope,
792 5563 1103 5635 Neptunum,
1131 5566 1328 5635 Jovem,
1346 5576 1402 5635 Aet
1425 5568 1639 5635 Orcum,
1659 5585 1709 5628 et

154 5631 420 5694 cwicram
447 5631 835 5689 successionem.
871 5631 1177 5692 Xenocrates
1209 5631 1546 5693 Academicus
1571 5631 1707 5711 bifa-

1744 4346 1786 4400 D

1812 3758 2113 3828 ﬁamqfaci},
2135 3759 2399 3828 Olympios
2415 3767 2461 3811 et
2482 3759 2734 3819 Titamos,
2753 3762 2839 3827 qui
2855 3759 2918 3813 de
2932 3758 3069 3813 Caelo
3084 3770 3133 3816 et
3159 3762 3336 3819 Terra.

1812 3825 2019 3881 Etenim
2050 3825 2405 3882 Gothofredus
2432 3828 2616 3889 edidit,
2640 3825 2955 3888 Actesilaus,
2979 3832 3214 3885 correxit
3242 3848 3339 3886 au-

1812 3902 1917 3969 tem
1964 3896 2028 3969 in
2056 3897 2216 3969 notis,
2260 3897 2552 3969 Arcesilaus
2578 3913 2595 3947 :
2624 3897 2862 3969 adeoque
2902 3898 3198 3953 emendatio
3226 3899 3341 3969 pla-

1812 3963 1924 4016 cuit
1970 3964 2218 4037 Rigaltio,
2268 3972 2325 4017 ut
2377 3980 2492 4037 eam
2532 3966 2586 4018 in
2629 3963 2826 4037 textum
2851 3966 3145 4037 insereret:
3175 3963 3339 4037 pravo

1813 4028 2274 4113 saneueiemlplop:
2306 4048 2425 4113 cum
2478 4034 2629 4113 loqge
2671 4034 3011 4113 verisiinilior
3050 4028 3335 4113 lectiosit.

1804 4097 2099 4168 fictisilous.
2130 4097 2330 4166 Collige
2362 4100 2418 4168 id
2443 4115 2510 4153 ex
2542 4097 2887 4168 Elymologici
2916 4102 3089 4168 magni
3116 4102 3291 4154 verbis
3318 4097 3333 4159 ἐ

1802 4163 1959 4237 Κοῖος
1986 4165 2012 4217 ὃ
2047 4168 2230 4237 ’πατὴρ
2260 4163 2463 4235 Λητοῦς
2508 4163 2653 4237 παρᾶ
2689 4169 2748 4220 τὸ
2786 4163 2926 4222 Ξιοείν
2946 4208 2960 4230 ,
2990 4163 3021 4220 ὅ
3061 4168 3171 4237 ἐστι
3203 4174 3337 4222 νοεῖν

1804 4232 1894 4298 καὶ
1918 4234 2163 4285 συνιέναι·
2185 4232 2211 4286 ὅ
2231 4232 2341 4286 ἐστί
2363 4232 2596 4298 συνετὸςξ
2618 4236 2772 4288 Κοῖόν
2787 4253 2845 4287 τε
2862 4238 3053 4298 Κρεῖόν
3075 4236 3121 4288 θ’
3151 4238 3337 4298 ’Υπερ-

1803 4297 1913 4351 ίονά
1937 4300 1982 4351 τ’
2017 4285 2246 4368 Ίατεετόν
2272 4285 2349 4355 τεγ.
2381 4285 2444 4359 Ol

1837 4383 2039 4437 ρηνται.
2060 4363 2213 4421 Οὗτοι
2237 4370 2291 4421 δὲ
2314 4372 2529 4434 Τιτᾶνες
2548 4374 2639 4425 καὶ
2658 4363 2927 4435 Τιτανὶδες
2948 4372 3244 4433 καλοῦνται,
3263 4375 3337 4437 ὡς

1814 4436 2151 4511 ῥκουσίλαος.
2171 4438 2479 4511 Ἀλλῃγορία
2493 4441 2568 4501 δὲ,
2583 4443 2739 4511 Κοῖον
2755 4442 2849 4510 τὴν
2868 4436 3335 4511 ποιάτῃταδίρεῖον

1795 4501 1850 4584 ξι
1879 4503 1974 4584 τῂν
2003 4487 2225 4584 κρίεῇγξξ
2239 4487 3326 4584 ’Ϊὲτξὶίέένσὶ’ἔῶῖέςρξςὲείέ⁸οὶ’δὲ’ῖϊᾴἷεῖὢ

1799 4569 2083 4640 βαρύτητα.
2101 4574 2333 4637 Ἡσίοδος
2358 4569 2413 4628 ἓν
2431 4569 2720 4643 Θεογονίζι.
2744 4569 2957 4643 Tradita
2980 4577 3089 4643 ι]φο
3103 4578 3169 4629 ab
3189 4577 3329 4630 Acu-

1809 4644 1942 4698 silao
1971 4643 2023 4695 in
2054 4643 2247 4695 celebri
2271 4657 2428 4711 opere
2442 4640 2585 4711 ᾼῌερὶ
2610 4640 2974 4711 γενεαλογιῷν.
3008 4641 3158 4711 Υἱός,
3190 4645 3233 4695 si
3257 4644 3338 4693 lu-

1808 4711 1917 4770 bet,
1942 4708 2407 4770 diligentissimum
2441 4708 2686 4763 VoSsium
2717 4708 2793 4762 De
2834 4709 3094 4762 historicis
3120 4708 3332 4764 ercis.

1878 4726 1917 4770 t,
1942 4726 2032 4763 mn
2073 4726 2407 4766 enussrmum
2448 4726 2686 4763 vossxum
2717 4726 2793 4762 ue
2834 4726 3094 4762 mswncu
3120 4726 3331 4764 urazcts.

1876 4779 1985 4849 (22)
2027 4726 2228 4849 Ig'ethys.
2275 4779 2351 4832 Ita
2402 4778 2759 4849 scribendum.
2786 4777 2966 4832 Graece
2998 4778 3191 4849 Τηθύς,
3230 4777 3331 4849 Sed

1811 4846 2112 4917 frequenter
2140 4846 2193 4900 in
2226 4848 2325 4900 hoc
2346 4848 2587 4917 nomine
2617 4846 3095 4917 labunturgoperaé.
3141 4846 3237 4917 Sic_
3261 4848 3332 4917 lin

1808 4908 2102 4987 Tliéopliilo
2150 4915 2480 4987 Antiocheno
2536 4915 2626 4968 lib.
2687 4929 2755 4977 ιι,
2808 4908 3333 4987 ςᾴᾕᾴἐνμηι-Τηθήν,

1806 4983 2001 5057 Θηθύν,
2027 4986 2259 5053 Thctym.
2295 4984 2506 5037 Ttetzes
2533 4991 2768 5037 extrema
2797 4983 3056 5047 Chiliade,
3085 4983 3117 5037 6
3141 5000 3155 5034 :

1877 5078 1968 5128 ’Ὡν
2003 5074 2235 5144 Ἀχιλεὺς
2254 5074 2349 5142 τῆς
2370 5073 2578 5144 Θέτιδος
2600 5077 2692 5127 καὶ
2711 5072 2803 5144 ῖοῦ
2826 5073 3041 5142 Πηλέως
3060 5074 3236 5144 γόνος,

1904 5145 1975 5198 Οὐ
1997 5142 2091 5212 τῆξ
2114 5142 2375 5212 Θαλάττης
2397 5143 2628 5205 Θέτιδος,
2652 5142 2782 5194 ἀλλά
2800 5159 2937 5205 τινος
2957 5143 3193 5209 γυναίου.

1808 5233 1950 5287 Mare
1977 5248 2083 5285 non
2111 5239 2193 5302 est
2214 5230 2436 5302 Thetis,
2469 5232 2561 5286 sed
2583 5230 2801 5302 Tethys.
2832 5228 3057 5300 Scripsit
3075 5246 3223 5302 ergo,
3250 5242 3343 5285 aut

1808 5303 2053 5369 scribere
2062 5300 2270 5369 debuit,
2301 5301 2560 5369 Θαλάττης
2583 5300 2805 5369 Τηθύος.

1878 5370 1985 5440 (25)
2026 5367 2527 5440 Helge._Legendun_t
2548 5368 2816 5440 videretur
2847 5367 2999 5440 mihi,
3030 5367 3235 5440 Plumae,
3267 5383 3333 5421 ex

1808 5434 2039 5507 Orpheo,
2090 5434 2340 5500 Hesiodo,
2381 5437 2610 5491 Diodoro
2656 5434 2835 5507 Siculo
2879 5446 2931 5507 et
2957 5437 3333 5507 "Apollodoro;

1808 5505 1912 5561 nisi
1941 5507 2133 5575 scirem
2162 5507 2379 5560 deorum
2410 5507 2462 5560 in
2492 5506 2815 5575 genealogiis
2858 5506 2989 5558 nihil
3017 5505 3136 5562 esse
3170 5505 3333 5575 fixum

1810 5591 1873 5629 ac
1916 5574 2120 5629 stabile.
2157 5575 2417 5640 Quocirca
2459 5572 2516 5629 iri
2560 5572 2907 5635 Clementinis
2953 5574 3126 5629 locum
3171 5572 3334 5643 liuqu

1808 5644 2015 5700 feminae
2048 5651 2272 5714 occupat
2291 5643 2471 5701 Ceres.
3176 5678 3179 5681 ν
