3904 6360
475 298 608 353 HM

1326 290 1383 344 8.
1419 287 1817 357 CLEME‘X’I‘IS
1848 286 2067 343 I'ROM.
2102 285 2307 342 PONT.
2337 280 2568 343 ΟΡΕΒΑ
2597 281 2823 337 DUBIA.

3603 281 3736 338 ηδε

472 419 819 483 conceptum.
840 462 843 463 ν
868 409 949 465 Ex
982 410 1102 480 Ipso
1130 413 1313 461 autem
1363 403 1497 460 Jove
1546 404 1791 461 Medeam
1839 403 2048 477 genuit,
2080 407 2126 464 Α
2152 400 2329 466 nanti,
2354 414 2421 453 ex
2450 413 2558 467 qua
2585 398 2833 453 nascitur
2858 396 3051 467 Belus;
3081 395 3364 462 Latonam,
3402 412 3473 452 ex
3495 412 3606 467 qua
3634 414 3735 453 na-

473 517 637 574 quam
667 514 933 571 responso
957 504 1203 566 accepto,
1237 495 1384 567 quod
1415 496 1511 566 qui
1542 510 1607 550 ex
1634 510 1700 551 ea
1730 501 2055 551 nasceretur

477 594 669 649 fortior
700 593 818 663 ipso
850 596 997 646 esset
1021 596 1075 643 et
1100 602 1264 657 regno
1281 603 1407 642 eum
1431 587 1747 657 depelleret,
1766 601 2055 651 assumens

474 687 640 745 etiam
675 686 791 754 ipse
819 683 1080 747 devorat;
1120 687 1174 737 et
1204 695 1422 735 rursum
1470 681 1658 751 genuit
1706 680 1773 735 de
1830 681 2056 737 cerebro

476 776 697 845 quidem
751 771 1067 834 Minervam,
1103 769 1170 826 de
1200 769 1404 824 femore
1434 785 1563 825 vero
1615 769 1891 825 Liberum.
1924 769 2057 826 Post

475 867 593 923 haec
615 865 899 921 Thetidem
939 880 1064 921 cum
1094 863 1437 928 adamasset,
1479 864 1633 917 aiunt
1668 862 2053 918 Prometheum

478 958 861 1030 pronuntiasse
875 956 951 1021 ei,
969 955 1117 1026 quod
1134 955 1181 1010 si
1212 956 1601 1009 concubuisset
1620 970 1742 1008 cum
1765 969 1848 1017 ea,
1868 954 1963 1023 qui
1988 969 2055 1008 ex

476 1066 541 1105 ea
576 1056 896 1109 nasceretur
922 1049 1117 1101 fortior
1146 1054 1294 1101 esset
1325 1055 1500 1115 patre,
1526 1053 1579 1101 et
1609 1046 1679 1100 ob
1714 1045 1816 1100 hoc
1848 1046 2056 1099 veritus

476 1141 638 1197 Peleo
659 1141 875 1196 cuidam
894 1140 989 1194 dat
1006 1155 1123 1195 eam
1158 1140 1213 1194 in
1236 1140 1679 1205 matrimonium;
1709 1138 1906 1193 dehinc
1930 1137 2058 1193 Pero

477 1234 757 1303 sephonaa,
800 1248 921 1302 qua:
974 1232 1024 1285 ei
1070 1247 1134 1286 ex
1169 1232 1367 1285 Cerere
1412 1232 1588 1284 fuerat
1634 1239 1910 1299 suscepta,
1953 1230 2056 1285 mio

477 1332 685 1387 scetur,
733 1339 799 1379 ex
839 1340 947 1393 qua
979 1321 1299 1393 Dionysium
1324 1322 1511 1392 genuit
1532 1322 1625 1392 qui
1655 1339 1684 1377 a
1717 1321 1932 1376 Titanis
1967 1322 2053 1377 di-

478 1424 733 1487 scerptus
765 1425 870 1470 est.
902 1413 1009 1469 Sed
1041 1415 1381 1477 recordatus,
1411 1414 1609 1484 inquit,
1645 1430 1712 1481 ne
1747 1416 1884 1467 forte
1903 1422 2059 1484 pater

481 1529 615 1567 suus
638 1510 909 1565 Saturnus
943 1511 1109 1564 alium
1140 1492 1320 1563 filium
1353 1516 1657 1580 generaret,
1686 1509 1777 1578 qui
1800 1510 1967 1564 etiam
1997 1525 2057 1565 se

478 1608 677 1665 fortior
714 1614 1041 1663 nasceretur
1070 1619 1348 1674 regnoque
1374 1604 1690 1673 depelleret,
1739 1618 2057 1673 oppugnare

480 1700 794 1772 aggreditur
818 1707 1026 1769 patrem
1068 1714 1174 1751 una
1202 1713 1327 1751 cum
1362 1694 1620 1751 fratribus
1658 1697 1779 1766 ejus
1807 1695 2053 1765 Titanis;

2158 495 2331 548 scitur
2353 491 2545 560 Apollo
2572 499 2626 547 et
2655 490 2858 557 Diana;
2881 490 3173 547 Leanidam
3201 489 3652 563 Eurymedontis,
3671 508 3737 548 ex

2157 601 2267 655 qua
2300 583 2550 637 nascitur
2575 582 2793 648 Coron;
2848 581 3157 654 Lysitheam
3186 580 3375 646 Eveni,
3410 598 3478 637 ex
3504 597 3615 652 qua
3643 598 3741 638 na-

2157 676 2331 731 scitur
2361 674 2634 739 Helenus;
2692 672 3107 744 Hippodamiam
3135 673 3244 745 (50)
3277 672 3739 743 Bellerophontis,

2155 784 2221 823 ex
2252 784 2360 839 qua
2391 768 2640 823 nascitur
2670 766 2985 837 Sarpedon;
3020 766 3337 837 Megacliten
3370 766 3631 830 Macarei,
3673 783 3739 823 ex

2155 878 2265 933 qua
2304 862 2552 917 nascitur
2594 859 2781 916 Thebe
2815 868 2869 916 et
2901 860 3140 933 Locrus;
3186 859 3395 917 Nioben
3438 861 3735 928 Phoronei,

2154 971 2220 1009 ex
2240 969 2347 1024 qua
2388 954 2640 1027 nascitur
2670 952 2852 1025 Argus
2870 953 3608 1026 etPeIasgus;Olympiadam
3626 955 3736 1027 (51)

2154 1045 2517 1117 Neoptolemi,
2570 1063 2637 1102 ex
2668 1062 2774 1117 qua
2804 1047 3053 1102 nascitur
3082 1047 3425 1110 Alexander;
3471 1046 3738 1118 Pyrrham

2155 1136 2463 1207 Promethei
2496 1138 2652 1210 (δῇ),
2702 1154 2767 1193 ex
2811 1154 2919 1209 qua
2949 1138 3198 1192 nascitur
3228 1137 3736 1210 Helmetheus(53);

2156 1229 2540 1301 Protogeniam
2594 1239 2647 1285 et
2709 1229 3012 1307 Pandoram
3052 1230 3399 1287 Deucalionis
3456 1232 3620 1295 filias,
3674 1248 3736 1288 ex

2156 1325 2357 1394 quibus
2388 1323 2576 1393 genuit
2610 1322 2912 1377 Ethelium
2944 1323 3056 1393 (54)
3079 1330 3133 1377 et
3166 1321 3368 1378 Dorum
3398 1332 3452 1379 et
3486 1322 3738 1379 Meleram

2156 1427 2211 1471 et
2248 1400 3017 1484 Pandorum;IThaicruciam
3060 1415 3265 1478 Protei,
3314 1434 3381 1471 ex
3407 1434 3518 1488 qua
3556 1420 3742 1472 nasci-

2157 1516 2248 1563 tur
2270 1508 2620 1580 Nympheus;
2657 1507 2988 1564 Salaminam
3020 1508 3188 1579 Asopi
3222 1509 3355 1581 (55),
3395 1526 3459 1565 ex
3498 1526 3604 1580 qua
3643 1528 3741 1565 na-

2157 1600 2332 1656 scitur
2363 1600 2643 1656 Saracon:
2678 1599 2975 1671 Taygeten,
3009 1598 3301 1663 Electram,
3361 1600 3582 1666 Maiam,
3614 1601 3741 1656 Plu-

2157 1693 2306 1748 tiden
2358 1694 2492 1764 (56),
2553 1680 2801 1767 Αιιιιιιιίέ
2843 1694 3003 1760 tilias,
3056 1710 3122 1748 ex
3170 1694 3374 1764 quibus
3424 1697 3616 1766 genuit
3674 1712 3741 1751 ex

480 1794 681 1865 quibus
713 1790 1010 1861 oppressis,
1052 1789 1118 1843 ad
1146 1789 1397 1843 ultimum
1420 1788 1581 1842 etiam
1617 1796 1827 1859 patrem
1857 1790 1910 1844 in
1933 1791 2054 1844 vin~
2088 1788 2129 1842 Β
2159 1783 2400 1855 Taygete
2440 1785 2661 1857 quidem
2695 1785 3162 1849 Lacedaemonem,
3193 1802 3259 1840 ex
3285 1785 3501 1841 Electra
3534 1787 3742 1842 Darda«

481 1885 601 1941 eula
631 1884 888 1953 eonjecit,
915 1884 1241 1953 desectaque
1263 1884 1382 1950 ejus
1409 1881 1665 1952 genitalia
1690 1882 1744 1937 in
1763 1898 1912 1937 mare
1933 1897 2049 1951 pro-

477 1980 626 2050 jecit.
672 1976 778 2031 Sed
808 1992 973 2030 cruor
1008 1975 1102 2045 qui
1128 1974 1353 2030 deﬂuxit
1396 1991 1466 2029 ex
1490 1976 1735 2040 vulnere,
1771 1981 2059 2043 susceptus

480 2070 740 2126 fluctibus
774 2076 828 2123 et
851 2067 1121 2137 frequenti
1151 2066 1439 2120 eollisioue
1472 2068 1527 2120 in
1565 2081 1813 2136 spumam
1845 2082 2056 2130 versus,

483 2161 793 2231 procreavit
824 2174 944 2212 eam
977 2172 1139 2227 quam
1170 2157 1363 2211 dicunt
1383 2155 1754 2225 Aphroditen,
1785 2170 2061 2227 quamque

481 2252 627 2321 apud
656 2266 757 2306 nos
797 2247 1063 2303 Venerem
1096 2249 1389 2318 appellant.
1446 2248 1524 2302 Ex
1559 2249 1724 2318 hujus
1764 2250 2058 2305 concubitu

482 2357 603 2411 quae
629 2350 748 2394 erat
787 2339 974 2406 utique
1005 2352 1186 2401 soror,
1225 2337 1370 2393 hunc
1426 2338 1604 2409 ipsum
1656 2338 1843 2393 Jovem
1881 2339 2062 2407 ferunt

481 2432 737 2504 genuisse
753 2432 981 2501 Cyprin,
1008 2448 1077 2486 ex
1111 2447 1217 2501 qua
1246 2433 1399 2485 aiunt
1437 2432 1823 2500 etCupidinem
1847 2442 2058 2489 natum.

558 2523 695 2579 XXI.
730 2522 855 2577 Hagc
883 2523 1103 2593 quidem
1133 2523 1200 2578 de
1231 2523 1455 2578 incestis
1484 2510 1636 2593 ejus;
1668 2524 1793 2578 audi
1825 2541 1971 2580 nunc
2009 2531 2063 2579 et

484 2615 553 2671 de
585 2615 867 2673 adulteriis
890 2616 1024 2687 (9.4).
1053 2614 1324 2687 Europam
1351 2615 1551 2671 Oceani
1581 2616 2059 2686 conjugemvitiat,

484 2725 548 2763 ex
581 2722 687 2777 qua
716 2709 958 2763 nasi-itur
976 2707 1425 2779 Dodonaeus(25);
1460 2708 1716 2765 Helenam
1741 2708 2059 2774 Pandionis,

484 2817 549 2856 ex
569 2816 673 2871 qua
700 2803 946 2855 nascitur
974 2802 1238 2869 Musaeus;
1271 2802 1617 2874 Eurynomen
1644 2804 1812 2874 Λεορί
1832 2843 1847 2868 ,
1870 2819 1935 2858 ex
1956 2818 2062 2874 qua

486 2894 735 2947 nascitur
779 2891 1051 2964 Ogygias;
1094 2893 1426 2949 Hermionen
1466 2894 1689 2959 Oceani,
1726 2910 1791 2950 ex
1828 2911 1934 2965 qua
1968 2914 2065 2950 na—

488 2996 716 3043 scuntur
737 2989 1011 3053 Charites,
1038 2989 1249 3055 Thalia,
1281 2990 1891 3062 Euphrosyne,Aglaia;
1922 2990 2063 3045 The-

488 3081 600 3134 min
626 3097 869 3136 sororem
901 3098 1079 3144 suam,
1110 3100 1178 3139 ex
1207 3098 1314 3154 qua
1344 3093 1645 3140 nascuntur
1681 3085 1860 3147 Hora),
1891 3083 2066 3157 Eury-

2160 1891 2313 1938 num,
2358 1892 2423 1931 ex
2465 1876 2598 1931 Maia
2645 1876 3001 1942 Mercurium,
3046 1893 3111 1932 ex
3155 1876 3371 1933 Plutide
3406 1878 3739 1945 Tantalum;

2158 1966 2409 2043 Phthiam
2428 1965 2721 2030 Phoronei,
2742 1982 2808 2021 ex
2826 1982 2931 2037 qua
2947 1966 3134 2037 genuit
3153 1968 3432 2033 Achaeum;
3453 1969 3741 2041 [Choniam

2159 2059 2406 2114 Aramni.
2441 2074 2506 2114 ex
2522 2074 2628 2127 qua
2660 2059 2849 2130 genuit
2881 2058 3210 2132 Laeonem;]
3261 2060 3555 2116 Cbalceam
3589 2079 3745 2131 nym-

2163 2151 2353 2221 pham,
2377 2166 2444 2204 ex
2476 2164 2582 2219 qua
2617 2150 2863 2204 nascitur
2894 2148 3186 2221 Olympus;
3237 2151 3561 2206 Charidiam
3589 2170 3745 2223 nym-

2164 2243 2323 2312 pham
2350 2259 2415 2296 ex
2439 2258 2545 2312 qua
2570 2244 2816 2297 nascitur
2851 2241 3158 2306 Alchanus;
3200 2243 3441 2307 Clorida,
3475 2261 3600 2314 qua:
3646 2245 3745 2298 fuit

2161 2332 2417 2403 Ampyci,
2452 2348 2515 2385 ex
2555 2333 2923 2401 quanascitur
2947 2331 3203 2407 Mopsus;
3242 2332 3534 2388 Coloniam
3559 2333 3741 2403 Lesbi,

2161 2440 2226 2478 ex
2250 2418 2365 2494 qua
2395 2424 2640 2478 nascitur
2660 2423 2980 2496 Polymedes
3008 2446 3021 2491 ;
3044 2425 3457 2497 Hippodamiam
3482 2429 3697 2484 Aniceti
3726 2450 3740 2498 ;

2160 2516 2585 2587 Chrysogeniain
2620 2514 2804 2583 Penei,
2835 2533 2900 2573 ex
2931 2512 3039 2589 qua
3070 2520 3313 2575 nascitur
3332 2518 3637 2577 Thissazus.

2234 2608 2393 2662 XXII.
2428 2609 2533 2665 Sed
2568 2618 2623 2665 et
2651 2611 2754 2665 alia
2787 2620 2915 2666 sunt
2951 2612 3180 2681 plurima
3203 2613 3321 2682 ejus
3360 2613 3656 2679 adulteria,
3679 2630 3745 2670 ex

2163 2702 2363 2775 quibus
2408 2719 2508 2757 nec
2551 2704 2864 2774 progeniem
2920 2706 3190 2775 suscepit,
3242 2723 3364 2776 qua:
3420 2723 3749 2762 enumerare

2164 2794 2298 2849 satis
2329 2795 2549 2864 longum
2576 2804 2680 2850 est.
2713 2794 2914 2850 Verum
2944 2813 3010 2851 ex
3043 2797 3127 2853 his
3156 2799 3412 2854 omnibus
3452 2815 3597 2869 quas
3613 2815 3746 2854 enuo

2164 2884 2515 2949 meravimus,
2538 2886 2829 2939 nonnullas
2853 2886 3296 2953 transformatus,
3317 2897 3505 2959 utpote
3533 2907 3747 2959 magus,

2165 2977 2395 3034 vitiavit.
2413 2975 2656 3046 Denique
2676 2976 2944 3048 Antiopen
2971 2977 3160 3049 Nyctei
3187 2996 3375 3036 versus
3397 2983 3456 3036 in
3495 2992 3746 3053 satyrum

2167 3070 2435 3139 corrupit,
2475 3085 2541 3127 ex
2571 3087 2679 3140 qua
2716 3080 3023 3125 nascuntur
3061 3071 3335 3141 Amphion
3391 3080 3448 3126 et
3502 3071 3751 3139 Zethus;

486 3172 671 3226 nomia
705 3170 839 3242 (26),
876 3170 1023 3235 Dice,
1056 3172 1243 3237 lrene;
1289 3170 1570 3226 Themisto
1610 3171 1725 3244 (27)
1758 3174 1964 3239 Inachi,
2000 3154 2063 3229 ex

2175 3162 2484 3217 Alcmenam
2534 3170 2779 3216 mutatus
2806 3162 2859 3216 in
2886 3163 3065 3219 virum
3099 3164 3217 3233 ejus
3248 3164 3708 3236 Amphitryonein
3732 3209 3748 3232 ,

491 3276 598 3331 qua
633 3262 882 3315 nascitur
912 3261 1112 3327 Arcas;
1153 3261 1333 3341 Ideam
1376 3261 1593 3327 Minois,
1635 3281 1703 3320 ex
1741 3281 1848 3335 qua
1881 3265 2066 3321 nasci—

492 3362 583 3414 tur
604 3353 859 3409 Asterion
884 3372 899 3419 ;
917 3353 1260 3410 Phoenissam
1281 3355 1587 3424 Alphionis,
1604 3372 1669 3411 ex
1699 3374 1804 3426 qua
1823 3359 2068 3413 nascitur

490 3444 831 3516 Endymion;
870 3444 926 3500 Io
955 3445 1176 3511 Inachi,
1211 3464 1279 3503 ex
1326 3462 1434 3517 qua
1474 3448 1723 3503 nascitur
1768 3449 2065 3520 Epaphus;

493 3536 907 3606 Hippodamiam
931 3546 983 3591 et
1006 3535 1220 3592 lsionen
1245 3536 1416 3603 Danai
1451 3537 1610 3602 ﬁlias,
1641 3556 1872 3608 quarum
1901 3555 2063 3595 unam

493 3627 905 3698 Hippodamiam
930 3626 1153 3694 Olenus,
1174 3627 1390 3683 lsionen
1402 3645 1531 3685 vero
1551 3628 1931 3686 Orchomenus
1954 3633 2067 3687 sive

492 3718 732 3791 Chryses
762 3720 980 3787 habuit;
1004 3720 1233 3775 Carmen
1272 3718 1568 3783 Phoenicis,
1594 3738 1658 3775 ex
1682 3737 1786 3791 qua
1822 3724 2069 3779 nascitur

494 3812 839 3869 Britoniartis
869 3812 1005 3883 (28),
1040 3830 1162 3885 quae
1214 3811 1315 3866 fuit
1351 3813 1555 3867 sodalis
1589 3813 1807 3881 Dianae;
1838 3814 2066 3870 Callisto

494 3902 786 3975 Lycaonis,
814 3922 881 3961 ex
914 3920 1022 3976 qua
1054 3905 1302 3960 nascitur
1324 3902 1527 3969 Orcas;
1559 3904 1773 3975 Lybeen
1805 3907 1919 3977 (29)
1950 3907 2067 3961 Mu~

2167 3269 2231 3310 ex
2267 3270 2371 3325 qua
2405 3256 2649 3309 nascitur
2682 3254 2971 3321 Ilercules;
3006 3254 3261 3325 {Eginam
3300 3256 3469 3327 Asopi
3501 3267 3753 3313 mutatus

2170 3348 2226 3403 in
2254 3348 2514 3417 aquilam,
2543 3364 2611 3403 ex
2639 3364 2746 3417 qua
2779 3349 3031 3404 nascitur
3060 3348 3287 3405 (Eacus.
3332 3347 3442 3403 Sed
3484 3360 3541 3404 et
3569 3349 3753 3422 Gany-

2169 3439 2381 3494 medem
2430 3439 2689 3505 Dardani,
2734 3449 2979 3496 mutatus
3016 3440 3371 3497 nihilominus
3412 3441 3472 3495 in
3511 3444 3752 3512 aquilam

2170 3541 2428 3604 stuprat;
2478 3533 2781 3588 Mantheam
2826 3532 2996 3589 Phoci
3032 3543 3275 3589 mutatus
3323 3536 3379 3588 in
3437 3550 3657 3598 ursum,
3687 3549 3751 3589 ex

2168 3641 2276 3697 qua
2302 3626 2545 3680 nascitur
2571 3626 2803 3692 Arctos;
2838 3625 3056 3681 Danaen
3077 3626 3274 3681 Acrisii
3300 3635 3550 3680 mutatus
3576 3627 3630 3680 in
3657 3641 3755 3679 au-

2169 3736 2308 3781 rum,
2344 3734 2407 3773 ex
2459 3732 2563 3788 qua
2604 3718 2846 3774 nascitur
2884 3718 3147 3785 Perseus;
3188 3717 3441 3787 Europen
3473 3716 3754 3771 Phtenicis

2170 3819 2413 3866 mutatus
2447 3812 2498 3863 in
2533 3816 2772 3875 taurum,
2804 3824 2871 3864 ex
2893 3826 2999 3880 qua
3040 3810 3286 3864 nascitur
3323 3809 3507 3863 Minos
3525 3819 3581 3864 et
3608 3806 3755 3861 Illiu-

2169 3904 2481 3962 damantus.
2503 3899 2922 3970 Sarpedonque;
2944 3900 3374 3972 Eurymedusam
3393 3900 3619 3953 Achelai
3641 3898 3752 3971 (‘57)

1745 4106 2112 4163 COTELERll
2146 4104 2385 4187 nam.

573 4285 682 4360 (24)
722 4285 862 4340 Audi
907 4302 1058 4360 nunc_
1089 4294 1139 4340 et
1168 4284 1244 4360 _de
1272 4285 1569 4360 adulteriis.
1595 4284 1653 4341 In
1694 4284 1953 4360 Catalogo
1982 4299 2069 4339 se.

495 4355 684 4430 quent'i
734 4367 928 4427 praeter
969 4355 1238 4430 vulgaria.
1272 4357 1439 4430 multa
1491 4364 1619 4430 sunt
1665 4355 1885 4411 nomina
1916 4356 2063 4430 igno-

497 4433 635 4484 tiora
666 4447 678 4459 ·
711 4444 821 4482 non
846 4441 1018 4497 pauca

497 4577 646 4625 stant
673 4566 825 4623 alibi.
848 4566 961 4637 Ego
985 4582 1109 4621 vero
1128 4566 1494 4637 dillieiliorum
1524 4567 1802 4621 nonnullis
1828 4566 2071 4619 illustra-

498 4644 567 4695 lis
609 4648 663 4697 et
709 4636 992 4699 correctis,
1020 4645 1212 4691 caetera
1244 4636 1582 4692 doctioribus
1612 4646 1666 4691 et
1691 4638 1873 4691 minus
1901 4650 2070 4690 occu-

498 4711 640 4781 patis
672 4710 983 4781 hominibus
1008 4708 1200 4781 reliqui
1230 4706 1583 4781 expendenda
1611 4709 2031 4781 quierendigue.

568 4781 685 4851 (95)
721 4780 1040 4851 Dodonaeus:
1060 4774 1191 4851 Ἀὴᾷ
1212 4774 1602 4851 -ᾼωόώγου-τοᾲῦ-
1620 4774 1739 4842 an;
1760 4778 1853 4830 καὶ
1887 4774 2071 4847 Εὗρώ-

502 4846 627 4921 πηζ.
662 4846 974 4921 Stephanus
1005 4848 1079 4901 De
1103 4846 1343 4921 urbibus,
1362 4847 1431 4921 _in
1456 4846 1702 4921 ᾼωδὼνῃ.

570 4869 627 4921 ις.
663 4866 974 4973 διὲριιειηυδ
1005 4866 1079 4901 ue
1103 4866 1343 4909 urowus,
1374 4866 1431 4900 ιιι
1456 4866 1702 4919 Δωοωνῃ.

570 4921 722 4996 (9.6)-
773 4925 1086 4996 urynomia._
1124 4918 1308 4996 (iudex
1358 4914 1561 4996 Regius
1608 4929 1662 4974 et
1702 4917 1862 4973 Petili
1910 4916 2071 4971 Liber

501 4986 793 5053 Euromia;
824 4986 888 5044 ἐι
924 5006 1031 5060 quo
1062 4988 1200 5060 facio
1237 4986 1522 5060 Eunomia.

572 5063 684 5134 (27)
728 5056 1012 5134 Themisto.
1049 5058 1358 5134 Stephanus
1377 5058 1444 5134 _in
1466 5057 1712 5134 ’ᾼριιάᾷγ
1763 5056 1975 5128 Ἴστρος
1992 5056 2067 5121 δὲ,

501 5127 684 5203 «metu,
709 5130 1007 5203 Oetaeam");
1032 5127 1263 5203 suam“);
1284 5128 1312 5179 ὁ
1347 5127 1545 5203 ίΑρζᾷςί
1570 5129 1800 5203 eyéveco.

572 5195 682 5275 (28)
724 5195 1016 5275 carmen...
1051 5195 1422 5275 Britomartis.’
1454 5195 1739 5275 moderns
1772 5195 1993 5275 Siculus
2017 5204 2072 5275 et

501 5267 804 5329 Pausanias
822 5271 1170 5325 Britomartin
1196 5269 1379 5324 Diana:
1410 5271 1635 5329 sociam,
1669 5268 1833 5323 ﬁliam
1864 5267 2072 5321 faciunt

501 5343 651 5399 Iovis
685 5360 715 5399 e
743 5344 940 5399 Carme
983 5340 1181 5396 Eubuli
1227 5340 1376 5408 filia;
1426 5338 1637 5411 Virgilii
1684 5351 1814 5393 vero
1860 5338 1915 5391 in
1958 5333 2073 5391 εἰνί

507 5430 698 5469 νει-ευδ
726 5425 809 5469 est
844 5433 856 5468 Ζ

646 5486 818 5551 Quam
841 5483 1000 5538 simul
1024 5480 1494 5553 Ogygiijfhwniris
1515 5481 1628 5553 ﬁlia
1646 5478 1853 5553 Carme.

509 5556 651 5609 Sane
667 5548 732 5608 in
757 5548 1154 5624 Supplementa
1206 5549 1249 5624 1_‘
1252 5548 1661 5624 hesauiris’ritici
1691 5548 2069 5624 scriptum‘in-

505 5626 664 5679 venio
694 5640 725 5679 a
748 5616 953 5679 Iacobo
978 5622 1201 5677 Nicolao
1230 5620 1424 5674 Loensi
1451 5621 1541 5674 lib.
1574 5636 1688 5683 VIII,
1721 5636 1771 5673 c.
1802 5616 1872 5673 9.6
1906 5638 1917 5672 :
1951 5616 2072 5672 Cle-

509 5712 650 5750 mens
693 5694 959 5750 Romanus
991 5694 1341 5751 Britomartin
1369 5692 1619 5744 Charmcs
1644 5700 1692 5744 st
1723 5688 1869 5744 Iovis
1900 5689 2069 5757 ﬁlium

510 5768 671 5835 tuisse
700 5766 847 5819 dicit.
884 5764 941 5818 Et
965 5762 1301 5819 Critomartis
1338 5776 1435 5829 pro
1464 5760 1802 5817 Britomurlis
1827 5773 2063 5814 errorem

1051 4425 1235 4495 (quod
1284 4426 1448 4480 etiam
1473 4426 1793 4495 _lectionum
1834 4426 2073 4481 varietas

496 4492 1067 4580 iudicat_)‘dep‘ravata
1108 4492 1426 4580 inqumdam
1468 4492 1655 4551 forsan
1689 4510 2070 4580 quianon-ex-
2100 4496 2144 4551 D

2175 4297 2298 4337 esse
2345 4281 2693 4336 librariorum
2742 4282 2885 4336 idem
2922 4287 3114 4334 auctor
3144 4277 3399 4332 observat
3432 4294 3447 4327 :
3484 4275 3758 4346 pejusque

2179 4352 2319 4421 apud
2343 4352 2572 4407 leium
2618 4351 2985 4421 Rhodiginum
3017 4351 3111 4404 lib.
3144 4362 3301 4410 xviii,
3334 4362 3384 4400 c.
3412 4346 3484 4399 26
3522 4366 3533 4398 :
3571 4347 3762 4401 Creto-

2178 4423 2816 4493 martin,_Kpn16p.aptw
2842 4423 3016 4493 legere
3044 4430 3145 4474 est.

2246 4492 2357 4563 (29)
2400 4490 2632 4563 Lglbeem
2656 4490 2861 4555 Malim,
2892 4490 3108 4563 Libyen.

2244 4556 2358 4633 (50)
2402 4556 2829 4630 Hippodamiam.
2886 4556 3011 4615 ΑΙῘῖ
3045 4559 3420 4615 Laodamiam.
3476 4556 3758 4613 Diodorus

2174 4631 2770 4713 SiOLI!HSAﬂI§dtLEtaV.

2266 4703 2355 4769 51)
2398 4698 2791 4772 Olympiadam.
2826 4702 2931 4757 Pro
2964 4700 3349 4773 Olympiadem.
3388 4698 3751 4773 Ὀλυμπιᾴδα.

2266 4774 2354 4842 32)
2400 4771 2661 4842 Pyrrham
2691 4773 3011 4828 Promethei.
3039 4771 3140 4827 VAI.
3171 4771 3461 4842 Erimetliei
3492 4785 3597 4839 pro
3629 4772 3753 4839 Epi-

2171 4833 2376 4928 methei.
2401 4833 2762 4928 Apollodorus
2794 4845 2889 4900 lib.
2932 4860 2970 4909 t,
3015 4844 3233 4916 Πύρραν
3254 4841 3351 4912 τὴν
3402 4833 3753 4912 Ἐτξιμηθέὶυς

2171 4917 2264 4969 καὶ
2286 4914 2597 4986 Πανᾷῴρας.

2245 4986 2353 5056 (53)
2397 4981 2745 5040 Helmethius.
2778 4983 3007 5039 Videtur
3034 4984 3138 5041 iste
3164 4999 3286 5040 esse
3316 4981 3534 5049 Hellen,
3585 4997 3617 5036 a
3645 4998 3752 5052 quo

2175 5055 2603 5125 "Enqucidicti.

2173 5122 2352 5248 θ,(3ιῖ)
2391 5123 2705 5181 Alit/retium.
2738 5125 2953 5196 Optima
2977 5124 3274 5196 scriptura,
3304 5122 3601 5189 Aitldium,
3638 5123 3752 5174 ‘Aé-
3812 5198 3815 5201 Α

2207 5212 2336 5248 nov.
2546 5211 2555 5214 ν

2207 5212 2336 5249 Λιον.
2546 5211 2555 5214 ’

2179 5266 2351 5386 “((735)
2390 5264 2721 5323 Salaminam
2768 5268 2950 5337 Asopi.
3001 5266 3294 5337 Σαλαμῖνα.
3343 5263 3655 5320 Pausanias
3694 5266 3749 5316 in

2275 5350 2386 5386 ms.

2228 5343 2386 5389 uicis.

2243 5407 2353 5475 (56)
2397 5406 2663 5462 Plutiden.
2712 5408 2945 5462 Plutide.
2973 5404 3119 5461 Infra
3149 5422 3199 5461 c.
3225 5405 3321 5465 25,
3360 5401 3581 5475 Pluten.
3606 5406 3748 5475 Tav-

2170 5472 2468 5550 τᾳλοςΔιός
2486 5495 2544 5530 τε
2567 5480 2661 5532 καὶ
2684 5479 2970 5541 Πλουτοῦς,
2998 5476 3297 5531 Pausanias
3340 5474 3394 5527 in
3439 5472 3753 5530 Corinthia-

2168 5554 2266 5593 αδ.

2241 5618 2349 5689 (57)
2391 5617 2809 5690 Eurymedusam
2826 5618 3063 5673 Achelai.
3080 5615 3562 5690 Ex‘giementinis,
3577 5614 3745 5690 Ache-

2172 5684 2264 5741 loi.
2293 5684 2363 5742 At
2406 5684 2669 5751 Clementi
2721 5690 3107 5751 Alexandrino,
3151 5686 3427 5756 κλήτορος
3460 5707 3469 5738 ;
3509 5684 3746 5755 indeque

2174 5761 2430 5829 Arnobio,
2463 5759 2698 5815 Ciiwris.
