3904 6404
514 314 660 372 “35

1371 310 1428 365 S.
1467 306 1865 365 οιεΜεΝτις
1896 305 2125 363 ιιιοω.
2159 302 2362 360 ΡΟΝΤ.
2396 299 2626 359 ΟΡΕΒΑ
2657 299 2877 357 υυΒῐΔρ

3658 294 3782 351 M56

526 448 651 488 nem
694 429 832 504 (55),
857 430 1171 500 multosque
1198 427 1337 483 alios
1366 441 1464 496 per
1491 425 1707 484 diversa
1738 426 1862 481 loca
1904 423 2105 495 singuli
2138 429 2181 486 Α
2212 422 2431 493 placare
2451 420 2642 482 velint,
2673 431 2775 489 pro
2807 416 3017 471 honore
3052 412 3295 469 omnium
3325 410 3614 469 abstinere
3640 428 3701 469 se
3720 416 3785 469 ab

516 536 580 583 ut
609 525 742 582 deos
775 525 965 580 colunt
995 533 1048 577 et
1088 521 1341 586 adorant,
1377 535 1518 590 quos
1550 520 1800 575 homines
1844 524 2094 573 mortuos

512 620 686 676 fuisse
740 634 849 673 non
899 616 1172 670 dubitant.
1224 611 1380 669 Unde
1434 628 1783 683 consequens
1815 618 1900 667 est
1930 610 2093 666 etiam

510 712 726 783 priores
758 707 926 764 simili
981 720 1169 760 errore
1218 706 1529 777 prolapsos,
1583 704 1817 759 mortuis
1858 702 2097 757 homini-

510 803 637 867 bus,
672 802 764 872 qui
791 798 929 853 forte
958 798 1218 868 potentiae
1242 797 1447 867 aliquid
1475 797 1562 851 vel
1591 797 1727 851 artis
1764 796 2092 860 habuerant,

509 896 853 963 maximeque
883 892 927 947 si
962 891 1267 961 phantasiis
1286 890 1513 961 magicis
1547 891 1603 943 in
1636 895 1915 959 stuporem
1934 889 2091 944 stoli-

507 986 608 1042 dos
644 984 892 1039 homines
923 983 1305 1048 adduxerant,
1349 981 1614 1036 honorem
1666 981 1966 1037 contulisse
2007 981 2094 1036 di-

505 1078 713 1133 vinum.

574 1163 765 1219 XXVI.
798 1161 918 1219 Jam
943 1164 1071 1219 hinc
1099 1164 1345 1220 additum
1373 1173 1478 1229 est,
1510 1174 1571 1220 ut
1596 1173 1651 1221 et
1681 1172 1853 1235 poetae
1874 1164 2095 1235 elegan-

505 1258 581 1313 tia
603 1257 892 1311 verborum
922 1265 1230 1311 commenta
1255 1258 1463 1313 erroris
1493 1266 1775 1321 ornarent,
1803 1265 1857 1312 et
1906 1257 2093 1312 suavi-

506 1359 618 1407 tate
641 1350 859 1405 dicendi
895 1350 1232 1406 immortales
1259 1349 1484 1405 ell‘ectos
1505 1366 1627 1405 esse
1656 1366 1720 1405 ex
1762 1350 2091 1405 mortalibus

507 1445 930 1516 persuaderent;
978 1444 1089 1499 imo
1120 1452 1175 1499 et
1207 1445 1442 1515 amplius
1474 1443 1702 1515 aliquid,
1736 1458 1803 1497 ex
1851 1442 2091 1497 homini-

506 1537 612 1592 bus
644 1537 798 1590 aiunt
830 1536 1018 1592 stellas
1054 1537 1203 1599 tieri,
1240 1541 1294 1589 et
1327 1536 1573 1601 arbores,
1614 1542 1669 1590 et
1712 1534 1999 1598 animalia,
2037 1532 2092 1589 et

507 1628 691 1692 liores.
723 1638 775 1685 et
807 1646 936 1684 aves
967 1628 1256 1700 fontesque
1276 1642 1342 1684 ac
1367 1628 1583 1691 ﬂuvios,
1615 1636 1667 1683 et
1694 1628 1751 1682 ni
1777 1628 2089 1683 verbositas

505 1720 803 1783 videretur,
836 1735 1027 1775 omnes
1059 1735 1196 1789 pene
1235 1721 1422 1774 stellas
1444 1760 1457 1783 ,
1501 1736 1640 1790 quas
1672 1735 1739 1773 ex
1775 1718 2090 1775 hominibus

2203 514 2462 569 omnibus
2491 510 2803 583 oportebat,
2836 516 2897 564 ut
2946 513 3072 562 ante
3119 506 3263 562 diem
3311 504 3511 576 iudicii
3554 505 3707 575 iusta
3758 522 3786 561 a

2203 606 2518 675 semetipsis
2564 602 2837 659 sententia
2870 600 3240 666 condemnati,
3275 606 3455 653 morte
3482 597 3788 656 miserrima

2205 714 2304 771 per
2329 698 2565 753 inediam
2597 696 2930 766 deperirent.

2280 788 2520 845 XXVIII.
2551 786 2755 843 Verum
2789 787 2853 841 ad
2895 786 3235 858 prapositum
3265 790 3629 867 revertamur.
3662 780 3807 848 Qua,

2199 885 2442 939 malum!
2497 882 2639 936 ratio
2695 891 2797 947 est,
2839 881 2948 935 imo
3001 894 3123 950 quae
3185 877 3421 932 amentia
3475 874 3786 930 mortalium

2198 976 2443 1046 possidet
2488 982 2723 1040 mentes,
2753 982 2815 1028 ut
2864 973 3145 1028 hominem
3176 985 3339 1041 quem
3383 968 3636 1038 impium,
3670 983 3789 1025 sce-

2197 1068 2418 1132 lestum,
2464 1065 2783 1138 profanum,
2827 1064 3015 1121 Jovem
3051 1064 3196 1128 dico,
3223 1063 3516 1125 incestum,
3561 1061 3791 1131 parrici-

2195 1161 2343 1224 dam,
2375 1159 2687 1214 adulterum
2720 1175 2830 1214 non
2866 1160 3046 1215 solum
3088 1157 3272 1212 sciunt
3300 1170 3445 1219 esse,
3478 1153 3575 1209 sed
3604 1164 3655 1208 et
3687 1169 3789 1225 pu-

2194 1252 2337 1308 blice
2370 1252 2425 1306 in
2480 1252 2713 1308 theatris
2748 1258 2999 1315 cantant,
3030 1250 3178 1304 hunc
3213 1258 3273 1303 ut
3308 1246 3470 1303 deum
3515 1246 3697 1301 colant
3730 1252 3787 1300 et

2195 1344 2463 1399 adorent?
2501 1345 2611 1398 Aut
2643 1344 2689 1399 si
2740 1358 2839 1414 pro
2886 1343 2973 1399 his
3026 1342 3197 1413 gestis
3240 1340 3375 1395 deus
3403 1352 3528 1394 esse
3562 1334 3785 1399 meruit,

2194 1453 2328 1509 ergo
2359 1445 2415 1494 et
2441 1439 2487 1495 si
2528 1452 2668 1508 quos
2707 1435 2940 1491 audiunt
2970 1434 3297 1497 homicidas,
3322 1432 3624 1490 adulteros.
3662 1443 3788 1500 par-

2194 1530 2419 1594 ricidas,
2438 1529 2681 1585 incestos
2703 1529 2868 1583 etiam
2895 1542 3044 1581 nunc
3065 1526 3263 1582 debent
3286 1532 3344 1579 ut
3370 1525 3506 1580 deos
3533 1523 3782 1579 adorare.

2195 1620 2304 1676 Sed
2359 1621 2506 1692 quod
2551 1621 2608 1675 in
2653 1620 2776 1675 aliis
2826 1626 3205 1683 exsecrantur,
3240 1618 3384 1672 scire
3412 1616 3639 1671 omnino
3675 1629 3786 1668 non

2191 1728 2417 1783 possum
2447 1728 2548 1769 cur
2576 1713 2631 1767 in
2664 1712 2760 1766 illo
2785 1723 3134 1767 venerentur.
3158 1710 3221 1764 Et
3241 1708 3434 1765 Petrus
3465 1706 3784 1778 respondit:

505 1810 727 1867 ell‘cctas
745 1821 997 1865 asserunt
1030 1826 1355 1865 enumerare
1371 1809 1991 1866 velarborcsvell'ontes
2026 1826 2089 1865 ac
2122 1820 2163 1874 Β
2194 1806 2462 1873 Quoniam
2516 1814 2567 1860 te
2607 1804 2824 1860 nescire
2870 1802 3034 1867 dicis,
3085 1802 3235 1856 disce
3276 1817 3305 1854 a
3344 1815 3433 1855 me
3459 1814 3562 1853 cur
3606 1798 3667 1853 in
3694 1799 3787 1854 illo

506 1900 698 1958 Iluvios
717 1918 933 1972 possem
959 1920 972 1969 ;
1012 1902 1242 1971 exempli
1266 1911 1446 1956 tamen
1471 1918 1636 1957 causa
1657 1902 1869 1973 singula
1899 1903 2089 1958 saltem

503 2009 567 2048 ex
585 1994 815 2064 singulis
832 1993 1787 2065 memorabo.Andromedamitjephei
1806 1995 1857 2048 in
1878 1995 2089 2049 stellam

504 2086 695 2140 dicunt
728 2101 852 2140 esse
895 2101 1239 2148 conversam,
1280 2084 1541 2155 Daphnen
1587 2084 1825 2142 Ladonis
1849 2088 1997 2141 tluvii
2029 2088 2091 2142 Ii-

505 2175 634 2229 liam
667 2175 721 2229 in
750 2175 999 2229 arborem
1031 2184 1418 2229 commutatam
1439 2218 1453 2241 ,
1492 2173 1857 2246 Hyacinthum
1889 2176 2093 2247 Apolli-

505 2263 593 2318 nis
624 2262 882 2317 dilectum
910 2265 964 2316 in
995 2264 1204 2328 liorem,
1240 2264 1467 2319 Callisto
1505 2266 1559 2319 in
1585 2266 1739 2321 sidus
1773 2267 1920 2336 quod
1953 2270 2091 2323 Arc-

505 2362 600 2408 ton
621 2368 840 2416 vocant,
864 2355 1117 2425 Prognen
1149 2363 1201 2410 et
1232 2354 1591 2411 Philomelam
1615 2373 1742 2412 cum
1778 2358 1952 2414 Tereo
1977 2360 2089 2433 (54)

504 2446 559 2500 in
597 2462 743 2514 aves,
790 2446 1041 2517 Thysben
1073 2446 1215 2518 apud
1237 2446 1487 2502 Ciliciam
1519 2450 1573 2502 in
1604 2450 1827 2515 fontem,
1853 2459 1903 2505 et
1929 2450 2086 2523 Pyra-

506 2553 656 2593 mum
686 2540 818 2594 inibi
844 2541 896 2594 in
927 2539 1146 2594 ﬂuvium
1175 2540 1477 2605 resolutos,
1504 2556 1807 2612 omnesque
1840 2559 2001 2612 pene,
2032 2552 2090 2599 ut

510 2630 648 2697 dixi,
685 2633 768 2687 vel
803 2633 1013 2697 stellas,
1058 2635 1141 2688 vel
1171 2634 1417 2698 arbores,
1459 2634 1745 2706 fontesque
1779 2652 1843 2691 ac
1871 2636 2085 2705 Iluvios,

504 2723 777 2796 ﬂoresque
807 2735 860 2781 et
892 2727 1168 2792 animalia,
1202 2727 1288 2781 vel
1321 2743 1467 2793 aves,
1509 2729 1805 2802 aliquando
1835 2730 2086 2789 homines

507 2814 683 2871 fuisse
714 2818 1065 2872 confirmant.

577 2908 788 2965 XXVII.
823 2909 889 2963 At
912 2909 1108 2965 Petrus
1138 2910 1254 2966 hzec
1287 2912 1517 2969 audiens
1549 2914 1660 2967 ait:
1695 2912 1838 2985 Ergo
1890 2928 2088 2971 secun-

506 3000 635 3056 dum
662 3002 833 3072 ipsos,
850 3011 1139 3073 antequam
1158 3004 1405 3060 homines
1424 3014 1765 3062 mutarentur
1789 3008 1843 3061 in
1875 3008 2083 3071 stellas,

504 3094 588 3150 vel
628 3102 823 3149 caetera
852 3110 973 3165 quze
996 3112 1308 3163 enumeras,
1334 3105 1387 3153 et
1405 3098 1605 3152 caelum
1644 3100 1761 3154 sine
1777 3100 1951 3154 stellis
1973 3108 2088 3154 erat

505 3194 559 3240 et
596 3193 740 3239 terra
773 3187 893 3240 sine
924 3188 1215 3243 arboribus
1252 3197 1306 3243 et
1328 3190 1693 3253 'animalibus,
1745 3206 1847 3245 nec
1880 3189 2081 3257 fontes,

507 3292 610 3331 nec
644 3276 887 3345 ﬂumina,
921 3294 1022 3333 nec
1060 3295 1189 3336 aves
1235 3291 1418 3342 erant;
1453 3288 1507 3335 et
1537 3280 1812 3351 quomodo
1846 3282 1948 3350 ipsi
1982 3282 2082 3335 ho-

506 3371 683 3425 mines
707 3370 963 3425 vixerunt
992 3372 1111 3427 sine
1132 3373 1237 3438 his,
1273 3373 1365 3443 qui
1390 3374 1443 3427 in
1462 3373 1575 3428 haec
1594 3373 1937 3443 postmodum
1967 3389 2091 3428 mu-

504 3461 604 3515 tati
620 3470 769 3529 sunt,
802 3478 923 3517 cum
963 3472 1176 3520 constet
1212 3481 1312 3520 nec
1336 3466 1580 3535 potuisse
1606 3482 1831 3536 prorsus
1863 3467 1981 3521 sine
2007 3466 2090 3521 his

505 3555 675 3608 vitam
692 3552 892 3609 ducere
914 3554 1166 3612 homines
1198 3558 1250 3610 in
1273 3558 1463 3613 terris?
1482 3556 1545 3611 Et
1565 3574 1664 3629 ego
1682 3558 1958 3628 respondi:
1983 3556 2091 3613 Sed

507 3660 577 3700 ne
603 3645 783 3713 ipsum
815 3647 1039 3715 quidem
1060 3648 1269 3702 cultum
1292 3649 1518 3705 deorum
1543 3665 1765 3704 suorum
1798 3649 2091 3704 observare

507 3745 908 3807 consequenter
930 3748 1161 3805 norunt;
1177 3743 1557 3812 unusquisque
1572 3742 1717 3796 enim
1735 3756 1923 3796 eorum
1950 3757 2089 3811 quos

506 3830 716 3895 colunt,
746 3829 907 3885 habet
936 3832 1139 3902 aliquid
1190 3834 1292 3889 sibi
1324 3834 1589 3898 dicatum,
1616 3848 1646 3886 τι
1673 3848 1783 3903 quo
1810 3832 2009 3888 debent
2032 3849 2090 3889 se

507 3924 794 3980 continere
850 3926 1115 3992 cultores,
1162 3935 1352 3997 utpote
1395 3927 1651 3983 Minerva:
1706 3927 1927 3989 olivam,
1966 3925 2087 3982 Ιονί

508 4027 726 4082 capram
774 4014 957 4071 ferunt
988 4018 1247 4082 dicatam,
1283 4020 1467 4075 Cereri
1509 4020 1743 4082 semina,
1775 4019 1973 4074 Libero
2015 4018 2092 4072 vi-

508 4122 661 4170 num,
696 4107 839 4162 Osiri
873 4124 1070 4179 aquam
1118 4110 1253 4182 (55),
1301 4110 1589 4167 IIammoni
1620 4116 1867 4178 arietem,
1907 4111 2089 4167 Dianae

507 4215 753 4267 cervum,
806 4200 1071 4273 Syrorum
1114 4205 1349 4259 dmmoni
1390 4205 1598 4275 piscem
1649 4213 1704 4260 et
1737 4205 2045 4261 columbam
2071 4248 2086 4273 ,

510 4289 753 4345 Vulcano
781 4294 992 4364 ignem;
1034 4307 1087 4351 et
1111 4296 1427 4367 unicuique,
1464 4306 1523 4351 ut
1573 4297 1709 4365 dixi,
1744 4306 1829 4352 est
1878 4298 2087 4368 aliquid

508 4384 729 4453 proprie
758 4384 1020 4453 dicatum,
1050 4403 1081 4442 a
1117 4405 1225 4459 quo
1251 4391 1539 4459 oportebat
1565 4391 1841 4446 abstinere
1886 4408 1944 4447 se
1967 4391 2088 4445 cul-

510 4482 658 4530 tores
689 4474 756 4529 ad
793 4476 1055 4533 honorem
1089 4496 1278 4535 eorum
1312 4481 1515 4551 quibus
1537 4482 1715 4537 dicata
1750 4493 1896 4538 sunt.
1933 4482 2090 4540 Nunc

505 4573 686 4622 autem
705 4570 905 4641 singuli
923 4572 991 4626 ab
1007 4588 1118 4627 uno
1136 4574 1323 4643 aliquo
1340 4590 1398 4629 se
1415 4575 1793 4640 observantes,
1808 4591 1906 4646 pro
1925 4577 2087 4632 unius

2197 1900 2508 1954 facinorosa
2556 1904 2710 1968 gesta
2773 1903 3142 1961 venerentur;
3202 1895 3381 1965 primo
3425 1891 3676 1962 quidem,
3727 1898 3791 1946 ut

2194 2009 2321 2046 cum
2379 1991 2487 2062 ipsi
2541 1991 2742 2045 similia
2789 1990 3020 2059 egerint,
3053 1994 3304 2057 acceptos
3354 2001 3414 2040 se
3468 1986 3518 2040 ei
3571 1985 3789 2039 futurus

2195 2088 2396 2151 sciant,
2434 2089 2623 2153 utpote
2648 2096 2810 2153 quem
2836 2082 3124 2135 imitantur
3148 2080 3201 2134 in
3231 2078 3487 2149 ﬂagitiis;
3519 2078 3787 2139 secundo,

2193 2176 2339 2245 quod
2374 2176 2488 2229 haec
2519 2175 2717 2230 litteris
2745 2175 2882 2230 scite
2912 2171 3191 2227 recondita
3218 2181 3271 2226 et
3289 2170 3542 2226 versibus
3568 2169 3792 2239 elegan-

2192 2275 2277 2322 ter
2327 2267 2535 2322 i‘nserta
2594 2274 2806 2321 veteres
2854 2265 3219 2334 reliquerunt.
3255 2262 3321 2316 Et
3353 2278 3505 2316 nunc
3556 2260 3790 2331 puerilis

2193 2359 2522 2415 eruditionis
2565 2358 2819 2421 obtentu,
2869 2372 2995 2411 cum
3041 2371 3228 2411 eorum
3270 2354 3469 2408 notitia
3492 2354 3705 2408 teneris
3732 2362 3791 2407 et

2194 2451 2539 2522 simplicibus
2570 2450 2863 2505 adhaeserit
2886 2448 3185 2528 mentibus,
3210 2446 3400 2502 revelli
3424 2462 3491 2501 ex
3514 2445 3595 2500 eis
3625 2454 3791 2515 atque

2194 2546 2355 2615 abjici
2390 2543 2685 2598 diIIicuIter
2711 2550 2913 2614 potest.

2264 2636 2457 2691 XXIX.
2494 2635 2618 2691 Haec
2660 2651 2783 2690 cum
2820 2635 3050 2689 dixisset
3083 2632 3300 2696 Petrus,
3336 2630 3525 2686 Niceta
3556 2645 3793 2700 respon-

2192 2730 2273 2785 dit
2305 2750 2316 2783 :
2345 2728 2462 2784 Non
2492 2739 2674 2799 putes,
2709 2728 2931 2782 domine
2969 2728 3039 2780 mi
3075 2726 3253 2788 Petre,
3284 2740 3389 2778 non
3426 2724 3635 2777 habere
3663 2738 3797 2777 eru-

2192 2825 2337 2879 ditos
2363 2837 2613 2893 quosque
2640 2820 2921 2891 gentilium
2948 2815 3463 2873 verisimilitudines
3492 2813 3793 2884 quasdam,

2191 2916 2391 2988 quibus
2450 2921 2701 2969 astruant
2751 2912 2868 2966 hazc
2916 2926 3037 2981 quae
3090 2908 3383 2979 culpabilia
3440 2907 3705 2962 videntur
3739 2915 3798 2960 et

2192 3010 2457 3078 probrosa
2482 3028 2493 3062 :
2519 3022 2639 3078 quae
2664 3006 2883 3076 quidem
2921 3020 3019 3074 ego
3047 3018 3155 3058 non
3187 3011 3245 3056 ut
3274 2999 3615 3056 conﬁrmans
3640 3015 3797 3053 erro-

2190 3119 2279 3159 res
2333 3117 2525 3157 eorum
2571 3101 2695 3155 dico
2747 3098 2912 3171 (absit
2962 3097 3111 3152 enim
3141 3111 3172 3148 a
3206 3110 3294 3150 me
3318 3134 3334 3159 ,
3360 3103 3422 3147 ut
3450 3093 3559 3148 hoc
3601 3093 3686 3146 vel
3722 3092 3796 3146 ad

2191 3195 2577 3266 cogitationem
2611 3209 2785 3249 meam
2841 3191 3075 3259 veniat),
3110 3189 3208 3244 sed
3269 3194 3457 3241 tamen
3509 3187 3631 3242 scio
3668 3200 3799 3241 esse

2196 3288 2341 3360 apud
2394 3288 2778 3358 prudentiores
2813 3287 3057 3356 ipsorum
3088 3282 3441 3337 delensiones
3493 3279 3793 3350 quasdam,

2194 3382 2395 3452 quibus
2426 3389 2677 3435 astruere
2705 3386 2761 3433 et
2781 3379 3031 3432 colorare
3057 3375 3236 3429 solent
3255 3373 3373 3427 haec
3386 3387 3514 3443 qua:
3538 3373 3797 3426 videntur

2194 3473 2457 3529 absurda.
2495 3471 2561 3525 Et
2593 3471 2639 3527 si
2670 3471 2771 3525 tibi
2802 3471 3003 3541 placet,
3043 3478 3102 3522 ut
3132 3466 3314 3537 aliqua
3344 3481 3412 3521 ex
3465 3466 3557 3520 his
3608 3463 3795 3534 prore.

2194 3581 2335 3629 ram,
2374 3579 2497 3634 qua:
2526 3580 2589 3619 ex
2624 3569 2776 3634 parte
2811 3562 2992 3631 aliqua
3021 3559 3256 3622 retineo,
3284 3567 3344 3612 ut
3368 3557 3539 3627 jubes
3574 3554 3791 3610 faciam.

2193 3659 2439 3727 Cumque
2458 3657 2653 3712 Petrus
2676 3654 3037 3727 permisisset,
3052 3651 3240 3706 Niceta
3262 3650 3368 3704 hoc
3384 3648 3556 3704 modo
3577 3649 3747 3717 coepit
3776 3663 3791 3700 :

2270 3748 2442 3804 XXX.
2471 3748 2665 3803 Omnis
2696 3762 2877 3803 sermo
2908 3744 3051 3817 apud
3068 3743 3307 3806 Graecos,
3332 3741 3429 3812 qui
3451 3740 3524 3796 de
3554 3738 3798 3809 antiqui-

2192 3843 2323 3898 tatis
2374 3841 2587 3911 origine
2634 3839 3026 3905 conscribitur,
3050 3852 3174 3891 cum
3219 3836 3357 3890 alios
3409 3834 3640 3899 multos,
3675 3842 3794 3885 tum

2192 3934 2331 3989 duos
2360 3933 2665 4002 prmeipuos
2698 3937 2951 3983 auctores
2982 3926 3168 3988 habet,
3194 3924 3475 3995 Orpheum
3518 3932 3573 3977 et
3599 3921 3796 3977 Hesio-

2191 4025 2342 4080 dum.
2375 4023 2581 4078 Ilorum
2614 4037 2745 4092 ergo
2778 4021 2982 4090 scripta
3008 4020 3063 4072 in
3087 4018 3225 4072 duas
3253 4023 3447 4087 partes
3478 4014 3798 4084 intelligen-

2192 4118 2278 4173 tia:
2314 4116 2654 4178 dividuntur,
2682 4115 2736 4169 id
2764 4120 2870 4177 est,
2904 4111 3209 4168 secundum
3244 4111 3483 4164 litteram
3510 4115 3568 4163 et
3590 4119 3794 4162 Secun—

2189 4209 2321 4264 dum
2380 4208 2729 4279 allegoriam;
2761 4215 2816 4261 et
2862 4206 2931 4260 ad
2976 4219 3041 4259 ea
3075 4202 3295 4275 quidem
3327 4216 3450 4272 qua:
3476 4198 3792 4256 secundum

2190 4302 2428 4357 litteram
2482 4309 2633 4365 sunt,
2667 4299 2926 4370 ignobilis
2977 4297 3123 4367 vulgi
3183 4294 3341 4350 turba
3398 4291 3794 4355 confluxit,ea

2192 4409 2324 4449 vero
2378 4408 2499 4463 quae
2544 4391 2847 4449 secundum
2906 4388 3223 4460 allegoriam
3279 4392 3566 4446 constant,
3606 4382 3790 4437 omnis

2192 4486 2644 4556 philosophorum
2674 4494 2730 4540 et
2760 4484 3103 4540 eruditorum
3153 4480 3460 4550 loquacitas
3514 4476 3787 4531 admirata

2194 4585 2298 4633 est.
2329 4577 2580 4659 Orpheus
2610 4577 2777 4645 igitur
2802 4574 2915 4649 (56)
2950 4583 3057 4638 est,
3084 4574 3179 4645 qui
3209 4572 3341 4626 dicit
3378 4570 3564 4642 primo
3617 4568 3788 4623 fuisse

505 4658 713 4718 honore
736 4673 963 4722 caeteros
984 4681 1175 4723 omnes
1204 4668 1375 4723 iratos
1410 4667 1611 4723 habent
1632 4688 1646 4735 ;
1671 4685 1810 4741 quos
1829 4670 2016 4740 utique
2041 4671 2085 4723 si
2122 4663 2165 4716 Ι)
2194 4672 2364 4726 chaos
2421 4670 2817 4745 sempiternum
2838 4710 2854 4734 ,
2912 4669 3267 4731 immensum,
3327 4664 3663 4736 ingenitum,
3718 4675 3786 4716 ex

1795 4771 2167 4839 COTELERII
2204 4784 2434 4840 noras.

502 4894 728 4969 τροκλον
748 4891 1083 4969 ῥητεθέωςξαγ.
1250 4892 1458 4969 malim,
1476 4892 1755 4969 Δοριιιμιιηι
1791 4901 1886 4969 aut
1912 4892 2088 4969 Opun-

505 4961 632 5031 tém,
650 4981 716 5020 ex
743 4961 1103 5024 Clementim's,
1127 4962 1437 5033 Πάτροκλον
1476 4963 1796 5017 Ὀπούντιοι.
1816 4963 2089 5033 Opuntius

504 5037 649 5092 enim
681 5044 798 5089 erat
825 5033 1131 5089 Patroclus.

577 5106 689 5177 (55)
726 5104 877 5173 Apud
920 5102 1166 5177 Rhodum;
1204 5102 1575 5177 Alemgndrum
1602 5103 1960 5177 Macedonem.
1995 5104 2088 5159 Jo-

505 5174 767 5231 culariter
792 5175 934 5243 apud
967 5175 1292 5246 (imsaﬁrium,
1310 5174 1497 5246 'Péaim
1532 5176 1624 5229 τὸν
1646 5176 1765 5246 elici;
1777 5193 1945 5246 μαχον
1967 5177 2089 5229 Μα-

505 5248 716 5309 κέδονα,
761 5252 1060 5305 verterunt,
1093 5245 1283 5299 Rhodii
1335 5243 1669 5300 locutae/tum
1721 5243 2083 5300 Macedonem.

506 5317 587 5371 Tu
618 5318 784 5381 serio,
819 5317 1153 5387 temerarium
1184 5325 1527 5387 pugnatorem
1556 5316 1816 5387 intelligo.

576 5387 687 5457 (54)
730 5387 988 5457 Prognen}
1023 5395 1072 5440 et
1105 5385 1455 5457 Philomelam
1485 5404 1602 5457 cum
1637 5385 1815 5441 Tereo.
1848 5386 2082 5457 Legatur

505 5455 667 5513 velim
696 5455 913 5528 elegans
948 5456 1187 5526 Epistola
1230 5455 1481 5528 Gregorii
1509 5456 1860 5528 Nasianzeni,
1884 5455 2080 5528 prima

510 5537 760 5592 numero,
786 5524 1114 5592 noteturque
1142 5539 1260 5578 eam
1292 5525 1574 5592 epistolam
1603 5526 1655 5578 in
1680 5524 1861 5578 codice
1884 5524 2080 5579 Vindo-

510 5539 760 5589 numero,
794 5539 1114 5592 noreturque
1142 5539 1260 5578 eam
1292 5539 1320 5575 e
1362 5539 1574 5577 istotam
1603 5540 1655 5578 in
1680 5539 1861 5578 cortice
1892 5539 2073 5579 Vindo-

510 5590 755 5664 bouensi,
784 5592 1146 5650 Lambeciano
1174 5594 1260 5656 75,
1292 5539 1720 5664 ﬁieologicorum
1750 5593 2073 5659 Graecorum,

508 5662 675 5736 tribui
720 5662 944 5736 Basilio,
994 5679 1329 5736 perperam;
1365 5680 1461 5736 ms.
1490 5662 1685 5718 autem
1737 5665 1908 5736 Regio
1937 5664 2076 5718 1474

509 5732 723 5808 titulum
758 5732 1009 5808 habere}
1039 5732 1182 5808 Πρὸς
1216 5734 1789 5808 Κελξύσιᾳνμᾶρχᾳντα,
1824 5732 1982 5805 ἦνίκα
2016 5737 2074 5791 ἐν

506 5802 736 5874 Flauia:
766 5803 825 5871 (I.
858 5808 922 5875 τῇ
953 5802 1144 5875 Δαμίδι
1173 5821 1233 5861 ex
1268 5806 1422 5877 epist.
1455 5805 1543 5876 99)
1574 5802 1865 5875 {saxa-5:»;

2267 4893 2385 4965 (55)
2424 4891 2571 4948 Osiri
2593 4911 2808 4965 aquam.
2840 4893 2978 4965 Quia
3007 4908 3105 4962 per
3133 4891 3403 4965 0siridem
3430 4908 3662 4965 _aquam
3707 4899 3784 4952 in-

2192 4959 2550 5033 telligebant:
2598 4959 3091 5033 μὲταλαμϐάνοιίσι,
3146 4964 3240 5016 τὸν
3294 4962 3395 5033 μὲν
3430 4959 3656 5033 Ὀὀ-ιριν
3704 4971 3781 5033 εἰς

2201 5035 2363 5120 ὕδιιιξε,
2389 5034 2488 5106 τὴν
2523 5035 2586 5120 δὲ.
2611 5034 2747 5120 ’,ἰσιν
2788 5038 2867 5115 εἰς
2905 5035 3036 5120 γῇη..
3060 5033 3351 5120 Origenes,
3383 5046 3421 5084 γ
3454 5035 3511 5120 in
3545 5033 3778 5120 celsa-ur,

2189 5121 2243 5175 p.
2275 5103 2343 5159 65
2368 5123 2383 5170 ;
2415 5103 2510 5176 seu
2538 5106 2599 5158 τὸ
2622 5106 2821 5176 ὖγρονλ
2836 5107 2894 5176 in
2927 5103 3187 5160 sallustio
3218 5103 3550 5176 philosopho
3578 5106 3654 5160 De
3677 5109 3778 5161 diis

2187 5173 2235 5230 et
2268 5173 2461 5228 mundo
2494 5189 2543 5231 c.
2574 5176 2641 5242 4;
2678 5173 2773 5230 seu
2806 5174 2985 5228 Nilum
3016 5215 3031 5238 ,
3068 5184 3203 5229 teste
3238 5173 3541 5228 Heliodoro
3578 5177 3673 5233 lih.
3700 5193 3775 5240 rx,

2227 5253 2311 5299 ost
2340 5243 2616 5299 Elianum
2653 5246 2741 5298 lib.
2779 5261 2831 5310 x,
2870 5246 2942 5298 De
2986 5255 3180 5299 natura
3220 5245 3566 5307 animalium,
3594 5262 3645 5299 c.
3681 5248 3773 5313 46,

2234 5317 2541 5369 lutarchum
2590 5315 2669 5369 De
2700 5315 2844 5370 Iside
2880 5332 2944 5368 ac
2970 5316 3215 5375 Osiride,
3257 5322 3423 5383 atque
3481 5315 3775 5371 Eusebium

2188 5386 2493 5454 Pra’parat.
2528 5403 2708 5456 evang.
2745 5387 2841 5443 lib.
2876 5400 2960 5451 Ill,
2992 5401 3044 5441 c.
3078 5387 3163 5440 11.
3200 5384 3505 5439 Videanlur
3533 5385 3774 5441 Clemen-

2186 5459 2300 5511 tina
2334 5458 2481 5510 hom.
2514 5473 2588 5521 γι,
2621 5474 2677 5512 n.
2712 5456 2765 5511 9.

2256 5526 2370 5599 (56)
2415 5525 2651 5599 Orpheus
2700 5528 2886 5599 igitur.
2946 5526 3021 5581 De
3067 5525 3266 5599 Or_phei
3315 5525 3577 5599 doctrina
3635 5528 3773 5582 inter

2182 5595 2288 5668 alia
2318 5597 2431 5667 lege
2461 5595 3104 5665 Graecumfragmentum
3130 5595 3402 5668 Timothei
3426 5596 3773 5668 Cbronogra-

2183 5667 2277 5738 phi
2308 5668 2361 5721 in
2384 5668 2603 5738 Eusebii
2634 5669 2908 5725 Chronicis
2933 5669 3094 5738 paulo
3115 5675 3237 5736 post
3254 5666 3501 5738 initium,
3527 5666 3770 5738 atqueex

2181 5736 2247 5792 eo
2267 5740 2481 5811 corrige
2495 5737 2804 5811 Cedrenum
2826 5736 2949 5811 pag.
2968 5736 3057 5811 ὁδε
3083 5739 3172 5791 ubi
3200 5736 3765 5811 pudendo‘scripturz

2181 5816 2365 5864 errato
2378 5806 2627 5881 orpheus
2645 5806 2845 5863 dicitur
2859 5809 2887 5862 ὁ
2902 5806 3304 5879 Βρωώσιοςςῳιί
3321 5806 3622 5880 Ὀδρύσιοξ
3635 5822 3761 5868 erat.
