3904 6360
104 294 261 354 1437

1375 298 1939 358 BECOGNITIONUM
1974 296 2100 353 LIB.
2139 295 2180 352 Χ

3265 295 3395 353 N58

109 422 233 479 quo
281 408 470 466 omnia
502 409 645 467 facta
677 416 843 482 sunt;
867 410 974 467 hoc
1011 425 1144 469 sane
1189 415 1371 482 ipsum
1406 410 1579 467 chaos
1607 426 1717 466 non
1748 416 1794 474 Α
1822 409 1974 467 Hanc
2021 424 2153 480 ergo
2192 421 2459 478 aquarum
2513 405 2842 471 libertatem,
2900 418 3023 475 qua:
3059 405 3212 477 prius
3248 407 3394 463 bulla

109 502 386 559 tenebras
413 502 553 559 dixit
581 518 726 569 esse,
757 519 868 560 non
893 503 1096 569 lucem,
1130 518 1239 559 non
1268 503 1575 571 humidum,
1601 518 1712 558 non

109 596 365 660 aridum,
417 608 532 649 non
578 595 841 659 calidum,
895 610 1008 650 non
1050 594 1334 666 frigidum,
1375 593 1473 649 sed
1528 595 1712 650 omnia

111 687 289 744 simul
332 685 518 754 mista,
555 693 610 741 et
658 700 873 754 semper
908 702 1075 742 unum
1108 685 1278 742 fuisse
1318 685 1583 752 informe;
1613 686 1715 741 ali.

111 780 354 850 quando
406 791 591 836 tamen
624 781 783 850 quasi
823 779 891 833 ad
920 781 1009 834 ovi
1048 778 1308 835 immanis
1341 780 1587 843 modum,
1616 795 1714 850 per

112 872 394 927 immensa
429 880 678 943 tempora
718 869 965 926 effectam
1007 869 1288 941 peperisse
1323 886 1387 926 ac
1418 872 1715 943 protulisse

111 977 183 1017 ex
215 978 280 1018 se
318 963 592 1035 duplicem
626 963 923 1034 quamdam
954 963 1217 1033 speciem,
1251 979 1414 1034 quam
1460 964 1537 1018 illi
1567 978 1714 1019 mas-

112 1054 510 1111 culofeminam
538 1062 759 1119 vocant,
775 1070 840 1110 ex
866 1056 1145 1110 contraria
1170 1055 1501 1112 admistione
1527 1056 1715 1126 hujus-

113 1147 275 1203 modi
329 1147 670 1204 diversitatis
712 1147 948 1218 speciem
979 1156 1326 1217 concretam;
1360 1157 1413 1204 et
1444 1149 1548 1205 hoc
1589 1166 1713 1206 esse

113 1238 456 1311 principium
488 1240 756 1302 omnium,
785 1240 931 1309 quod
977 1240 1215 1311 primum
1258 1257 1327 1297 ex
1358 1245 1586 1297 materia
1613 1259 1715 1313 pu-

115 1331 270 1386 riore
310 1332 667 1401 processerit,
695 1330 952 1403 quodque
983 1330 1287 1409 procedens
1327 1331 1713 1390 discretionem

116 1429 370 1491 quatuor
417 1422 817 1477 elementorum
875 1423 1108 1487 dederit,
1132 1431 1188 1477 et
1228 1439 1297 1478 ex
1337 1422 1552 1481 duobus
1592 1442 1714 1496 quae

116 1513 299 1583 prima
332 1520 462 1569 sunt
494 1512 780 1569 elementis
805 1511 995 1569 fecerit
1026 1515 1246 1580 coelum,
1280 1530 1347 1569 ex
1377 1516 1500 1572 aliis
1530 1525 1711 1572 autem

114 1610 352 1666 terram,
380 1618 449 1657 ex
508 1602 711 1673 quibus
763 1602 874 1673 jam
928 1602 1112 1656 omnia
1162 1605 1581 1675 participatione
1626 1605 1713 1661 sui

117 1693 360 1749 invicem
389 1694 542 1748 nasci
580 1694 717 1750 dicit
744 1703 799 1751 et
820 1694 992 1766 gigni.
1019 1693 1147 1750 Haec
1184 1694 1403 1766 quidem
1439 1695 1709 1768 Orpheus.

1811 507 2101 577 obtegente
2132 502 2505 575 premebatur,
2530 510 2821 573 postquam
2861 501 2952 555 illa
2982 500 3178 557 inferni
3202 502 3397 558 sortita

1811 606 1895 653 est
1948 599 2151 662 locum,
2207 596 2525 667 Neptunum
2562 610 2685 649 esse
2727 592 3075 664 appellatam.
3115 591 3247 649 Post
3293 592 3397 649 hoc

1811 704 1936 744 cum
1973 690 2306 744 elementum
2342 686 2600 757 frigidum
2630 700 2729 755 per
2758 683 3165 738 concretionem
3197 683 3399 752 glacia-

1812 784 1880 840 lis
1905 784 2066 838 bulla:
2096 783 2162 838 ad
2187 782 2449 837 inferiora
2490 781 2688 836 fuisset
2715 778 3055 848 absorptum,
3084 786 3138 833 et
3182 778 3395 834 aridum

1813 875 2007 930 fuisset
2060 873 2461 944 humidumque
2499 872 2824 935 discretum,
2865 870 3017 923 nullo
3054 868 3167 937 jam
3226 869 3398 939 impe-

1810 967 2015 1029 diente,
2063 966 2392 1021 elementum
2450 963 2689 1020 calidum
2731 964 2875 1033 ignis
2916 970 3105 1033 utpote
3133 962 3315 1032 vigore
3344 974 3398 1020 et

1809 1058 2029 1113 levitate
2051 1058 2117 1112 ad
2143 1058 2428 1128 superiora
2454 1056 2947 1120 convolavitaeris,
2967 1056 3162 1125 spiritu
3188 1065 3239 1110 et
3268 1070 3398 1126 pro-

1811 1148 1949 1204 cella
1994 1150 2337 1204 subvectum.
2371 1146 2524 1203 Hanc
2558 1162 2687 1219 ergo
2716 1147 3034 1217 procellam,
3061 1161 3183 1217 quae
3216 1163 3400 1201 καται-

1810 1245 1900 1312 γίς
1919 1243 2105 1301 Grazce
2164 1246 2491 1317 appellatur,
2524 1261 2692 1317 :egem
2714 1286 2729 1311 ,
2762 1244 2817 1299 id
2862 1252 2947 1299 est
2992 1260 3213 1315 capram
3243 1244 3400 1302 dixe-

1811 1348 1962 1403 runt,
1992 1346 2046 1394 et
2089 1339 2271 1410 ignem
2306 1340 2399 1408 qui
2432 1338 2500 1392 ad
2533 1352 2771 1408 superna
2804 1337 3144 1400 conscendit,
3175 1336 3395 1405 Jovem;

1811 1438 1865 1483 et
1895 1429 2017 1484 ideo
2048 1445 2174 1485 eum
2212 1445 2378 1501 capra
2426 1431 2747 1486 subvectum
2782 1429 3175 1486 conscendisse
3206 1428 3395 1503 Olym-

1813 1536 1941 1593 pum
1972 1521 2184 1577 dicunt.

1884 1609 2128 1666 XXXI".
2163 1610 2347 1683 Ipsum
2377 1628 2508 1668 vero
2538 1611 2727 1668 Jovem
2759 1610 2933 1667 Graeci
2976 1612 3195 1683 quidem
3240 1629 3271 1667 a
3316 1612 3398 1669 vi-

1813 1702 1989 1757 vendo
2018 1704 2104 1758 vel
2134 1704 2303 1759 vitam
2341 1704 2543 1769 dando,
2577 1705 2753 1760 nostri
2788 1720 2819 1759 a
2855 1704 3102 1775 juvando
3140 1706 3397 1760 nomina-

194 1784 389 1840 XXXI.
422 1785 715 1857 Subjungit
763 1796 945 1842 autem
1006 1787 1094 1843 his
1146 1798 1200 1843 et
1238 1786 1541 1852 Hesiodus,
1587 1794 1712 1859 post
1744 1770 1785 1825 Β
1815 1801 1930 1850 tum
1964 1796 2173 1852 volunt.
2207 1795 2360 1849 Hanc
2396 1810 2527 1866 ergo
2559 1811 2681 1851 csse
2724 1770 2999 1851 viventem
3034 1797 3397 1852 substantiam

115 1878 293 1934 chaos
334 1879 518 1933 statim
555 1880 755 1934 cmlum
784 1880 977 1936 dicens
1021 1880 1227 1936 factum
1250 1897 1373 1938 esse
1402 1890 1456 1937 et
1485 1889 1709 1948 terram,

115 1985 187 2026 ex
228 1969 433 2040 quibus
470 1971 547 2024 ait
577 1972 893 2041 progenitos
926 1971 1048 2028 illos
1078 1972 1354 2037 undecim,
1375 1989 1513 2044 quos
1542 1973 1711 2029 inter-

116 2059 253 2116 dum
286 2068 342 2114 et
370 2060 660 2116 duodecim
699 2062 834 2116 dicit
869 2063 1007 2135 (57),
1041 2080 1106 2119 ex
1133 2065 1333 2134 quibus
1380 2081 1474 2121 sex
1508 2081 1710 2133 mares,

117 2152 364 2225 quinque
412 2151 645 2209 feminas
703 2153 887 2224 ponit;
942 2156 1163 2211 nomina
1205 2168 1383 2210 autem
1418 2155 1511 2209 dat
1547 2158 1715 2210 mari-

116 2246 225 2302 bus
268 2263 283 2300 :
321 2242 594 2309 Oceanus,
646 2248 832 2312 Coeus,
878 2246 1072 2312 Crius,
1118 2246 1414 2318 Hyperion,
1472 2249 1709 2319 Iapetus,

117 2338 358 2403 Cronus,
382 2340 543 2409 quiet
563 2338 839 2397 Saturnus
862 2360 876 2408 ;
900 2342 1030 2396 item
1060 2339 1320 2398 feminis:
1349 2341 1507 2404 Thia,
1535 2341 1709 2408 Rhea,

118 2428 371 2497 Themis,
398 2430 770 2503 Mnemosyne,
802 2430 1025 2503 Thetys,
1057 2448 1178 2502 quae
1208 2434 1427 2488 nomina
1452 2449 1546 2503 per
1580 2434 1712 2489 alle-

116 2522 333 2599 goriam
352 2522 459 2576 hoc
482 2521 645 2577 modo
678 2523 1110 2593 interpretantur
1139 2544 1151 2578 :
1182 2540 1467 2580 numerum
1491 2525 1711 2595 quidem

119 2613 381 2669 undecim
416 2612 500 2668 vel
534 2612 847 2678 duodecim,
884 2614 1058 2684 ipsam
1103 2614 1294 2669 dicunt
1337 2615 1568 2685 primam
1612 2630 1713 2669 na-

119 2711 324 2772 turam,
358 2719 520 2773 quam
552 2711 605 2759 et
649 2703 857 2760 Rheam
908 2720 938 2759 a
968 2704 1186 2761 fluendo
1224 2706 1429 2761 dictam
1474 2707 1705 2776 volunt;

125 2796 375 2865 reliquos
418 2805 601 2851 autem
630 2797 817 2851 decem
867 2799 1173 2854 accidentia
1203 2798 1324 2870 ejus
1354 2800 1543 2855 dicunt
1575 2816 1712 2872 quas

118 2897 176 2942 et
206 2889 498 2957 qualitates
526 2891 837 2960 appellant;
872 2890 1259 2946 duodecimum
1290 2900 1474 2947 tamen
1499 2892 1710 2948 addunt

117 2988 174 3032 et
202 2978 444 3035 Cronum
478 2996 640 3050 quem
674 2980 817 3052 apud
846 2997 949 3038 nos
986 2981 1283 3039 Saturnum
1313 2984 1538 3053 dicunt;
1563 2986 1710 3041 hunc

118 3087 221 3143 pro
253 3080 498 3142 tempore
550 3073 850 3144 accipiunt.
904 3071 1204 3130 Saturnum
1261 3091 1390 3147 ergo
1418 3087 1471 3131 et
1499 3074 1706 3133 Rheam
1734 3108 1779 3167 ε

118 3176 338 3232 tempus
364 3169 577 3233 ponunt
602 3172 656 3218 et
687 3164 999 3230 materiam,
1024 3182 1146 3237 qua:
1175 3167 1268 3222 ubi
1307 3182 1431 3221 cum
1483 3167 1709 3225 humido

120 3263 176 3309 et
224 3255 380 3309 arido
409 3264 464 3310 et
495 3255 672 3311 calido
701 3265 755 3312 et
788 3257 987 3329 frigido
1013 3266 1263 3331 tempore
1303 3259 1509 3315 fuerint
1537 3261 1712 3316 admi-

120 3359 229 3430 sta,
256 3353 438 3406 omnia
475 3359 761 3423 generant.

191 3438 408 3497 XXXII.
435 3442 560 3498 Haac
587 3459 742 3514 ergo,
775 3444 973 3515 inquit,
999 3447 1175 3517 primo
1198 3449 1440 3503 omnium
1468 3456 1712 3521 tempore

128 3540 304 3595 multo
347 3547 660 3594 concretam
707 3540 895 3610 genuit
938 3543 1231 3613 quamdam
1282 3545 1439 3614 quasi
1482 3545 1707 3611 bullam,

120 3644 243 3700 qua:
284 3643 350 3682 ex
381 3627 574 3698 spiritu
607 3628 703 3698 qui
735 3628 789 3682 in
826 3630 984 3700 aquis
1015 3640 1156 3695 erat,
1194 3633 1453 3701 paulatim
1484 3634 1711 3690 collecta

122 3721 403 3785 intumuit,
420 3730 470 3774 et
490 3721 768 3790 aliquanto
791 3732 1032 3791 tempore
1052 3723 1383 3778 circumacta
1406 3739 1502 3795 per
1531 3743 1713 3798 super-

123 3810 297 3866 ficiem
328 3811 591 3877 materia,
617 3826 683 3867 ex
718 3826 826 3882 qua
856 3813 1015 3883 quasi
1054 3828 1120 3869 ex
1145 3814 1313 3869 vulva
1342 3824 1708 3885 processerat,

122 3902 304 3974 rigore
347 3901 568 3973 frigoris
618 3904 888 3958 obdurata
935 3914 989 3960 et
1039 3906 1361 3976 glacialibus
1404 3910 1711 3978 augmentis

121 4007 346 4064 semper
383 3994 722 4059 increscens,
757 3996 991 4066 abrupta
1027 3998 1246 4052 tandem
1288 3998 1625 4071 demergitur
1654 4002 1710 4057 in

121 4084 481 4156 profundum,
513 4101 577 4140 ac
608 4087 848 4156 pondere
892 4087 1012 4157 ipso
1041 4094 1317 4158 pertracta
1350 4090 1403 4143 in
1434 4090 1708 4148 infernum

121 4177 428 4241 descendit,
463 4187 518 4233 et
550 4179 679 4249 quia
736 4178 1032 4236 invisibilis
1083 4179 1228 4235 facta
1264 4191 1371 4248 est,
1404 4183 1569 4241 Aides
1608 4202 1709 4257 ap-

122 4268 321 4337 pellata
350 4275 455 4331 est,
478 4270 572 4339 qui
602 4276 656 4324 et
676 4268 853 4326 Orcus
875 4271 958 4326 vel
988 4269 1148 4326 Pluto
1180 4274 1515 4333 nominatur.
1543 4276 1709 4332 Cum-

129 4379 239 4435 que
281 4365 350 4419 de
395 4366 775 4436 superioribus
819 4378 1157 4441 mergeretur
1179 4372 1236 4426 in
1268 4371 1503 4437 inferna,
1529 4373 1707 4427 locum

1814 1887 2020 1951 ferunt,
2054 1902 2175 1957 quae
2206 1886 2259 1940 in
2292 1887 2673 1957 superioribus
2709 1889 2908 1958 posita,
2942 1888 2993 1941 vi
3030 1888 3229 1941 caloris
3250 1888 3399 1941 velut

1812 1980 2022 2037 cerebri
2078 1979 2287 2032 ambitu
2331 1978 2398 2031 ad
2442 1994 2501 2032 se
2531 1979 2755 2034 trahens
2784 1989 2997 2033 cuncta.
3034 1986 3087 2032 et
3111 1977 3397 2047 cujusdam

1815 2071 2230 2142 temperamenti
2283 2072 2657 2126 moderatione
2721 2086 3077 2141 componens,
3109 2070 3175 2124 de
3221 2070 3399 2139 capite

1813 2166 2015 2221 dicitur
2033 2166 2289 2236 genuisse
2308 2166 2654 2234 sapientiam,
2676 2181 2838 2235 quam
2855 2164 3152 2219 Minervam
3176 2168 3397 2227 vocant,

1812 2274 1935 2331 quae
1983 2274 2016 2314 a
2060 2256 2266 2331 Graecis
2308 2258 2509 2330 Ἀθήνη
2538 2266 2762 2327 propter
2793 2255 3255 2310 immortalitatem
3286 2253 3399 2325 (58)

1812 2351 2094 2407 nominata
2122 2358 2236 2417 est;
2262 2365 2383 2421 quae
2429 2350 2555 2420 quia
2587 2357 2740 2419 pater
2783 2348 3024 2401 omnium
3050 2362 3146 2417 per
3182 2345 3401 2415 sapien-

1813 2443 1943 2497 tiam
1994 2457 2149 2496 suam
2190 2449 2389 2496 cuncta
2435 2439 2701 2501 condidit,
2736 2446 2789 2492 et
2818 2452 2884 2491 ex
2910 2437 3028 2506 ipso
3058 2436 3234 2506 capite
3277 2434 3400 2504 ejus

1812 2537 1866 2585 et
1906 2531 2193 2603 principali
2218 2531 2458 2584 omnium
2492 2531 2675 2600 genita
2705 2528 2909 2582 dicitur
2944 2528 3082 2592 loco,
3107 2534 3161 2581 et
3193 2534 3401 2595 tempe-

1813 2630 1934 2677 rata
1980 2621 2309 2677 admistione
2352 2621 2748 2675 elementorum
2783 2619 3098 2673 universum
3130 2617 3399 2673 formasse

1812 2715 2078 2770 mundum
2128 2723 2181 2768 et
2232 2714 2530 2767 adornasse
2586 2711 2932 2782 perhibetur.
2978 2710 3149 2781 Igitur
3185 2710 3397 2780 species

1812 2824 1937 2879 qua:
1980 2808 2226 2862 materia:
2274 2806 2462 2860 inditae
2508 2811 2660 2867 sunt,
2693 2817 2753 2860 ut
2795 2803 2945 2857 fieret
2971 2803 3232 2865 mundus,
3267 2802 3396 2872 quia

1812 2900 1865 2955 vi
1920 2899 2119 2955 caloris
2172 2897 2648 2968 constringuntur,
2685 2895 2840 2951 Jovis
2887 2894 3095 2948 viribus
3125 2889 3397 2948 contineri

1812 2992 2091 3047 dicuntur.
2127 2988 2257 3055 Quae
2296 2988 2555 3059 quoniam
2588 2986 2919 3041 sufﬁcienter
2952 2999 3010 3040 se
3047 2985 3269 3049 habent,
3294 2996 3396 3038 nec

1812 3083 1957 3137 ultra
2010 3080 2135 3135 addi
2183 3079 2289 3135 sibi
2326 3080 2570 3150 indigent
2624 3078 2829 3149 aliquid
2882 3076 3032 3145 novi,
3065 3075 3159 3130 sed
3195 3090 3396 3130 unum-

1813 3176 2071 3245 quodque
2116 3172 2343 3229 seminis
2376 3173 2462 3227 sui
2494 3172 2813 3243 posteritate
2858 3180 3162 3241 reparatur,
3196 3171 3394 3227 vinctae

1812 3282 1933 3323 esse
1972 3280 2002 3319 a
2029 3263 2162 3319 Jove
2215 3263 2438 3318 Saturni
2480 3280 2675 3319 manus
2732 3262 2994 3317 dicuntur
3032 3281 3045 3316 :
3078 3262 3207 3332 quia
3255 3262 3393 3317 nihil

1813 3359 1939 3414 novi
1979 3358 2117 3429 jam,
2152 3356 2381 3425 utLdixi,
2405 3372 2471 3412 ex
2498 3355 2727 3410 materia
2754 3363 2968 3423 tempus
2999 3355 3267 3423 producit,
3294 3352 3389 3407 sed

1812 3451 1962 3505 calor
2022 3449 2293 3505 seminum
2347 3447 2646 3502 secundum
2728 3446 2815 3503 sui
2879 3445 3119 3516 speciem
3189 3450 3388 3499 cuncta

1813 3540 2076 3603 restituit,
2108 3555 2207 3593 nec
2239 3539 2384 3592 ultra
2434 3536 2599 3591 Rheae
2644 3545 2855 3606 partus,
2883 3536 2985 3591 hoc
3033 3544 3115 3591 est
3147 3549 3388 3606 propago

1813 3632 2053 3685 materia:
2097 3629 2338 3692 ﬂuentis,
2375 3628 2641 3693 ascendit,
2691 3634 2742 3681 et
2792 3627 2912 3681 ideo
2949 3624 3121 3695 ipsam
3156 3626 3387 3695 primam

1813 3724 2207 3779 elementorum
2237 3720 2563 3775 divisionem
2614 3718 2981 3773 abscisionem
3019 3715 3238 3771 Saturni
3280 3731 3386 3770 no~

1813 3814 2054 3879 minant,
2105 3813 2263 3884 quasi
2310 3812 2405 3882 qui
2455 3812 2599 3865 ultra
2645 3809 2909 3865 mundum
2971 3824 3231 3879 generare
3276 3824 3386 3862 non

1812 3906 2007 3975 possit.

1882 3996 2121 4054 XXXIV.
2166 3996 2302 4051 Nam
2352 3996 2418 4051 de
2472 3993 2683 4049 Venere
2726 3993 2831 4047 hoc
2869 3991 3032 4046 modo
3072 3990 3383 4063 allegoriam

1812 4095 2037 4152 tradunt
2070 4113 2084 4147 :
2118 4090 2243 4157 Ubi,
2275 4092 2448 4155 aiunt,
2480 4089 2668 4144 aatheri
2700 4087 3009 4157 subjectum
3035 4094 3117 4140 est
3136 4086 3384 4156 pelagus,

1812 4202 1937 4243 cum
1960 4201 2320 4257 repercussus
2352 4184 2509 4254 aquis
2546 4181 2806 4252 splendor
2835 4180 2960 4235 caeli
2991 4180 3197 4251 gratior
3218 4177 3385 4232 reful-

1813 4280 2257 4341 sisset,venustas
2286 4291 2466 4330 rerum
2492 4289 2613 4344 quae
2633 4288 2697 4326 ex
2731 4272 2887 4341 aquis
2912 4270 3191 4341 pulchrior
3220 4284 3387 4339 appa-

1811 4379 2017 4438 ruerat,
2054 4368 2235 4424 Venus
2273 4366 2553 4423 nominata
2595 4373 2679 4420 est
2710 4364 2846 4435 (59),
2870 4378 2991 4434 qua:
3019 4362 3207 4418 aetheri
3257 4369 3383 4415 tau-

124 4458 439 4516 conﬂuendi
467 4463 689 4518 humido
714 4465 947 4535 praabuit
974 4467 1266 4532 elemento,
1296 4476 1351 4523 et
1382 4484 1512 4539 pars
1555 4485 1706 4525 cras-
1739 4454 1784 4509 Ι)
1813 4479 1976 4537 quam
2006 4463 2162 4518 fratri
2193 4477 2293 4517 suo
2334 4460 2564 4523 sociata,
2590 4456 2736 4529 quod
2772 4456 3195 4528 concupiscibile
3216 4455 3385 4510 decus

123 4554 257 4617 sior,
295 4568 419 4623 quae
439 4562 524 4610 est
545 4561 713 4621 terra,
743 4557 901 4628 aquis
933 4559 1253 4616 cedentibus
1276 4560 1547 4631 patefacta
1598 4574 1704 4618 est.

1812 4556 2075 4621 effecerit,
2115 4553 2442 4625 Cupidinem
2504 4551 2758 4623 genuisse
2799 4556 3096 4607 memorata
3134 4554 3238 4603 est.
3270 4543 3385 4601 Hoc

1429 4694 1799 4751 COTELERII
1831 4693 2065 4751 NOTAE.

192 4848 482 4924 (57)]1108
515 4850 777 4918 undecim,
806 4869 934 4924 quos
965 4854 1231 4909 interdum
1251 4866 1299 4909 et
1326 4854 1601 4909 duodecim
1624 4856 1700 4910 di-

120 4928 216 4981 cit.
268 4919 595 4993 Theogonize
638 4939 785 4977 vers.
816 4919 981 4989 153,
1037 4934 1143 4980 etc.
1190 4926 1471 4989 Ὠκεανὸν,
1515 4928 1696 4993 Κοῖον,

121 4994 340 5068 Κρεῖον,
372 4994 689 5068 ⁵Ὑπερίονα,
736 4995 995 5068 Ἰαπετὸν,
1032 4996 1215 5068 Θεζαν,
1265 4996 1463 5068 Ῥείαν,
1507 4996 1697 5068 Θέμιν,

119 5062 753 5137 ΜὴμοσύνηἉΦοίϐην,
780 5065 981 5136 Τηθὺν,
1006 5066 1234 5137 Κρόνον.
1266 5066 1441 5137 Supra
1467 5084 1517 5123 c.
1550 5062 1617 5120 1‘7
1646 5076 1701 5122 et

123 5136 568 5207 Clementingrurn
593 5134 781 5207 homil.
816 5134 889 5200 vi,
912 5153 968 5193 n.
1000 5134 1364 5200 "2,duodecini
1398 5147 1698 5207 ponuntur.

121 5203 393 5279 Diodorus
416 5204 638 5279 Siculus
669 5205 763 5279 l_i_b.
791 5223 822 5259 ν
858 5215 1143 5279 enumerat
1172 5203 1445 5271 undecim,
1473 5209 1698 5279 Κρόνον,

132 5275 439 5346 Ὑπερίονα,
472 5277 653 5347 Κοῖον,
686 5276 952 5339 Ἰαπετὸν,
990 5276 1177 5347 Κριὸν,
1216 5278 1485 5340 Ὠκεανὸν,
1520 5275 1695 5341 Ῥέαν,

119 5345 310 5418 Θέμιν,
358 5345 745 5418 Μνημοσύνην,
799 5345 1279 5418 Φοίϐην,“Τηούν.
1332 5348 1698 5417 Apollodorus

120 5365 310 5418 υεμιν,
360 5365 745 5418 Μνημοσυνην,
799 5365 1032 5470 φοιοτὶξ,
1090 5365 1279 5418 ιηυυν.
1332 5365 1695 5417 Apottoaorus

120 5419 218 5502 lib.
254 5431 292 5477 1,
317 5417 608 5502 tredecim,
648 5417 955 5502 Ennomon,“
973 5488 984 5502 Ι
1007 5418 1479 5502 oiog,.'1'rrepfova,
1508 5419 1695 5502 Κρῖον,

134 5435 218 5473 uo.
254 5435 292 5477 1,
327 5435 608 5480 treuemm,
663 5435 921 5480 ιικεανον,
956 5435 1135 5482 λοιον,
1197 5435 1479 5541 ιπεὲἆονα,
1509 5435 1695 5502 Αριον,

134 5486 394 5559 Ἰαπετὸν,
421 5489 648 5559 Κρόνον,
669 5488 871 5559 Τηθὺν,
900 5488 1075 5550 Ῥέαν,
1098 5487 1288 5559 Θέμιν,
1367 5504 1696 5559 νημοσυνην,

119 5557 337 5628 Φοίϐην,
362 5556 588 5628 Διώνην,
614 5556 793 5612 Θείαν.
825 5557 1074 5628 Orpheus
1105 5556 1339 5627 denique
1366 5556 1698 5627 quatuorde-

122 5631 251 5700 cim,
268 5628 458 5700 Θέμιν,
482 5629 683 5699 Τηθὺν,
710 5629 1097 5700 Μνημοσύνην,
1130 5630 1311 5692 Θείαν,
1333 5628 1558 5700 Διώνην,
1578 5628 1698 5681 Φοί-

123 5698 245 5770 ϐην,
291 5699 489 5770 Ῥείην,
532 5698 713 5763 Κοῖον,
754 5698 940 5812 κριὸν,
977 5698 1205 5769 Φόρκυν,
1246 5699 1471 5771 Κρόνον,
1496 5698 1695 5754 Ὠκεα-

123 5770 230 5812 νλδ-
270 5768 575 5812 Ύπεοίηνα,
610 5770 866 5812 Ἰηπςτμλ

122 5768 233 5837 νὺν,
270 5768 579 5840 Ὑπερίονα,
610 5768 869 5823 Ἰαπετόν.

1874 4854 1985 4922 (⁸58)
2035 4852 2257 4924 Ἀθήνη,
2287 4861 2495 4921 propter
2517 4846 2997 4924 imnmrtglitatein.
3024 4846 3374 4924 ulgentius:

1806 4920 2044 4984 Minerva
2089 4920 2308 4995 denique
2356 4935 2406 4979 et
2462 4922 2657 4995 Ἀθήνη
2709 4920 2889 4995 Gru'ce
2937 4921 3171 4995 dicitur,
3226 4924 3379 4990 quasi

1804 4999 2069 5069 ἀθάνατος
2100 4991 2383 5069 παρθένος,
2415 4994 2469 5049 id
2493 4991 2917 5069 est'immortafis
2943 4991 3108 5069 virgo.

1877 5070 1990 5141 (59)
2027 5060 2282 5141 Venustas
2312 5082 2509 5141 rerum,
2544 5081 2663 5134 qua:
2689 5079 2753 5118 ea:
2781 5064 2932 5141 aquis
2967 5060 3239 5141 puithior
3285 5075 3354 5127 ap

1804 5130 2078 5211 paruerat,
2121 5137 2290 5191 Venus
2342 5130 2616 5189 nominata
2664 5145 2761 5188 est.
2816 5130 2991 5186 [labes
3042 5130 3129 5185 hic
3154 5144 3381 5211 quoque

1806 5210 2092 5264 Rufiniana
2128 5207 2489 5266 Clementim's.
2519 5204 2705 5260 Graeca
2743 5202 2950 5256 Latinis
2997 5217 3104 5255 non
3154 5211 3382 5266 inscite,

2191 5246 2267 5333 “in
2304 5246 3053 5351 interpretatione__facinore,
3098 5246 3378 5351 permista:

1806 5348 1877 5407 Ut
1923 5351 2067 5404 enim
2129 5349 2296 5404 Venus
2339 5364 2369 5402 a
2414 5342 2696 5401 venustate
2744 5345 2989 5405 dicatur,
3021 5342 3164 5411 quod
3214 5342 3380 5394 etiam

1806 5420 1970 5475 tradit
2002 5418 2290 5484 Firmicus,
2321 5416 2517 5472 refellit
2546 5431 2673 5470 vero
2701 5414 2927 5479 Cicero;
2964 5410 3251 5484 Ἀφροδίτη
3298 5410 3380 5464 al-

1804 5491 1976 5545 terius
2001 5490 2226 5563 originis
2240 5499 2342 5552 est,
2361 5489 2430 5542 ab
2450 5485 2829 5563 dcppgispugna,
2848 5492 2915 5563 _u_t
2932 5483 3092 5563 vulgo
3117 5485 3379 5563 sentiunt,

1807 5570 1973 5628 utque
1996 5552 2270 5628 colligitur
2293 5574 2358 5613 ex
2387 5552 2512 5628 cap.
2531 5552 2623 5611 ’2⁷0
2648 5552 2811 5626 hujus
2846 5553 2991 5611 libri.
3023 5552 3329 5628 Macrobius
3362 5568 3379 5605 ι

1808 5577 1973 5628 utque
1996 5577 2117 5615 COIII
2162 5577 2270 5615 ιιυι·
2293 5577 2358 5613 ex
2387 5577 2508 5628 cap.
2553 5577 2623 5611 zu
2648 5577 2811 5626 nulus
2846 5577 2991 5611 tlm'l.
3023 5577 3328 5607 mucrumus
3362 5577 3376 5605 ι

1808 5629 2086 5708 Saturne}.
2118 5577 2156 5684 ἕ
2184 5648 2198 5683 :
2242 5628 2484 5683 Venerem
2497 5671 2521 5708 ,_
2560 5643 2735 5708 quae
2758 5640 2947 5708 spuma
2973 5623 3376 5708 unde-coaluit,

1806 5700 2104 5777 Aphrodite
2135 5692 2582 5777 nomergaccepit.’
2601 5697 2730 5754 Vide
2758 5692 3107 5764 Clementiae,
3136 5693 3285 5749 hom.
3321 5692 3377 5759 6,

1807 5788 1854 5825 (κ
1894 5770 1975 5825 13.
