3904 6362
605 301 738 360 ηπ

1483 293 1539 351 ε..
1575 293 1972 352 CLEMENTIS
2005 293 2023 348 Ι
2055 291 2224 349 ROM.
2257 289 2468 349 PONT.
2495 287 2726 345 OPIRA
2755 284 2980 344 DUBIA.

3661 299 3752 357 MM

602 438 731 494 ergo
768 420 931 477 modo
967 437 1064 490 per
1090 418 1400 490 allegoriam
1429 416 1668 471 Cronum
1706 415 1950 486 quidem,
1982 412 2075 484 qui
2104 418 2189 468 est
2215 415 2265 474 Α
2295 409 2575 474 vorantis,
2633 415 2687 463 et
2733 403 2992 462 occultati
3041 402 3188 474 pueri
3241 418 3338 475 per
3371 404 3682 478 Corybantum
3717 427 3754 472 et

603 513 896 576 Saturnus,
928 521 1140 580 tempus
1161 524 1305 575 esse,
1339 517 1396 563 ut
1416 509 1677 569 diximus,
1699 507 1944 568 tradunt,
1973 504 2179 560 Rheam

605 601 1124 667 matcriam,Aidcn,
1161 599 1214 654 id
1241 613 1324 656 est
1353 598 1577 663 Orcum,
1604 597 1802 654 inferni
1829 595 2182 668 profundum,

603 695 915 767 Neptunum
939 703 1168 763 aquam,
1219 693 1409 748 Jovem
1454 694 1738 756 aetherem,
1779 691 1831 746 id
1869 703 1952 746 est
1983 691 2184 745 caloris

602 776 955 849 elementum,
989 784 1254 841 Venerem
1309 793 1652 841 venustatem
1710 800 1918 848 rerum,
1961 782 2186 853 Cupidi-

604 895 725 934 nem
747 877 1268 948 concupiscentiam,
1289 893 1409 948 qua:
1436 879 1577 954 inest
1601 877 1766 932 rebus
1787 875 2064 942 omnibus,
2089 888 2187 944 per

603 988 765 1044 quam
823 972 1116 1040 posteritas
1163 962 1473 1040 reparatur,
1504 972 1590 1025 vel
1633 972 1794 1026 etiam
1827 984 2007 1024 rerum
2041 965 2186 1021 ratio

604 1078 724 1135 quae
747 1054 1025 1133 Sapienter
1067 1063 1313 1132 inspecta
1347 1061 1602 1116 delectat.
1643 1060 1806 1126 Hera,
1836 1059 1887 1115 id
1910 1067 1994 1116 est
2017 1057 2181 1122 Juno,

595 1153 698 1213 aer
726 1145 828 1212 iste
864 1156 1099 1219 medius,
1137 1154 1232 1225 qui
1267 1155 1336 1210 de
1365 1157 1508 1210 cmlo
1537 1171 1712 1225 usque
1743 1154 1808 1208 ad
1831 1161 2035 1208 terram
2059 1151 2186 1206 des-

605 1251 822 1317 cendit,’
842 1250 1085 1320 ponitur.
1142 1249 1348 1311 Dianae,
1381 1264 1558 1318 quam
1594 1248 1766 1318 ipsam
1798 1245 2184 1315 Proserpinam

601 1342 826 1406 dicunt,
872 1357 1050 1396 aerem
1108 1340 1322 1396 inferne
1364 1339 1607 1394 tradunt.
1639 1338 1942 1410 Apollinem
2005 1338 2183 1405 ipsum

602 1436 766 1489 etiam
797 1435 966 1489 solem
1001 1432 1210 1493 dicunt,
1242 1433 1675 1486 circumeuntem
1715 1433 1935 1500 polum;
1964 1426 2179 1482 Mercu-

601 1531 742 1584 rium
795 1529 1045 1587 verbum.
1106 1542 1214 1595 quo
1267 1526 1408 1580 ratio
1452 1525 1520 1579 de
1577 1524 1812 1594 singulis
1870 1521 2183 1592 quibuSque

603 1619 897 1685 reddatur;
935 1619 1159 1672 Martem
1190 1617 1608 1694 intemperatum
1642 1615 1957 1686 ignem,qui
1983 1620 2183 1668 cuncta

602 1708 911 1768 consumat.
958 1704 1064 1765 Sed
1108 1724 1178 1764 ne
1223 1709 1439 1780 singula
1472 1704 1869 1764 enumerando
1922 1707 2179 1764 immore-

601 1820 745 1867 mur,
776 1803 842 1858 ad
899 1804 1040 1857 hanc
1099 1802 1374 1873 allegoriae
1430 1803 1667 1873 speciem
1718 1802 1785 1856 de
1844 1793 2179 1872 'unoquo'que

589 1903 790 1951 "eorum
837 1911 978 1966 quos
1031 1893 1240 1956 colunt,
1278 1894 1334 1947 hi
1367 1893 1566 1964 quibus
1598 1888 1862 1948 secretior
1887 1892 1953 1947 de
1978 1893 2179 1948 talibus

589 1979 743 2042 inest
789 1987 1003 2057 peritia,
1046 1985 1307 2040 honestas
1343 1985 1446 2040 sibi
1479 1985 1737 2039 videntur
1773 1994 1826 2040 et
1847 1984 2025 2055 justas
2053 1984 2180 2038 red-

589 2068 730 2137 dere
767 2082 1030 2136 rationes.

590 2185 595 2191 ‘
670 2170 888 2252 XXXV.
921 2173 1046 2228 Haec
1070 2188 1194 2228 cum
1217 2173 1405 2252 Niceta
1437 2171 1687 2237 dixisset,
1718 2173 1915 2245 Aquila
1946 2179 2180 2244 respon-

589 2253 717 2318 dit:
747 2262 913 2333 valde
945 2257 1078 2319 mihi
1111 2264 1346 2328 videtur,
1371 2265 1623 2336 quisquis
1661 2267 1752 2321 ille
1777 2274 1861 2321 est
1894 2275 2090 2323 auctor
2127 2277 2182 2321 et

585 2349 852 2412 inventor
899 2359 1118 2423 horum,
1181 2359 1382 2429 impius
1439 2362 1738 2425 exstitisse,
1788 2349 1842 2417 Isi
1893 2362 2008 2417 haec
2061 2378 2182 2432 qua:

601 2457 756 2519 grata
782 2459 835 2504 et
865 2451 1091 2508 honesta
1114 2453 1374 2509 videntur
1396 2457 1708 2522 abscondit,
1743 2466 1796 2510 et
1834 2449 2183 2527 superstitio-

601 2543 689 2596 nis
719 2560 830 2599 suae
856 2547 1022 2601 ritum
1060 2547 1114 2621 in
1151 2548 1502 2623 dedecorosis
1531 2559 1584 2605 et
1607 2549 1859 2620 turpibus
1883 2537 2181 2604 observan:-

601 2636 695 2692 tiis
752 2637 1062 2702 collocavit,
1119 2639 1363 2697 cum‘ea
1406 2658 1528 2712 quae
1579 2641 1882 2696 secundum
1937 2641 2180 2695 litteram

602 2730 806 2799 scripta
838 2727 992 2796 sunt,
1015 2731 1307 2787 manifeste
1343 2734 1632 2790 inhonesta
1661 2734 1772 2790 sint
1801 2748 1856 2789 et
1893 2735 2096 2804 turpia,
2127 2740 2182 2788 et

600 2827 712 2874 tota
751 2821 1032 2890 religionis
1069 2839 1260 2878 eorum
1294 2825 1731 2900 observantiam
1772 2826 1911 2898 ipsrs
1945 2820 2180 2892 constct‘,

589 2921 662 2984 ut
701 2930 798 2984 per
843 2915 1162 2983 bujusmodi
1202 2917 1412 2992 scelera
1433 2913 1493 2976 'et
1523 2921 1830 2990 impietates
1872 2920 2007 2976 deos
2050 2925 2182 2976 suos

596 3020 750 3087 quos
776 3008 984 3086 colunt,
1020 3006 1254 3066 doceant
1297 3013 1524 3070 imitari.
1565 3013 1701 3069 Nam
1737 3015 1792 3070 in
1826 3015 1950 3072 istis
1981 2995 2183 3089 allego-

2210 1763 2252 1818 Β

2276 503 2532 574 cymbala
2582 509 2638 556 et
2706 508 3088 572 tympanorum
3159 499 3392 564 sonitus,
3461 501 3757 570 exprimuntur

2285 593 2575 664 imagines.
2607 592 2683 648 De
2729 593 3040 648 abscisione
3080 605 3208 646 vero
3246 588 3484 654 Saturni,
3513 607 3616 661 quae
3635 599 3759 666 major

2285 686 2389 742 erit
2436 687 2686 757 probatio
2733 686 3002 748 veritatis,
3033 698 3194 756 quam
3247 691 3305 738 ut
3347 683 3398 739 in
3445 689 3665 742 honorem
3700 693 3760 748 dei

2287 779 2395 843 sui,
2427 779 2594 835 simili
2653 778 2992 833 infelicitatis
3051 784 3195 833 sorte
3251 777 3602 834 abscindantur
3641 783 3762 838 etiam

2285 869 2564 925 cultores?
2590 869 2728 925 Cum
2757 885 2889 940 ergo
2925 870 3041 925 hac
3071 869 3353 924 manifeste
3379 879 3650 936 cernantur,
3673 877 3764 943 quis

2284 971 2398 1017 tam
2452 963 2634 1033 exigui
2677 978 2894 1027 sensus,
2927 961 3038 1016 imo
3069 968 3177 1015 tam
3211 960 3386 1015 stolidi
3407 961 3680 1026 invenietur,
3699 968 3765 1020 cui

2285 1071 2395 1109 non
2427 1055 2606 1126 palam
2637 1055 2729 1120 sit,
2770 1055 2885 1110 haec
2915 1054 3090 1125 magis
3134 1067 3259 1108 vera
3298 1069 3413 1109 esse
3439 1053 3500 1108 de
3524 1055 3767 1115 infelicibus

2284 1148 2411 1214 diis,
2446 1164 2567 1220 qua:
2586 1148 2929 1204 'infeliciores
2957 1148 3198 1203 cultores
3221 1146 3375 1202 etiam
3397 1161 3646 1217 corporum
3667 1165 3765 1207 stto-

2285 1258 2406 1296 rum
2442 1243 2768 1298 vulneribus
2799 1252 2854 1298 et
2881 1242 3198 1298 abscisioue
3219 1240 3503 1295 testantur?

2355 1334 2643 1392 XXXVIII.
2672 1336 2825 1402 Quod
2859 1336 2928 1402 si,
2951 1338 3030 1390 *ιιι
3057 1334 3269 1394 dicunt,
3295 1333 3404 1388 haec
3431 1333 3499 1387 ita
3527 1332 3767 1392 bonestset

2284 1429 2372 1500 pie
2409 1435 2561 1500 gesta
2597 1437 2705 1483 tam
2741 1429 3031 1484 inhonesto
3059 1428 3166 1482 ritu
3197 1426 3546 1481 tuinistrantur
3561 1434 3608 1481 et
3625 1429 3764 1498 impio.

2286 1521 2604 1592 sacrilegus
2628 1519 2872 1590 profecto
2925 1526 3032 1584 est,
3066 1518 3316 1588 quisquis
3354 1517 3437 1572 ille
3462 1516 3535 1572 vel
3559 1533 3612 1572 ex
3654 1519 3768 1574 initio

2286 1611 2404 1668 haec
2456 1610 2702 1677 tradidit,
2741 1611 2824 1667 vel
2870 1625 3019 1666 nunc
3072 1611 3218 1664 male
3263 1610 3447 1664 tradita
3474 1611 3675 1679 persistit
3692 1612 3768 1664 im-

2285 1706 2452 1774 plere.
2489 1703 2630 1772 Quid
2685 1713 2868 1759 autem
2897 1712 2952 1760 et
2989 1702 3058 1759 de
3105 1702 3263 1758 libris
3290 1702 3504 1757 dicimus
3525 1703 3772 1772 poetaruml

2280 1799 2472 1855 Nonne
2521 1807 2842 1870 Oportuerat
2899 1813 3016 1862 eos,
3047 1796 3096 1852 si
3162 1795 3385 1850 benesta
3419 1803 3468 1849 et
3503 1795 3579 1864 pia
3599 1793 3769 1849 deorum

2282 1903 2432 1964 gesta
2481 1891 2734 1963 turpibus
2790 1891 2990 1945 fabulis
3029 1888 3381 1950 infamarunt,
3409 1885 3552 1956 abjici
3579 1888 3772 1956 protinus

2283 1995 2446 2058 atque
2476 1987 2532 2042 in
2557 1987 2734 2058 ignem
2765 1985 2904 2049 dari,
2936 1998 3004 2039 ne
3031 1981 3416 2053 persuaderent
3453 1989 3620 2035 tenera:
3642 1979 3772 2035 adhuc

2281 2081 2426 2137 aetati
2476 2087 2768 2153 puerorum
2794 2120 2808 2142 ,
2837 2077 3023 2133 Jovem
3062 2076 3244 2147 ipsum
3275 2073 3484 2129 deorum
3522 2074 3770 2143 principem,

2282 2173 2612 2246 parricidam
2656 2187 2784 2242 erga
2839 2177 3112 2240 parentes,
3162 2169 3422 2224 incestum
3458 2167 3571 2237 erga
3609 2181 3774 2222 sorores

2283 2276 2336 2323 et
2365 2266 2523 2330 filias,
2555 2265 2827 2336 impurum
2848 2263 3011 2318 etiam
3043 2263 3097 2316 in
3131 2268 3330 2330 pueros
3354 2259 3627 2321 exstitisse,
3646 2257 3776 2314 Vene-

2282 2377 2398 2416 rem
2449 2373 2576 2413 cum
2611 2355 2802 2412 ‘Marte
2852 2355 3157 2418 adulteros,
3187 2360 3242 2408 et
3269 2353 3437 2407 omnia
3467 2352 3552 2405 illa
3572 2364 3668 2423 quae
3685 2353 3767 2422 jam

2283 2455 2538 2526 superius
2564 2455 2713 2510 dicta
2751 2450 2916 2508 sunt?
2936 2451 3039 2530 Aut
3085 2447 3221 2519 quid
3253 2445 3345 2500 tibi
3371 2445 3588 2512 videtur,
3609 2445 3773 2500 domino

2286 2551 2354 2603 mi
2381 2547 2578 2603 Petre?
2835 2557 2837 2559 ’
3751 2575 3757 2588 ι

2355 2640 2598 2696 XXXIX.
2624 2637 2779 2694 Tunc
2807 2628 2898 2693 ille
2923 2635 3211 2706 respondit
3233 2655 3246 2689 ;
3268 2632 3454 2689 Certus
3477 2641 3595 2696 esto,
3618 2630 3774 2686 dulcis-

2285 2734 2423 2790 sime
2464 2731 2682 2804 Aquila,
2708 2719 2841 2802 quia
2889 2729 3072 2784 omnia
3098 2743 3201 2799 per
3223 2715 3411 2782 bonam
3441 2725 3523 2781 Dei
3551 2722 3770 2795 providen-

2271 2822 2418 2879 tiam
2466 2833 2618 2896 gesta
2665 2831 2816 2896 sunt,
2859 2831 2918 2878 ut
2947 2837 3058 2876 non
3089 2821 3273 2876 solum
3306 2818 3504 2874 infirma
3526 2825 3573 2872 et
3601 2816 3774 2886 fragilis,

2285 2935 2473 2975 verum
2517 2928 2570 2974 et
2616 2919 2792 2988 turpis
2825 2924 2972 2973 esset
3004 2930 3177 2972 causa
3214 2928 3332 2984 quze
3365 2912 3527 2966 futura
3555 2920 3649 2964 erat
3676 2924 3774 2962 con-

2285 3015 2456 3068 traria
2506 3011 2742 3067 veritati.
2799 3009 2859 3065 Si
2921 3009 3068 3064 enim
3124 2999 3358 3063 validior
3401 3013 3452 3062 et
3500 3002 3777 3059 verisimilior

601 3098 702 3152 riis
744 3115 864 3169 qua:
902 3101 982 3157 eis
1025 3103 1236 3159 utilitas
1279 3106 1421 3174 erit?
1455 3121 1580 3184 {quae
1631 3105 1881 3178 quamvis
1937 3107 2182 3162 honeStte
2207 3108 2249 3166 C
2289 3105 2487 3174 fuisset
2530 3103 2738 3159 erroris
2787 3101 3045 3164 assertio,
3077 3099 3230 3154 haud
3271 3097 3421 3152 facile
3444 3096 3684 3166 quisquam
3706 3093 3776 3163 qui

603 3187 896 3258 tinguuntur,
943 3194 1127 3249 nullus
1163 3203 1342 3250 tamen
1371 3214 1436 3251 ex
1470 3199 1551 3274 eis
1579 3207 1683 3264 aut,
1710 3195 1844 3256 usus
1872 3200 1937 3255 ad
1964 3201 2175 3255 cultum
2273 3193 2337 3251 iu
2384 3211 2451 3251 eo
2503 3190 2764 3266 deceptus
2792 3195 2797 3200 ’
2824 3201 2996 3258 esset,
3035 3193 3104 3247 ad
3158 3192 3262 3247 iter
3282 3190 3510 3246 veritatis
3535 3187 3708 3243 rediret.
3733 3184 3776 3240 Si

600 3283 848 3350 pervenit
892 3281 1080 3357 aut'ad
1113 3302 1294 3343 mores
1320 3289 1633 3345 emendatio

669 3371 909 3464 XXXVI.
962 3375 1117 3432 Unde
1169 3381 1349 3451 magis
1398 3391 1633 3448 constat,
1693 3386 1838 3456 quod
1883 3387 2179 3464 prudentes

599 3463 702 3517 viri
727 3463 866 3519 cum
887 3468 1130 3523 viderent
1157 3488 1505 3529 communem
1555 3463 2001 3546 superstitionem
2049 3472 2177 3535 .t'am

598 3553 1096 3630 probrosamiesse,
1123 3553 1231 3620 tam
1258 3575 1496 3638 turpem,
1529 3587 1632 3626 nec
1660 3582 1842 3628 tamen
1872 3576 2180 3646 corrigendi

599 3652 822 3706 modum
858 3656 1093 3726 aliquem
1154 3660 1238 3713 vel
1284 3662 1568 3716 scientiam
1611 3663 1954 3732 didicissent,
1979 3655 2180 3738 quibus

594 3751 906 3832 potuerunt
948 3752 1286 3820 argumentis
1322 3763 1377 3807 ct
1409 3754 1952 3826 interpretationibus
1999 3762 2180 3815 conati

600 3831 730 3888 sunt
753 3850 841 3891 res
869 3836 1186 3896 inhOnestas
1209 3831 1450 3898 honesto
1467 3838 1722 3904 sermone
1747 3851 1950 3914 velare,
1973 3859 2177 3918 etnon,

600 3931 662 3978 ut
702 3923 914 4014 dicunt,
945 3928 1208 3986 honestas
1237 3921 1488 3990 rationes
1523 3937 1828 3996 inhonestis
1857 3935 2058 3997 fabulis
2081 3931 2181 3997 loc-

599 4016 840 4085 cultare;
891 4021 1036 4090 quod
1086 4023 1132 4078 si
1188 4035 1354 4090 esset,
1402 4044 1680 4099 nunquam
1727 4033 1910 4103 utique
1941 4025 2058 4105 ipsa
2079 4029 2174 4090 Aeo-

599 4118 720 4157 rum
749 4107 1044 4164 simulacra
1079 4123 1242 4182 atque
1282 4116 1413 4186 ipsae
1440 4111 1506 4172 de
1543 4121 1623 4176 eis
1653 4122 1880 4190 pictura:
1905 4140 2029 4179 cum
2064 4128 2180 4184 suis

599 4195 746 4287 vitiis
779 4205 833 4250 et
862 4200 1186 4280 criminibus
1220 4204 1608 4266 formarentur.
1635 4211 1756 4268 Non
1789 4215 2004 4287 cycnus
2024 4217 2181 4274 adul-

599 4293 682 4341 ter
723 4286 901 4354 Leda},
963 4307 1062 4348 nec
1105 4303 1296 4354 taurus
1338 4287 1673 4359 formaretur
1720 4286 1971 4378 Europae,
2017 4305 2073 4366 et
2123 4312 2180 4367 in

600 4380 748 4464 mille
801 4393 1047 4439 monstra
1098 4382 1247 4454 eum,
1275 4385 1436 4460 quem
1467 4404 1660 4464 putant
1707 4399 1984 4455 meliorem
2009 4404 2183 4458 omni-

591 4461 723 4540 bus,
758 4484 1051 4531 verterent.
1084 4478 1240 4545 Quod
1289 4461 1483 4554 utique
1507 4487 1553 4540 si
1592 4490 1774 4560 magni
1811 4499 1866 4545 et
1901 4492 2176 4564 sapientes

2277 3280 2426 3345 enim
2473 3302 2787 3349 nunc,cum
2833 3294 2945 3340 tam
2995 3286 3170 3340 multa
3201 3284 3395 3355 probra
3418 3291 3469 3338 et
3493 3281 3707 3337 dedecora
3727 3280 3775 3335 de

2281 3382 2388 3436 diis
2429 3380 2670 3451 gentium
2711 3377 3084 3450 proferuntur,
3116 3379 3213 3433 vix
3245 3377 3435 3447 aliquis
3461 3382 3637 3443 turpem
3660 3372 3772 3426 dere-

2283 3474 2484 3550 linquit
2512 3487 2776 3534 errorem,
2812 3479 3021 3542 quanto
3059 3471 3240 3540 magis
3287 3469 3333 3526 si
3361 3473 3496 3523 esset
3535 3465 3596 3519 ibi
3623 3461 3772 3532 aliquid

2281 3567 2572 3622 honestum
2621 3572 2675 3620 et
2708 3563 3045 3642 verisimile?
3075 3562 3374 3618 Diniculter
3406 3572 3610 3630 namque
3637 3567 3764 3611 trans-

2282 3657 2457 3714 fertur
2489 3659 2708 3713 animus
2760 3658 2830 3710 ab
2884 3656 2992 3721 bis,
3051 3659 3108 3710 in
3162 3655 3363 3726 quibus
3399 3651 3619 3722 a'prima
3657 3655 3773 3704 atate

2281 3745 2589 3825 praeventus
2609 3761 2724 3817 est;
2758 3758 2810 3805 ct
2847 3751 2917 3804 ob
2956 3751 3082 3814 hoc,
3115 3758 3177 3803 ut
3206 3748 3340 3810 dixi,
3365 3741 3770 3801 diviuaProviden-

2283 3845 2357 3898 tia
2383 3844 2584 3898 factum
2619 3852 2704 3896 cst
2729 3848 2787 3894 ut
2815 3841 3020 3895 erroris
3049 3835 3360 3894 substantia
3388 3843 3439 3890 et
3467 3831 3644 3887 inﬁrma
3665 3837 3771 3882 esset

2281 3945 2336 3991 et
2365 3935 2564 4007 turpis.
2611 3931 2716 3990 sed
2745 3942 2799 3988 et
2830 3944 3024 3989 extera
3052 3933 3239 3988 omnia
3265 3926 3424 3987 simili
3447 3925 3583 3980 modo
3606 3936 3769 3990 compc-

2283 4028 2462 4085 tenter
2507 4037 2561 4082 et
2610 4028 2896 4084 commode
2931 4025 3220 4095 dispensat
3269 4023 3446 4078 divina
3480 4014 3769 4074 Providentia,

2284 4119 2414 4172 licet
2441 4117 2602 4172 nobis
2634 4114 3018 4188 ignorantibus
3050 4129 3244 4169 rerum
3286 4125 3474 4166 causas
3497 4111 3625 4162 bona:
3643 4110 3772 4172 etop-

2284 4211 2429 4266 timze
2459 4209 2892 4282 dispensationis
2923 4205 3124 4264 divina:
3154 4224 3266 4262 non
3299 4207 3488 4275 liqueat
3510 4202 3641 4256 ratio.

2353 4301 2466 4359 XL.
2511 4304 2647 4356 Cum
2701 4299 2832 4356 haec
2866 4299 3074 4356 'Petrus
3129 4299 3380 4362 dixisset,
3442 4309 3530 4366 ego
3579 4291 3772 4347 Clemens

2282 4397 2523 4452 Nicctam
2555 4383 2834 4469 rogabam.
2873 4405 2931 4450 ut
2963 4395 3146 4464 aliqua
3176 4393 3246 4448 de
3275 4391 3526 4460 allegoriis
3555 4383 3768 4456 gentilium

2281 4509 2422 4564 quas
2455 4474 2740 4568 diligenter
2762 4490 3038 4561 attigerat,
3071 4473 3402 4560 agnoscendi
3424 4482 3574 4556 gratia
3595 4491 3768 4548 expone-

601 4564 694 4635 qui
737 4578 866 4622 sunt
910 4571 1053 4640 apud
1099 4588 1193 4629 eos
1249 4577 1373 4642 viri,
1408 4579 1590 4634 fictum
1643 4584 1846 4639 scirent
1878 4601 2024 4652 esse,
2063 4606 2175 4645 non
2273 4593 2390 4652 ret;
2420 4586 2552 4640 utile
2585 4564 2732 4639 enim
2760 4590 2869 4649 est,
2897 4591 2959 4636 ut
2984 4582 3347 4652 quandocum
3364 4570 3770 4649 gentilibusdispu-

599 4672 810 4724 verum,
827 4677 1009 4719 nonne
1036 4663 1335 4737 impietatis
1365 4683 1657 4741 arguerent
1677 4684 1731 4730 et
1759 4679 2030 4750 sacrilegii
2053 4697 2171 4749 eos,

598 4750 691 4819 qui
735 4751 802 4806 ad
862 4754 1116 4843 injuriam
1169 4760 1397 4816 deorum
1428 4765 1742 4834 huiusmodi
1774 4779 1867 4825 aut
1906 4774 2173 4843 picturam

599 4853 864 4940 ponerent
896 4857 988 4902 aut
1021 4841 1334 4925 sc‘ulperent
1363 4839 1962 4936 simulacra?Denique
1990 4839 2172 4940 regem

600 4938 862 5030 temporis
889 4941 972 4994 sui
995 4940 1294 5016 depingant
1321 4948 1376 5002 in
1407 4950 1565 5006 bovis
1595 4949 1793 5020 forma,
1819 4959 1906 5013 vel
1935 4938 2172 5030 anseris,

598 5030 682 5085 vel
710 5027 972 5098 formica},
1006 5039 1086 5092 vel
1111 5041 1369 5105 vulturis,
1389 5051 1442 5098 et
1466 5047 1708 5103 scribant
1733 5065 1896 5120 super
1918 5053 2063 5123 regis
2083 5027 2175 5111 sui

596 5137 818 5188 nomen,
839 5132 1002 5208 atque
1019 5129 1333 5198 hujusmodi
1361 5136 1447 5190 vel
1477 5143 1714 5194 statuam
1761 5142 1846 5197 vel
1877 5143 2173 5216 imaginem

593 5216 895 5284 colloccnt;
929 5231 982 5276 et
1047 5223 1308 5295 injuriam
1348 5226 1476 5285 facti
1530 5233 1767 5288 sentient
1819 5242 1874 5291 et
1917 5237 2175 5294 vindictae

595 5308 1053 5377 magnitudinem.

668 5397 931 5459 XXXVII.
964 5406 1069 5462 Sed
1122 5414 1383 5481 quoniam
1438 5431 1562 5472 vera
1623 5419 1738 5475 haec
1789 5423 1966 5495 magis
2021 5431 2170 5490 sunt,

599 5509 720 5564 qua:
749 5498 962 5566 publica
994 5507 1275 5576 turpitudo
1306 5520 1557 5581 testatur,
1577 5524 1631 5572 et
1665 5518 1733 5572 ad
1764 5521 2171 5584 excusationem

601 5601 632 5641 a
687 5591 818 5648 viris
865 5597 1227 5664 prudentibus
1275 5608 1622 5664 sermonibus
1653 5610 1900 5669 honestis
1945 5615 2171 5684 quzrsita

599 5688 729 5738 sunt
753 5694 807 5741 et
825 5691 1151 5748 concinnata
1171 5697 1462 5764 velamina,
1481 5701 1686 5757 idcirco
1716 5719 1826 5759 non
1857 5707 2032 5761 solum
2062 5723 2170 5761 non

601 5781 977 5876 prohibentur,
1001 5788 1093 5844 sed
1112 5799 1163 5844 et
1198 5790 1328 5861 ipsis
1366 5797 1638 5864 mysteriis
1661 5795 1880 5855 Saturni
1909 5800 2052 5857 ﬁlios
2079 5800 2173 5858 de-

2276 4686 2480 4745 tamus,
2511 4679 2677 4734 etiam
2717 4678 2823 4732 ista
2870 4691 2973 4731 nos
3006 4673 3240 4729 minime
3266 4673 3478 4727 lateant.
3509 4665 3564 4720 Et
3588 4662 3767 4717 Niceta:

2277 4773 2358 4836 Si,
2393 4773 2594 4850 inquit,
2629 4770 2894 4843 permittit
2921 4769 3181 4848 dominus
3207 4779 3359 4845 meus
3386 4761 3575 4820 Petrus,
3599 4766 3768 4850 possunt

2275 4846 2652 4922 dicere."Tuni
2690 4865 2889 4920 Petrus
2920 4882 2936 4920 :
2967 4846 3140 4916 Hodie
3159 4903 3176 4929 ,
3199 4857 3416 4928 linquit,
3440 4851 3631 4926 permisi
3655 4846 3768 4899 vobis

2272 4957 2460 5013 dicere
2491 4958 2781 5012 adversum
2806 4956 3059 5028 gentiles,
3086 4952 3157 5008 ut
3185 4952 3378 5007 nostis.
3409 4948 3469 5002 Et
3497 4943 3656 5028 Niceta
3679 4938 3765 4992 ait:

2275 5050 2372 5105 Dic
2397 5065 2550 5120 ergo,
2575 5050 2853 5114 Clemens,
2882 5048 2952 5103 de
2994 5047 3197 5117 quibus
3225 5041 3411 5098 audire
3435 5038 3570 5098 velis.
3596 5033 3676 5087 Cui
3697 5043 3769 5097 εεο

2276 5145 2364 5198 aio
2399 5159 2409 5192 :
2449 5141 2736 5207 Quomodo
2781 5139 3006 5193 tradunt
3042 5138 3112 5193 de
3152 5137 3380 5190 deorum
3405 5141 3546 5185 coena
3575 5121 3766 5196 gentiles.

2272 5234 2438 5307 quam
2472 5236 2526 5289 in
2557 5233 2702 5288 Pelei
2738 5232 2946 5312 nuptiis
2977 5232 3288 5286 habuerunt
3315 5233 3368 5312 et
3395 5221 3628 5280 Thetidis,
3648 5228 3766 5312 quem

2275 5331 2468 5385 dicunt
2495 5346 2619 5387 esse
2651 5307 2898 5384 Paridem
2930 5335 3234 5399 pastorem,
3258 5309 3468 5393 et'quas
3501 5320 3677 5389 ponunt
3693 5307 3766 5362 Ju-

2275 5438 2496 5487 nonem,
2551 5420 2850 5475 Minervam
2905 5428 2958 5473 et
3017 5416 3304 5481 Venerem,
3348 5424 3463 5483 qua
3513 5403 3634 5477 apud
3673 5411 3766 5492 eum

2269 5521 2608 5590 judicantur,
2633 5533 2864 5590 quemve
2884 5515 3232 5579 Mercurium,
3266 5510 3349 5565 vel
3370 5504 3504 5578 quod
3533 5499 3712 5589 malum.
3729 5497 3767 5543 ει

2274 5620 2467 5666 ωιῑεηι
2517 5626 2638 5682 quae
2700 5624 2795 5681 per
2853 5607 3101 5663 ordinem
3157 5604 3572 5671 consequuntur,
3617 5596 3766 5643 ειιπΐι

2388 5707 2456 5761 is.

2388 5707 2456 5761 .5.

2276 5707 2490 5855 nillil”.
2527 5797 2662 5854 Tum
2714 5797 2902 5854 Niceta
2953 5816 2970 5852 .:
3013 5794 3194 5852 Cana
3239 5789 3460 5845 deorum
3509 5788 3650 5836 causa
3691 5769 3762 5824 im
