3848 6268
106 339 227 393 HM

1304 322 1865 385 BECOGNITIONUM
1897 326 2021 381 LIB.
2075 324 2138 379 Χ.

3153 323 3288 379 ιω

102 446 246 502 modo
284 457 347 497 so
399 444 579 498 habet.
601 441 916 498 Convlvtum
952 434 1214 494 mundum
1243 432 1488 500 tradunt,
1518 435 1635 489 dis-
1664 444 1706 498 Α
1736 434 1812 487 tia
1856 434 2055 503 attigit,
2094 432 2161 487 ad
2190 431 2545 486 assertionem
2582 430 2694 485 veri
2739 430 3006 498 dogmatis
3027 434 3286 495 conferat.

101 531 380 590 eumbendi
426 531 670 585 ordinem
699 529 919 585 deorum
971 526 1247 582 stellarum
1280 524 1636 592 positionem;

101 638 225 693 quos
254 620 533 679 Hesiodus
560 620 683 674 caeli
711 627 763 673 et
799 629 952 674 terrae
980 617 1183 686 primos
1213 611 1350 670 ﬁlios
1379 614 1638 678 nominat,

102 716 148 767 in
198 710 402 781 quibus
445 726 540 764 sex
587 724 762 764 mares
800 715 854 763 et
894 723 986 762 sex
1013 706 1239 761 feminas
1263 706 1329 759 ad
1357 705 1640 758 duodecim

100 800 369 868 signorum
399 812 681 850 numerum
731 795 987 856 referunt,
1018 810 1136 864 qua:
1180 794 1486 847 universum
1536 792 1642 847 eir-

101 895 349 945 cumeunt
398 886 678 939 mundum.
712 885 882 954 Dapes
913 891 1087 938 autem
1134 883 1364 937 convivii
1406 884 1643 938 rationes

101 990 209 1030 esse
253 983 310 1027 et
345 987 545 1027 causas
586 986 767 1025 rerum
816 972 1035 1024 tradunt
1064 972 1250 1026 dulces
1282 979 1335 1024 et
1356 973 1643 1041 concupis-

100 1064 304 1124 cibiles,
359 1076 482 1130 quae
537 1061 768 1128 qualiter
816 1067 1035 1128 regatur
1075 1069 1127 1113 et
1181 1061 1509 1125 gubernetur
1556 1060 1644 1113 hic

102 1152 352 1213 mundus,
383 1163 451 1203 ex
491 1148 767 1217 signorum
806 1147 1069 1213 positione
1095 1154 1148 1201 et
1168 1154 1435 1200 astrorum
1468 1148 1645 1201 cursi-

100 1244 192 1297 bus
208 1241 563 1308 eolliguntur.
590 1224 670 1290 Ad
700 1236 960 1288 libertatis
977 1242 1154 1288 tamen
1178 1237 1406 1288 convivii
1428 1236 1644 1291 modum

95 1330 282 1384 dicunt
314 1330 422 1383 ista
446 1334 717 1384 constare,
738 1338 834 1390 pro
861 1337 925 1377 eo
946 1324 1087 1390 quod
1117 1330 1433 1391 potestatem
1453 1324 1646 1377 habeat

102 1419 529 1486 uniuscujusque
559 1428 768 1475 sensus,
802 1412 860 1479 si,
882 1412 1007 1465 velit
1032 1412 1317 1481 degustare
1347 1412 1548 1481 aliquid
1576 1426 1645 1466 ex

101 1507 415 1576 huiusmodi
446 1505 674 1558 scientia
705 1509 797 1555 aut
826 1502 871 1555 si
895 1502 1056 1565 nolit;
1081 1510 1133 1555 et
1156 1503 1298 1563 sicut
1326 1502 1381 1554 in
1401 1502 1648 1556 convivio

100 1613 254 1653 nemo
308 1596 548 1664 cogitur,
579 1593 672 1647 sed
720 1591 970 1646 vescendi
1005 1592 1222 1645 libertas
1258 1606 1421 1659 penes
1450 1606 1644 1644 unum-

101 1701 369 1757 quemque
394 1694 497 1747 est,
533 1684 607 1737 ita
634 1688 687 1736 et
709 1681 1120 1751 philosophandi
1172 1682 1311 1742 ratio
1354 1681 1549 1749 pendet
1588 1681 1645 1734 in

99 1776 396 1831 voluntatis
466 1772 709 1827 arbitrio.
765 1770 1096 1826 Discordiam
1158 1771 1647 1840 concupiscentiam

99 1864 281 1923 carnis
337 1863 550 1925 dicunt,
580 1877 698 1931 quae
738 1860 967 1930 insurgit
1006 1861 1285 1916 adversum
1322 1861 1651 1930 propositum

101 1955 299 2006 mentis
351 1957 406 2004 et
462 1949 874 2019 phil050pbandi
932 1948 1155 2016 impedit
1203 1949 1477 2013 studium;
1533 1948 1653 2001 ideo

100 2040 335 2107 denique
364 2045 418 2092 et
466 2045 675 2105 tempus
705 2036 834 2089 illud
859 2049 979 2089 esse
1010 2034 1181 2109 aiunt,
1219 2036 1273 2094 in
1306 2049 1413 2103 quo
1444 2035 1509 2088 de
1552 2050 1652 2087 nu-

100 2130 227 2199 ptiis
283 2128 482 2197 agitur.
532 2125 746 2185 Pelcum
799 2139 925 2178 vero
954 2132 1008 2178 et
1036 2123 1312 2181 Thetidem
1342 2125 1650 2197 nympham,

102 2217 321 2270 aridum
351 2222 406 2268 et
433 2212 709 2266 humidum
733 2220 934 2281 ponunt
963 2213 1304 2276 elementum,
1332 2229 1397 2267 ex
1429 2228 1652 2281 quorum

102 2305 433 2360 admistione
492 2302 794 2356 substantia
847 2316 1131 2370 corporum
1189 2310 1417 2357 constat.
1444 2302 1653 2374 Mercu-

101 2395 244 2449 rium
297 2393 524 2447 verbum
576 2405 696 2445 esse
732 2391 987 2455 tradunt,
1018 2406 1111 2459 per
1140 2392 1279 2459 quod
1314 2391 1495 2448 sensui
1527 2392 1656 2446 doc-

101 2485 248 2538 trina
311 2479 608 2542 confertur,
658 2478 916 2533 Junonem
968 2478 1313 2547 pudicitiam,
1365 2479 1654 2533 Minervam

106 2574 487 2635 {ortitudinem
511 2611 527 2636 ,
580 2571 838 2625 Venerem
870 2569 1141 2633 libidinem
1182 2569 1385 2631 dicunt,
1410 2568 1656 2622 Paridem

102 2679 354 2727 sensum.
392 2661 449 2714 Si
483 2675 629 2729 ergo,
662 2660 831 2721 aiunt,
864 2658 1072 2710 accidat
1120 2656 1174 2709 in
1214 2657 1429 2713 homine
1466 2657 1657 2710 barba-

102 2771 227 2811 rum
260 2768 388 2812 esse
414 2759 469 2805 et
494 2750 796 2818 imperitum
820 2762 1060 2809 sensum,
1083 2754 1137 2800 et
1166 2754 1369 2799 rectum
1394 2746 1656 2814 judicium

102 2846 468 2903 nescientem,
492 2846 668 2907 spreta
698 2836 950 2906 pudicitia
979 2842 1032 2890 et
1060 2836 1276 2899 virtute,
1308 2836 1517 2889 libidini
1544 2837 1657 2905 pal-

106 2950 283 2995 mam,
316 2930 459 3001 quod
492 2936 573 2982 est
602 2928 821 2989 malum,
854 2924 1021 2988 dabit,
1054 2940 1146 2993 per
1170 2925 1310 2993 quod
1346 2940 1453 2983 non
1484 2925 1655 2978 solum

105 3027 238 3092 sibi,
266 3022 363 3078 sed
394 3027 449 3078 et
482 3018 691 3071 civibus
718 3025 767 3070 et
804 3015 1064 3069 universa:
1092 3017 1236 3083 genti
1284 3016 1563 3071 subversio
1602 3022 1655 3069 et

103 3113 385 3186 pernicies
424 3108 612 3164 aderit.
640 3106 759 3159 Ilaec
788 3120 913 3174 ergo
949 3107 1072 3159 licet
1105 3106 1208 3159 illis
1238 3120 1555 3173 componere
1590 3121 1655 3160 ex

102 3205 363 3277 qualibet
391 3200 614 3256 materia
654 3198 827 3252 visum
851 3196 939 3257 sit,
973 3202 1149 3248 tamen
1172 3197 1342 3265 aptari
1364 3195 1429 3249 ad
1455 3208 1662 3251 omnem

103 3297 389 3352 hominem
404 3304 562 3359 possu
572 3287 781 3356 nt,quia
800 3286 843 3341 si
856 3286 975 3355 quis
994 3286 1311 3353 pastoralem
1328 3293 1379 3343 et
1398 3286 1657 3339 rusticum

102 3395 279 3453 atque
296 3378 601 3446 imperitum
625 3374 813 3431 habeat
833 3387 1049 3426 sensum
1068 3387 1166 3425 nec
1186 3372 1313 3426 velit
1326 3372 1548 3435 erudiri,
1571 3374 1663 3431 ubi

101 3470 367 3541 corporis
413 3465 559 3519 calor
589 3463 655 3517 de
701 3461 932 3521 libidinis
990 3461 1251 3516 suavitate
1309 3463 1652 3535 suggesserit,

102 3561 409 3617 continuo,
450 3553 645 3622 spretis
674 3552 969 3611 studiorum
1018 3552 1305 3609 virtutibus
1333 3562 1386 3604 et
1430 3551 1664 3604 scientiae

102 3652 300 3711 bonis,
331 3644 401 3698 ad
444 3641 741 3709 voluptates
782 3641 1022 3709 corporis
1063 3642 1299 3693 animum
1341 3637 1566 3694 confert.
1598 3637 1661 3688 Et

103 3743 247 3797 hinc
297 3741 385 3790 est
419 3729 558 3783 unde
612 3728 1069 3797 impacatabella
1126 3735 1470 3794 consurgunt.
1505 3725 1660 3778 urbes

103 3833 314 3888 ruunt,
346 3819 532 3890 patriae
574 3816 897 3882 concidunt,»
919 3815 1058 3877 sicut
1085 3824 1136 3868 et
1163 3813 1337 3874 Paris,
1367 3821 1515 3881 rapta
1560 3812 1661 3866 Ile-

102 3922 281 3979 lena,
337 3908 407 3964 ad
453 3914 695 3960 mutuum
744 3904 957 3959 Graecos
1010 3912 1064 3959 et
1117 3904 1371 3958 barbaros
1436 3903 1661 3955 armavit

98 4007 377 4064 exitiiim.
1412 4048 1415 4053 .

180 4089 356 4150 XLII.
399 4086 464 4142 Et
481 4085 693 4146 Petrus,
713 4083 1023 4138 collaudans
1054 4082 1491 4152 prosecutionem
1521 4082 1656 4150 ejus.

102 4186 192 4239 ait
220 4202 236 4238 :
269 4179 495 4239 Multas,
521 4183 579 4230 ut
607 4175 780 4237 video,
802 4175 1069 4245 ingeniosi
1085 4174 1327 4228 homines
1350 4188 1413 4227 ex
1439 4172 1521 4228 his
1543 4186 1661 4242 quae

100 4276 312 4345 legunt
354 4265 846 4322 verisimilitudines
895 4268 1133 4334 capiunt,
1161 4273 1212 4318 et
1233 4264 1352 4318 ideo
1377 4262 1657 4332 diligenter

99 4355 528 4421 observandum
568 4362 669 4416 est,
700 4362 756 4406 ut
804 4355 888 4408 lex
911 4354 1005 4409 Dei
1037 4368 1159 4407 cum
1182 4353 1393 4422 legitur,
1423 4367 1529 4405 non
1558 4366 1660 4405 vse-

101 4451 371 4511 cundum
399 4444 598 4514 proprii
633 4442 826 4511 ingenii
856 4442 1254 4512 intelligentiam
1284 4442 1505 4510 legatur.
1526 4438 1661 4494 Sunt

99 4543 270 4601 enim
300 4536 471 4591 multa
497 4533 655 4588 verba
676 4534 727 4585 in
752 4532 1043 4601 Scripturis
1067 4533 1282 4596 divinis,
1304 4547 1420 4600 quae
1440 4537 1662 4600 possunt

99 4629 271 4686 trahi
294 4624 366 4679 ad
391 4638 513 4677 eum
536 4636 771 4685 sensum,
789 4636 943 4690 quem
973 4621 1072 4675 sibi
1090 4620 1453 4689 unusquisque
1474 4626 1662 4690 sponte

101 4714 509 4795 praesumpsit;
553 4713 695 4781 quod
752 4712 868 4765 ﬁeri
922 4727 1029 4766 non
1074 4718 1305 4781 oportet.
1354 4708 1471 4765 Non
1519 4711 1663 4765 enim

102 4822 355 4868 sensum
380 4816 540 4873 quem
564 4800 894 4856 extrinsecus
914 4800 1155 4854 attuleris
1176 4799 1407 4855 alienum
1426 4807 1478 4853 et
1496 4807 1666 4854 extra-

100 4913 293 4957 neum
322 4894 488 4951 debes
514 4906 749 4959 quaerere
772 4928 788 4953 ,
818 4904 975 4959 quem
1020 4904 1085 4944 ex
1129 4887 1526 4956 Scripturarum
1568 4903 1665 4942 au-

100 4988 385 5047 ctoritate
413 4980 713 5044 confirmes,
740 4979 832 5034 sed
875 4995 941 5033 ex
968 4979 1095 5047 ipsis
1123 4976 1415 5045 Scripturis
1447 4991 1664 5031 sensum

104 5091 330 5149 capere
374 5070 647 5135 veritatis;
677 5077 732 5122 et
760 5068 880 5123 ideo
924 5075 1132 5138 oportet
1168 5067 1235 5120 ab
1272 5080 1336 5120 eo
1364 5066 1664 5137 intelligen-

104 5175 265 5227 tiam
306 5165 521 5220 discere
563 5159 983 5228 Scripturarum,
1035 5156 1125 5226 qui
1156 5170 1270 5211 eam
1299 5169 1329 5207 a
1365 5157 1664 5226 majoribus

106 5254 434 5318 secundum
483 5249 761 5305 veritatem
817 5247 920 5302 sibi
967 5245 1215 5301 traditam
1269 5252 1472 5308 servat,
1502 5253 1562 5300 ut
1611 5253 1664 5301 et

104 5357 251 5422 ipse
279 5342 454 5414 possit
488 5355 552 5395 ea
585 5354 701 5409 quae
727 5345 870 5393 recte
894 5334 1148 5402 suscepit,
1179 5342 1549 5403 competenter
1576 5352 1665 5393 as-

104 5450 339 5499 serere.
383 5431 517 5486 Cum
559 5431 698 5485 enim
749 5443 813 5482 ex
850 5426 1034 5480 divinis
1064 5422 1350 5491 Scripturis
1393 5424 1663 5495 integram

107 5529 259 5603 quis
282 5520 579 5591 susceperit
612 5527 665 5573 et
690 5518 886 5572 ﬁrmam
914 5513 1142 5584 regulam
1166 5513 1428 5603 veritatis,
1469 5516 1666 5571 absur-

111 5602 267 5677 dum
307 5628 419 5669 non
457 5611 577 5674 erit,
605 5609 648 5664 si
677 5604 866 5677 aliquid
894 5603 1039 5658 etiam
1069 5615 1135 5654 ex
1166 5602 1484 5657 eruditione
1513 5620 1665 5659 com-

115 5705 287 5766 muni
315 5716 380 5757 ae
417 5698 481 5756 de
508 5695 799 5753 liberalibus
830 5690 1023 5753 studiis,
1054 5703 1176 5757 quae
1200 5690 1336 5745 forte
1362 5688 1430 5745 in
1460 5695 1662 5760 pueri-
1702 5755 1723 5763 η

1739 525 1812 578 ita
1857 533 2033 579 tamen
2088 531 2144 577 ut
2191 523 2281 578 ubi
2329 537 2456 577 vera
2497 520 2726 584 didicit,
2762 519 2897 574 falsa
2947 528 3001 574 et
3044 523 3290 579 simulata

1737 615 1986 669 declinet.

1808 721 1990 775 XLIII.
2021 721 2085 774 Et
2115 737 2235 775 cum
2275 719 2653 784 ha'ec'dixisset,
2697 720 2764 772 ad
2798 722 3001 788 patrem
3042 730 3287 775 nostrum

1752 812 2064 880 respiciens,
2097 812 2170 863 ait
2216 829 2229 863 :
2281 809 2360 863 Tu
2392 825 2544 879 ergo,
2591 825 2775 872 senex,
2810 810 2855 864 si
2883 809 3095 878 quidem
3129 809 3287 864 saluti

1741 904 2047 956 animaetuae
2075 901 2334 961 consulis,
2361 908 2417 952 ut
2446 916 2565 953 cum
2594 915 2815 968 corpore
2845 899 3007 953 fuerit
3030 902 3285 962 resoluta,

1742 1009 1841 1065 pro
1890 995 2032 1047 brevi
2078 995 2177 1047 hac
2228 993 2579 1047 conversione
2605 992 2841 1059 requiem
2884 990 3120 1043 inveniat
3150 1007 3290 1045 sem-

1742 1084 2004 1152 piternam
2026 1121 2040 1142 .
2072 1083 2283 1151 require
2308 1082 2371 1135 de
2400 1080 2678 1149 quibusvis
2712 1088 2764 1133 et
2792 1080 3047 1141 consule,
3080 1087 3136 1132 ut
3166 1095 3289 1147 pos:-

1743 1170 1819 1223 sis
1844 1171 1901 1223 si
1927 1170 2055 1239 quid
2086 1171 2137 1223 in
2170 1178 2220 1224 te
2241 1179 2321 1224 est
2345 1169 2698 1223 dubitationis
2736 1170 2991 1236 abjicere.
3024 1169 3289 1223 Incertum

1742 1259 1881 1311 enim
1918 1267 1999 1313 est
2053 1260 2212 1313 etiam
2251 1261 2536 1329 juvenibus
2584 1262 2707 1312 vitae
2760 1267 2992 1328 tempus,
3067 1260 3289 1314 senibus

1744 1360 1917 1403 autem
1944 1350 2065 1417 'jam
2107 1365 2204 1403 nec
2232 1351 2494 1405 incertum
2522 1356 2638 1416 est;
2671 1366 2775 1403 non
2807 1351 2948 1402 enim
2979 1349 3285 1418 dubitatur,

1744 1442 1871 1509 quin
1907 1450 2375 1510 quantumcunque
2414 1451 2496 1497 est
2523 1442 2664 1512 quod
2698 1450 2943 1511 putatur
2970 1448 3251 1509 superesse
3270 1482 3285 1504 ,

1742 1533 1903 1586 breve
1948 1532 2037 1586 sit.
2079 1531 2144 1583 Et
2191 1531 2310 1585 ideo
2341 1540 2444 1585 tam
2467 1533 2691 1601 juvenes
2714 1548 2871 1601 quam
2903 1545 3056 1583 senes
3078 1540 3288 1599 oportet

1744 1621 1809 1675 de
1838 1621 2187 1675 conversione
2232 1628 2285 1675 et
2321 1622 2634 1689 paenitentia
2678 1622 2829 1676 valde
2857 1635 2975 1674 esse
3011 1621 3285 1686 sollicitos,

1678 1747 1718 1801 Β
1745 1720 1798 1766 et
1833 1719 2075 1791 satagere
2111 1718 2167 1765 ut
2197 1712 2262 1766 de
2287 1714 2496 1781 reliquo
2524 1723 2715 1769 ornent
2750 1714 2980 1767 animam
3017 1727 3167 1767 suam
3200 1729 3286 1767 or-

1750 1802 2012 1855 namentis
2057 1800 2404 1870 dignissimis,
2442 1802 2494 1854 id
2528 1812 2609 1857 est
2642 1805 2977 1872 dogmatibus
3025 1807 3285 1870 veritatis,

1748 1889 1938 1943 decore
1975 1889 2263 1957 pudicitim,
2317 1890 2600 1958 splendore
2638 1892 2880 1959 justitiae,
2909 1898 3143 1951 candore
3172 1897 3284 1964 pie—

1748 1978 1896 2040 tatis,
1933 1979 2158 2047 aliisque
2186 1980 2435 2034 omnibus
2469 1981 2665 2049 quibus
2698 1996 2961 2053 comptam
2994 1987 3144 2040 decet
3171 2000 3290 2040 esse

1748 2069 2118 2122 rationabilem
2180 2077 2442 2136 mentem;
2489 2078 2602 2123 tum
2668 2081 2923 2141 prmtcrca
2958 2075 3227 2127 declinare
3259 2088 3288 2126 a

1750 2157 2035 2210 consortiis
2084 2156 2383 2211 inhonestis
2426 2165 2479 2211 et
2525 2159 2851 2224 infidelibus,
2889 2170 2941 2216 et
3004 2164 3291 2217 Societates

1750 2234 1946 2297 habere
1982 2244 2211 2297 ﬁdelium
2247 2254 2404 2312 atque
2444 2245 2565 2299 illos
2599 2246 2938 2315 frequentare
2972 2244 3288 2315 conventus,

1751 2329 1803 2382 in
1837 2330 2028 2397 quibus
2062 2330 2127 2383 de
2160 2331 2444 2398 pudicitia,
2473 2332 2538 2385 de
2566 2332 2797 2399 jnstitia,
2834 2336 2899 2389 de
2933 2337 3129 2404 pietate
3180 2346 3293 2391 tra-

1752 2428 1967 2485 ctatur;
2008 2437 2162 2474 orare
2196 2438 2405 2491 semper
2446 2422 2611 2477 Deum
2649 2441 2712 2479 ex
2758 2426 2918 2480 corde
2948 2435 3000 2479 et
3060 2430 3126 2481 ab
3174 2429 3292 2498 ipso

1752 2515 1930 2575 petere
1976 2523 2094 2577 quae
2125 2509 2274 2562 decet
2305 2525 2333 2561 a
2365 2510 2472 2565 Deo
2505 2513 2648 2581 posci
2675 2530 2688 2578 ;
2726 2515 2826 2583 ipsi
2878 2517 3078 2583 gratias
3111 2530 3288 2586 agere,

1751 2606 1930 2651 veram
1958 2599 2339 2667 paenitudinem
2364 2616 2545 2668 gerere
2574 2603 2959 2670 praeteritorum
2983 2615 3290 2674 gestorum;

1753 2688 2139 2757 aliquantulum
2195 2690 2374 2751 etiam,
2412 2691 2455 2744 si
2505 2690 2759 2760 possibile
2790 2703 2893 2753 est.
2942 2708 3037 2765 per
3082 2696 3292 2751 miseri-

1752 2777 1962 2829 cordias
2016 2791 2305 2845 pauperum
2361 2779 2552 2846 jnvare
2602 2783 3003 2849 paenitentiam;
3042 2798 3137 2853 per
3176 2786 3291 2840 haec

1752 2867 1891 2921 enim
1952 2867 2158 2919 facilior
2218 2869 2371 2921 venia
2413 2871 2631 2924 dabitur
2687 2866 2745 2927 et
2787 2873 3084 2944 indulgenti
3132 2860 3291 2932 citius

1753 2955 2137 3025 indulgebitur.

1682 3048 1726 3108 (Σ
1822 3060 2003 3119 XLIV.
2037 3063 2188 3129 Quod
2236 3065 2280 3120 si
2315 3067 2665 3134 provectioris
2708 3068 2881 3124 aetatis
2920 3071 2989 3125 sit
3026 3070 3071 3125 is
3104 3071 3194 3140 qui
3225 3071 3290 3127 ad

1763 3153 2129 3221 paenitentiam
2174 3154 2337 3220 venit,
2373 3154 2635 3224 comagis
2685 3160 2883 3227 gratias
2938 3174 3094 3228 agere
3140 3158 3295 3215 debet

1765 3240 1889 3303 Deo,
1924 3239 2063 3308 quod
2109 3248 2393 3310 postquam
2439 3242 2641 3298 fractus
2697 3244 2779 3299 est
2830 3246 3293 3314 omnisimpetus

1761 3320 2205 3397 concupiscentize
2235 3334 2487 3393 carnalis,
2522 3333 2744 3387 scientia
2775 3334 3017 3387 veritatis
3049 3344 3289 3403 accepta,

1760 3421 1902 3471 nulla
1939 3422 1985 3473 ei
2031 3420 2481 3489 iinminet‘pugna
2516 3424 2847 3486 certaminis,
2890 3440 2983 3491 per
3017 3440 3173 3492 quam
3209 3426 3293 3479 iu-

1760 3520 2036 3578 surgentes
2099 3511 2355 3564 adversus
2417 3514 2653 3565 animum
2722 3514 2981 3582 reprimat
3047 3518 3289 3584 corporis

1760 3591 2079 3664 voluptates.
2127 3595 2376 3666 Superest
2417 3616 2544 3669 ergo
2577 3602 2628 3654 in
2662 3602 2930 3670 agnitione
2969 3603 3207 3657 veritatis
3237 3612 3290 3658 et

1760 3686 2136 3740 misericordia:
2169 3688 2419 3755 operibus
2475 3690 2736 3751 exerceri,
2770 3698 2826 3742 ut
2869 3682 3050 3743 afferat
3085 3690 3287 3747 fructus

1758 3776 1945 3845 dignos
1975 3768 2317 3845 pmnitentiae,
2350 3793 2459 3843 nec
2479 3786 2624 3847 putet
2651 3780 2775 3847 quia
2807 3781 2858 3832 in
2891 3781 3146 3849 temporis
3176 3782 3290 3834 lon—

1758 3858 1993 3934 gitudine
2038 3860 2413 3920 documentum
2462 3858 2830 3922 conversionis
2879 3870 3197 3933 ostenditur,
3239 3879 3292 3924 et

1757 3971 1861 4010 non
1895 3956 1945 4009 in
1977 3952 2275 4012 devotionis
2319 3974 2379 4012 ac
2419 3959 2676 4027 propositi
2706 3958 2975 4014 ﬁrmitate.
3009 3959 3113 4013 Deo
3146 3960 3289 4013 enim

1758 4044 2051 4099 manifesta:
2093 4038 2217 4102 sunt
2250 4040 2474 4109 mentes,
2511 4048 2599 4116 qui
2644 4062 2748 4100 non
2794 4055 3089 4115 temporum
3128 4050 3290 4102 ratio-

1756 4128 1876 4189 nem
1908 4136 2133 4205 colligit,
2169 4136 2260 4189 sed
2303 4127 2637 4192 animorum:
2680 4135 2793 4204 ipse
2839 4138 2979 4189 enim
3014 4138 3218 4205 probat,
3246 4137 3290 4192 si

1757 4225 1876 4293 quis
1899 4225 2073 4294 agnita
2094 4227 2334 4280 veritatis
2353 4226 2729 4295 prmdicatione
2755 4242 2861 4279 non
2885 4225 3092 4280 distulit
3121 4242 3291 4297 neque

1757 4324 1964 4385 tempus
1996 4318 2309 4386 negligendo
2339 4310 2814 4385 consumpsit,sed
2843 4308 3022 4372 statim
3053 4326 3104 4371 et
3136 4318 3180 4371 si
3211 4318 3292 4391 di-

1690 4414 1733 4467 D
1760 4406 1806 4458 ci
1840 4413 2009 4473 potest
2034 4406 2218 4459 eodem
2248 4416 2533 4467 momento,
2563 4408 2827 4474 praeterita
2853 4407 3288 4484 perhorrescens,

1762 4494 2059 4547 futurorum
2109 4493 2431 4548 desiderium
2481 4496 2644 4563 ccepit
2690 4503 2743 4549 et
2786 4494 2840 4548 in
2880 4510 3113 4549 amorem
3140 4495 3289 4569 regni

1760 4585 1994 4639 caelestis
2023 4585 2242 4638 exarsit.

1826 4695 1982 4750 XLV.
2023 4696 2243 4766 Propter
2267 4697 2409 4766 quod
2439 4714 2594 4752 nemo
2619 4706 2855 4753 vestrum
2878 4700 3017 4752 ultra
3034 4699 3295 4756 dissimu-

1759 4787 1831 4841 let
1876 4800 1976 4839 nec
2022 4794 2167 4840 retro
2210 4788 2480 4855 respiciat,
2512 4786 2607 4841 sed
2655 4787 2718 4840 ad
2748 4787 3093 4856 Evangelium
3142 4790 3291 4861 regni

1760 4874 1853 4930 Dei
1882 4875 2107 4929 libenter
2133 4875 2371 4929 accedat.
2400 4874 2517 4928 Non
2562 4875 2705 4928 dicat
2752 4889 2972 4943 pauper,
3001 4876 3126 4944 quia
3172 4890 3291 4930 cum

1759 4966 1907 5020 dives
1936 4964 2110 5019 factus
2140 4964 2309 5029 fuero,
2341 4975 2467 5018 tunc
2495 4972 2813 5029 convertar;
2861 4979 2969 5017 non
3002 4964 3232 5033 requirit
3261 4979 3289 5016 a

1761 5066 1814 5115 te
1855 5059 1997 5115 Deus
2037 5060 2340 5128 pecuniam,
2371 5061 2463 5115 sed
2509 5062 2743 5113 animum
2793 5059 3196 5114 misericordem
3238 5064 3292 5111 et

1761 5151 1902 5221 piam
1931 5157 2178 5206 mentem.
2202 5148 2384 5220 Neque
2410 5151 2555 5205 dives
2582 5150 2981 5205 conversionem
3007 5163 3158 5205 suam
3187 5144 3291 5201 dif-

1762 5238 1898 5295 ferat
1941 5254 2038 5309 pro
2079 5240 2437 5294 sollicitudine
2470 5238 2732 5302 saeculari,
2764 5237 2888 5289 dum
2932 5237 3131 5305 cogitat
3159 5250 3292 5305 quo-

1762 5329 1920 5383 modo
1949 5328 2222 5397 dispenset
2248 5327 2628 5381 abundantiam
2674 5329 2883 5393 frugum
2907 5341 2922 5389 ;
2946 5339 3120 5393 neque
3149 5325 3291 5378 dicat

1764 5418 1905 5472 intra
1931 5418 2271 5486 semetipsum
2298 5457 2312 5483 ,
2344 5416 2482 5482 Quid
2506 5417 2701 5485 faciam
2723 5454 2738 5479 ,
2761 5413 2848 5464 ubi
2877 5412 3294 5481 recondamfru-

1763 5517 1875 5560 ctus
1908 5508 2082 5560 meos?
2116 5504 2293 5574 Neque
2320 5504 2465 5558 dicat
2494 5503 2685 5556 anima:
2732 5514 2842 5553 sum
2863 5538 2877 5564 ,
2919 5497 3094 5553 Habes
3129 5500 3294 5552 multa

1764 5596 1898 5651 bona
1938 5597 2161 5666 reposita
2211 5597 2265 5649 in
2308 5611 2471 5649 annos
2512 5594 2704 5647 stultos
2729 5630 2745 5653 ,
2788 5589 3030 5657 epulare,
3082 5590 3292 5650 (atare:

1764 5705 1889 5747 nam
1917 5689 2121 5746 dicetur
2138 5686 2187 5743 ei
2222 5706 2235 5743 :
2267 5686 2469 5752 Stulte,
2495 5685 2590 5739 hac
2629 5689 2782 5737 nocte
2819 5679 3086 5747 auferetur
3122 5678 3212 5730 ab:
3246 5688 3293 5731 te
