3904 6362
541 302 672 360 i113

1347 299 1403 354 3.
1443 296 1833 354 CLEMENTIS
1867 295 1887 352 ι
1918 295 2081 352 ROM.
2119 295 2318 355 PONT.
2346 295 2572 352 OPEBA
2630 297 2866 355 ΒΗΜΛ)

3664 305 3789 362 ΝΗ

536 437 716 476 animo
756 428 869 485 tua,
901 428 952 476 et
973 435 1088 490 qua:
1116 420 1437 487 praeparasti
1465 418 1616 488 cujus
1652 426 1802 471 erunt
1837 415 2117 483 "?Itaque
2145 417 2192 476 Α
2220 421 2430 469 rectum
2455 414 2745 470 consilium
2779 415 3000 487 perdat;
3039 417 3131 472 illa
3165 433 3298 475 vero
3336 433 3464 490 qua:
3492 417 3671 473 malos
3699 437 3794 489 pu.

535 512 755 570 festinet
787 514 850 567 ad
888 511 1264 582 pmnitentiam
1309 511 1487 565 omnis
1526 517 1682 569 tetas.
1717 509 1897 562 omnis
1928 523 2111 570 sexus,

535 607 824 675 omnisque
851 603 1112 668 conditio,
1148 611 1206 656 ut
1236 605 1401 657 vitam
1429 610 1802 672 consequatur
1832 610 2110 655 aeternam.

533 693 770 750 Juvenes
801 693 1018 764 quidem
1049 694 1103 748 in
1131 709 1196 748 eo
1228 694 1369 764 grati
1401 694 1534 756 sint,
1565 694 1711 763 quod
1757 693 1811 746 in
1861 693 1982 761 ipso
2014 693 2116 746 im.

537 799 663 860 petu
712 787 1109 843 desideriorum
1156 789 1401 843 cervices
1453 803 1583 843 suas
1631 787 1765 858 jugo
1815 789 2116 858 subjiciunt

537 881 858 950 disciplinae.
888 878 1059 934 Senes
1088 887 1141 934 et
1170 880 1272 949 ipsi
1299 878 1621 942 laudabiles,
1648 882 1777 949 quia
1799 881 1954 934 multi
1973 889 2113 936 tem-

536 975 686 1046 poris
716 969 1194 1036 consuetudinem,
1231 974 1285 1024 in
1333 987 1441 1041 qua
1484 971 1626 1025 male
1673 974 1932 1043 prmventi
1961 980 2112 1038 sunt,

538 1084 634 1138 pro
666 1065 756 1119 Dei
790 1065 984 1118 timore
1015 1073 1371 1118 commutant.

607 1155 789 1211 XLVI.
823 1155 991 1210 Nemo
1021 1171 1152 1226 ergo
1179 1155 1415 1220 ditferat,
1451 1172 1612 1211 nemo
1644 1166 1963 1225 cunctetur;
1993 1175 2114 1230 qua:

534 1248 680 1302 enim
711 1261 876 1300 causa
908 1247 1202 1300 cunctandi
1233 1255 1316 1301 est
1335 1248 1402 1299 ad
1426 1247 1562 1302 bene
1590 1249 1896 1317 agendum?
1923 1261 2016 1304 aut
2044 1251 2114 1303 ti-

536 1353 672 1402 mes,
701 1352 766 1390 ne
792 1351 915 1390 cum
946 1336 1080 1390 bene
1112 1337 1328 1399 feceris,
1362 1337 1434 1391 ibi
1471 1339 1969 1393 remunerationem
2000 1357 2111 1394 non

539 1427 784 1481 invenias
837 1434 894 1479 ut
938 1427 1179 1495 putasti?
1221 1427 1283 1478 Et
1318 1427 1448 1495 quid
1478 1429 1684 1482 senties
1714 1428 2026 1483 detrimenti
2063 1432 2108 1484 si

538 1518 675 1574 bene
709 1517 902 1571 feceris
929 1517 1119 1585 gratis,
1149 1532 1328 1571 nonne
1351 1523 1511 1570 etiam
1542 1519 1656 1572 sola
1684 1519 1738 1572 in
1779 1519 1863 1574 his
1889 1521 2108 1574 suflice-

537 1619 622 1664 ret
677 1608 1050 1662 conscientia?
1092 1607 1246 1672 Quod
1282 1609 1326 1660 si
1375 1609 1646 1662 inveneris
1690 1616 1750 1661 ut
1800 1611 2105 1678 praesumis,

539 1716 720 1754 nonne
748 1715 846 1769 pro
860 1701 1039 1769 parvis
1064 1715 1276 1769 magna,
1294 1707 1347 1753 et
1371 1715 1468 1769 pro
1494 1702 1882 1770 temporalibus
1907 1711 2108 1756 aeterna

539 1793 808 1862 recipies?
842 1809 1028 1847 verum
1064 1810 1162 1864 ego
1211 1795 1323 1848 haec
1361 1803 1584 1863 propter
1623 1794 1936 1852 incredulos
1976 1796 2107 1851 dixi.

537 1885 649 1940 Nos
682 1895 861 1940 autem
906 1901 1026 1955 qua:
1071 1887 1454 1954 praedicamus,
1498 1889 1568 1940 ita
1616 1902 1674 1941 se
1714 1888 1935 1952 habent,
1985 1890 2111 1958 quia

538 1992 642 2032 nec
672 1978 831 2030 aiiter
860 1991 982 2031 esse
1016 1984 1266 2046 possunt,
1313 1994 1434 2047 qua:
1472 1979 1788 2047 prophetica
1827 1995 1958 2034 voce
1987 1997 2114 2050 pro-

541 2069 707 2122 missa
737 2076 883 2123 sunt.

613 2160 819 2215 XLVII.
849 2161 903 2214 Si
929 2161 1052 2228 quis
1083 2175 1211 2214 vero
1258 2163 1412 2232 cupit
1453 2163 1783 2218 examussim
1829 2164 2113 2218 veritatem

541 2261 745 2308 nostra:
795 2252 1202 2322 prmdicationis
1235 2268 1552 2323 agnoscere,
1589 2255 1878 2308 conveniat
1910 2255 1977 2308 ad
2018 2271 2114 2308 au—

541 2344 822 2407 diendum,
855 2353 908 2398 et
942 2346 1072 2414 quid
1107 2347 1177 2400 sit
1209 2361 1370 2400 verus
1410 2348 1672 2416 propheta
1711 2357 2030 2416 cognoscat,
2061 2356 2116 2402 et

541 2439 674 2487 tunc
696 2435 914 2487 demum
941 2436 1121 2489 omnis
1153 2436 1205 2489 in
1231 2451 1295 2491 eo
1325 2438 1562 2491 cessabit
1593 2436 2012 2506 ambiguitas;si
2037 2446 2118 2489 ta-

541 2541 666 2582 men
717 2542 826 2581 non
870 2526 1161 2581 obstinatis
1195 2528 1394 2582 animis
1431 2529 1652 2582 resistat
1685 2529 1789 2590 his,
1823 2544 1943 2598 quae
1989 2546 2116 2584 vera

540 2635 663 2674 esse
675 2621 1016 2688 compererit.
1036 2618 1174 2674 Sunt
1191 2622 1333 2674 enim
1355 2621 1574 2690 quidam
1594 2622 1684 2690 qui
1703 2622 1942 2690 quolibet
1958 2623 2117 2678 modo

542 2711 611 2765 ad
643 2711 741 2765 hoc
774 2718 982 2765 tantum
1016 2713 1316 2781 respiciunt
1343 2721 1400 2765 ut
1432 2713 1673 2776 vincant,
1697 2721 1750 2767 et
1775 2713 1988 2768 laudem
2023 2730 2118 2783 pro

543 2805 647 2859 hoc
672 2806 843 2876 magis
867 2822 1028 2874 quam
1057 2806 1288 2860 salutem
1313 2816 1579 2874 quaerant,
1613 2805 1812 2874 quibus
1849 2822 1954 2859 non
1995 2822 2120 2860 eve-

542 2896 659 2950 niat
690 2899 772 2950 vel
803 2896 909 2949 dici
953 2895 1182 2965 aliquid,
1232 2912 1301 2950 ne
1344 2903 1400 2950 et
1431 2911 1610 2949 sermo
1650 2895 1848 2949 nobilis
1885 2896 2120 2964 patiatur

545 2986 823 3056 injuriam,
857 2995 908 3040 et
941 2988 1154 3055 injuria:
1196 3004 1306 3041 suze
1342 3003 1494 3041 reum
1538 2997 1738 3040 aeterna
1772 2997 1944 3041 morte
1981 3003 2114 3041 cono

2219 506 2318 569 nit,
2344 508 2818 577 perturbationem
2841 509 3017 563 menti
3047 525 3156 564 non
3185 509 3377 576 infert,
3415 510 3514 566 sed
3541 526 3708 574 unus,
3742 518 3796 564 ut

2219 600 2293 653 ita
2317 598 2567 664 dixerim,
2605 599 2860 671 idemque
2886 602 3112 658 affectus
3135 611 3240 667 est,
3277 604 3370 673 qui
3402 611 3458 658 et
3491 603 3654 658 bonis
3671 619 3799 673 prte-

2217 692 2324 746 mia
2351 702 2404 746 et
2425 692 2582 747 malis
2615 693 2867 748 retribuit
2898 710 3151 764 poenam;
3185 711 3307 750 nam
3333 695 3376 750 si
3407 695 3573 750 bonis
3602 704 3658 750 et
3685 713 3798 750 ma-

2217 783 2284 836 lis
2308 783 2447 837 bona
2474 785 2749 850 restituat,
2782 793 2836 841 et
2870 787 3037 840 simili
3059 789 3505 843 remuneratione
3529 803 3658 858 erga
3679 790 3800 858 pios

2217 885 2402 930 utatur
2427 885 2481 932 et
2510 877 2730 950 impios,
2757 879 2997 949 injustus
3029 881 3211 951 potius
3240 897 3402 952 quam
3438 883 3619 936 bonus
3648 882 3804 938 video

2216 968 2386 1022 bitur.

2286 1057 2469 1113 XLIX.
2504 1057 2610 1114 Sed
2636 1061 2757 1116 ais:
2789 1079 2889 1118 nec
2929 1061 3076 1118 Deus
3118 1062 3307 1116 debuit
3341 1062 3526 1117 facere
3567 1061 3802 1116 malum.

2214 1153 2418 1208 Verum
2457 1151 2631 1219 dicis;
2682 1169 2859 1224 neque
2917 1154 3064 1208 fecit.
3110 1151 3214 1207 Sed
3244 1154 3338 1224 qui
3387 1154 3457 1208 ab
3506 1169 3572 1208 eo
3627 1152 3803 1207 creati

2214 1255 2363 1310 sunt,
2403 1248 2531 1302 dum
2575 1247 2902 1318 judicandos
2943 1263 3001 1302 se
3043 1261 3166 1300 esse
3196 1261 3303 1300 non
3335 1245 3588 1309 credunt,
3616 1245 3805 1298 indul-

2214 1345 2399 1408 gentes
2425 1339 2792 1408 voluptatibus
2818 1337 2964 1401 suis,
2987 1351 3018 1390 a
3039 1337 3240 1406 pietate
3285 1345 3339 1390 et
3376 1337 3587 1405 iustitia
3633 1333 3805 1389 devo-

2212 1429 2310 1482 luti
2347 1435 2493 1484 sunt.
2538 1429 2644 1483 Sed
2675 1428 2861 1482 dices:
2899 1426 2953 1484 Si
2992 1427 3201 1495 justum
3235 1435 3318 1482 est
3359 1427 3553 1495 punire
3596 1426 3799 1491 malos,

2213 1522 2396 1574 statim
2418 1530 2476 1574 ut
2500 1521 2640 1575 male
2670 1529 2836 1590 agunt
2867 1519 3048 1588 puniri
3073 1519 3291 1574 debent.
3312 1517 3391 1572 Tu
3411 1518 3632 1587 quidem
3659 1520 3803 1575 bene

2213 1612 2478 1680 festinas;
2511 1614 2605 1667 sed
2631 1614 2719 1667 ille
2742 1613 2836 1682 qui
2867 1619 3104 1668 aeternus
3145 1619 3229 1666 est
3260 1618 3312 1665 et
3340 1627 3504 1682 quem
3536 1611 3674 1664 nihil
3710 1612 3802 1664 la-

2214 1714 2310 1770 tet,
2351 1713 2556 1776 quanto
2585 1705 2770 1758 nullus
2800 1705 2848 1758 ei
2882 1705 3028 1767 finis,
3060 1711 3214 1758 tanto
3250 1710 3303 1756 et
3340 1703 3550 1772 prolixa
3581 1705 3802 1771 patien-

2216 1800 2289 1853 tia
2323 1807 2426 1854 est.
2456 1809 2509 1852 et
2540 1815 2647 1852 non
2679 1797 2744 1850 ad
2778 1797 3124 1851 velocitatem
3166 1795 3441 1858 vindictae,
3479 1795 3573 1849 sed
3613 1795 3679 1847 ad
3712 1810 3805 1849 sa-

2215 1891 2344 1944 lutis
2400 1891 2621 1959 respicit
2668 1904 2899 1954 causas;
2968 1888 3272 1943 delectatur
3333 1887 3478 1941 enim
3527 1902 3636 1939 non
3689 1894 3804 1939 tam

2216 1986 2410 2041 morte,
2437 1993 2598 2046 quam
2628 1978 2990 2032 conversione
3014 1978 3290 2046 peccantis
3309 1977 3378 2031 ".
3415 1976 3542 2030 Ideo
3566 1976 3808 2045 denique

2215 2073 2270 2119 et
2327 2073 2577 2120 sanctum
2627 2066 2899 2134 baptisma
2946 2066 3175 2135 largitus
3221 2073 3304 2120 est
3348 2065 3699 2128 hominibus,
3741 2067 3804 2120 ad

2217 2155 2365 2224 quod
2406 2157 2451 2209 si
2481 2156 2605 2225 quis
2635 2157 2819 2211 venire
2848 2155 3088 2219 festinet,
3119 2163 3172 2210 et
3201 2156 3268 2210 de
3316 2157 3532 2226 reliquo
3587 2165 3809 2210 maneat

2217 2249 2560 2312 emendatus,
2592 2249 2844 2304 delentur
2877 2265 2943 2302 ex
2972 2262 3038 2301 eo
3069 2248 3250 2301 omnia
3281 2255 3531 2318 peccata,
3561 2264 3690 2318 qua:
3714 2263 3810 2318 per

2219 2340 2581 2410 ignorantiam
2612 2341 2907 2396 commissa
2940 2348 3087 2395 sunt.

2290 2429 2350 2485 L.
2376 2429 2509 2484 Nam
2534 2431 2843 2501 philosophi
2873 2431 3004 2501 quid
3029 2432 3381 2488 contulerunt
3425 2431 3559 2485 vita:
3606 2437 3806 2483 mortao

2232 2522 2389 2587 lium,
2424 2525 2660 2579 dicendo
2692 2525 3007 2580 hominibus
3047 2542 3154 2581 non
3186 2527 3348 2580 irasci
3376 2525 3589 2579 Deum?
3611 2539 3810 2593 nempe

2222 2627 2280 2670 ut
2333 2617 2592 2672 docerent
2639 2633 2733 2673 eos
2769 2619 2980 2672 nullum
3021 2619 3224 2675 habere
3261 2619 3518 2673 vindicta:
3569 2617 3808 2684 alicujus

2219 2709 2303 2762 vel
2344 2709 2538 2778 judicii
2584 2718 2808 2773 metum,
2862 2717 2916 2764 et
2962 2727 3060 2780 per
3102 2711 3206 2764 hoc
3261 2719 3373 2764 tota
3439 2707 3810 2778 peccantibus

2223 2797 2374 2852 frena
2397 2799 2668 2856 laxarent.
2702 2799 2808 2852 Aut
2837 2801 2966 2869 quid
2997 2802 3073 2855 illi
3107 2801 3406 2854 humanum
3435 2814 3616 2868 genus
3655 2799 3813 2865 iuva.

2223 2897 2373 2953 runt,
2407 2891 2499 2959 qui
2541 2889 2802 2944 dixerunt
2832 2907 2941 2945 nor.
2969 2907 3092 2946 esse
3115 2891 3306 2958 Deum,
3333 2893 3426 2947 sed
3453 2908 3593 2946 casu
3629 2893 3812 2944 omnia

2222 2990 2275 3035 et
2306 2981 2530 3035 fortuito
2564 2983 2684 3051 agi?
2715 3000 2894 3038 nonne
2925 2992 2984 3037 ut
3014 2984 3129 3038 ha3c
3165 2985 3450 3039 audientes
3473 2984 3736 3039 homines
3761 2993 3816 3038 et

545 3081 784 3135 demnet.
821 3078 961 3144 Quid
993 3080 1138 3134 enim
1176 3087 1259 3134 est
1293 3079 1347 3132 in
1386 3094 1494 3149 quo
1541 3079 1818 3133 adversari
1860 3079 2123 3148 praedica-
2149 3094 2191 3150 ο
2225 3075 2553 3130 arbitrantes
2597 3076 2805 3128 nullum
2837 3091 2959 3131 esse
2985 3078 3249 3146 judiccm,
3303 3077 3516 3129 nullum
3561 3077 3818 3145 proviso-

494 3213 497 3217 .
545 3172 679 3226 tioni
713 3178 914 3223 nostrae
956 3171 1079 3239 quis
1119 3168 1343 3223 debeat?
1390 3177 1483 3222 aut
1525 3168 1579 3221 in
1630 3185 1739 3238 quo
1788 3177 1977 3222 contra
2011 3169 2121 3223 veri

545 3265 875 3331 honestique
922 3260 1080 3315 ﬁdem
1127 3276 1306 3314 sermo
1344 3259 1751 3330 praedicationis
1792 3271 1993 3314 nostra:
2025 3259 2120 3313 de-

546 3351 950 3424 prehenditur?
979 3350 1073 3420 qui
1123 3351 1254 3404 dicit
1297 3350 1676 3404 honorandum
1710 3366 1832 3404 esse
1867 3350 2037 3402 Deum
2069 3355 2123 3403 et

547 3441 764 3496 Patrem
807 3443 1051 3496 omnium
1093 3442 1452 3503 conditorem,
1489 3442 1717 3509 ejusque
1760 3440 1978 3506 Filium,
2030 3441 2122 3511 qui

550 3535 703 3590 solus
735 3550 858 3588 eum
889 3543 942 3588 et
971 3533 1304 3587 voluntatem
1340 3532 1459 3601 ejus
1495 3533 1666 3596 novit,
1695 3534 1893 3602 cuique
1921 3534 2022 3586 soli
2057 3533 2125 3586 de

549 3624 807 3678 omnibus
839 3621 1173 3676 credendum
1206 3631 1289 3676 est
1321 3638 1440 3690 qua:
1472 3623 1762 3692 prmecpit;
1798 3623 1948 3677 solus
1979 3623 2124 3676 enim

549 3723 635 3771 est
664 3718 748 3770 lex
778 3723 831 3768 et
853 3716 1129 3785 legislator
1153 3724 1205 3771 et
1231 3715 1397 3784 judex
1418 3716 1624 3784 justus.
1651 3716 1807 3784 cujus
1834 3715 1915 3769 lex
1937 3714 2124 3769 decer-

549 3808 634 3861 nit
661 3805 1042 3859 hunorandum
1074 3821 1194 3860 esse
1227 3806 1395 3860 Deum
1437 3805 1722 3859 Dominum
1751 3807 1992 3858 omnium
2031 3820 2126 3874 per

549 3899 717 3950 vitam
752 3896 988 3952 sobriam
1014 3935 1028 3959 ,
1068 3904 1307 3958 castam,
1344 3895 1567 3964 justam,
1605 3896 2033 3966 misericordem,
2070 3903 2125 3951 et

551 3987 608 4043 in
643 3989 762 4058 ipso
797 3988 913 4042 solo
941 4003 1154 4041 omnem
1185 3989 1552 4042 collocandam
1590 4004 1759 4057 spem.

627 4075 854 4131 XLVIII.
912 4075 1016 4130 Sed
1062 4078 1206 4131 dicet
1256 4077 1476 4145 aliquis,
1510 4079 1670 4131 etiam
1720 4094 1748 4130 a
1787 4078 2125 4149 philosophis

554 4168 867 4236 bujusmodi
894 4175 1166 4237 praecepta
1196 4168 1339 4222 dari.
1372 4168 1518 4223 Mhi]
1549 4177 1632 4224 est
1667 4171 1876 4236 simile;
1901 4186 2028 4224 nam
2060 4171 2128 4226 de

553 4263 762 4319 iustitia
795 4263 1013 4332 quidem
1062 4263 1129 4317 ab
1161 4266 1241 4319 eis
1271 4272 1324 4319 et
1354 4267 1653 4320 sobrietate
1685 4268 1996 4333 mandatur,
2030 4268 2126 4324 sed

551 4362 1015 4409 remuneratorem
1040 4355 1206 4411 Deum
1233 4366 1510 4430 gestorum
1535 4359 1800 4414 bonorum
1832 4362 2127 4416 malorum-

2222 3181 2336 3222 rem
2379 3181 2582 3231 rerum,
2623 3165 2690 3218 ad
2728 3181 2888 3220 omne
2930 3165 3167 3230 facinus,
3212 3166 3358 3235 quod
3388 3166 3472 3219 vel
3519 3165 3680 3218 furor
3729 3165 3815 3219 vel

2222 3259 2450 3314 avaritia
2500 3259 2582 3311 vel
2628 3257 2794 3311 libido
2861 3257 3164 3321 dictasset,
3227 3259 3501 3312 neminem
3574 3259 3816 3312 verendo

2222 3351 2530 3421 praecipites
2560 3354 2886 3422 agerentur?
2908 3352 3041 3407 Nam
3073 3353 3148 3407 illi
3183 3352 3414 3404 multum
3440 3367 3637 3405 revera
3659 3352 3817 3420 juve-

2223 3453 2353 3497 runt
2415 3444 2728 3497 mortalium
2779 3445 2970 3508 vitam,
3005 3445 3096 3513 qui
3160 3444 3418 3496 dixerunt
3462 3443 3605 3495 nihil
3655 3459 3812 3511 posse

2225 3535 2340 3588 sine
2365 3535 2547 3604 genesi
2579 3534 2716 3600 ﬁeri,
2748 3536 2959 3590 scilicet
2990 3543 3047 3589 ut
3076 3534 3457 3603 unusquisque
3489 3533 3709 3602 peccati
3731 3534 3812 3587 sui

2223 3641 2444 3680 causam
2476 3628 2660 3697 genesi
2686 3627 2990 3690 ascribens,
3019 3627 3370 3694 semetipsum
3409 3625 3464 3677 in
3503 3625 3814 3680 sceleribus

2225 3719 2339 3775 suis
2368 3718 2747 3787 pronuntiaret
2783 3717 3086 3776 innoxium,
3117 3716 3246 3769 dum
3271 3713 3478 3767 crimen
3512 3728 3680 3766 suum
3707 3729 3815 3768 non

2223 3809 2539 3879 patuitendo
2571 3809 2753 3874 diluit,
2791 3809 2884 3864 sed
2918 3809 3087 3862 fatum
3117 3805 3392 3876 culpando
3432 3805 3813 3874 congeminat.

2223 3901 2358 3956 Nam
2389 3902 2456 3957 de
2489 3902 2594 3957 illis
2626 3903 2756 3972 quid
2781 3902 2958 3956 dicam
3002 3899 3368 3970 philosophis,
3399 3898 3495 3968 qui
3531 3898 3670 3954 deos
3720 3913 3816 3952 co-

2225 3992 2420 4048 lendos
2470 4009 2594 4048 esse
2645 3995 3091 4048 introduxerunt.
3139 4001 3192 4046 et
3235 3991 3372 4046 tales
3414 3991 3576 4054 deos,
3623 3991 3816 4061 quales

2226 4083 2386 4152 paulo
2414 4093 2539 4138 ante
2569 4085 2842 4140 audistis?
2867 4083 3008 4150 Quid
3039 4082 3141 4136 fuit
3163 4081 3310 4136 aliud
3345 4081 3674 4145 decernere.
3705 4082 3815 4137 nisi

2225 4183 2285 4229 ut
2317 4175 2464 4242 vitia,
2490 4176 2594 4231 nisi
2629 4186 2689 4230 ut
2716 4177 2967 4243 crimina,
3003 4178 3110 4232 nisi
3141 4185 3201 4231 ut
3232 4175 3435 4246 ﬂagitia
3461 4171 3821 4228 colerentur?

2223 4263 2395 4322 Pudet
2423 4267 2750 4336 miseretque
2789 4283 2875 4321 me
2905 4268 3092 4332 vestri,
3125 4267 3170 4322 si
3211 4266 3434 4321 creditis
3461 4265 3615 4334 quod
3668 4263 3817 4317 indi-

2222 4371 2326 4428 gna
2373 4357 2486 4411 haec
2527 4367 2712 4413 essent
2755 4367 2808 4413 et
2856 4359 3022 4428 impia
3073 4367 3237 4427 atque
3282 4356 3690 4419 exsecrabilia,
3727 4361 3822 4408 aut

554 4459 662 4515 que
701 4460 808 4498 non
852 4457 1072 4514 norunt,
1111 4455 1165 4501 et
1206 4449 1326 4505 ideo
1358 4451 1501 4521 leges
1530 4462 1582 4507 et
1619 4463 1883 4521 praecepta
1938 4469 2124 4508 eorum
2157 4433 2333 4504 l)non
2380 4448 2810 4519 deprehendistis
2859 4451 3160 4515 hactenus,
3218 4457 3314 4506 aut
3363 4448 3719 4519 deprehensa
3765 4455 3818 4500 et

555 4546 931 4590 accusatorem
951 4539 1326 4594 tantummodo
1343 4541 1618 4610 publicum
1633 4543 1824 4607 vitant,
1840 4548 2125 4602 conscien-

554 4628 685 4682 tiam
719 4645 846 4684 vero
875 4630 1164 4700 purificare
1191 4647 1296 4684 non
1325 4644 1573 4702 possunt.
1599 4634 1739 4700 Quid
1765 4637 1908 4690 enim
1941 4639 2128 4694 timeat

557 4718 615 4776 in
644 4723 859 4806 occulto
890 4739 1136 4792 peccare,
1177 4726 1268 4794 qui
1319 4727 1656 4780 occultorum
1708 4744 1828 4783 esse
1862 4729 2126 4784 arbitrum

556 4812 871 4882 etjudicem
908 4817 1124 4870 nescit?
1169 4816 1390 4870 Addunt
1427 4827 1684 4886 praeterea
1715 4821 2022 4892 phi|050pbi
2071 4823 2126 4878 in

557 4906 845 4976 praeceptis
875 4905 1012 4969 suis,
1040 4907 1204 4960 etiam
1235 4907 1368 4962 deos
1391 4909 1483 4977 qui
1512 4919 1639 4963 sunt
1664 4911 1937 4967 daemones
1957 4914 2128 4968 bono-

557 4995 783 5061 randos,
815 4996 959 5065 quod
991 4997 1194 5063 solum,
1222 4999 1437 5052 etiamsi
1470 5000 1524 5052 in
1555 5001 1679 5056 aliis
1709 5004 2018 5070 probabiles
2047 5005 2128 5060 vi-

557 5083 845 5150 derentur,
877 5087 1213 5158 gravissimae
1242 5103 1338 5144 eos
1367 5096 1547 5159 potest
1576 5092 1870 5161 impietatis
1899 5109 2130 5166 arguere

557 5191 612 5241 et
635 5183 874 5255 propriis
891 5184 1257 5239 condemnare
1277 5187 1586 5250 sententiis,
1612 5188 1702 5256 qui
1719 5202 1886 5242 unum
1909 5189 2128 5258 quidem

558 5293 683 5334 esse
709 5279 1066 5349 pronuntiant
1092 5276 1281 5342 Deum,
1312 5293 1412 5347 pro
1443 5281 1810 5335 assentatione
1841 5289 2022 5337 tamen
2044 5298 2130 5337 er-

561 5373 704 5428 roris
731 5372 956 5427 humani
981 5372 1164 5442 plures
1188 5372 1447 5427 mandent
1472 5373 1750 5428 colendos.
1769 5373 1934 5430 Aiunt
1949 5381 2127 5430 autem

561 5471 617 5520 et
667 5465 801 5520 illud
848 5465 1180 5536 philosOphi,
1227 5464 1396 5520 Deum
1441 5481 1550 5521 non
1592 5467 1777 5534 irasci,
1823 5468 2128 5525 nescientes

565 5554 694 5626 quid
712 5555 918 5616 dicant.
941 5560 1025 5614 Ira
1046 5561 1190 5616 enim
1209 5562 1351 5616 mala
1367 5567 1470 5627 est,
1488 5560 1580 5615 ubi
1595 5568 1828 5618 mentem
1849 5563 2052 5628 turbat,
2070 5570 2130 5619 ut

634 5745 680 5777 "
708 5743 843 5801 Luc.
881 5761 978 5816 xu,
1019 5747 1106 5814 Π,
1145 5748 1228 5812 19,
1261 5747 1350 5800 Ξθ.
1429 5744 1476 5776 ⁷⁸
1502 5743 1697 5800 Bacch.
1732 5760 1888 5812 xvm,
1916 5747 1984 5802 33

2226 4540 2492 4596 intellecta
2523 4542 2662 4596 mala
2697 4557 2796 4612 pro
2832 4543 2992 4597 bonis
3018 4550 3071 4596 et
3100 4542 3324 4611 optimis
3347 4539 3630 4596 coluistis.

2303 4631 2389 4686 LI.
2417 4629 2556 4684 Tum
2589 4639 2850 4700 praeterea
2884 4635 2938 4682 et
2969 4626 3103 4680 illud
3132 4626 3292 4696 quale
3339 4632 3444 4687 est,
3490 4623 3644 4692 quod
3678 4638 3813 4693 prte-

2232 4731 2585 4793 sumpserunt
2616 4721 2865 4776 nonnulli
2898 4719 3349 4790 philosophorum
3377 4716 3464 4769 vel
3496 4716 3569 4770 de
3598 4713 3716 4769 Deo
3736 4715 3813 4767 lo-

2232 4821 2348 4890 qui,
2381 4835 2506 4874 cum
2538 4817 2650 4870 sint
2675 4815 2956 4876 mortales,
2990 4820 3043 4866 et
3071 4811 3326 4881 opinione
3361 4808 3480 4862 sola
3511 4808 3581 4862 de
3621 4805 3814 4861 invisi-

2231 4912 2438 4967 bilibus
2477 4909 2660 4963 dicere
2690 4905 2773 4959 vel
2805 4905 2871 4960 de
2911 4902 3100 4958 mundi
3129 4901 3360 4970 origine,
3393 4899 3490 4954 ubi
3524 4913 3644 4952 non
3688 4899 3816 4952 ade-

2227 5011 2353 5060 rant
2385 5019 2508 5058 cum
2551 5003 2728 5064 ﬁeret,
2763 4999 2849 5053 vel
2889 4997 2955 5052 de
2993 4996 3101 5050 ﬁne
3130 4995 3252 5064 ejus
3286 4995 3370 5047 vel
3403 4993 3471 5047 de
3498 4992 3816 5046 animarum

2230 5098 2287 5152 in
2309 5095 2540 5152 infernis
2567 5091 2978 5163 dispensatione
3003 5097 3056 5144 et
3073 5087 3304 5157 judicio,
3341 5085 3668 5141 nescientes
3692 5085 3816 5153 quia

2231 5189 2519 5261 prmentia
2546 5186 2764 5258 quidem
2790 5192 2844 5240 et
2885 5181 3122 5238 visibilia
3153 5195 3321 5235 nosse
3346 5177 3594 5232 hominis
3619 5187 3711 5233 est
3739 5191 3820 5230 ra-

2233 5279 2534 5343 tionabilis,
2581 5277 2857 5349 prmterita
2890 5287 3021 5329 vero
3074 5280 3130 5328 et
3170 5271 3355 5326 futura
3406 5278 3461 5326 et
3510 5268 3817 5325 invisibilia

2235 5374 2399 5439 seire,
2431 5373 2604 5429 solius
2642 5368 2975 5443 prophetica
3003 5365 3358 5438 praescientiae
3381 5371 3487 5420 est.
3524 5361 3658 5417 Non
3689 5374 3820 5432 ergo

2235 5469 2351 5524 haec
2390 5467 2724 5538 conjecturis
2751 5472 2807 5521 et
2837 5460 3192 5534 opinionibus
3224 5456 3535 5529 colligenda
3569 5466 3738 5520 sunt,
3766 5455 3820 5507 in

2235 5563 2434 5633 quibus
2458 5561 2612 5618 valde
2633 5559 2898 5615 falluntur
2919 5553 3189 5621 homines,
3222 5551 3317 5608 sed
3341 5551 3445 5607 llde
3475 5547 3820 5622 prophetici
