3848 6246
138 334 139 337 η
174 281 295 337 “‘5

1355 274 1908 335 RECOGNITIONUM
1939 279 2064 333 LIB.
2117 277 2176 332 Χ.

3182 273 3310 327 1446

167 388 416 453 veritatis,
448 389 589 445 sicut
624 404 685 445 se
720 388 880 445 habet
906 389 1018 444 hac
1050 395 1233 443 nostra
1262 386 1530 443 doctrina.
1568 389 1677 444 Nos
1704 396 1750 452 Α
1777 392 2060 446 lectatione
2087 391 2203 461 ipsa
2230 390 2488 444 doctrinae
2508 396 2561 446 et
2591 390 2851 446 suavitate
2880 386 3159 441 verborum
3190 401 3306 455 per-

164 482 297 536 enim
329 481 459 533 nihil
487 495 552 533 ex
579 480 734 535 nobis
754 480 1040 549 loquimur,
1070 494 1168 534 nec
1197 478 1429 532 humana
1456 480 1681 534 aestima-

166 568 300 625 tione
331 569 550 623 collecta
579 571 982 633 annuntiamus,
1014 570 1115 623 hoc
1145 570 1288 623 enim
1327 569 1569 639 decipere
1597 580 1678 627 est

164 658 458 723 auditores;
484 659 578 712 sed
605 659 712 713 veri
746 659 1014 727 propheta:
1048 659 1362 712 auctoritate
1388 661 1541 715 nobis
1567 669 1678 714 tra-

162 748 264 800 dita
278 747 673 801 etmanifestata
692 749 1059 817 praedicamus.
1086 746 1159 800 De
1176 748 1330 815 cujus
1348 750 1675 816 priescientia

166 844 215 890 et
240 838 430 890 virtute
459 838 787 905 prepbetica,
819 839 864 892 si
889 840 1032 906 quis,
1066 847 1122 892 ut
1157 839 1287 900 dixi,
1319 838 1384 891 ad
1415 840 1673 905 liquidum

160 926 263 978 vult
304 926 621 979 documenta
660 927 958 995 suscipere,
984 928 1247 984 sollicitus
1284 930 1585 990 conveniat,
1621 937 1675 983 et

158 1012 370 1079 impiger
406 1013 474 1067 sit
525 1012 591 1065 ad
632 1015 979 1079 audiendum,
1020 1024 1073 1071 et
1108 1018 1377 1070 evidentes
1426 1016 1673 1070 dabimus

157 1102 506 1168 probationes,
555 1104 753 1170 quibus
798 1105 906 1157 vim
956 1106 1275 1174 prophetica:
1328 1106 1672 1173 praescientim

153 1203 252 1242 non
296 1191 464 1245 solum
490 1192 714 1247 auribus
755 1195 961 1258 audire,
994 1198 1087 1251 sed
1117 1205 1169 1251 et
1199 1199 1370 1251 oculis
1404 1199 1562 1251 etiam
1591 1200 1671 1252 vi-

153 1279 271 1333 dere
311 1294 372 1333 ac
412 1297 573 1335 manu
610 1292 944 1340 contrectare
989 1302 1047 1341 se
1076 1288 1277 1342 credat.
1310 1288 1383 1343 De
1412 1304 1518 1357 quo
1548 1305 1668 1343 cum

154 1376 342 1422 certam
378 1370 532 1424 fidem
562 1375 889 1442 conceperit,
914 1377 1097 1446 jugum
1138 1380 1359 1446 justitia:
1386 1390 1437 1435 et
1457 1382 1669 1450 pietatis

152 1457 340 1523 absque
391 1459 498 1511 ullo
538 1460 721 1517 labore
761 1466 1016 1534 suscipiet
1052 1469 1116 1531 ⁷⁷,
1157 1478 1465 1540 tantamque
1506 1474 1559 1526 in
1603 1489 1668 1527 eo

148 1546 333 1599 sentiet
361 1548 696 1617 suavitatem,
725 1561 782 1606 ut
808 1569 913 1608 non
941 1556 1113 1609 solum
1143 1559 1273 1612 nihil
1299 1561 1349 1613 ei
1372 1562 1568 1615 laboris
1589 1564 1670 1616 in-

149 1648 261 1687 esse
293 1646 563 1700 causetur,
597 1657 780 1695 verum
825 1653 881 1698 et
910 1647 1139 1714 amplius
1177 1650 1377 1718 aliquid
1417 1651 1539 1705 addi
1565 1654 1665 1707 sibi

146 1722 400 1780 desideret
418 1736 473 1782 et
495 1730 715 1800 imponi.

211 1812 313 1870 Lll.
346 1816 586 1888 Cumque
626 1822 738 1877 haec
764 1831 816 1878 et
843 1826 949 1878 alia
988 1826 1073 1882 his
1110 1828 1304 1883 similia
1334 1830 1576 1894 dixisset,
1616 1841 1668 1887 et

147 1905 423 1960 nonnullos
453 1923 518 1962 ex
553 1910 638 1965 his
672 1915 763 1981 qui
795 1914 1014 1969 aderant
1058 1916 1298 1972 infirmos
1334 1928 1387 1973 et
1416 1921 1671 1975 daemonic-

146 1992 241 2046 bus
267 1995 515 2052 obsessos
544 2013 809 2066 curasset,
838 2006 1168 2073 gratulantes
1188 2015 1241 2061 et
1270 2008 1433 2062 Deum
1467 2013 1668 2065 collau-

146 2080 323 2139 dantes
362 2089 543 2143 turbas
570 2092 793 2155 dimisit,
814 2095 1127 2162 praecipiens
1154 2099 1233 2153 eis
1254 2108 1312 2151 ut
1339 2100 1404 2153 ad
1426 2103 1666 2158 eumdem

147 2170 311 2226 locum
340 2176 497 2229 etiam
532 2182 983 2248 consequentibus
1007 2184 1195 2239 diebus
1222 2187 1468 2241 audiendi
1497 2192 1667 2259 gratia

144 2266 503 2321 convenirent.
527 2268 769 2338 Cumque
808 2271 954 2325 domi
991 2273 1102 2341 jam
1132 2275 1271 2329 inter
1296 2292 1397 2332 nos
1426 2294 1667 2335 essemus

148 2365 206 2405 ac
248 2368 669 2424 praepararemus
713 2361 777 2413 ad
812 2360 1095 2426 edendum,
1137 2364 1411 2434 ingressus
1450 2370 1664 2436 quidam

146 2443 349 2495 nuntiat
392 2445 686 2515 Appionem
734 2449 1174 2509 Plistonicensem
1208 2455 1320 2525 (ϋο)
1352 2473 1473 2511 cum
1517 2459 1665 2511 Anu-

148 2526 301 2587 bione
332 2551 503 2605 nuper
532 2539 742 2594 venisse
770 2540 837 2593 ab
864 2542 1168 2610 Antiochia,
1189 2552 1242 2598 et
1265 2545 1520 2615 hospitari
1544 2563 1663 2601 cum

148 2617 375 2679 Simone.
409 2626 543 2681 Tum
563 2639 713 2698 pater
741 2631 965 2687 audiens
994 2634 1210 2701 gavisus
1259 2644 1362 2702 est,
1390 2645 1444 2691 et
1472 2638 1545 2690 ait
1568 2638 1666 2693 Pe-

143 2715 261 2764 tro:
295 2711 349 2765 Si
373 2718 662 2783 permittis,
692 2719 813 2772 volo
850 2720 927 2774 ire
959 2728 1012 2774 et
1048 2722 1280 2777 salutare
1298 2724 1587 2793 Appionem
1612 2736 1666 2780 et

145 2793 495 2868 Anubionem,
526 2807 653 2874 quia
689 2806 840 2860 valde
868 2806 1027 2860 amici
1064 2808 1192 2860 mihi
1216 2818 1371 2875 sunt;
1422 2811 1665 2866 fortassis

140 2896 311 2940 autem
344 2892 678 2948 Anubionem
717 2895 876 2949 etiam
924 2896 1147 2950 suadere
1187 2906 1373 2965 potero
1393 2899 1665 2968 disputare

1778 481 1963 549 vigiles
1995 480 2306 535 mansimus.
2330 479 2394 531 Et
2420 494 2541 533 cum
2566 479 2675 547 jam
2706 484 3090 536 auroresceret,
3112 474 3307 531 Petrus

1778 571 1994 624 intuens
2026 586 2109 625 me
2138 586 2201 623 ac
2236 570 2427 623 fratres
2450 584 2617 633 meos,
2647 568 2719 621 ait
2745 587 2757 622 :
2788 566 2950 620 Miror
2979 566 3103 635 quid
3131 567 3303 619 visum

1776 661 1846 713 sit
1880 662 2014 729 patri
2050 668 2251 715 vestro.
2290 660 2532 729 Cumque
2575 660 2686 713 haec
2723 660 2943 724 diceret,
2997 657 3305 727 supervenit

1775 758 1925 818 pater
1977 750 2276 815 et‘,invenit
2320 748 2534 802 Petrum
2578 748 2731 801 nobis
2771 748 2835 801 de
2874 763 2930 802 se
2977 747 3300 814 loquentem.

1773 838 2015 907 Cumque
2063 841 2372 902 salutasset,
2421 838 2732 893 satisfacere
2777 839 2939 905 carpit
2981 844 3033 890 et
3085 852 3301 890 causam

1771 945 2054 997 exponere,
2084 930 2153 983 ob
2183 946 2343 998 quam
2376 928 2506 982 foris
2540 928 2843 982 mansisset.
2869 926 2975 980 Nos
3015 936 3187 979 autem
3218 942 3302 979 re-

1772 1019 2059 1086 spicientes
2078 1020 2139 1071 ad
2162 1035 2282 1073 enm
2312 1019 2643 1087 expavimus,
2661 1018 2862 1069 vultum
2890 1017 2943 1069 in
2970 1031 3032 1069 eo
3067 1016 3300 1069 Simonis

1770 1109 2012 1163 videntes
2045 1106 2174 1179 (6l),
2206 1122 2388 1160 vocem
2422 1114 2598 1159 tamen
2631 1105 2796 1174 patris
2840 1104 3004 1158 nostri
3049 1105 3302 1158 audieba-

1770 1214 1909 1251 mus.
1961 1197 2201 1265 Cumque
2242 1197 2610 1266 refugeremus
2637 1212 2757 1249 eum
2789 1202 2839 1247 et
2872 1209 3297 1257 exsccraremur,

1770 1291 2015 1359 stupebat
2047 1298 2196 1357 pater
2225 1267 2366 1355 quod
2396 1294 2502 1338 tam
2534 1293 2746 1338 austere
2780 1298 2901 1337 Cum
2931 1298 2994 1337 eo
3021 1298 3300 1351 ageremus

1767 1389 1820 1435 et
1860 1383 2104 1435 barbare.
2158 1380 2316 1433 Solus
2359 1386 2537 1432 tamen
2574 1376 2763 1431 Petrus
2791 1390 2949 1437 erat,-
2974 1376 3065 1444 qui
3095 1376 3300 1428 vultum

1768 1470 1886 1538 ejus
1917 1469 2211 1522 naturalem
2263 1468 2475 1521 videbat
2505 1486 2517 1519 :
2555 1467 2646 1534 qui
2679 1474 2732 1519 et
2782 1466 2856 1518 ait
2905 1466 2971 1517 ad
3026 1481 3125 1519 nos
3153 1485 3165 1518 :
3192 1464 3301 1518 Cur

1764 1560 2120 1615 exsecramini
2174 1566 2377 1627 patrem
2430 1558 2704 1611 vestrum?
2741 1556 2839 1609 Cui
2880 1572 2978 1610 nos
3025 1572 3129 1608 una
3176 1572 3297 1610 cum

1766 1656 1936 1701 matre
1963 1647 2335 1713 respondimus
2370 1664 2381 1697 :
2422 1644 2517 1697 Hic
2548 1645 2702 1697 nobis
2740 1643 2922 1695 Simon
2946 1643 3174 1705 videtur,
3206 1659 3301 1697 vo-

1768 1754 1879 1793 cem
1913 1738 2111 1791 habens
2142 1737 2305 1805 patris
2340 1736 2528 1789 nostri.
2564 1734 2626 1785 Et
2650 1733 2837 1787 Petrus
2862 1752 2874 1786 :
2901 1732 3063 1787 Vobis
3086 1735 3299 1801 quidem

1766 1844 1869 1883 vox
1894 1829 2014 1896 ejus
2042 1844 2161 1897 qua:
2188 1827 2468 1879 maleficiis
2508 1832 2713 1876 mutata
2760 1840 2865 1876 non
2894 1832 2995 1886 est,
3030 1825 3141 1878 sola
3172 1834 3299 1878 nota

1766 1928 1879 1983 est;
1913 1918 2040 1971 mihi
2075 1925 2251 1971 autem
2292 1916 2452 1970 etiam
2498 1915 2677 1967 vultus
2709 1913 2847 1983 ejus,
2888 1914 2978 1981 qui
3020 1913 3140 1966 aliis
3184 1921 3300 1967 arte

1769 2008 2001 2062 Simonis
2023 2015 2260 2060 mutatus
2293 2013 2533 2073 apparet.
2568 1998 2899 2056 Faustiniani
2933 2003 3102 2070 patris
3131 2001 3297 2056 vestri

1764 2104 1923 2150 notus
1946 2103 2046 2150 est.
2082 2095 2145 2146 Et
2168 2095 2378 2146 intuens
2406 2100 2606 2159 patrem
2629 2090 2703 2141 ait
2739 2110 2750 2143 :
2779 2090 2951 2143 Causa
2976 2106 3092 2158 quae
3113 2088 3299 2158 conju-

1763 2203 1881 2256 gem
1911 2194 2057 2238 tuam
2086 2184 2371 2239 conturbat
2394 2196 2456 2233 ac
2494 2180 2654 2241 filios,
2690 2180 2801 2233 haec
2824 2191 2924 2241 est,
2952 2182 3158 2249 species
3182 2181 3299 2234 vul-

1765 2286 1852 2331 tus
1882 2277 1934 2330 in
1964 2285 2015 2329 te
2044 2291 2152 2329 non
2180 2274 2390 2329 videtur
2415 2274 2503 2326 illa
2528 2288 2647 2341 quae
2671 2272 2791 2333 fuit,
2824 2273 2919 2326 sed
2953 2271 3116 2325 facies
3143 2287 3298 2337 exse-

1762 2366 1947 2420 crandi
1990 2364 2222 2418 Simonis
2252 2364 2306 2416 in
2331 2372 2381 2416 te
2416 2370 2654 2430 apparet.

1832 2451 1963 2506 LIV.
1997 2451 2063 2503 Et
2100 2466 2220 2504 cum
2255 2451 2367 2503 haec
2394 2450 2626 2513 diceret,
2659 2463 2935 2516 regressus
2970 2447 3187 2516 quidam
3229 2464 3296 2503 ex

1763 2543 1846 2595 his
1874 2541 1965 2610 qui
1996 2539 2328 2593 Antiochiam
2376 2545 2785 2606 praecesserunt,
2827 2536 3039 2591 dicebat
3078 2537 3145 2590 ad
3192 2536 3293 2593 Pe-

1762 2639 1902 2685 trum
1934 2650 1945 2683 :
1983 2629 2129 2683 Scire
2160 2638 2209 2682 te
2234 2629 2374 2690 volo,
2404 2627 2616 2699 domine
2640 2625 2711 2678 mi
2747 2625 2921 2689 Petre,
2953 2626 3078 2695 quia
3111 2626 3295 2682 Simon

1761 2721 1899 2790 apud
1922 2719 2251 2772 Antiochiam
2282 2718 2491 2786 publice
2522 2717 2686 2769 multa
2710 2715 2910 2771 faciens
2930 2717 3079 2785 signa
3103 2726 3154 2770 et
3171 2732 3289 2786 pro-

1760 2813 1922 2882 digia,
1963 2812 2095 2865 nihil
2126 2812 2269 2865 aliud
2301 2812 2494 2879 populo
2536 2811 2803 2877 persuasit
2839 2811 2944 2862 nisi
2973 2826 3090 2879 qua:
3117 2811 3181 2866 ad
3215 2811 3292 2865 tui

1762 2888 1939 2955 odium
1970 2902 2259 2969 pertinent,
2294 2917 2503 2970 magum
2536 2909 2587 2954 te
2627 2901 2932 2962 nominans,
2967 2898 3288 2962 maleficum,

139 2986 259 3027 cum
290 2978 559 3038 Clemente
582 2986 648 3039 de
675 2987 874 3053 genesi.
907 2985 970 3039 Et
1000 2988 1194 3043 Petrus
1228 3008 1241 3045 :
1274 2991 1547 3055 Permitto,
1580 2996 1661 3048 in-
1687 3002 1732 3063 ο
1763 2994 2103 3055 homicidam,
2134 3002 2186 3046 et
2214 2993 2267 3045 in
2309 2999 2517 3045 tantum
2549 3007 2641 3046 eos
2688 2992 2970 3045 adversum
3012 3000 3064 3043 te
3110 2990 3289 3044 odium

145 3066 274 3132 quit,
296 3077 351 3124 et
382 3071 540 3128 laudo
568 3076 708 3141 quod
734 3077 942 3131 amicos
964 3080 1123 3145 colis;
1145 3090 1511 3136 verumtamen
1528 3099 1656 3138 con—

143 3154 335 3221 sidera,
364 3164 631 3229 quomodo
661 3180 753 3232 per
790 3166 1175 3234 providentiam
1216 3168 1307 3224 Dei
1337 3173 1514 3225 omnia
1562 3173 1658 3227 tibi

143 3259 205 3299 ex
232 3255 493 3308 sententia
519 3265 877 3323 concurrant;
905 3274 1033 3313 ecce
1056 3262 1199 3314 enim
1232 3278 1338 3316 non
1367 3264 1537 3318 solum
1575 3264 1657 3319 af-

142 3332 297 3392 lectio
323 3342 419 3395 tibi
450 3344 686 3414 propria,
717 3345 825 3402 Deo
852 3358 1156 3416 pmstante,
1171 3363 1413 3421 reparata
1434 3362 1533 3417 est,
1565 3355 1657 3410 sed

140 3431 193 3510 et
223 3429 514 3485 amicorum
545 3436 824 3502 praesentia
855 3450 1189 3503 procuratur.
1219 3441 1283 3493 Et
1307 3449 1453 3510 pater
1478 3460 1493 3495 :
1530 3441 1680 3507 Vere,

136 3508 329 3584 inquit,
358 3521 576 3578 adverto
603 3526 674 3579 ita
693 3541 830 3590 esse,
863 3536 923 3581 ut
949 3528 1102 3583 dicis.
1134 3530 1198 3582 Et
1217 3508 1339 3583 cum
1363 3530 1474 3584 haec
1494 3531 1656 3585 dixis-

136 3612 237 3667 set,
266 3608 398 3662 abiit
424 3611 492 3665 ad
520 3612 872 3669 Anubionem.

201 3695 334 3753 ιω.
361 3697 471 3753 Nos
499 3709 675 3756 autem
703 3718 822 3757 cum
846 3702 1004 3757 Petro
1030 3705 1191 3774 positi
1227 3718 1321 3774 per
1368 3713 1528 3759 totam
1558 3721 1656 3761 no-

133 3791 274 3839 ctem
295 3787 673 3859 interrogando
693 3791 759 3846 de
779 3792 1005 3848 diversis
1025 3799 1080 3847 et
1097 3792 1349 3847 discendo
1363 3792 1435 3847 ab
1452 3808 1536 3859 eo,
1557 3793 1652 3848 de-

238 3960 279 3989 ”
304 3958 490 4015 Matth.
518 3975 595 4027 xi,
621 3961 706 4016 30.

1761 3080 2066 3151 concitavit,
2101 3088 2160 3135 ut
2214 3095 2533 3150 magnopere
2559 3079 2884 3140 desiderent,
2918 3078 2963 3133 si
2985 3087 3036 3131 te
3063 3092 3291 3146 usquam

1759 3171 1996 3224 invenire
2024 3177 2242 3238 queant,
2264 3169 2424 3222 etiam
2456 3182 2647 3221 carnes
2677 3176 2795 3220 tuas
2823 3167 3113 3231 devorare;
3140 3175 3192 3219 et
3221 3166 3290 3220 ob

1759 3258 1860 3312 hoc
1885 3272 1986 3312 nos
2012 3258 2104 3326 qui
2134 3257 2395 3326 praemissi
2426 3271 2612 3310 sumus
2631 3294 2646 3317 ,
2682 3253 2923 3308 videntes
2960 3255 3113 3307 valde
3142 3268 3291 3307 com-

1756 3354 1956 3402 motam
1984 3355 2171 3400 contra
2199 3354 2250 3399 te
2279 3347 2571 3408 civitatem,
2603 3344 2813 3396 occulte
2855 3344 2908 3394 in
2952 3358 3117 3395 unum
3157 3358 3288 3397 con—

1757 3437 2029 3490 venientes
2057 3435 2528 3489 considerabamus
2557 3432 2683 3500 quid
2720 3430 2834 3484 fieri
2860 3438 3147 3498 oporteret.

1827 3524 1936 3578 LV.
1966 3524 2206 3592 Cumque
2240 3523 2445 3576 nullum
2481 3522 2785 3576 videremus
2820 3522 3023 3575 exitum
3068 3522 3165 3586 rei,
3195 3538 3287 3575 su-

1756 3614 1995 3683 pervenit
2046 3612 2328 3666 Cornelius
2370 3611 2635 3675 centurio,
2683 3611 2879 3663 missus
2913 3625 2942 3662 a
2983 3609 3192 3665 Caesare
3219 3610 3285 3664 ad

1755 3702 2033 3771 praesidem
2056 3702 2311 3756 Caesarea
2339 3700 2537 3769 publici
2560 3700 2755 3769 negotii
2784 3700 2990 3769 gratia;
3023 3699 3166 3753 hunc
3193 3715 3286 3753 ac-

1756 3792 2017 3847 cersimus
2051 3792 2117 3845 ad
2145 3805 2243 3845 nos
2286 3790 2480 3853 solum,
2513 3803 2837 3856 causamque
2872 3787 2921 3841 ei
2969 3794 3073 3857 qua
3106 3791 3283 3844 maesti

1350 4104 1703 4161 COTEIERII
1768 4102 1987 4160 NOTAE.

139 4347 159 4368 ‘
202 4283 603 4405 (602Appionem
630 4283 1058 4338 Plistonicensem.
1112 4283 1379 4352 Epitomes
1416 4296 1467 4338 c.
1500 4284 1601 4338 £33
1636 4301 1648 4337 :

160 4351 283 4422 ᾼππ
306 4372 377 4406 ων
397 4357 425 4406 ὁ
444 4352 1288 4422 Πλειστονίκηςςνϐιεπιεηιιηοναηβ
1310 4366 1383 4422 tv,
1410 4350 1446 4403 6
1472 4370 1487 4406 :
1526 4353 1650 4405 Ἀπ·

135 4420 304 4490 πίωνα
321 4424 412 4475 τὸν
436 4420 806 4490 Πλειστονίκήν
823 4421 1042 4490 .lnsigni
1062 4431 1238 4475 tamen
1266 4420 1354 4474 isti
1384 4435 1646 4489 gramma-

132 4489 375 4559 ηερε(ιυὶ
397 4507 427 4544 a
450 4489 984 4559 Tiberioicymbalum
1013 4490 1193 4544 mundi
1222 4489 1514 4559 dicebatur.
1535 4505 1652 4559 pro-

134 4505 258 4549 uco,
282 4507 375 4558 qui
397 4507 427 4544 a
450 4505 661 4544 'unerio
685 4505 984 4559 cymbalum
1013 4505 1193 4544 mundi
1222 4505 1514 4545 arcebatur.
1573 4505 1648 4544 ro-

134 4556 216 4637 cul
237 4556 404 4637 dubio
433 4574 623 4637 nomen
655 4558 751 4611 fuit
784 4559 994 4637 'Arrfwv,
1039 4559 1230 4637 Apion,
1283 4564 1341 4611 ut
1384 4505 1648 4637 intergum

134 4624 382 4681 exhibent
404 4627 616 4681 codices
643 4641 771 4682 mss.
797 4628 991 4695 quibus
1020 4624 1101 4681 usi
1130 4634 1511 4694 sumns,utque
1539 4625 1651 4680 fere

134 4704 341 4761 semper
370 4698 423 4750 in
445 4695 639 4764 Graecis
670 4696 817 4764 ljbris
853 4697 1109 4764 scriptum
1137 4695 1529 4764 inveniestSed
1560 4710 1648 4749 er-

134 4771 321 4835 [arunt
351 4763 637 4835 aliquando
663 4761 831 4835 graeci
860 4761 1023 4835 etiam
1062 4764 1367 4835 antiquarii.
1401 4763 1551 4835 Unde
1594 4764 1648 4817 in

134 4822 356 4886 Tatiano
401 4822 543 4888 recte
588 4833 801 4901 quidem
848 4848 898 4900 p.
934 4832 1033 4885 164
1073 4822 1264 4901 legit'ur
1297 4832 1567 4895 Ἀπίωνος,
1597 4840 1650 4884 at

169 4911 408 4980 prperam
440 4916 493 4971 p.
534 4901 634 4953 172
672 4915 924 4954 excusum
957 4902 1305 4979 est‘Artrrlwv,
1340 4916 1460 4980 cum
1510 4901 1648 4969 apud

169 4968 421 5037 {ttaebinm
453 4969 688 5035 Prwpar.
717 4985 916 5037 erang.,
947 4968 1039 5024 lib.
1071 4985 1126 5031 χ,
1165 4985 1215 5023 c.
1249 4969 1333 5037 ll,
1381 4982 1437 5037 in
1466 4974 1649 5023 eodem

154 4998 421 5031 fIIWUI‘IIII
453 4998 688 5031 rlwyur.
717 4998 916 5031 evang...
947 4998 1039 5024 ΙΙυο
1072 4998 1126 5031 λ’
1165 4998 1215 5023 υ.
1253 4998 1333 5027 ΙΙ,

137 5027 341 5090 Tatiani
369 5039 487 5093 loco
510 5027 701 5089 ’Δίπίων
718 5027 985 5090 cernatur.
1015 5027 1164 5103 Quod
1192 5046 1258 5089 ad
1283 5035 1500 5091 Latinos
1527 5052 1648 5105 spe-

135 5107 263 5177 ttat.
288 5107 486 5177 Appian
509 5112 682 5177 potest
700 5112 1123 5177 esseauctorumg
1143 5111 1650 5177 error.__potest_esse

137 5167 677 5243 fibrariorum._'Cer_te
725 5174 776 5243 in
800 5171 996 5243 _Plinio
1029 5175 1190 5243 Apion
1219 5167 1647 5243 scribitur._ltem

138 5237 409 5311 inﬁdonis
432 5238 704 5301 Chronico,
725 5241 778 5311 in
800 5239 1019 5295 Honorii
1041 5237 1542 5311 Augustodunensjs
1553 5243 1659 5297 Ca-

130 5301 322 5382 "#093,
354 5320 408 5382 et
433 5314 489 5382 in
516 5310 833 5382 quibusdam
871 5325 1002 5365 mss.
1034 5325 1095 5382 ac
1122 5301 1446 5382 Editionibus
1470 5307 1651 5382 Histo-

141 5376 228 5439 ria:
257 5376 562 5433 Eusebianae
602 5393 632 5431 a
681 5378 869 5431 Rufino
916 5381 1202 5439 translatae,
1246 5377 1337 5430 lib.
1362 5390 1444 5437 ιιι,
1481 5390 1531 5429 c.
1558 5378 1645 5432 38.

140 5437 285 5496 ADud
312 5445 567 5501 Senecam
606 5462 751 5513 vero,
782 5446 1058 5514 Agellium.
1090 5437 1491 5514 Ter‘tullianum,
1522 5443 1647 5498 Ilie—

142 5518 433 5597 tﬂay'aua:
458 5515 762 5597 .Joserlmm
792 5513 987 5597 inlini:
1032 5513 1645 5597 "amoveae'it’éaue

125 5586 259 5632 .entn
280 5583 473 5653 duplici
492 5598 525 5651 ρ
542 5580 837 5639 ediderunt.
861 5580 1125 5638 Hactenus
1152 5582 1217 5637 de
1243 5580 1476 5634 nomine.
1496 5580 1648 5637 Nunc

327 4284 603 4365 Appiopem
630 4282 1086 4365 ιηξειοηῐεεξηιδεηι.Δ
1112 4281 1379 4352 Epitomes
1414 4296 1467 4365 ε.
1500 4284 1601 4365 ί.ξὸ
1636 4301 1648 4337 :

1763 4283 1818 4337 de
1846 4294 2217 4365 cognomento.
2240 4286 2618 4365 Πλᾳσςτονίκηκί
2636 4299 2742 4365 non
2763 4284 3009 4365 verterim
3041 4286 3301 4346 Ριὶειοηὶο¹

1752 4353 1967 4424 censent,
1996 4356 2149 4423 quasi
2183 4372 2245 4409 ex
2280 4356 2482 4424 patria;
2527 4355 2618 4408 sed
2656 4353 3007 4424 Plistonicem,
3059 4368 3275 4415 secutus

1747 4419 1977 4474 Plinium
2005 4419 2059 4475 et
2084 4419 2362 4494 Agelliu'm.
2396 4422 2678 4494 Sicautem
2714 4423 2970 4494 Apionem
2999 4430 3275 4494 cognomi-

1746 4500 1941 4542 narunt
1993 4492 2134 4559 quod
2181 4493 2234 4544 in
2281 4492 2571 4546 certamine
2617 4491 3275 4559 litterariosxpe'victor

1745 4558 2035 4631 exstitisset
2059 4567 2333 4631 ;_qu:eest
2358 4561 2642 4631 multorum
2675 4558 2968 4631 sententia:
3003 4561 3083 4631 vel
3114 4577 3141 4615 a
3179 4580 3273 4631 pa.

1746 4632 1825 4695 tre
1871 4625 2182 4694 Plistonice;
2226 4628 2374 4695 juxta
2422 4629 2790 4681 doctissimum
2846 4625 3271 4688 Salmasium'ad

1744 4692 2138 4762 brscriptionem
2162 4692 2388 4761 Re'qillar,
2418 4712 2468 4762 p.
2500 4697 2569 4749 90
2590 4705 2643 4749 et
2663 4696 2972 4762 praefatione
2996 4697 3049 4749 in
3078 4699 3270 4755 librum

1751 4712 2388 4777 riiscrrpttonemﬁequm,
2500 4712 2569 4776 au
2590 4712 2643 4749 et
2663 4712 2972 4776 prmlatlone
2996 4713 3049 4749 in
3078 4712 3269 4778 librum

1751 4761 1835 4835 9e
1856 4763 2175 4835 hornonymrs
2208 4765 2367 4833 Hyles
2429 4774 2631 4835 amere,
2664 4765 2809 4835 p_.;40
2826 4780 2890 4818 ex
2918 4766 3023 4827 hlS,
3055 4781 3269 4835 opinor,

1749 4828 1941 4893 Suidae,
1960 4828 2170 4895 ‘Aritmv,
2213 4834 2242 4884 ὁ
2262 4828 2681 4885 ⁷Πλειστονίκουξ
2697 4832 2888 4887 Verum
2940 4849 3061 4886 cum
3091 4828 3271 4890 'Suida

1747 4899 2063 4971 salmasium
2114 4900 2361 4971 refellunt
2407 4900 2655 4971 Justinus
2692 4902 2888 4971 Martyﬁr
2910 4902 3273 4959 Cohorlatione

1746 4967 1813 5019 ad
1841 4967 2065 5029 Graecos,
2098 4984 2153 5036 p.
2180 4970 2233 5030 9,
2268 4977 2321 5023 et
2351 4970 2636 5022 Africanus
2668 4971 2804 5036 apud
2829 4967 3117 5025 Eusebium
3148 4987 3271 5028 cum

1744 5037 1901 5113 libnx
1930 5037 2220 5113 Prwpargt.
2246 5054 2457 5113 euang.,_
2479 5054 2526 5113 c.
2560 5038 2646 5113 ιφ.
2683 5045 2794 5092 tum
2824 5038 3099 5113 Xpovmby
3132 5040 3272 5113 λόγῳ

1744 5104 1957 5183 πρώτῳ,
1994 5121 2113 5175 pag.
2145 5104 2235 5169 26,
2266 5104 2392 5159 dum
2431 5106 2618 5174 Apioni
2647 5115 2850 5175 patrem
2878 5104 3019 5159 'dant
3050 5104 3271 5165 Posid'o'.

1744 5188 1911 5226 mum.

1815 5242 1925 5313 (61)
1973 5242 2285 5313 ναιιιωινὲη
2328 5258 2386 5296 eo
2426 5242 2654 5313 Simonis
2682 5245 2926 5304 vadentes,
2956 5250 3060 5295 etc.
3094 5242 3271 5298 lndili-

1745 5326 1875 5432 feris
1912 5319 1993 5365 est
2038 5313 2091 5364 in
2122 5312 2285 5379 hujus
2322 5312 2423 5365 loci
2451 5320 2503 5366 et
2534 5312 2738 5366 fabellae
2765 5315 3271 5367 commemoratione

1770 5380 2079 5432 lincmarus.
2113 5381 2313 5432 relatus
2356 5382 2408 5432 in
2441 5379 2783 5432 Testimouiis
2816 5376 3084 5431 Veterum.
3136 5378 3271 5432 Leue

1770 5380 2079 5441 lincmarus,
2113 5376 2313 5436 relatus
2356 5382 2408 5434 in
2441 5379 2783 5433 Testimouiis
2816 5376 3084 5431 Veterum.
3136 5378 3272 5441 Lege

1742 5448 2220 5570 itiagr‘nQCedrenum
2250 5468 2304 5522 p.
2335 5449 2456 5509 175,
2482 5456 2535 5503 et
2567 5446 2929 5510 Anastasium,
2962 5453 3151 5514 quaest.
3180 5447 3215 5498 2
