3904 6356
575 318 595 371 I
610 312 711 372 M7

1427 301 1465 357 s
1517 270 1963 353 CLEMENTISI
1995 271 2160 351 nou.
2198 291 2398 347 rom.
2432 290 2665 346 orans
2698 282 2923 346 DUBIA.

3679 288 3800 345 tut

544 441 794 487 essemus
822 380 1177 496 espommus,
1214 432 1279 473 ac
1310 394 1377 471 «ει
1408 413 1538 485 quid
1581 420 1806 484 posset,
1834 416 1894 463 ut
1919 408 2136 477 juvaret
2163 416 2209 472 Α
2239 401 2337 455 tibi
2366 400 2591 496 amicos
2631 414 2667 496 a
2702 394 2872 469 puero
2914 398 3085 496 fuisse
3117 390 3367 496 dixeras1
3396 413 3510 453 non
3539 405 3713 496 tamen
3747 409 3806 496 ut

546 508 851 578 hortamur.
900 516 1040 571 Tum
1094 513 1185 566 ille
1239 506 1645 580 promptissime
1695 500 2025 572 repromittit
2072 513 2133 554 se

543 631 669 671 eum
718 615 968 684 protinus
1016 606 1353 675 fugatorum,
1405 601 1453 655 si
1488 607 1675 652 tamen
1722 593 1958 684 consilio
2010 592 2132 660 ejus

546 680 848 760 etiam-nos
888 695 1287 751 adniteremur.
1322 687 1570 756 Cumque
1604 699 1706 737 nos
1747 680 2133 751 polliceremur

546 794 777 865 impigre
806 798 1003 845 cuncta
1039 795 1313 859 gesturos,
1348 784 1425 837 ait
1450 801 1461 835 :
1486 780 1672 835 Caesar
1703 778 1756 831 in
1798 774 1931 829 urbe
1958 772 2132 865 Roma

546 895 601 943 et
629 863 721 956 per
745 882 1057 952 provincias
1082 878 1360 934 maleficos
1391 872 1595 943 inquiri
1624 866 1878 939 jussit‘ac
1916 863 2130 935 perimi,

546 995 613 1034 ex
640 976 839 1045 quibus
872 972 1090 1043 plurimi
1111 972 1224 1040 jam
1254 965 1698 1039 perempti‘sunt.
1731 959 1844 1029 Ego
1870 958 2036 1028 igitur
2057 955 2136 1010 di-

548 1068 784 1139 vulgabo
813 1082 907 1135 per
945 1046 1187 1128 amicos,
1211 1077 1297 1114 me
1337 1068 1395 1113 ut
1418 1059 1582 1112 istum
1636 1067 1852 1122 magum
1883 1057 2133 1118 caperem

551 1163 793 1218 venisse,
833 1165 887 1212 et
914 1157 984 1210 ob
1013 1156 1114 1208 hoc
1146 1152 1373 1207 missum
1410 1165 1440 1202 a
1464 1148 1697 1208 Cmsare,
1731 1159 1839 1213 quo
1858 1144 2021 1196 etiam
2046 1140 2135 1195 hic

548 1268 672 1307 cum
708 1250 921 1303 caeteris
960 1248 1076 1301 suis
1110 1244 1277 1300 sociis
1323 1236 1824 1313 puniatur.‘Vestri
1866 1250 1997 1303 ergo
2040 1232 2134 1302 qui

550 1358 677 1396 cum
715 1342 834 1410 ipso
863 1345 990 1394 sunt
1020 1337 1233 1390 occulte
1257 1334 1412 1404 quasi
1446 1331 1811 1396 undecunque
1840 1324 2132 1385 audierint,

560 1433 803 1487 indicent
834 1431 882 1485 ei
909 1427 1056 1499 quod
1086 1442 1187 1496 ego
1219 1425 1286 1479 ad
1337 1425 1514 1494 ipsum
1552 1418 1897 1489 ’capiendum
1934 1414 2135 1469 missus

552 1526 683 1587 sim,
714 1531 768 1578 et
797 1532 1003 1576 certum
1036 1527 1141 1582 est,
1171 1518 1317 1589 quod
1345 1532 1468 1571 cum
1503 1512 1755 1577 audierit,
1792 1510 1965 1579 fugiat
1998 1526 2010 1562 :
2044 1514 2136 1562 aut

550 1617 596 1671 si
627 1632 722 1670 vos
752 1613 958 1684 aliquid
987 1600 1185 1667 melius
1208 1610 1427 1672 videtis,
1454 1606 1640 1660 dicite.
1672 1603 1812 1669 Quid
1846 1601 2040 1671 plura?
2062 1600 2135 1654 ita

552 1707 755 1761 factum
784 1715 914 1760 csta
951 1705 1157 1759 nostris
1189 1694 1429 1772 quicum
1460 1699 1579 1768 ἰρςο
1603 1698 1782 1758 erant,
1816 1693 2135 1764 explorandi

2234 508 2360 549 cum
2395 491 2621 547 Simone
2656 491 2982 559 loquereris.
3023 490 3087 544 Et
3111 499 3263 561 pater
3288 509 3303 547 :
3333 490 3601 555 Peccavi,
3623 493 3807 562 inquit,

2224 585 2431 639 fateor.
2489 583 2627 638 Tum
2669 583 2965 637 Anubion:
3000 582 3065 636 Et
3108 598 3228 653 ego,
3275 583 3479 653 inquit,
3529 599 3655 637 cum
3698 585 3811 653 ipso

2234 692 2366 746 rogo
2396 683 2452 730 et
2479 675 2741 745 deprecor
2769 682 2844 738 te,
2882 683 2941 729 ut
2975 676 3230 746 ignoscas
3264 677 3403 737 seni,
3433 677 3555 730 viro
3580 676 3719 730 bono
3758 688 3812 732 et

2233 784 2537 839 generoso;
2568 766 2827 822 seductus
2854 772 2939 820 est
2978 767 3162 822 infelix
3209 774 3263 822 et
3290 768 3536 823 ludibrio
3571 768 3743 824 factus
3783 783 3814 821 a

2234 862 2515 915 nominato
2546 873 2733 929 mago;
2760 858 2938 912 dicam
2960 859 3103 912 enim
3124 861 3397 928 quomodo
3419 877 3507 916 res
3528 868 3678 931 gesta
3699 868 3811 915 est:

2236 950 2341 1006 Ubi
2391 951 2539 1005 venit
2595 948 2663 1003 ad
2712 950 3035 1004 salutandos
3075 965 3198 1014 nos,
3245 952 3477 1022 contigit
3516 960 3577 1005 ut
3623 950 3817 1022 inipsa

2236 1043 2369 1096 hora
2396 1040 2886 1094 circumstaremus
2921 1038 3227 1104 Simonem,
3264 1041 3556 1095 audientes
3588 1056 3709 1095 eum
3733 1042 3817 1095 di-

2235 1137 2449 1184 centem
2491 1128 2638 1199 quod
2694 1126 2882 1197 fugere
2926 1128 3058 1186 velit
3103 1129 3173 1182 in
3208 1130 3327 1199 ipsa
3371 1138 3571 1195 nocte;
3607 1132 3818 1185 audisse

2235 1221 2380 1275 enim
2417 1235 2495 1283 se,
2524 1218 2671 1289 quod
2693 1218 2942 1274 venerint
2973 1219 3197 1289 quidam
3229 1223 3392 1276 etiam
3418 1222 3488 1277 ad
3520 1224 3667 1276 hanc
3688 1222 3817 1276 Lao-

2236 1312 2394 1367 dicia:
2422 1313 2721 1378 civitatem,
2761 1312 2857 1381 qui
2886 1327 3010 1364 eum
3052 1326 3118 1367 ex
3167 1322 3438 1385 praecepto
3469 1315 3817 1385 imperatoris

2236 1404 2793 1474 comprehenderent;
2817 1403 2957 1457 velle
2980 1409 3249 1463 autemse
3277 1404 3331 1457 in
3365 1405 3514 1460 hunc
3541 1407 3640 1476 qui
3661 1421 3820 1475 nuper

2238 1498 2524 1568 ingressus
2554 1507 2639 1553 est
2662 1496 3080 1551 Faustinianum
3119 1510 3336 1551 omnem
3372 1505 3708 1553 convertere
3746 1500 3819 1554 fu-

2238 1606 2441 1646 rorem.
2488 1588 2554 1642 Et
2591 1590 2669 1642 ait
2702 1588 2771 1642 ad
2813 1603 2957 1644 nos:
2989 1588 3250 1651 Tantum,
3294 1589 3495 1658 inquit,
3537 1605 3643 1643 vos
3674 1588 3822 1644 facite

2238 1690 2361 1736 eum
2392 1681 2947 1745 camare-nobiscum,
2983 1690 3038 1735 et
3066 1696 3166 1751 ego
3197 1690 3537 1751 unguentum
3558 1682 3820 1752 quoddam

549 1801 723 1870 gratia
755 1797 1020 1852 simulati.
1063 1794 1167 1849 Ubi
1197 1794 1387 1846 didicit
1420 1789 1608 1843 Simon
1648 1798 1867 1842 ventum
1911 1774 2034 1839 esse
2064 1784 2132 1838 ad
2166 1774 2208 1831 Β
2236 1790 2581 1844 componam.
2615 1790 2724 1870 quo
2748 1782 3300 1870 C(enatuspcrungat
3331 1774 3527 1870 faciem
3563 1789 3746 1838 suam,
3773 1788 3823 1832 ut

551 1883 630 1951 se,
666 1898 921 1955 tanquam
953 1885 1145 1954 ingens
1176 1882 1277 1937 sibi
1311 1879 1634 1935 beneficium
1666 1876 1928 1930 collatum
1961 1874 2031 1927 ab
2051 1874 2131 1927 eis

549 1978 845 2047 accipiens,
876 1978 928 2029 in
965 1975 1145 2045 fugam
1169 1987 1363 2027 versus
1391 1979 1495 2025 est.
1541 1968 1836 2023 Discedens
1870 1964 2037 2034 igitur
2064 1979 2130 2017 ex

549 2071 862 2132 Antiochia,
905 2083 1030 2122 cum
1063 2064 1420 2120 Athenodoro
1454 2064 1561 2115 huc
1605 2059 1754 2113 venit
1799 2058 1941 2112 siuut
1973 2056 2135 2109 audi-

550 2177 750 2216 VIIIIUS.

622 2248 752 2303 LVI.
789 2247 902 2301 Iloc
931 2262 1061 2316 ergo
1090 2245 1267 2300 visum
1301 2251 1387 2298 est
1412 2242 1568 2296 nobis
1596 2239 1855 2295 omnibus
1884 2237 1976 2306 qui
2000 2251 2137 2306 prm-

549 2343 841 2402 cessimus,
877 2347 933 2391 ut
959 2338 1176 2392 interim
1194 2352 1343 2389 nunc
1357 2350 1464 2389 non
1482 2331 1749 2387 ascendas
1766 2327 2133 2390 Antiochiam,

552 2447 839 2506 usquequo
868 2432 1153 2485 videamus
1188 2428 1232 2482 si
1288 2428 1381 2481 illo
1431 2422 1744 2479 discedente
1772 2420 1958 2475 odium
1990 2417 2137 2489 quod

551 2528 623 2581 de
648 2536 701 2582 te
743 2527 945 2597 populo
976 2522 1289 2583 seminavit,
1324 2518 1506 2589 aliqua
1539 2533 1606 2571 ex
1652 2523 1808 2585 parte
1849 2521 2133 2567 vacuetur.

550 2620 687 2675 Cum
721 2619 833 2672 lucc
860 2617 1192 2671 insinuasset
1224 2614 1270 2667 is
1315 2612 1406 2681 qui
1446 2609 1514 2663 de
1556 2606 1850 2661 Antiochia
1887 2610 2134 2667 venerat,

553 2708 751 2763 Petrus
792 2706 1099 2775 respiciens
1127 2702 1193 2755 ad
1227 2708 1437 2771 patrem
1471 2705 1721 2752 nostrum
1753 2696 1830 2749 ait
1868 2714 1881 2749 :
1915 2692 2131 2747 Fausti-

554 2801 738 2863 niane,
790 2814 821 2852 a
882 2797 1108 2851 Simone
1151 2791 1309 2863 Mago
1339 2784 1767 2846 transformatus
1818 2793 1904 2841 est
1954 2784 2138 2847 vultus

551 2898 707 2953 tuus,
746 2890 890 2943 sicut
930 2893 1189 2957 apparet;
1250 2892 1448 2952 putans
1480 2883 1625 2937 enim
1674 2879 1823 2949 quod
1863 2893 1895 2931 a
1922 2876 2139 2931 Caesare

553 2990 891 3051 quaereretur
917 2979 983 3032 ad
1016 2990 1254 3047 pmnam,
1285 2974 1512 3029 territus
1546 2973 1681 3041 fugit
1725 2979 1778 3025 et
1822 2983 1982 3025 suum
2020 2965 2140 3020 vul-

551 3079 669 3125 tum
695 3070 791 3124 tibi
836 3068 1117 3136 imposuit,
1149 3066 1197 3120 si
1226 3065 1365 3119 forte
1389 3074 1446 3119 tu
1480 3078 1578 3133 pro
1610 3063 1729 3132 ipso
1764 3058 2040 3130 capereris
2086 3061 2139 3111 et

552 3163 623 3218 ad
651 3169 880 3217 mortem
912 3124 1038 3213 duci
1071 3174 1285 3229 posses,
1320 3164 1379 3211 ut
1412 3124 1535 3209 fili-is
1561 3153 1669 3208 tuis
1710 3150 1989 3206 tristitiam
2016 3163 2134 3203 mo-
2158 3124 2203 3182 ο

553 3254 735 3310 νενεῐέ
778 3251 939 3306 Pater
965 3254 1100 3306 vero
1136 3250 1227 3305 ubi
1262 3250 1377 3302 haac
1420 3247 1650 3311 audivit,
1695 3260 1821 3307 cum
1875 3241 2133 3312 Iacrymis

553 3346 868 3401 exclamans
895 3362 908 3396 ε
936 3342 1123 3406 Recte,
1154 3341 1355 3411 inquit,
1389 3335 1895 3401 atstimasti,Petre,
1928 3350 2053 3388 nam
2080 3341 2133 3388 et

555 3438 811 3492 Anubion
834 3436 962 3505 quia
997 3434 1127 3487 mihi
1151 3434 1306 3487 valde
1329 3433 1542 3487 amicus
1573 3438 1712 3493 erat,
1742 3431 1844 3484 sub
1874 3428 2134 3499 mysterio

554 3525 792 3597 quodam
821 3524 953 3577 mihi
978 3523 1222 3577 indicare
1252 3528 1494 3589 coeperat
1527 3519 1592 3572 de
1614 3517 1828 3571 insidiis
1849 3515 1992 3585 ejus,
2038 3513 2133 3568 sed

555 3619 744 3675 infelix
776 3634 885 3672 nou
906 3616 1228 3687 credebam,
1257 3615 1389 3684 quia
1420 3613 1560 3667 nihil
1600 3613 1654 3665 in
1684 3625 1808 3673 eum
1844 3608 2132 3664 commise-

553 3728 672 3766 ram
704 3711 852 3764 mali.

546 3818 549 3819 '
627 3801 783 3857 LVII.
809 3804 1057 3872 Cumque
1089 3798 1279 3872 omnes
1316 3813 1425 3852 una
1467 3813 1589 3853 cum
1638 3804 1791 3867 patre
1822 3793 2043 3849 tristitia
2080 3801 2134 3845 et

553 3896 809 3966 Iacrymis
832 3870 1140 3964 ageremur,
1165 3870 1373 3946 interea
1399 3896 1450 3942 et
1474 3889 1727 3943 Anubion
1751 3887 1895 3941 venit
1924 3886 1989 3939 ad
2009 3900 2130 3948 nos,

556 3986 806 4040 indicans
861 3985 1019 4039 nobis
1052 3983 1329 4038 Simonem
1376 3982 1580 4051 fugisse
1634 3995 1730 4048 per
1780 3986 2011 4043 noctem,
2044 3976 2133 4030 Ju-

554 4079 727 4132 dzeam
780 4085 1077 4147 petentem.
1124 4074 1330 4130 Videns
1375 4081 1560 4128 autem
1620 4082 1825 4141 patrem
1883 4079 2131 4126 nostrum

554 4169 897 4238 plangentem
927 4174 981 4221 et
1021 4167 1407 4220 lamentantem
1440 4178 1499 4216 se
1522 4177 1585 4216 ac
1608 4162 1876 4215 dicentem
1913 4180 1925 4215 :
1955 4159 2134 4214 Infeli-

554 4274 671 4311 cem
705 4274 811 4319 me,
850 4258 943 4327 qui
977 4273 1100 4311 eum
1128 4269 1343 4326 magum
1379 4256 1608 4310 audiens
1658 4269 1768 4306 non
1811 4250 2131 4318 credebam;

554 4349 685 4420 quid
715 4350 846 4404 mihi
885 4350 1085 4406 misero
1111 4350 1329 4415 accidit,
1361 4357 1421 4404 ut
1461 4364 1569 4403 una
1601 4348 2033 4420 dievrecognitus
2064 4328 2133 4401 af)

2226 1882 2298 1922 ex
2325 1882 2390 1921 eo
2420 1882 2599 1922 meum
2632 1866 2845 1922 vultum
2874 1867 3147 1921 omnibus
3167 1866 3374 1922 babere
3408 1867 3708 1935 videatur;
3739 1886 3823 1926 ros

2234 1964 2413 2012 autem
2461 1958 2645 2011 herbae
2693 1956 2979 2025 cujusdam
3002 1972 3184 2011 :succo
3233 1959 3404 2013 facies
3450 1962 3824 2029 perungemu'i

2235 2048 2412 2118 prius,
2447 2058 2505 2102 ut
2530 2063 2638 2102 non
2672 2047 2937 2101 fallamini
2968 2047 3036 2102 de
3068 2048 3450 2105 immutatione
3480 2051 3675 2105 vultus
3694 2051 3823 2119 ejus.

2234 2141 2310 2194 ita
2342 2148 2421 2204 ut,
2457 2139 2702 2211 exceptis
2726 2138 2902 2201 vobis,
2938 2138 3061 2195 aliis
3098 2140 3356 2194 omnibus
3379 2139 3584 2195 Simon
3611 2155 3735 2195 esse
3756 2142 3827 2193 vi-

2234 2233 2448 2288 deatur.
2622 2245 2626 2249 ‘
3060 2272 3065 2279 .
3152 2252 3155 2253 ν

2306 2323 2441 2380 LIX.
2492 2325 2713 2380 Etcum
2759 2325 3023 2380 ille.haae
3067 2324 3279 2380 diceret
3315 2321 3404 2378 aio
3449 2325 3523 2379 ad
3569 2340 3699 2379 eum
3728 2342 3743 2380 :
3769 2323 3825 2380 Et

2237 2417 2367 2488 quid
2404 2418 2502 2471 tibi
2523 2434 2586 2471 ex
2612 2417 2716 2472 hoc
2741 2416 2886 2472 facto
2918 2415 3201 2471 confertur
3227 2418 3400 2471 lucri?
3424 2415 3571 2480 Tum
3604 2418 3823 2472 Simon:

2237 2509 2442 2573 Primo,
2495 2511 2693 2579 inquit,
2747 2518 2805 2563 ut
2857 2509 3037 2578 ipsum
3090 2509 3570 2578 comprehendant
3611 2510 3711 2579 qui
3742 2524 3823 2563 me

2238 2588 2513 2673 quaerunt,
2541 2609 2596 2657 et
2630 2616 2715 2656 me
2744 2600 2998 2655 desinant
3029 2615 3292 2670 quaerere.
3338 2598 3394 2653 Si
3431 2615 3563 2655 vero
3608 2601 3828 2669 punitus

2232 2693 2405 2748 fuerit
2432 2708 2461 2747 a
2493 2693 2732 2755 Caesare,
2764 2700 2824 2746 ut
2864 2693 3074 2746 luctum
3107 2690 3407 2745 maximum
3449 2692 3698 2746 habeant
3740 2693 3831 2746 ﬁlii

2238 2786 2345 2849 sui,
2376 2786 2493 2855 qui,
2530 2800 2617 2838 me
2646 2785 2939 2849 derelicto,
2965 2782 3339 2854 confugerunt
3386 2783 3455 2837 ad
3500 2781 3732 2838 Petrum
3780 2794 3834 2837 et

2222 2886 2367 2933 sunt
2397 2877 2557 2931 modo
2597 2876 2877 2945 adjutores
2919 2877 3113 2946 ipsius.
3165 2876 3275 2946 Ego
3320 2884 3501 2929 autem
3568 2876 3836 2931 confiteor

2240 2971 2362 3033 tibi,
2394 2968 2575 3033 Petro,
2603 2970 2750 3040 quod
2766 2986 2954 3025 verum
2983 2977 3065 3025 est
3084 2988 3098 3036 ;
3119 2970 3278 3023 timui
3310 2978 3437 3023 tunc
3466 2967 3833 3024 Faustiniano

2249 3061 2498 3116 indicare
2526 3062 2664 3125 huic,
2698 3062 2791 3117 sed
2830 3077 3004 3131 neque
3036 3061 3278 3132 spatium
3308 3062 3468 3116 nobis
3490 3062 3611 3131 ipse
3645 3061 3831 3117 Simon

2234 3153 2405 3220 dedit,
2439 3161 2499 3207 ut
2527 3168 2813 3223 possemus
2843 3154 3111 3210 secretius
3135 3154 3281 3223 loqui
3303 3161 3356 3209 et
3377 3154 3597 3224 plenius
3626 3155 3679 3209 ei
3704 3169 3831 3209 eou-

2235 3247 2423 3302 silium
2465 3244 2711 3301 Simonis
2739 3249 2973 3317 aperire.
3003 3246 3214 3301 Interea
3237 3248 3384 3301 circa
3429 3248 3671 3303 mediam
3703 3264 3832 3302 noc-

2235 3348 2371 3403 tem,
2401 3339 2588 3394 Simon
2619 3339 2861 3394 Judazam
2899 3348 3092 3411 petens
3130 3339 3364 3411 aufugit.
3391 3339 3628 3395 Deduxit
3654 3349 3823 3394 autem

2242 3447 2372 3486 eum
2413 3431 2883 3487 Athenodorus-et
2920 3433 3154 3503 Appion,
3201 3449 3300 3503 ego
3346 3440 3533 3491 autem
3582 3431 3825 3487 simulavi

2204 3522 2658 3592 .inaaqualitatem
2685 3525 2957 3593 corporis,
2991 3534 3048 3586 ut
3074 3524 3241 3578 domi
3270 3539 3573 3579 remanens
3596 3524 3824 3580 facerem

2234 3616 2381 3670 hunc
2409 3616 2652 3671 velocius
2691 3616 2759 3671 ad
2786 3631 2882 3670 vos
2923 3615 3121 3684 redire,
3153 3616 3201 3671 si
3244 3615 3383 3670 forte
3429 3616 3614 3686 possit
3644 3616 3826 3687 aliquo

2234 3709 2397 3764 modo
2440 3709 2707 3763 occultari
2746 3709 2888 3778 apud
2919 3724 3017 3764 vos
3039 3749 3055 3772 ,
3095 3725 3165 3764 ne
3195 3709 3265 3763 ab
3292 3709 3381 3763 his
3409 3711 3507 3780 qui
3551 3708 3826 3764 Simonem

2229 3808 2485 3872 quaerunt
2508 3802 2958 3872 Ir:omprehensus,
2993 3802 3060 3856 ad
3089 3801 3359 3857 Caesarem
3398 3803 3739 3872 perducatur
3772 3814 3823 3857 et

2232 3902 2417 3963 pereat
2440 3894 2632 3964 gratis,
2665 3902 2719 3948 et
2748 3909 2894 3947 nunc
2919 3894 3190 3949 sollicitus
3215 3910 3315 3965 pro
3346 3894 3469 3963 ipso
3500 3896 3627 3950 veni
3647 3897 3831 3952 videre

2232 4001 2356 4040 eum
2379 3992 2433 4040 et
2463 3985 2643 4041 redire
2670 3994 2961 4056 antequam
2990 3988 3377 4057 superveniant
3397 3987 3472 4041 illi
3495 4028 3511 4051 ,
3535 3990 3635 4057 qui
3664 3988 3832 4043 dedu-

2233 4095 2433 4141 xerunt
2465 4085 2766 4140 Simonem.
2791 4084 2856 4138 Et
2885 4101 3186 4141 conversus
3210 4086 3279 4140 ad
3303 4103 3405 4142 nos
3434 4088 3702 4143 Anubion
3724 4089 3827 4142 ait:

2184 4214 2187 4217 γ
2231 4176 2346 4248 Ego
2360 4177 2613 4231 Anubion
2632 4177 2798 4247 patris
2817 4178 2982 4233 vestri
3002 4194 3188 4233 verum
3206 4180 3413 4233 vultum
3438 4180 3601 4234 video
3618 4196 3828 4243 revera,

2233 4269 2359 4338 quia
2382 4275 2685 4339 perunctus
2707 4283 2828 4321 sum
2869 4269 3021 4338 prius
3051 4268 3120 4323 ab
3140 4270 3259 4338 ipso
3281 4268 3505 4324 Simone
3526 4270 3679 4325 sicut
3711 4286 3832 4324 nar-

2233 4362 2349 4415 ravi
2368 4361 2541 4423 vobis,
2561 4368 2619 4413 ut
2634 4361 2808 4415 oculis
2826 4362 2962 4416 meis
2978 4378 3103 4415 vera
3118 4361 3458 4418 Faustiniani
3480 4363 3661 4419 facies
3678 4380 3833 4435 appa-

556 4458 725 4498 uxorc
747 4451 800 4498 et
831 4444 981 4508 filiis,
1010 4444 1181 4499 laetari
1212 4460 1320 4497 non
1364 4442 1633 4514 potuerim
1661 4457 1784 4496 cum
1806 4441 1909 4501 eis,
1943 4438 2039 4495 sed
2066 4438 2133 4494 ad
2166 4468 2209 4523 η
2237 4462 2403 4517 νει-ει,
2427 4454 2572 4513 unde
2603 4453 2739 4510 satis
2760 4461 2955 4523 stupeo
2985 4461 3040 4508 ει
3078 4455 3322 4519 admiror
3364 4465 3542 4511 auem
3582 4455 3829 4511 Simoni,

552 4536 765 4606 priores
803 4535 1054 4589 miserias
1100 4550 1240 4603 quas
1279 4534 1334 4587 in
1366 4548 1555 4588 errore
1589 4532 1815 4602 pertuli,
1855 4532 2133 4586 revolutus

554 4627 695 4681 sim?
726 4624 896 4679 Mater
927 4632 1107 4680 autem
1140 4626 1313 4679 multo
1338 4626 1560 4695 gravius
1601 4625 1808 4694 sparsis
1848 4634 1904 4679 et
1925 4625 2135 4677 lacera-

552 4725 624 4778 tis
656 4723 903 4777 crinibus
938 4722 1262 4792 plangebat;
1292 4736 1393 4775 nos
1412 4736 1632 4791 quoque
1656 4721 1711 4773 in
1734 4719 2134 4791 permutatione

551 4817 735 4870 vultus
790 4814 960 4884 patris
1014 4821 1297 4884 stupentes
1344 4814 1502 4883 quasi
1546 4796 1762 4865 attoniti
1810 4827 2030 4867 eramus
2081 4821 2133 4866 et

551 4917 818 4971 amentes,
862 4923 962 4963 nec
991 4907 1121 4979 quid
1166 4906 1245 4961 rei
1288 4913 1443 4961 esset
1464 4905 1765 4975 intelligere
1794 4911 2127 4975 poteramus.

550 5000 660 5058 Sed
691 5009 745 5056 et
774 4998 1027 5055 Anubion
1058 5014 1250 5054 omnes
1286 5015 1388 5053 nos
1420 4998 1495 5052 ita
1535 4996 1727 5053 videns
1758 4997 1938 5067 affligi,
1982 4996 2130 5051 velut

550 5101 736 5148 mutus
776 5093 971 5146 stabat.
1005 5090 1161 5145 Tunc
1190 5089 1388 5145 Petrus
1425 5105 1527 5145 nos
1561 5091 1785 5145 intuens
1828 5089 1971 5144 ﬁlios
2008 5088 2129 5157 ejus

552 5185 627 5235 ait
660 5202 673 5237 :
708 5181 837 5235 Mihi
868 5182 1097 5244 credite,
1136 5180 1284 5251 quod
1317 5181 1406 5236 hic
1445 5182 1560 5251 ipse
1602 5190 1688 5236 est
1722 5187 1877 5250 pater
1917 5190 2126 5245 veSter;

551 5281 773 5342 proptcr
801 5271 944 5342 quod
976 5279 1030 5325 et
1059 5286 1254 5326 moneo
1280 5287 1398 5335 vos,
1433 5280 1492 5327 ut
1523 5274 1679 5342 quasi
1705 5280 1911 5343 patrem
1942 5286 2126 5328 serve-

551 5366 622 5419 tis
644 5380 788 5422 eum.
822 5364 979 5420 Dabit
1006 5363 1153 5419 enim
1183 5363 1325 5420 Deus
1350 5367 1697 5421 occasionem
1724 5367 1984 5436 aliquam,
2015 5381 2125 5437 qua

552 5455 799 5526 deposito
838 5455 1078 5512 Simonis
1104 5456 1256 5511 vultu
1284 5457 1587 5513 evidentem
1623 5459 1795 5529 patris
1841 5459 2027 5523 vestri,
2066 5459 2123 5515 id

550 5553 636 5602 est
666 5562 819 5601 suam
840 5588 853 5611 ,
887 5563 1207 5620 recuperare
1237 5549 1408 5619 possit
1439 5547 1685 5619 efﬁgiem.

620 5634 799 5690 LVIII.
828 5636 891 5690 Et
921 5639 985 5692 ad
1019 5647 1227 5708 patrem
1257 5654 1554 5694 conversus
1585 5639 1661 5692 ait
1695 5658 1708 5693 :
1746 5637 1855 5708 Ego
1876 5639 1974 5693 tibi
2000 5654 2125 5709 per-

552 5730 804 5807 miseram
844 5729 1082 5785 salutare
1120 5728 1421 5800 Appionem
1466 5735 1520 5784 et
1564 5730 1930 5795 Anubionem,
1980 5746 2120 5799 quos

2237 4541 2401 4613 Magi,
2434 4542 2581 4612 quod
2609 4558 2705 4597 vos
2731 4550 2939 4597 stantes
2963 4544 3126 4597 modo
3148 4559 3259 4598 non
3280 4546 3590 4615 agnoscitis
3619 4555 3826 4617 patrem

2234 4641 2503 4688 vestrum.
2530 4630 2819 4690 Flentibus
2847 4640 3027 4689 autem
3059 4646 3212 4704 patre
3240 4646 3294 4691 et
3333 4645 3521 4692 matre
3566 4636 3640 4692 ac
3674 4638 3828 4693 nobis

2235 4716 2489 4781 omnibus
2512 4742 2611 4797 pro
2636 4728 2720 4782 his
2751 4742 2872 4797 qua:
2901 4726 3239 4794 acciderant,
3258 4740 3441 4804 motus
3465 4712 3827 4787 miseratione

2231 4820 2397 4873 etiam
2426 4818 2687 4872 Anubion
2710 4818 2896 4875 flebat.

2301 4908 2412 4966 LX.
2436 4908 2575 4965 Tum
2607 4908 2825 4976 Petrus,
2847 4912 3225 4971 misericordia
3248 4921 3559 4983 permotus,
3592 4916 3824 4971 restitn-

2229 5010 2412 5056 turum
2445 5018 2503 5057 se
2533 4994 2802 5073 promittit
2834 5003 3025 5061 faciem
3068 5006 3240 5076 patris
3278 4990 3477 5069 nostri,
3537 5008 3739 5065 dicens
3766 5008 3822 5062 ad

2229 5109 2355 5148 eum
2383 5112 2396 5147 :
2426 5095 2589 5156 Audi,
2622 5093 2998 5161 Faustiniane,
3025 5112 3149 5153 cum
3192 5097 3353 5152 nobis
3383 5100 3542 5170 prius
3567 5082 3823 5154 utilitatis

2228 5184 2434 5254 aliquid
2459 5185 2750 5241 contulerit
2777 5203 2931 5242 error
2968 5189 3069 5243 iste
3101 5187 3481 5244 transformati
3525 5183 3726 5247 vultus
3754 5191 3825 5244 tui

2228 5284 2282 5331 et
2313 5276 2710 5334 ministraverit
2751 5280 2817 5333 ad
2852 5294 2915 5335 ea
2951 5295 3072 5350 qua:
3100 5280 3395 5357 volumus,
3420 5289 3555 5337 tunc
3586 5295 3693 5353 ego
3743 5296 3826 5335 ve.

2226 5385 2343 5423 ram
2363 5370 2460 5425 tibi
2480 5371 2661 5425 vultus
2694 5370 2771 5423 tui
2794 5371 3080 5442 imaginem
3100 5372 3345 5437 reddam.
3371 5372 3422 5427 si
3451 5381 3649 5432 tamen
3679 5376 3823 5446 prius

2226 5476 2346 5531 qua:
2369 5476 2399 5515 a
2431 5477 2517 5516 mc
2536 5464 2633 5517 tihi
2667 5461 2869 5516 fuerint
2893 5462 3179 5533 imperata,
3211 5463 3621 5535 profligaveris.
3655 5467 3823 5522 Cum-

2228 5568 2335 5623 que
2357 5560 2515 5623 pater
2543 5569 2699 5610 meus
2742 5554 3092 5624 impleturum
3128 5571 3187 5610 se
3214 5562 3415 5610 cuncta
3445 5573 3575 5628 quae
3606 5558 3826 5629 juberet

2226 5644 2378 5700 omni
2410 5646 2754 5715 promitteret
2784 5646 2931 5710 nisu,
2963 5653 3171 5702 tantum
3201 5657 3260 5702 ut
3280 5650 3566 5722 prapriam
3591 5668 3825 5721 recup-t-

2224 5740 2369 5791 raret
2406 5734 2902 5811 eliigiemLPetrus
2938 5739 3013 5794 ita
3043 5740 3207 5809 capit
3236 5757 3253 5794 :
3290 5739 3414 5811 Ipse
3442 5745 3694 5802 auribus
3721 5742 3831 5798 tuis
