3848 6298
149 335 268 389 {M9

1314 321 1859 380 RECOGNITIONUM
1907 320 2031 376 LIB.
2064 321 2127 375 Χ.

3173 332 3306 393 μῦθ

148 442 340 499 audis“
367 436 511 511 quod
540 431 686 485 unus
721 435 784 476 ex
804 418 887 478 his
908 431 1005 496 qui
1046 436 1310 503 praemissi
1340 436 1571 503 fuerant,
1603 452 1683 492 re-
1708 442 1754 497 Α
1782 443 1887 488 tres
1916 448 2063 487 meos
2092 432 2360 501 proﬁcisci
2394 447 2515 488 cum
2548 410 2664 505 ipso
2688 439 2857 509 jubet,
2882 458 2944 498 ac
2974 445 3303 502 Matthidiam

147 547 360 603 gressus
381 545 448 585 ex
474 512 781 582 Antiochia,
810 523 1163 589 nuntiaverit,
1193 527 1459 595 quomodo
1498 525 1680 582 Simon

145 622 219 677 ibi
249 621 480 690 positus,
499 614 689 671 turbas
718 612 998 668 adversum
1020 632 1107 671 me
1135 619 1504 679 concitaverit,
1526 626 1683 687 atque

145 712 197 765 in
215 712 399 765 odium
422 709 527 765 mei
547 712 712 761 totam
733 703 1135 762 inﬁammaverit
1149 708 1447 777 civitatem};
1472 724 1683 777 magum

142 817 230 856 me
254 810 310 856 et
332 798 660 855 homicidam
682 809 745 849 ac
766 795 1100 865 deceptorem
1129 799 1471 862 conﬁrmans,
1492 799 1545 852 in
1568 807 1685 853 tan-

142 900 256 946 tum
291 900 353 945 ut
370 890 696 950 desiderent,
720 888 767 942 si
792 904 877 943 me
898 889 1131 953 videant,
1149 890 1308 943 etiam
1330 904 1519 944 carnes
1537 904 1684 946 meas

137 981 428 1035 devorare.
454 979 561 1035 Fac
582 994 709 1049 ergo
729 979 870 1048 quod
896 979 1015 1033 dico
1045 980 1170 1034 tibi:
1200 980 1508 1049 relinquens
1538 980 1680 1048 apud

137 1087 225 1127 me
245 1073 604 1133 Clementem,
631 1070 872 1138 pratcede
893 1084 993 1123 nos
1022 1068 1358 1126 Antiochiam
1395 1085 1515 1122 cum
1549 1084 1681 1122 con-

130 1161 262 1233 juge
299 1170 397 1217 tua
433 1173 489 1217 et
517 1162 716 1217 Fausto
770 1177 832 1216 ac
875 1161 1128 1215 Faustino
1163 1162 1285 1217 ﬁliis
1325 1164 1452 1216 tuis.
1486 1161 1589 1216 Sed
1628 1170 1682 1215 et

134 1254 276 1308 alios
326 1256 536 1307 mittam
577 1261 772 1317 tecum,
804 1267 939 1321 quos
979 1253 1110 1305 mihi
1137 1252 1425 1315 videbitur,
1465 1252 1557 1321 qui
1584 1250 1680 1305 ob-

132 1351 445 1413 temperent
475 1343 560 1396 his
588 1357 705 1410 quze
734 1357 1054 1411 praecepero.

202 1432 347 1487 LXI.
376 1433 514 1487 Cum
540 1446 669 1501 ergo
702 1446 806 1485 una
835 1446 954 1486 cum
988 1431 1122 1500 ipsis
1152 1430 1487 1484 Antiochiam
1516 1445 1679 1486 vene-

129 1524 232 1587 ris,
284 1521 725 1592 quandoquidem
774 1519 957 1574 Simon
1003 1520 1223 1583 videris,
1270 1520 1482 1589 publice
1528 1526 1678 1574 stans

128 1613 375 1675 pmdiea
409 1610 784 1681 paenitentiam
809 1618 952 1663 tuam
981 1617 1035 1663 et
1062 1609 1148 1661 dic
1173 1626 1187 1662 :
1213 1607 1322 1677 Ego
1354 1605 1535 1661 Simon
1582 1608 1678 1662 de-

127 1702 334 1756 nuntio
386 1700 544 1755 vobis
595 1707 648 1753 et
687 1698 944 1753 conﬁteor
996 1713 1082 1752 me
1110 1700 1289 1752 omnia
1328 1697 1576 1753 fefellisse
1610 1698 1677 1753 de

1783 531 2004 577 matrem
2038 532 2277 579 nostram
2305 531 2358 578 et
2378 526 2639 593 quosdam
2662 545 2727 583 ex
2751 530 3103 591 familiaribus
3122 538 3311 592 simul.

1784 607 1887 666 Sed
1928 618 2096 664 mater
2146 613 2431 666 recusabat
2482 614 2754 682 proﬁcisci
2790 622 2952 675 simul
2996 631 3050 677 et
3086 624 3313 683 aiebat:

1781 700 1947 766 Quasi
1974 701 2214 756 adultera
2244 703 2374 756 mihi
2410 702 2590 759 futura
2622 707 2825 772 videor,
2860 712 2904 764 si
2934 714 3101 767 vultui
3131 715 3309 769 Simo-

1780 789 1865 843 nis
1902 790 2187 859 conjuncta
2224 792 2361 860 sim;
2386 795 2528 863 quod
2557 796 2657 850 etsi
2685 812 2847 868 cogar
2886 802 3046 855 simul
3078 804 3177 869 ire,
3207 806 3309 859 im-

1779 882 2033 949 possibile
2061 891 2237 939 tamen
2266 893 2349 940 est
2376 895 2433 941 ut
2475 888 2529 941 in
2569 891 2752 945 eodem
2786 894 2981 948 lectulo
3022 911 3146 951 eum
3188 901 3306 967 ipso

1773 970 2002 1039 jaceam,
2034 973 2126 1027 sed
2155 977 2339 1029 nescio
2370 976 2416 1030 si
2446 978 2526 1031 vel
2561 981 2827 1047 prolicisci
2873 984 3032 1037 simul
3064 988 3309 1055 acquies-

1779 1054 1916 1116 cam.
1949 1061 2013 1114 Et
2040 1077 2159 1115 cum
2186 1066 2340 1119 valde
2379 1075 2648 1129 renueret.
2674 1071 2924 1126 Anuhion
2959 1054 3160 1129 hortari
3189 1092 3307 1132 eam

1778 1153 1961 1221 coepit,
1985 1154 2203 1210 dicens:
2237 1156 2407 1211 Crede
2429 1159 2559 1212 mihi
2592 1168 2645 1213 et
2672 1158 2853 1225 Petro,
2879 1162 2969 1217 sed
2996 1170 3051 1217 et
3074 1164 3187 1233 ipsa
3210 1180 3312 1220 vox

1778 1254 1884 1293 non
1938 1242 2031 1295 tibi
2074 1240 2480 1300 Faustinianum
2535 1262 2658 1303 esse
2700 1250 2985 1319 persuadet
3027 1253 3313 1323 conjugem

1778 1336 1967 1390 tuum?
1994 1349 2152 1404 quem
2180 1352 2304 1391 vere
2332 1353 2438 1391 non
2486 1339 2665 1395 minus
2702 1356 2801 1411 ego
2849 1343 3010 1414 diligo
3039 1361 3198 1414 quam
3232 1354 3309 1402 tu.

1776 1427 2014 1495 Denique
2042 1425 2201 1480 etiam
2245 1440 2343 1495 ego
2375 1429 2489 1496 ipse
2515 1430 2794 1485 vobiscum
2828 1435 3058 1489 veniam.
3100 1435 3163 1491 Et
3190 1452 3313 1491 cum

1775 1513 1889 1567 haec
1916 1513 2138 1568 dixisset
2159 1513 2427 1580 Anuhion,
2460 1519 2703 1586 promisit
2727 1528 2895 1575 mater
2915 1523 3076 1577 simul
3104 1539 3162 1579 se
3190 1541 3317 1595 pro-

1775 1602 2054 1657 fecturam.

1842 1692 2021 1747 LXIII.
2053 1692 2188 1747 Tum
2214 1709 2333 1764 ego,
2365 1694 2760 1765 Competenter,
2796 1701 2903 1765 aio,
2932 1700 3072 1757 Deus
3102 1705 3314 1774 negotia

124 1790 329 1856 Petro;
362 1790 457 1843 ille
482 1789 625 1843 enim
647 1802 821 1857 neque
841 1788 1091 1842 seductor
1117 1797 1218 1850 est,
1249 1802 1421 1857 neque
1466 1802 1674 1856 magus,
1710 1782 1752 1842 B
1779 1789 1961 1836 nostra
1990 1784 2289 1850 componit;
2322 1784 2581 1838 habemus
2607 1786 2747 1839 enim
2774 1788 3051 1843 nobiscum
3081 1801 3135 1845 et
3166 1792 3317 1845 Anu-

126 1892 315 1947 neque
342 1874 635 1934 homicida,
670 1888 838 1942 neque
862 1873 1052 1927 horum
1098 1871 1303 1941 aliquid
1348 1884 1684 1941 quaecunque

122 1979 329 2024 contra
359 1981 485 2021 eum
520 1965 726 2018 locutus
752 1978 890 2026 sum,
923 1962 1015 2017 sed
1046 1963 1159 2016 dixi
1186 1962 1275 2015 illa
1297 1963 1473 2015 omnia
1503 1961 1684 2015 furore

124 2063 473 2112 commotus.
522 2052 757 2107 Obsecro
783 2065 911 2120 ergo
936 2066 1033 2106 vos
1070 2051 1188 2119 ipse
1210 2064 1329 2119 ego,
1360 2048 1450 2117 qui
1481 2047 1683 2102 dudum

122 2161 337 2202 causas
364 2144 478 2199 odii
507 2141 657 2195 vobis
681 2148 868 2194 contra
894 2154 1014 2194 eum
1044 2138 1314 2202 dederam,
1343 2143 1403 2191 ut
1425 2137 1554 2191 nihil
1577 2137 1685 2194 tale

121 2237 191 2293 de
219 2251 295 2291 eo
330 2234 610 2298 sentiatis;
643 2232 736 2287 sed
766 2231 1016 2300 deponite
1044 2230 1248 2291 odium,
1269 2236 1477 2285 cessate
1495 2229 1563 2282 ab
1599 2229 1683 2282 in-

124 2324 479 2394 dignatione,
505 2322 631 2391 quia
661 2334 783 2375 vere
806 2334 835 2373 a
866 2318 973 2372 Deo
1004 2317 1069 2371 ad
1099 2317 1327 2372 salutem
1348 2316 1533 2370 mundi
1561 2314 1683 2369 mis-

122 2431 222 2472 sus
238 2420 337 2470 est
349 2411 652 2481 discipulus
670 2411 779 2464 veri
796 2408 1072 2478 Propheta:
1080 2414 1134 2460 et
1152 2407 1441 2475 apostolus.
1459 2405 1683 2476 Propter

121 2503 275 2574 quod
332 2502 559 2565 suadeo,
590 2500 779 2553 hortor
805 2506 859 2552 et
898 2511 1087 2552 moneo
1115 2503 1175 2550 ut
1199 2498 1377 2565 ipsum
1425 2494 1678 2557 audiatis,

122 2591 232 2659 ipsi
275 2588 525 2644 credatis
565 2585 870 2656 praedicanti
908 2585 1059 2639 vobis
1091 2584 1393 2647 veritatem,
1439 2598 1508 2638 ne
1545 2583 1684 2638 forte

122 2682 169 2735 si
192 2676 531 2750 spreveritis
564 2690 707 2738 eum,
736 2676 852 2744 ipsa
880 2674 1040 2728 etiam
1072 2674 1253 2728 subito
1279 2674 1467 2728 civitas
1503 2681 1681 2729 vestra

120 2775 347 2839 pereat.
378 2765 552 2830 Quam
578 2778 706 2818 vero
733 2762 803 2817 ob
837 2776 1055 2817 causam
1086 2762 1199 2815 haec
1226 2777 1367 2816 nunc
1387 2763 1537 2818 vobis
1550 2778 1684 2817 cono

121 2858 310 2922 litear,
352 2852 623 2908 indicabo.
648 2850 756 2904 Hac
777 2857 933 2906 nocte
952 2851 1173 2920 angelus
1198 2850 1290 2905 Dei
1319 2851 1579 2920 corripuit
1595 2863 1679 2918 me

120 2948 394 3016 impium,
423 2953 477 2997 et
518 2957 617 2995 cur
652 2941 902 2995 inimicus
937 2955 1112 2994 essem
1148 2941 1387 2996 veritatis
1422 2942 1677 3010 praeconi,

117 3032 619 3094 vehementissime
633 3031 914 3099 ﬂagellavit
929 3030 1330 3101 (62).Deprecor
1344 3047 1471 3100 ergo
1486 3046 1601 3092 vos,
1621 3037 1680 3085 ut

119 3090 353 3185 etiamsi
385 3138 489 3193 ego
518 3121 633 3190 ipse
659 3090 779 3189 post
823 3090 945 3175 haec
976 3090 1199 3176 veniens
1231 3123 1298 3176 ad
1340 3090 1436 3177 vos
1474 3090 1677 3192 aliquid
1704 3090 1747 3148 ο

121 3226 422 3273 tentavero
453 3213 734 3266 adversum
763 3210 979 3265 Petrum
1022 3211 1219 3274 dicere,
1250 3227 1319 3267 ne
1347 3212 1674 3281 suscipiatis,

121 3322 227 3363 nec
278 3301 549 3360 credatis.
599 3300 867 3354 Conﬁteor
897 3300 1038 3354 enim
1086 3300 1274 3363 vobis,
1327 3317 1425 3371 ego
1468 3317 1675 3370 magus,

120 3415 227 3466 ego
279 3396 570 3453 seductor,
615 3405 715 3461 ego
739 3391 988 3459 deceptor
1031 3390 1130 3455 fui,
1175 3391 1268 3445 sed
1313 3394 1679 3460 paenitentiam

118 3503 262 3558 ago;
296 3486 435 3539 licet
461 3482 603 3536 enim
637 3495 733 3550 per
769 3481 1133 3549 paenitentiam
1163 3482 1337 3549 priora
1367 3482 1502 3536 male
1531 3488 1679 3551 gesta

120 3582 348 3637 delere.

188 3668 366 3726 LXII.
390 3665 526 3719 Cum
545 3664 655 3716 haec
675 3662 865 3716 Petrus
886 3662 1152 3716 intimaret
1174 3661 1330 3729 patri,
1350 3660 1435 3713 ille
1459 3674 1682 3727 respon-

114 3765 197 3817 dit
227 3803 243 3815 .
273 3757 419 3813 Scio
442 3752 569 3820 quid
593 3752 746 3817 velis,
779 3767 842 3804 ne
861 3752 1066 3806 labores
1092 3752 1264 3812 ultra;
1290 3750 1521 3803 intellexi
1538 3751 1681 3804 enim

109 3863 168 3908 et
188 3850 359 3909 novi,
395 3841 522 3909 quid
546 3849 786 3909 Oporteat
815 3855 935 3893 cum
965 3842 1029 3893 ad
1061 3841 1237 3894 locum
1263 3854 1477 3901 venero,
1498 3855 1683 3910 prose-

110 3943 237 4013 qui.
268 3937 347 3992 Ει
378 3931 574 3986 Penus
598 3930 793 3984 iterum
841 3930 1157 3998 suggerebat
1184 3929 1255 3991 ei,
1298 3922 1481 3984 dicens
1507 3949 1519 3983 :
1546 3931 1709 3984 Cum'

107 4044 257 4100 ergo
280 4018 513 4080 veneris
533 4016 600 4070 ad
634 4017 809 4070 locum
848 4024 903 4070 et
931 4015 1130 4070 videris
1167 4018 1418 4085 populum
1461 4033 1526 4072 ex
1569 4034 1683 4073 ser-

107 4133 295 4174 mone
344 4121 447 4166 tuo
476 4106 735 4169 converti,
775 4114 827 4160 et
866 4108 1123 4177 depositis
1165 4108 1303 4169 odiis
1335 4109 1571 4177 recipere
1595 4108 1684 4161 de-

105 4206 409 4263 siderium
461 4198 653 4260 nostri,
701 4196 850 4251 mitte
903 4205 956 4251 et
1001 4198 1192 4251 manda
1233 4198 1381 4260 mihi,
1414 4204 1467 4252 et
1500 4197 1680 4252 statim

105 4297 379 4353 veniam.
423 4288 558 4343 Cum
599 4295 774 4341 autem
823 4302 1040 4349 venero,
1092 4288 1209 4341 sine
1250 4302 1399 4340 mora
1448 4288 1680 4341 alienum

1780 1872 1993 1927 hionem
2024 1872 2375 1943 astrologum,
2409 1889 2531 1927 cum
2559 1890 2666 1944 quo
2695 1876 2740 1929 si
2779 1877 3117 1934 Antiochiam
3152 1896 3317 1935 vene-

1781 1958 1973 2022 rimus,
2003 1958 2070 2012 de
2098 1959 2281 2028 genesi
2316 1961 2575 2015 attentius
2615 1961 3031 2030 disputabimus.
3071 1965 3318 2034 Cumque

1781 2055 1902 2117 post
1927 2047 2159 2101 medium
2189 2048 2365 2103 noctis
2389 2059 2540 2118 pater
2571 2058 2755 2106 noster
2780 2066 2902 2105 cum
2934 2053 3020 2108 his
3045 2069 3181 2123 quos
3199 2055 3319 2122 jus-

1781 2142 1923 2188 serat
1970 2133 2184 2199 Petrus,
2211 2142 2266 2189 et
2313 2135 2594 2191 Anubione
2635 2138 2908 2206 profectus
2946 2149 3122 2206 esset;
3160 2157 3320 2197 mane

1779 2223 2090 2293 priusquam
2116 2224 2428 2293 procederet
2457 2227 2523 2280 ad
2547 2227 2938 2296 disputandum
2981 2230 3192 2294 Petrus,
3232 2248 3318 2287 re-

1781 2314 1953 2382 gressi
1981 2322 2107 2367 sunt
2152 2314 2229 2367 illi
2283 2315 2375 2383 qui
2422 2314 2760 2370 deduxerunt
2791 2317 3061 2373 Simonem
3086 2359 3101 2384 ,
3134 2320 3188 2372 id
3234 2328 3318 2375 est

1779 2403 1984 2471 Appion
2018 2412 2072 2458 et
2098 2404 2497 2469 Athenodorus,
2527 2413 2579 2460 et
2609 2416 2873 2461 venerunt
2899 2408 2965 2461 ad
3000 2424 3099 2464 nos
3143 2411 3317 2479 requi-

1778 2498 1958 2545 rentes
2008 2498 2211 2560 patrem
2260 2507 2455 2547 meum.
2511 2480 2702 2550 Petrus
2740 2511 2868 2550 vero
2907 2497 2997 2550 ubi
3046 2500 3312 2567 cognovit,

1775 2580 1937 2649 jussit
1979 2594 2072 2634 eos
2103 2581 2344 2637 introire.
2386 2582 2449 2635 Et
2478 2599 2601 2637 cum
2633 2585 3026 2650 consedissent,
3061 2585 3161 2641 Ubi
3207 2598 3312 2653 est,

1779 2670 1949 2733 aiunt,
1981 2668 2400 2726 Faustinianus?
2425 2671 2618 2728 Petrus
2649 2674 2956 2743 respondit:
2989 2674 3311 2732 Nescimus:

1777 2772 1998 2826 vespere
2043 2760 2183 2813 enim
2228 2769 2514 2830 postquam
2570 2761 2638 2815 ad
2679 2778 2777 2817 vos
2806 2763 2972 2829 venit,
3009 2765 3148 2818 ultra
3178 2767 3316 2820 nulli

1780 2863 2001 2903 suorum
2042 2851 2190 2904 visus
2223 2857 2346 2916 est;
2391 2850 2642 2905 hesterno
2679 2859 2856 2905 tamen
2894 2852 2979 2906 die
3026 2868 3183 2909 mane
3229 2855 3317 2908 Si-

1778 2951 1903 2990 mon
1926 2938 2070 2991 venit
2091 2953 2336 3008 quazrens
2362 2948 2579 3005 eum,et
2608 2942 2735 3010 quia
2763 2942 2897 2995 nihil
2926 2943 3001 2996 illi
3031 2944 3315 3013 respondi-

1778 3044 1920 3091 mus.
1951 3030 2135 3084 nescio
2157 3029 2285 3098 quid
2308 3030 2355 3083 ei
2382 3030 2555 3084 visum
2582 3031 2671 3094 sit,
2696 3029 3104 3086 Faustinianum
3126 3047 3185 3087 se
3197 3048 3318 3089 esse

1778 3120 2006 3174 dicebat.
2019 3119 2173 3185 Quod
2197 3136 2318 3177 eum
2347 3122 2397 3175 ei
2417 3136 2575 3176 nemo
2598 3123 2861 3185 crederet,
2895 3122 3026 3178 ﬂens
3053 3130 3107 3177 et
3129 3124 3317 3191 dolens

1778 3209 2205 3263 comminabatur
2248 3217 2648 3279 perempturum
2698 3211 3066 3279 semetipsum,
3098 3220 3154 3265 et
3193 3222 3317 3281 post

1777 3297 1891 3353 haec
1916 3298 2046 3351 abiit
2078 3298 2143 3352 ad
2175 3314 2321 3353 mare
2347 3314 2554 3354 versus.

1846 3386 2028 3440 LXIV.
2061 3386 2184 3440 Haec
2210 3402 2331 3441 cum
2361 3389 2597 3443 audisset
2622 3388 2827 3457 Appion
2850 3398 2901 3443 et
2928 3388 3020 3456 qui
3046 3403 3165 3441 cum
3198 3389 3316 3457 ipso

1778 3485 1950 3538 erant,
1977 3477 2235 3530 ululatum
2264 3478 2528 3531 dederunt
2556 3480 2833 3545 grandem,
2863 3479 3103 3533 dicentes
3127 3498 3139 3532 :
3176 3477 3316 3543 Quid

1779 3566 1881 3618 hoc
1916 3563 2139 3627 fecistis,
2167 3580 2267 3618 cur
2295 3581 2402 3619 non
2432 3567 2711 3635 recepistis
2732 3569 2891 3622 eum?
2920 3568 2982 3621 Et
3009 3584 3129 3622 cum
3158 3571 3316 3625 vellet

1779 3654 2153 3709 Athenodorus
2193 3655 2371 3709 dicere
2412 3657 2542 3711 mihi
2595 3658 2721 3727 quia
2771 3659 2888 3725 ipse
2932 3666 3047 3712 erat
3104 3659 3315 3716 Fausti-

1780 3744 1981 3799 nianus
2005 3752 2155 3813 pater
2192 3751 2337 3808 tuus,
2369 3745 2575 3816 Appion
2612 3750 2939 3817 praeveniens
2967 3765 3126 3805 eum:
3157 3752 3315 3806 Com-

1783 3835 2038 3902 perimus,
2078 3834 2270 3904 inquit,
2308 3849 2339 3888 a
2366 3837 2596 3904 quodam
2633 3838 2722 3907 qui
2766 3854 2888 3892 cum
2934 3838 3151 3894 Simone
3184 3855 3313 3905 pro-

1783 3924 1955 3980 fectus
1999 3935 2100 3992 est,
2133 3926 2249 3995 ipso
2280 3924 2627 3981 Faustiniano
2671 3928 2995 3997 deprecante
3034 3945 3178 3993 eum,
3209 3945 3309 3999 pro

1781 4029 1845 4067 eo
1903 4015 2043 4083 quod
2098 4017 2260 4070 nollet
2313 4016 2450 4071 filios
2512 4032 2642 4072 suos
2705 4019 2913 4081 videre,
2964 4021 3089 4086 quia
3143 4017 3314 4074 Judaei

1781 4112 1935 4157 erant
1952 4105 2168 4175 (65-64).
2183 4106 2289 4162 Nos
2301 4122 2428 4177 ergo
2437 4122 2557 4163 cum
2570 4107 2901 4163 audissemus
2912 4107 3046 4173 haec,
3067 4108 3315 4164 venimus

1783 4209 1902 4247 eum
1937 4193 2024 4246 hic
2060 4192 2350 4262 requirere,
2379 4193 2470 4247 sed
2514 4194 2639 4263 quia
2672 4195 2759 4249 hic
2799 4210 2906 4249 non
2949 4206 3061 4258 est,
3095 4205 3315 4266 apparet

1784 4268 1910 4352 quia
1951 4298 2076 4337 vere
2121 4283 2255 4337 dixit
2282 4283 2375 4352 qui
2414 4284 2685 4339 nuntiavit
2727 4301 2849 4341 cum
2882 4285 3099 4341 Simone
3137 4287 3315 4357 profe-

104 4390 272 4444 hunc
311 4399 346 4436 a
379 4388 435 4432 te
468 4379 666 4431 vultum
694 4376 955 4445 el'fugaho,
993 4385 1048 4431 et
1086 4388 1234 4431 tuum
1273 4382 1545 4446 proprium
1585 4378 1675 4447 qui
1711 4393 1752 4447 ο
1784 4381 1958 4438 ctum;
1995 4375 2096 4428 hoc
2123 4388 2249 4443 ergo
2276 4376 2590 4430 nuntiamus
2618 4377 2792 4433 vobis.
2832 4376 2943 4443 Ego
2973 4385 3147 4432 autem
3190 4378 3315 4432 Cle-

105 4476 231 4531 tuis
262 4466 536 4527 omnibus
583 4472 743 4518 notus
784 4474 867 4518 est
898 4466 1137 4520 reddam.
1172 4466 1235 4517 Et
1265 4467 1348 4520 his
1389 4466 1547 4520 dictis
1579 4465 1680 4519 fra-

1785 4482 1936 4522 mens
1982 4469 2071 4521 ubi
2117 4469 2351 4522 intellexi
2385 4470 2671 4524 consilium
2720 4470 2887 4534 Petri,
2929 4472 3053 4541 quia
3086 4470 3313 4525 voluerit

1425 4680 1777 4736 COTELERII
1814 4680 2037 4736 ΝΟΤιΕ.

180 4841 315 4963 (623
373 4834 823 4916 Vehementissinie
871 4836 1172 4916 ﬂagellauit.
1207 4836 1450 4918 Conferri
1500 4847 1677 4909 potest

180 4930 235 4963 ac
315 4905 579 4963 agellatio
603 4918 724 4956 cum
753 4905 843 4956 illa
871 4905 1072 4958 famosa
1104 4904 1432 4963 Hieronymi.

98 4904 235 4973 me}:
270 4904 579 4973 ﬂagellatio
603 4918 724 4973 cum
751 4905 843 4973 illa
871 4905 1072 4973 fanipsa
1104 4904 1432 4973 Hieronymi.

433 4968 571 5033 Quia
590 4964 936 5051 Judwierant.
955 4969 1022 5023 Ut
1035 4970 1259 5039 benigne
1270 4964 1471 5051 exponi
1505 4985 1683 5051 potest

100 5041 213 5126 per
275 5043 429 5126 satis
486 5041 754 5120 cognitum
802 5054 1056 5126 errorem,
1096 5041 1432 5126 quq‘cthiiici
1493 5041 1679 5112 primis

97 5105 483 5188 {amporibus
504 5105 804 5188 "In-mpm?
832 5105 1136 5188 liid‘nqrum
1183 5105 1514 5188 Christianos
1554 5129 1681 5179 (luo-

145 5176 804 5249 ue'comprehendebant
830 5195 841 5228 :
871 5177 945 5249 ita
966 5185 1019 5229 et
1031 5184 1349 5249 suspectum
1371 5192 1492 5249 esse
1519 5176 1679 5249 queat

145 5212 223 5245 uc
258 5212 459 5245 cun-lu
471 5212 804 5231 υυνιιιιυνειιιυ
830 5217 841 5228 .
871 5212 941 5229 ua
966 5212 1019 5229 υ,
1046 5212 1349 5241 συσγνυιιιιιι
1371 5212 1492 5232 unus
1519 5212 1673 5249 ιιυυαι

98 5212 460 5326 ἓὺὶοηὶιίρεβ
496 5246 629 5326 labis
664 5246 979 5326 apocﬂphis
1007 5244 1365 5326 ‘Clelmentinis
1397 5247 1673 5316 inspersa}.

98 5311 563 5384 (—lonlundebant
604 5311 742 5368 enim
790 5311 1020 5384 Ebionaei
1065 5311 1533 5384 Christianismum
1556 5332 1676 5372 cum

98 5378 725 5453 iudaismeuocirea
1108 5378 1300 5453 factum
1332 5397 1372 5453 ‘3
1426 5381 1679 5440 Simeonc

102 5444 517 5529 ﬁetapliragle
563 5452 617 5504 in
658 5444 1516 5529 Vita'Clementisﬁomanihseu
1565 5454 1681 5508 Cle-

103 5515 383 5590 nientina
419 5519 667 5587 Epitomc,
699 5534 816 5573 cum
844 5525 1074 5590 quatuor
1106 5515 1219 5569 loca
1256 5517 1493 5590 immitia:
1524 5538 1684 5588 φηγ.

104 5584 705 5659 ἱξξῂσιεηιεήιὶηοναηι
752 5584 963 5640 mutavit
990 5590 1044 5638 et
1074 5586 1320 5641 correxit.
1345 5584 1571 5646 Primus
1602 5593 1681 5646 ιο.

428 5685 685 5739 Ρηιιοι.
743 5680 847 5737 Gn.
892 5679 933 5735 Ι.

1781 4857 1877 4918 cus
1905 4849 2079 4918 exstat
2100 4860 2147 4898 c.
2184 4845 2233 4918 ‘I.
2269 4845 2342 4899 Ibi
2374 4846 2442 4900 de
2470 4846 3004 4918 Clementedicitur;
3036 4847 3169 4918 Ὑπὸ
3191 4848 3313 4918 βαρ-

1782 4911 1944 4986 ϐάρῳ
1978 4913 2251 4986 τιγδςητὴν
2290 4917 2648 4986 πρᾳσηγοριᾳγ
2688 4916 2909 4986 Πέτρου,
2948 4917 3014 4969 τὰ
3049 4911 3311 4969 Ἰουδὰίὼν

1782 4983 1948 5054 τεκεῖν
1974 4982 2066 5033 καὶ
2092 4981 2261 5054 λέγξέν
2282 4981 2568 5054 maneat.
2589 4981 2971 5054 Metaphi‘astes
2988 5001 3113 5039 vero
3134 4987 3312 5054 posuit

1783 5046 2061 5121 _Ep_itomes_
2078 5066 2135 5121 ρ.
2163 5046 2256 5121 ιϐ,
2287 5046 2353 5121 «id
2384 5046 2745 5121 ΧριστιανῶνῙ
2783 5054 3087 5109 Secundum
3134 5046 3309 5106 locum

1781 5118 2023 5193 habesc.
2044 5119 2128 5179 i3,
2160 5120 2186 5170 6
2208 5120 2261 5171 δὲ
2285 5119 2413 5181 τῶν,
2435 5118 2508 5183 ὡς
2530 5121 2683 5193 psi;
2706 5139 2863 5193 (pars,
2880 5123 3160 5193 βαρϐάρῳν
3192 5123 3313 5193 Ἰρυ-

1780 5185 1938 5256 δαίῳν
1959 5185 2127 5256 λόγος,
2149 5202 2178 5241 e
2206 5202 2312 5256 quo
2336 5203 2517 5242 vocem
2553 5185 2810 5244 ’Ῐουδαῖων
2835 5185 3309 5253 δῖῐῐιὲοηάὺειυὶὶῑ,

1779 5270 1828 5326 c_.
1860 5254 1945 5308 50.
1976 5254 2304 5326 Tertium—c.
2338 5258 2433 5326 I5.
2456 5274 2614 5326 quem
2653 5260 2814 5313 simili
2841 5260 2998 5315 modo
3026 5259 3311 5313 circumci-

1780 5324 1875 5387 dit,
1901 5325 2063 5398 c_._51.
2102 5324 2159 5376 In
2187 5334 2378 5393 quarto
2406 5324 2635 5398 denique
2662 5329 2783 5382 loco
2808 5344 2859 5384 c.
2893 5327 2983 5398 24,
3010 5327 3180 5398 Apion
3213 5342 3312 5379 no-

1781 5400 1859 5446 tat
1910 5391 2234 5465 Clementem
2297 5391 2716 5465 προσομιὶξοῦντα
2770 5394 3071 5458 Ἰουδαίοιςέ
3127 5405 3189 5465 at‘
3244 5410 3311 5449 ex

1782 5462 2150 5537 emendatione
2196 5462 2584 5537 breviant_i_s__c.
2637 5466 2724 5531 53,
2766 5466 3120 5537 Χριστιανοῖς.
3174 5462 3313 5532 Lege

1785 5531 1967 5585 homil.
2018 5553 2092 5597 xu,
2117 5544 2167 5585 ε.
2200 5530 2288 5595 16,
2322 5540 2374 5588 et
2398 5532 2543 5593 alibi.

2887 5684 2964 5745 τιὸ
