  <div class='ocr_page' id='page_1' title='image "/cluster/home/n/w/nwhite01/storage/ocr_20150623/1 (St. Clemens; pt. 1)/nyp.33433019854052/735.png"; bbox 0 0 3904 6390; ppageno 0'>
   <div class='ocr_carea' id='block_1_1' title="bbox 569 324 697 383">
    <p class='ocr_par' dir='ltr' id='par_1_1' title="bbox 569 324 697 383">
     <span class='ocr_line' id='line_1_1' title="bbox 569 324 697 383; baseline 0.016 -2"><span class='ocrx_word' id='word_1_1' title='bbox 569 324 697 383; x_wconf 66' lang='grc' dir='ltr'><strong><em>ΗΜ</em></strong></span> 
     </span>
    </p>
   </div>
   <div class='ocr_carea' id='block_1_2' title="bbox 1481 286 3008 388">
    <p class='ocr_par' dir='ltr' id='par_1_2' title="bbox 1481 286 3008 388">
     <span class='ocr_line' id='line_1_2' title="bbox 1481 286 3008 388; baseline 0.004 -6"><span class='ocrx_word' id='word_1_2' title='bbox 1481 327 1538 385; x_wconf 91' lang='lat' dir='ltr'><strong>s.</strong></span> <span class='ocrx_word' id='word_1_3' title='bbox 1573 328 1966 386; x_wconf 81' lang='lat' dir='ltr'><strong>CLEMENTIS</strong></span> <span class='ocrx_word' id='word_1_4' title='bbox 1998 331 2019 384; x_wconf 93' lang='grc' dir='ltr'><strong>ι</strong></span> <span class='ocrx_word' id='word_1_5' title='bbox 2053 329 2217 386; x_wconf 77' lang='lat' dir='ltr'><strong>nou.</strong></span> <span class='ocrx_word' id='word_1_6' title='bbox 2254 306 2462 388; x_wconf 81' lang='lat' dir='ltr'><strong>PONT.</strong></span> <span class='ocrx_word' id='word_1_7' title='bbox 2492 328 2721 387; x_wconf 74' lang='lat' dir='ltr'><strong>OPE‘BA</strong></span> <span class='ocrx_word' id='word_1_8' title='bbox 2746 329 2960 388; x_wconf 82' lang='lat' dir='ltr'><strong>DUBIA</strong></span> <span class='ocrx_word' id='word_1_9' title='bbox 2990 374 3008 388; x_wconf 90' lang='lat'><strong>.</strong></span> 
     </span>
    </p>
   </div>
   <div class='ocr_carea' id='block_1_3' title="bbox 3690 334 3811 390">
    <p class='ocr_par' dir='ltr' id='par_1_3' title="bbox 3690 334 3811 390">
     <span class='ocr_line' id='line_1_3' title="bbox 3690 334 3811 390; baseline 0.008 -1"><span class='ocrx_word' id='word_1_10' title='bbox 3690 334 3811 390; x_wconf 65' lang='lat' dir='ltr'><strong>MSS</strong></span> 
     </span>
    </p>
   </div>
   <div class='ocr_carea' id='block_1_4' title="bbox 561 441 3814 520">
    <p class='ocr_par' dir='ltr' id='par_1_4' title="bbox 561 441 3814 520">
     <span class='ocr_line' id='line_1_4' title="bbox 561 441 3814 520; baseline 0.001 -21"><span class='ocrx_word' id='word_1_11' title='bbox 561 446 644 500; x_wconf 82' lang='lat' dir='ltr'><strong>eis</strong></span> <span class='ocrx_word' id='word_1_12' title='bbox 686 441 1056 514; x_wconf 72' lang='lat' dir='ltr'><strong>suspicionem</strong></span> <span class='ocrx_word' id='word_1_13' title='bbox 1105 441 1265 508; x_wconf 90' lang='lat' dir='ltr'><strong>dare,</strong></span> <span class='ocrx_word' id='word_1_14' title='bbox 1314 441 1461 513; x_wconf 90' lang='lat' dir='ltr'><strong>quod</strong></span> <span class='ocrx_word' id='word_1_15' title='bbox 1506 444 1574 498; x_wconf 93' lang='lat' dir='ltr'><strong>ab</strong></span> <span class='ocrx_word' id='word_1_16' title='bbox 1626 445 1763 515; x_wconf 82' lang='lat' dir='ltr'><strong>ipsis</strong></span> <span class='ocrx_word' id='word_1_17' title='bbox 1810 446 2139 516; x_wconf 69' lang='lat' dir='ltr'><strong>qumrendus</strong></span> <span class='ocrx_word' id='word_1_18' title='bbox 2169 450 2213 508; x_wconf 74' lang='grc' dir='ltr'>Α</span> <span class='ocrx_word' id='word_1_19' title='bbox 2243 461 2310 500; x_wconf 92' lang='lat' dir='ltr'><strong>ne</strong></span> <span class='ocrx_word' id='word_1_20' title='bbox 2362 447 2658 502; x_wconf 81' lang='lat' dir='ltr'><strong>crederetis</strong></span> <span class='ocrx_word' id='word_1_21' title='bbox 2688 446 2874 511; x_wconf 87' lang='lat' dir='ltr'><strong>Petro,</strong></span> <span class='ocrx_word' id='word_1_22' title='bbox 2908 450 3000 516; x_wconf 90' lang='lat' dir='ltr'><strong>qui</strong></span> <span class='ocrx_word' id='word_1_23' title='bbox 3035 454 3088 502; x_wconf 89' lang='lat' dir='ltr'><strong>et</strong></span> <span class='ocrx_word' id='word_1_24' title='bbox 3129 446 3452 520; x_wconf 75' lang='lat' dir='ltr'><strong>languentes</strong></span> <span class='ocrx_word' id='word_1_25' title='bbox 3496 447 3553 503; x_wconf 89' lang='lat' dir='ltr'><strong>in</strong></span> <span class='ocrx_word' id='word_1_26' title='bbox 3602 450 3814 508; x_wconf 79' lang='lat' dir='ltr'><strong>nomine</strong></span> 
     </span>
    </p>
   </div>
   <div class='ocr_carea' id='block_1_5' title="bbox 559 532 3817 609">
    <p class='ocr_par' dir='ltr' id='par_1_5' title="bbox 559 532 3817 609">
     <span class='ocr_line' id='line_1_5' title="bbox 559 532 3817 609; baseline 0.002 -24"><span class='ocrx_word' id='word_1_27' title='bbox 559 540 706 587; x_wconf 82' lang='lat' dir='ltr'><strong>esset</strong></span> <span class='ocrx_word' id='word_1_28' title='bbox 738 547 926 596; x_wconf 79' lang='lat' dir='ltr'><strong>senex,</strong></span> <span class='ocrx_word' id='word_1_29' title='bbox 964 540 1021 585; x_wconf 92' lang='lat' dir='ltr'><strong>ut</strong></span> <span class='ocrx_word' id='word_1_30' title='bbox 1057 532 1311 586; x_wconf 91' lang='lat' dir='ltr'><strong>timerent</strong></span> <span class='ocrx_word' id='word_1_31' title='bbox 1351 541 1405 588; x_wconf 93' lang='lat' dir='ltr'><strong>et</strong></span> <span class='ocrx_word' id='word_1_32' title='bbox 1452 540 1727 605; x_wconf 82' lang='lat' dir='ltr'><strong>fugerent,</strong></span> <span class='ocrx_word' id='word_1_33' title='bbox 1776 537 1918 607; x_wconf 78' lang='lat' dir='ltr'><strong>coepi</strong></span> <span class='ocrx_word' id='word_1_34' title='bbox 1949 537 2143 605; x_wconf 85' lang='lat' dir='ltr'><strong>juvare</strong></span> <span class='ocrx_word' id='word_1_35' title='bbox 2240 537 2362 605; x_wconf 85' lang='lat' dir='ltr'><strong>ejus</strong></span> <span class='ocrx_word' id='word_1_36' title='bbox 2402 548 2432 590; x_wconf 73' lang='grc' dir='ltr'><strong>ιι</strong></span> <span class='ocrx_word' id='word_1_37' title='bbox 2463 552 2571 607; x_wconf 90' lang='lat' dir='ltr'><strong>quo</strong></span> <span class='ocrx_word' id='word_1_38' title='bbox 2601 538 2801 593; x_wconf 86' lang='lat' dir='ltr'><strong>missus</strong></span> <span class='ocrx_word' id='word_1_39' title='bbox 2839 544 2922 592; x_wconf 92' lang='lat' dir='ltr'><strong>est</strong></span> <span class='ocrx_word' id='word_1_40' title='bbox 2952 548 3129 604; x_wconf 80' lang='lat' dir='ltr'><strong>curat,</strong></span> <span class='ocrx_word' id='word_1_41' title='bbox 3166 547 3219 593; x_wconf 89' lang='lat' dir='ltr'><strong>et</strong></span> <span class='ocrx_word' id='word_1_42' title='bbox 3249 541 3529 594; x_wconf 68' lang='lat' dir='ltr'><strong>daemonas</strong></span> <span class='ocrx_word' id='word_1_43' title='bbox 3562 538 3738 609; x_wconf 85' lang='lat' dir='ltr'><strong>fugat,</strong></span> <span class='ocrx_word' id='word_1_44' title='bbox 3760 556 3817 593; x_wconf 88' lang='lat' dir='ltr'><strong>ac</strong></span> 
     </span>
    </p>
   </div>
   <div class='ocr_carea' id='block_1_6' title="bbox 559 625 2139 697">
    <p class='ocr_par' dir='ltr' id='par_1_6' title="bbox 559 625 2139 697">
     <span class='ocr_line' id='line_1_6' title="bbox 559 625 2139 697; baseline 0.006 -19"><span class='ocrx_word' id='word_1_45' title='bbox 559 625 853 681; x_wconf 83' lang='lat' dir='ltr'><strong>consilium</strong></span> <span class='ocrx_word' id='word_1_46' title='bbox 883 625 1002 693; x_wconf 90' lang='lat' dir='ltr'><strong>ejus</strong></span> <span class='ocrx_word' id='word_1_47' title='bbox 1032 632 1085 679; x_wconf 92' lang='lat' dir='ltr'><strong>et</strong></span> <span class='ocrx_word' id='word_1_48' title='bbox 1124 626 1211 680; x_wconf 90' lang='lat' dir='ltr'><strong>aio</strong></span> <span class='ocrx_word' id='word_1_49' title='bbox 1258 627 1324 680; x_wconf 89' lang='lat' dir='ltr'><strong>ad</strong></span> <span class='ocrx_word' id='word_1_50' title='bbox 1356 626 1656 697; x_wconf 85' lang='lat' dir='ltr'><strong>Appionem</strong></span> <span class='ocrx_word' id='word_1_51' title='bbox 1686 647 1699 684; x_wconf 91' lang='lat'><strong>:</strong></span> <span class='ocrx_word' id='word_1_52' title='bbox 1732 629 1893 696; x_wconf 86' lang='lat' dir='ltr'><strong>Audi,</strong></span> <span class='ocrx_word' id='word_1_53' title='bbox 1926 631 2139 687; x_wconf 89' lang='lat' dir='ltr'><strong>charis-</strong></span> 
     </span>
    </p>
   </div>
   <div class='ocr_carea' id='block_1_7' title="bbox 563 717 2139 791">
    <p class='ocr_par' dir='ltr' id='par_1_7' title="bbox 563 717 2139 791">
     <span class='ocr_line' id='line_1_7' title="bbox 563 717 2139 791; baseline 0.004 -19"><span class='ocrx_word' id='word_1_54' title='bbox 563 717 702 773; x_wconf 90' lang='lat' dir='ltr'><strong>sime</strong></span> <span class='ocrx_word' id='word_1_55' title='bbox 749 717 993 787; x_wconf 90' lang='lat' dir='ltr'><strong>Appion,</strong></span> <span class='ocrx_word' id='word_1_56' title='bbox 1044 733 1146 772; x_wconf 89' lang='lat' dir='ltr'><strong>nos</strong></span> <span class='ocrx_word' id='word_1_57' title='bbox 1190 719 1335 788; x_wconf 90' lang='lat' dir='ltr'><strong>quod</strong></span> <span class='ocrx_word' id='word_1_58' title='bbox 1378 719 1581 774; x_wconf 89' lang='lat' dir='ltr'><strong>bonum</strong></span> <span class='ocrx_word' id='word_1_59' title='bbox 1627 723 1925 791; x_wconf 86' lang='lat' dir='ltr'><strong>credimus,</strong></span> <span class='ocrx_word' id='word_1_60' title='bbox 1972 726 2139 779; x_wconf 89' lang='lat' dir='ltr'><strong>etiam</strong></span> 
     </span>
    </p>
   </div>
   <div class='ocr_carea' id='block_1_8' title="bbox 559 806 2135 884">
    <p class='ocr_par' dir='ltr' id='par_1_8' title="bbox 559 806 2135 884">
     <span class='ocr_line' id='line_1_8' title="bbox 559 806 2135 884; baseline 0.005 -24"><span class='ocrx_word' id='word_1_61' title='bbox 559 807 702 877; x_wconf 88' lang='lat' dir='ltr'><strong>patri</strong></span> <span class='ocrx_word' id='word_1_62' title='bbox 735 806 950 861; x_wconf 88' lang='lat' dir='ltr'><strong>tradere</strong></span> <span class='ocrx_word' id='word_1_63' title='bbox 976 807 1259 874; x_wconf 86' lang='lat' dir='ltr'><strong>volumus;</strong></span> <span class='ocrx_word' id='word_1_64' title='bbox 1297 809 1445 877; x_wconf 92' lang='lat' dir='ltr'><strong>quod</strong></span> <span class='ocrx_word' id='word_1_65' title='bbox 1491 812 1539 864; x_wconf 90' lang='lat' dir='ltr'><strong>si</strong></span> <span class='ocrx_word' id='word_1_66' title='bbox 1586 811 1824 867; x_wconf 84' lang='lat' dir='ltr'><strong>noluerit</strong></span> <span class='ocrx_word' id='word_1_67' title='bbox 1870 815 2135 884; x_wconf 89' lang='lat' dir='ltr'><strong>recipere,</strong></span> 
     </span>
    </p>
   </div>
   <div class='ocr_carea' id='block_1_9' title="bbox 561 899 2138 976">
    <p class='ocr_par' dir='ltr' id='par_1_9' title="bbox 561 899 2138 976">
     <span class='ocr_line' id='line_1_9' title="bbox 561 899 2138 976; baseline 0.004 -23"><span class='ocrx_word' id='word_1_68' title='bbox 561 899 655 953; x_wconf 89' lang='lat' dir='ltr'><strong>sed</strong></span> <span class='ocrx_word' id='word_1_69' title='bbox 697 899 892 967; x_wconf 86' lang='lat' dir='ltr'><strong>magis,</strong></span> <span class='ocrx_word' id='word_1_70' title='bbox 926 906 985 952; x_wconf 89' lang='lat' dir='ltr'><strong>ut</strong></span> <span class='ocrx_word' id='word_1_71' title='bbox 1022 899 1182 964; x_wconf 87' lang='lat' dir='ltr'><strong>dicis,</strong></span> <span class='ocrx_word' id='word_1_72' title='bbox 1216 902 1614 958; x_wconf 81' lang='lat' dir='ltr'><strong>exhorrescens</strong></span> <span class='ocrx_word' id='word_1_73' title='bbox 1644 918 1745 959; x_wconf 92' lang='lat' dir='ltr'><strong>nos</strong></span> <span class='ocrx_word' id='word_1_74' title='bbox 1788 903 1943 975; x_wconf 83' lang='lat' dir='ltr'><strong>fugit,</strong></span> <span class='ocrx_word' id='word_1_75' title='bbox 1979 920 2138 976; x_wconf 52' lang='lat' dir='ltr'><strong>aspe-</strong></span> 
     </span>
    </p>
   </div>
   <div class='ocr_carea' id='block_1_10' title="bbox 556 991 2132 1062">
    <p class='ocr_par' dir='ltr' id='par_1_10' title="bbox 556 991 2132 1062">
     <span class='ocr_line' id='line_1_10' title="bbox 556 991 2132 1062; baseline 0.007 -18"><span class='ocrx_word' id='word_1_76' title='bbox 556 1007 676 1044; x_wconf 88' lang='lat' dir='ltr'><strong>rum</strong></span> <span class='ocrx_word' id='word_1_77' title='bbox 708 991 778 1045; x_wconf 90' lang='lat' dir='ltr'><strong>sit</strong></span> <span class='ocrx_word' id='word_1_78' title='bbox 806 991 1048 1046; x_wconf 81' lang='lat' dir='ltr'><strong>fortasse</strong></span> <span class='ocrx_word' id='word_1_79' title='bbox 1075 992 1220 1062; x_wconf 91' lang='lat' dir='ltr'><strong>quod</strong></span> <span class='ocrx_word' id='word_1_80' title='bbox 1246 993 1391 1057; x_wconf 87' lang='lat' dir='ltr'><strong>dico,</strong></span> <span class='ocrx_word' id='word_1_81' title='bbox 1419 1010 1519 1049; x_wconf 89' lang='lat' dir='ltr'><strong>nec</strong></span> <span class='ocrx_word' id='word_1_82' title='bbox 1543 1011 1645 1051; x_wconf 87' lang='lat' dir='ltr'><strong>nos</strong></span> <span class='ocrx_word' id='word_1_83' title='bbox 1674 996 1741 1051; x_wconf 92' lang='lat' dir='ltr'><strong>de</strong></span> <span class='ocrx_word' id='word_1_84' title='bbox 1764 1012 1829 1051; x_wconf 90' lang='lat' dir='ltr'><strong>eo</strong></span> <span class='ocrx_word' id='word_1_85' title='bbox 1854 1013 2132 1055; x_wconf 78' lang='lat' dir='ltr'><strong>curamus.</strong></span> 
     </span>
    </p>
   </div>
   <div class='ocr_carea' id='block_1_11' title="bbox 556 1083 2137 1157">
    <p class='ocr_par' dir='ltr' id='par_1_11' title="bbox 556 1083 2137 1157">
     <span class='ocr_line' id='line_1_11' title="bbox 556 1083 2137 1157; baseline 0.006 -20"><span class='ocrx_word' id='word_1_86' title='bbox 556 1083 623 1137; x_wconf 87' lang='lat' dir='ltr'><strong>Et</strong></span> <span class='ocrx_word' id='word_1_87' title='bbox 656 1099 780 1139; x_wconf 92' lang='lat' dir='ltr'><strong>cum</strong></span> <span class='ocrx_word' id='word_1_88' title='bbox 811 1085 926 1138; x_wconf 75' lang='lat' dir='ltr'><strong>haec</strong></span> <span class='ocrx_word' id='word_1_89' title='bbox 957 1086 1238 1151; x_wconf 78' lang='lat' dir='ltr'><strong>dixissem,</strong></span> <span class='ocrx_word' id='word_1_90' title='bbox 1270 1090 1431 1157; x_wconf 90' lang='lat' dir='ltr'><strong>quasi</strong></span> <span class='ocrx_word' id='word_1_91' title='bbox 1459 1100 1807 1145; x_wconf 81' lang='lat' dir='ltr'><strong>exsecrantes</strong></span> <span class='ocrx_word' id='word_1_92' title='bbox 1842 1091 2137 1147; x_wconf 89' lang='lat' dir='ltr'><strong>crudelita-</strong></span> 
     </span>
    </p>
   </div>
   <div class='ocr_carea' id='block_1_12' title="bbox 553 1178 2133 1253">
    <p class='ocr_par' dir='ltr' id='par_1_12' title="bbox 553 1178 2133 1253">
     <span class='ocr_line' id='line_1_12' title="bbox 553 1178 2133 1253; baseline 0.006 -24"><span class='ocrx_word' id='word_1_93' title='bbox 553 1184 663 1230; x_wconf 86' lang='lat' dir='ltr'><strong>tem</strong></span> <span class='ocrx_word' id='word_1_94' title='bbox 695 1192 873 1234; x_wconf 86' lang='lat' dir='ltr'><strong>meam</strong></span> <span class='ocrx_word' id='word_1_95' title='bbox 904 1178 1216 1245; x_wconf 86' lang='lat' dir='ltr'><strong>discedunt,</strong></span> <span class='ocrx_word' id='word_1_96' title='bbox 1243 1182 1472 1251; x_wconf 86' lang='lat' dir='ltr'><strong>vestigia</strong></span> <span class='ocrx_word' id='word_1_97' title='bbox 1499 1180 1761 1247; x_wconf 88' lang='lat' dir='ltr'><strong>Simonis,</strong></span> <span class='ocrx_word' id='word_1_98' title='bbox 1793 1191 1853 1237; x_wconf 93' lang='lat' dir='ltr'><strong>ut</strong></span> <span class='ocrx_word' id='word_1_99' title='bbox 1883 1184 2133 1253; x_wconf 87' lang='lat' dir='ltr'><strong>sequenti</strong></span> 
     </span>
    </p>
   </div>
   <div class='ocr_carea' id='block_1_13' title="bbox 552 1269 1476 1341">
    <p class='ocr_par' dir='ltr' id='par_1_13' title="bbox 552 1269 1476 1341">
     <span class='ocr_line' id='line_1_13' title="bbox 552 1269 1476 1341; baseline 0.006 -19"><span class='ocrx_word' id='word_1_100' title='bbox 552 1269 642 1322; x_wconf 89' lang='lat' dir='ltr'><strong>die</strong></span> <span class='ocrx_word' id='word_1_101' title='bbox 671 1269 1064 1339; x_wconf 87' lang='lat' dir='ltr'><strong>comperimus,</strong></span> <span class='ocrx_word' id='word_1_102' title='bbox 1100 1270 1476 1341; x_wconf 81' lang='lat' dir='ltr'><strong>insequentes.</strong></span> 
     </span>
    </p>
   </div>
   <div class='ocr_carea' id='block_1_14' title="bbox 621 1359 2132 1437">
    <p class='ocr_par' dir='ltr' id='par_1_14' title="bbox 621 1359 2132 1437">
     <span class='ocr_line' id='line_1_14' title="bbox 621 1359 2132 1437; baseline 0.004 -24"><span class='ocrx_word' id='word_1_103' title='bbox 621 1359 783 1415; x_wconf 81' lang='lat' dir='ltr'><strong>LXV.</strong></span> <span class='ocrx_word' id='word_1_104' title='bbox 826 1359 1036 1415; x_wconf 90' lang='lat' dir='ltr'><strong>Interea</strong></span> <span class='ocrx_word' id='word_1_105' title='bbox 1079 1376 1203 1415; x_wconf 85' lang='lat' dir='ltr'><strong>cum</strong></span> <span class='ocrx_word' id='word_1_106' title='bbox 1239 1362 1432 1418; x_wconf 84' lang='lat' dir='ltr'><strong>Petrus</strong></span> <span class='ocrx_word' id='word_1_107' title='bbox 1462 1379 1527 1418; x_wconf 84' lang='lat' dir='ltr'><strong>ex</strong></span> <span class='ocrx_word' id='word_1_108' title='bbox 1573 1378 1723 1419; x_wconf 89' lang='lat' dir='ltr'><strong>more</strong></span> <span class='ocrx_word' id='word_1_109' title='bbox 1752 1367 1994 1434; x_wconf 89' lang='lat' dir='ltr'><strong>quotidie</strong></span> <span class='ocrx_word' id='word_1_110' title='bbox 2033 1382 2132 1437; x_wconf 85' lang='lat' dir='ltr'><strong>po-</strong></span> 
     </span>
    </p>
   </div>
   <div class='ocr_carea' id='block_1_15' title="bbox 548 1452 2145 1521">
    <p class='ocr_par' dir='ltr' id='par_1_15' title="bbox 548 1452 2145 1521">
     <span class='ocr_line' id='line_1_15' title="bbox 548 1452 2145 1521; baseline 0.009 -17"><span class='ocrx_word' id='word_1_111' title='bbox 548 1452 738 1521; x_wconf 82' lang='lat' dir='ltr'><strong>pulum</strong></span> <span class='ocrx_word' id='word_1_112' title='bbox 778 1452 1000 1507; x_wconf 87' lang='lat' dir='ltr'><strong>doceret</strong></span> <span class='ocrx_word' id='word_1_113' title='bbox 1036 1461 1093 1508; x_wconf 90' lang='lat' dir='ltr'><strong>et</strong></span> <span class='ocrx_word' id='word_1_114' title='bbox 1124 1455 1356 1509; x_wconf 77' lang='lat' dir='ltr'><strong>virtutes</strong></span> <span class='ocrx_word' id='word_1_115' title='bbox 1395 1457 1594 1511; x_wconf 91' lang='lat' dir='ltr'><strong>multas</strong></span> <span class='ocrx_word' id='word_1_116' title='bbox 1623 1472 1685 1511; x_wconf 89' lang='lat' dir='ltr'><strong>ac</strong></span> <span class='ocrx_word' id='word_1_117' title='bbox 1732 1460 1990 1515; x_wconf 72' lang='lat' dir='ltr'><strong>sanitates</strong></span> <span class='ocrx_word' id='word_1_118' title='bbox 2019 1460 2145 1519; x_wconf 11' lang='lat' dir='ltr'><strong>cili-7</strong></span> 
     </span>
    </p>
   </div>
   <div class='ocr_carea' id='block_1_16' title="bbox 548 1543 2130 1619">
    <p class='ocr_par' dir='ltr' id='par_1_16' title="bbox 548 1543 2130 1619">
     <span class='ocr_line' id='line_1_16' title="bbox 548 1543 2130 1619; baseline 0.008 -24"><span class='ocrx_word' id='word_1_119' title='bbox 548 1552 721 1606; x_wconf 88' lang='lat' dir='ltr'><strong>ceret,</strong></span> <span class='ocrx_word' id='word_1_120' title='bbox 755 1552 880 1613; x_wconf 88' lang='lat' dir='ltr'><strong>post</strong></span> <span class='ocrx_word' id='word_1_121' title='bbox 906 1543 1025 1599; x_wconf 88' lang='lat' dir='ltr'><strong>dies</strong></span> <span class='ocrx_word' id='word_1_122' title='bbox 1054 1546 1240 1600; x_wconf 86' lang='lat' dir='ltr'><strong>decem</strong></span> <span class='ocrx_word' id='word_1_123' title='bbox 1272 1548 1422 1603; x_wconf 80' lang='lat' dir='ltr'><strong>venit</strong></span> <span class='ocrx_word' id='word_1_124' title='bbox 1450 1548 1671 1619; x_wconf 91' lang='lat' dir='ltr'><strong>quidam</strong></span> <span class='ocrx_word' id='word_1_125' title='bbox 1711 1560 2026 1606; x_wconf 91' lang='lat' dir='ltr'><strong>nostrorum</strong></span> <span class='ocrx_word' id='word_1_126' title='bbox 2063 1554 2130 1608; x_wconf 90' lang='lat' dir='ltr'><strong>ab</strong></span> 
     </span>
    </p>
   </div>
   <div class='ocr_carea' id='block_1_17' title="bbox 545 1635 2125 1714">
    <p class='ocr_par' dir='ltr' id='par_1_17' title="bbox 545 1635 2125 1714">
     <span class='ocr_line' id='line_1_17' title="bbox 545 1635 2125 1714; baseline 0.005 -25"><span class='ocrx_word' id='word_1_127' title='bbox 545 1635 838 1689; x_wconf 81' lang='lat' dir='ltr'><strong>Antiochia</strong></span> <span class='ocrx_word' id='word_1_128' title='bbox 880 1635 1086 1691; x_wconf 91' lang='lat' dir='ltr'><strong>missus</strong></span> <span class='ocrx_word' id='word_1_129' title='bbox 1129 1652 1156 1690; x_wconf 89' lang='lat' dir='ltr'><strong>a</strong></span> <span class='ocrx_word' id='word_1_130' title='bbox 1194 1646 1367 1706; x_wconf 83' lang='lat' dir='ltr'><strong>patre,</strong></span> <span class='ocrx_word' id='word_1_131' title='bbox 1415 1640 1748 1696; x_wconf 80' lang='lat' dir='ltr'><strong>annuntians</strong></span> <span class='ocrx_word' id='word_1_132' title='bbox 1799 1642 1957 1697; x_wconf 92' lang='lat' dir='ltr'><strong>nobis</strong></span> <span class='ocrx_word' id='word_1_133' title='bbox 1988 1658 2125 1714; x_wconf 87' lang='lat' dir='ltr'><strong>quo-</strong></span> 
     </span>
    </p>
   </div>
   <div class='ocr_carea' id='block_1_18' title="bbox 546 1728 2127 1805">
    <p class='ocr_par' dir='ltr' id='par_1_18' title="bbox 546 1728 2127 1805">
     <span class='ocr_line' id='line_1_18' title="bbox 546 1728 2127 1805; baseline 0.004 -22"><span class='ocrx_word' id='word_1_134' title='bbox 546 1729 709 1783; x_wconf 90' lang='lat' dir='ltr'><strong>modo</strong></span> <span class='ocrx_word' id='word_1_135' title='bbox 738 1728 954 1798; x_wconf 89' lang='lat' dir='ltr'><strong>publice</strong></span> <span class='ocrx_word' id='word_1_136' title='bbox 984 1737 1155 1785; x_wconf 86' lang='lat' dir='ltr'><strong>staret</strong></span> <span class='ocrx_word' id='word_1_137' title='bbox 1186 1739 1357 1800; x_wconf 76' lang='lat' dir='ltr'><strong>pater,</strong></span> <span class='ocrx_word' id='word_1_138' title='bbox 1381 1729 1663 1787; x_wconf 84' lang='lat' dir='ltr'><strong>Simonem</strong></span> <span class='ocrx_word' id='word_1_139' title='bbox 1698 1733 1915 1802; x_wconf 80' lang='lat' dir='ltr'><strong>quidem</strong></span> <span class='ocrx_word' id='word_1_140' title='bbox 1949 1736 2042 1805; x_wconf 91' lang='lat' dir='ltr'><strong>qui</strong></span> <span class='ocrx_word' id='word_1_141' title='bbox 2072 1736 2127 1789; x_wconf 91' lang='lat' dir='ltr'><strong>in</strong></span> 
     </span>
    </p>
   </div>
   <div class='ocr_carea' id='block_1_19' title="bbox 544 1820 2129 1885">
    <p class='ocr_par' dir='ltr' id='par_1_19' title="bbox 544 1820 2129 1885">
     <span class='ocr_line' id='line_1_19' title="bbox 544 1820 2129 1885; baseline 0.006 -14"><span class='ocrx_word' id='word_1_142' title='bbox 544 1820 697 1873; x_wconf 78' lang='lat' dir='ltr'><strong>vultu</strong></span> <span class='ocrx_word' id='word_1_143' title='bbox 734 1820 1039 1884; x_wconf 73' lang='lat' dir='ltr'><strong>videbatur,</strong></span> <span class='ocrx_word' id='word_1_144' title='bbox 1076 1836 1364 1885; x_wconf 84' lang='lat' dir='ltr'><strong>accusans,</strong></span> <span class='ocrx_word' id='word_1_145' title='bbox 1414 1820 1636 1876; x_wconf 89' lang='lat' dir='ltr'><strong>Petrum</strong></span> <span class='ocrx_word' id='word_1_146' title='bbox 1667 1838 1801 1878; x_wconf 86' lang='lat' dir='ltr'><strong>vero</strong></span> <span class='ocrx_word' id='word_1_147' title='bbox 1845 1825 2129 1881; x_wconf 85' lang='lat' dir='ltr'><strong>immensis</strong></span> 
     </span>
    </p>
   </div>
   <div class='ocr_carea' id='block_1_20' title="bbox 543 1912 2129 1984">
    <p class='ocr_par' dir='ltr' id='par_1_20' title="bbox 543 1912 2129 1984">
     <span class='ocr_line' id='line_1_20' title="bbox 543 1912 2129 1984; baseline 0.002 -17"><span class='ocrx_word' id='word_1_148' title='bbox 543 1912 800 1967; x_wconf 84' lang='lat' dir='ltr'><strong>laudibus</strong></span> <span class='ocrx_word' id='word_1_149' title='bbox 832 1913 1125 1983; x_wconf 71' lang='lat' dir='ltr'><strong>prmferens</strong></span> <span class='ocrx_word' id='word_1_150' title='bbox 1155 1922 1207 1968; x_wconf 88' lang='lat' dir='ltr'><strong>et</strong></span> <span class='ocrx_word' id='word_1_151' title='bbox 1235 1914 1382 1967; x_wconf 92' lang='lat' dir='ltr'><strong>omni</strong></span> <span class='ocrx_word' id='word_1_152' title='bbox 1417 1915 1617 1984; x_wconf 89' lang='lat' dir='ltr'><strong>populo</strong></span> <span class='ocrx_word' id='word_1_153' title='bbox 1647 1914 2037 1971; x_wconf 86' lang='lat' dir='ltr'><strong>commendans</strong></span> <span class='ocrx_word' id='word_1_154' title='bbox 2066 1932 2129 1971; x_wconf 91' lang='lat' dir='ltr'><strong>ac</strong></span> 
     </span>
    </p>
   </div>
   <div class='ocr_carea' id='block_1_21' title="bbox 543 2002 2129 2077">
    <p class='ocr_par' dir='ltr' id='par_1_21' title="bbox 543 2002 2129 2077">
     <span class='ocr_line' id='line_1_21' title="bbox 543 2002 2129 2077; baseline 0.003 -21"><span class='ocrx_word' id='word_1_155' title='bbox 543 2002 963 2060; x_wconf 86' lang='lat' dir='ltr'><strong>desiderabilem</strong></span> <span class='ocrx_word' id='word_1_156' title='bbox 1000 2004 1230 2068; x_wconf 83' lang='lat' dir='ltr'><strong>faciens,</strong></span> <span class='ocrx_word' id='word_1_157' title='bbox 1279 2005 1353 2058; x_wconf 91' lang='lat' dir='ltr'><strong>ita</strong></span> <span class='ocrx_word' id='word_1_158' title='bbox 1403 2011 1462 2058; x_wconf 88' lang='lat' dir='ltr'><strong>ut</strong></span> <span class='ocrx_word' id='word_1_159' title='bbox 1501 2019 1693 2060; x_wconf 84' lang='lat' dir='ltr'><strong>omnes</strong></span> <span class='ocrx_word' id='word_1_160' title='bbox 1733 2020 1801 2060; x_wconf 74' lang='lat' dir='ltr'><strong>ex</strong></span> <span class='ocrx_word' id='word_1_161' title='bbox 1845 2006 1964 2077; x_wconf 87' lang='lat' dir='ltr'><strong>ejus</strong></span> <span class='ocrx_word' id='word_1_162' title='bbox 2012 2021 2129 2062; x_wconf 88' lang='lat' dir='ltr'><strong>ser-</strong></span> 
     </span>
    </p>
   </div>
   <div class='ocr_carea' id='block_1_22' title="bbox 539 2095 2128 2164">
    <p class='ocr_par' dir='ltr' id='par_1_22' title="bbox 539 2095 2128 2164">
     <span class='ocr_line' id='line_1_22' title="bbox 539 2095 2128 2164; baseline -0.001 -14"><span class='ocrx_word' id='word_1_163' title='bbox 539 2110 706 2151; x_wconf 87' lang='lat' dir='ltr'><strong>mone</strong></span> <span class='ocrx_word' id='word_1_164' title='bbox 741 2097 934 2150; x_wconf 87' lang='lat' dir='ltr'><strong>mutati</strong></span> <span class='ocrx_word' id='word_1_165' title='bbox 968 2096 1349 2151; x_wconf 86' lang='lat' dir='ltr'><strong>desiderarent</strong></span> <span class='ocrx_word' id='word_1_166' title='bbox 1391 2110 1515 2150; x_wconf 90' lang='lat' dir='ltr'><strong>eum</strong></span> <span class='ocrx_word' id='word_1_167' title='bbox 1552 2095 1773 2164; x_wconf 87' lang='lat' dir='ltr'><strong>videre;</strong></span> <span class='ocrx_word' id='word_1_168' title='bbox 1805 2099 2006 2154; x_wconf 91' lang='lat' dir='ltr'><strong>multos</strong></span> <span class='ocrx_word' id='word_1_169' title='bbox 2030 2112 2128 2153; x_wconf 88' lang='lat' dir='ltr'><strong>au-</strong></span> 
     </span>
    </p>
   </div>
   <div class='ocr_carea' id='block_1_23' title="bbox 541 2185 2129 2252">
    <p class='ocr_par' dir='ltr' id='par_1_23' title="bbox 541 2185 2129 2252">
     <span class='ocr_line' id='line_1_23' title="bbox 541 2185 2129 2252; baseline 0.002 -12"><span class='ocrx_word' id='word_1_170' title='bbox 541 2193 651 2241; x_wconf 88' lang='lat' dir='ltr'><strong>tem</strong></span> <span class='ocrx_word' id='word_1_171' title='bbox 694 2194 903 2240; x_wconf 89' lang='lat' dir='ltr'><strong>tantum</strong></span> <span class='ocrx_word' id='word_1_172' title='bbox 935 2187 988 2241; x_wconf 93' lang='lat' dir='ltr'><strong>in</strong></span> <span class='ocrx_word' id='word_1_173' title='bbox 1021 2185 1165 2240; x_wconf 89' lang='lat' dir='ltr'><strong>Petri</strong></span> <span class='ocrx_word' id='word_1_174' title='bbox 1221 2200 1461 2240; x_wconf 89' lang='lat' dir='ltr'><strong>amorem</strong></span> <span class='ocrx_word' id='word_1_175' title='bbox 1506 2187 1743 2252; x_wconf 83' lang='lat' dir='ltr'><strong>venisse,</strong></span> <span class='ocrx_word' id='word_1_176' title='bbox 1776 2196 1835 2241; x_wconf 93' lang='lat' dir='ltr'><strong>ut</strong></span> <span class='ocrx_word' id='word_1_177' title='bbox 1876 2188 2129 2244; x_wconf 75' lang='lat' dir='ltr'><strong>szevirent</strong></span> 
     </span>
    </p>
   </div>
   <div class='ocr_carea' id='block_1_24' title="bbox 540 2274 2127 2347">
    <p class='ocr_par' dir='ltr' id='par_1_24' title="bbox 540 2274 2127 2347">
     <span class='ocr_line' id='line_1_24' title="bbox 540 2274 2127 2347; baseline 0 -15"><span class='ocrx_word' id='word_1_178' title='bbox 540 2279 594 2332; x_wconf 89' lang='lat' dir='ltr'><strong>in</strong></span> <span class='ocrx_word' id='word_1_179' title='bbox 627 2285 837 2347; x_wconf 85' lang='lat' dir='ltr'><strong>patrem</strong></span> <span class='ocrx_word' id='word_1_180' title='bbox 867 2277 1025 2346; x_wconf 85' lang='lat' dir='ltr'><strong>quasi</strong></span> <span class='ocrx_word' id='word_1_181' title='bbox 1072 2279 1124 2330; x_wconf 92' lang='lat' dir='ltr'><strong>in</strong></span> <span class='ocrx_word' id='word_1_182' title='bbox 1172 2274 1484 2341; x_wconf 88' lang='lat' dir='ltr'><strong>Simonem,</strong></span> <span class='ocrx_word' id='word_1_183' title='bbox 1524 2286 1579 2332; x_wconf 92' lang='lat' dir='ltr'><strong>et</strong></span> <span class='ocrx_word' id='word_1_184' title='bbox 1622 2293 1820 2334; x_wconf 87' lang='lat' dir='ltr'><strong>manus</strong></span> <span class='ocrx_word' id='word_1_185' title='bbox 1849 2280 1897 2334; x_wconf 92' lang='lat' dir='ltr'><strong>ei</strong></span> <span class='ocrx_word' id='word_1_186' title='bbox 1926 2280 2127 2335; x_wconf 80' lang='lat' dir='ltr'><strong>vellent</strong></span> 
     </span>
    </p>
   </div>
   <div class='ocr_carea' id='block_1_25' title="bbox 543 2368 2125 2439">
    <p class='ocr_par' dir='ltr' id='par_1_25' title="bbox 543 2368 2125 2439">
     <span class='ocr_line' id='line_1_25' title="bbox 543 2368 2125 2439; baseline 0.003 -16"><span class='ocrx_word' id='word_1_187' title='bbox 543 2370 790 2437; x_wconf 85' lang='lat' dir='ltr'><strong>injicere,</strong></span> <span class='ocrx_word' id='word_1_188' title='bbox 819 2370 969 2422; x_wconf 89' lang='lat' dir='ltr'><strong>velut</strong></span> <span class='ocrx_word' id='word_1_189' title='bbox 1012 2368 1103 2439; x_wconf 89' lang='lat' dir='ltr'><strong>qui</strong></span> <span class='ocrx_word' id='word_1_190' title='bbox 1134 2375 1345 2423; x_wconf 87' lang='lat' dir='ltr'><strong>tantum</strong></span> <span class='ocrx_word' id='word_1_191' title='bbox 1380 2371 1508 2423; x_wconf 91' lang='lat' dir='ltr'><strong>mali</strong></span> <span class='ocrx_word' id='word_1_192' title='bbox 1538 2371 1907 2427; x_wconf 90' lang='lat' dir='ltr'><strong>commisisset</strong></span> <span class='ocrx_word' id='word_1_193' title='bbox 1936 2372 1989 2426; x_wconf 92' lang='lat' dir='ltr'><strong>in</strong></span> <span class='ocrx_word' id='word_1_194' title='bbox 2019 2370 2125 2427; x_wconf 84' lang='lat' dir='ltr'><strong>Pe-</strong></span> 
     </span>
    </p>
   </div>
   <div class='ocr_carea' id='block_1_26' title="bbox 540 2458 2126 2531">
    <p class='ocr_par' dir='ltr' id='par_1_26' title="bbox 540 2458 2126 2531">
     <span class='ocr_line' id='line_1_26' title="bbox 540 2458 2126 2531; baseline 0.003 -19"><span class='ocrx_word' id='word_1_195' title='bbox 540 2466 717 2525; x_wconf 89' lang='lat' dir='ltr'><strong>trum;</strong></span> <span class='ocrx_word' id='word_1_196' title='bbox 764 2467 987 2528; x_wconf 87' lang='lat' dir='ltr'><strong>propter</strong></span> <span class='ocrx_word' id='word_1_197' title='bbox 1031 2458 1199 2529; x_wconf 87' lang='lat' dir='ltr'><strong>quod,</strong></span> <span class='ocrx_word' id='word_1_198' title='bbox 1251 2458 1461 2523; x_wconf 87' lang='lat' dir='ltr'><strong>aiebat,</strong></span> <span class='ocrx_word' id='word_1_199' title='bbox 1512 2475 1837 2531; x_wconf 88' lang='lat' dir='ltr'><strong>appropera,</strong></span> <span class='ocrx_word' id='word_1_200' title='bbox 1871 2477 1939 2516; x_wconf 92' lang='lat' dir='ltr'><strong>ne</strong></span> <span class='ocrx_word' id='word_1_201' title='bbox 1985 2460 2126 2517; x_wconf 88' lang='lat' dir='ltr'><strong>forte</strong></span> 
     </span>
    </p>
   </div>
   <div class='ocr_carea' id='block_1_27' title="bbox 538 2550 2116 2622">
    <p class='ocr_par' dir='ltr' id='par_1_27' title="bbox 538 2550 2116 2622">
     <span class='ocr_line' id='line_1_27' title="bbox 538 2550 2116 2622; baseline 0.002 -19"><span class='ocrx_word' id='word_1_202' title='bbox 538 2550 873 2620; x_wconf 88' lang='lat' dir='ltr'><strong>perimatur;</strong></span> <span class='ocrx_word' id='word_1_203' title='bbox 928 2550 981 2603; x_wconf 89' lang='lat' dir='ltr'><strong>in</strong></span> <span class='ocrx_word' id='word_1_204' title='bbox 1034 2551 1234 2606; x_wconf 90' lang='lat' dir='ltr'><strong>timore</strong></span> <span class='ocrx_word' id='word_1_205' title='bbox 1269 2551 1416 2607; x_wconf 90' lang='lat' dir='ltr'><strong>enim</strong></span> <span class='ocrx_word' id='word_1_206' title='bbox 1465 2566 1664 2622; x_wconf 87' lang='lat' dir='ltr'><strong>magno</strong></span> <span class='ocrx_word' id='word_1_207' title='bbox 1706 2554 1924 2622; x_wconf 84' lang='lat' dir='ltr'><strong>positus</strong></span> <span class='ocrx_word' id='word_1_208' title='bbox 1969 2553 2116 2606; x_wconf 58' lang='lat' dir='ltr'><strong>velo.</strong></span> 
     </span>
    </p>
   </div>
   <div class='ocr_carea' id='block_1_28' title="bbox 537 2642 2122 2712">
    <p class='ocr_par' dir='ltr' id='par_1_28' title="bbox 537 2642 2122 2712">
     <span class='ocr_line' id='line_1_28' title="bbox 537 2642 2122 2712; baseline 0 -15"><span class='ocrx_word' id='word_1_209' title='bbox 537 2643 677 2697; x_wconf 84' lang='lat' dir='ltr'><strong>citer</strong></span> <span class='ocrx_word' id='word_1_210' title='bbox 709 2642 858 2695; x_wconf 88' lang='lat' dir='ltr'><strong>misit</strong></span> <span class='ocrx_word' id='word_1_211' title='bbox 889 2657 994 2704; x_wconf 89' lang='lat' dir='ltr'><strong>me,</strong></span> <span class='ocrx_word' id='word_1_212' title='bbox 1030 2650 1088 2695; x_wconf 79' lang='grc' dir='ltr'><strong>ιιι</strong></span> <span class='ocrx_word' id='word_1_213' title='bbox 1124 2642 1247 2696; x_wconf 89' lang='lat' dir='ltr'><strong>sine</strong></span> <span class='ocrx_word' id='word_1_214' title='bbox 1278 2656 1431 2695; x_wconf 90' lang='lat' dir='ltr'><strong>mora</strong></span> <span class='ocrx_word' id='word_1_215' title='bbox 1470 2644 1682 2704; x_wconf 82' lang='lat' dir='ltr'><strong>venias,</strong></span> <span class='ocrx_word' id='word_1_216' title='bbox 1713 2658 1821 2712; x_wconf 92' lang='lat' dir='ltr'><strong>quo</strong></span> <span class='ocrx_word' id='word_1_217' title='bbox 1848 2642 2122 2697; x_wconf 74' lang='lat' dir='ltr'><strong>viventem</strong></span> 
     </span>
    </p>
   </div>
   <div class='ocr_carea' id='block_1_29' title="bbox 535 2733 2123 2806">
    <p class='ocr_par' dir='ltr' id='par_1_29' title="bbox 535 2733 2123 2806">
     <span class='ocr_line' id='line_1_29' title="bbox 535 2733 2123 2806; baseline 0 -15"><span class='ocrx_word' id='word_1_218' title='bbox 535 2748 664 2791; x_wconf 78' lang='lat' dir='ltr'><strong>eum</strong></span> <span class='ocrx_word' id='word_1_219' title='bbox 695 2750 953 2804; x_wconf 84' lang='lat' dir='ltr'><strong>occupes,</strong></span> <span class='ocrx_word' id='word_1_220' title='bbox 1003 2734 1166 2790; x_wconf 83' lang='lat' dir='ltr'><strong>simul</strong></span> <span class='ocrx_word' id='word_1_221' title='bbox 1195 2742 1249 2789; x_wconf 91' lang='lat' dir='ltr'><strong>et</strong></span> <span class='ocrx_word' id='word_1_222' title='bbox 1295 2734 1567 2789; x_wconf 88' lang='lat' dir='ltr'><strong>crescenti</strong></span> <span class='ocrx_word' id='word_1_223' title='bbox 1618 2750 1747 2806; x_wconf 85' lang='lat' dir='ltr'><strong>erga</strong></span> <span class='ocrx_word' id='word_1_224' title='bbox 1790 2735 1869 2788; x_wconf 92' lang='lat' dir='ltr'><strong>tui</strong></span> <span class='ocrx_word' id='word_1_225' title='bbox 1912 2733 2123 2791; x_wconf 78' lang='lat' dir='ltr'><strong>deside-</strong></span> 
     </span>
    </p>
   </div>
   <div class='ocr_carea' id='block_1_30' title="bbox 536 2821 2120 2894">
    <p class='ocr_par' dir='ltr' id='par_1_30' title="bbox 536 2821 2120 2894">
     <span class='ocr_line' id='line_1_30' title="bbox 536 2821 2120 2894; baseline 0 -13"><span class='ocrx_word' id='word_1_226' title='bbox 536 2827 683 2881; x_wconf 83' lang='lat' dir='ltr'><strong>rium</strong></span> <span class='ocrx_word' id='word_1_227' title='bbox 730 2823 941 2879; x_wconf 88' lang='lat' dir='ltr'><strong>civitati</strong></span> <span class='ocrx_word' id='word_1_228' title='bbox 994 2831 1335 2894; x_wconf 87' lang='lat' dir='ltr'><strong>opportunus</strong></span> <span class='ocrx_word' id='word_1_229' title='bbox 1388 2835 1676 2893; x_wconf 84' lang='lat' dir='ltr'><strong>appareas.</strong></span> <span class='ocrx_word' id='word_1_230' title='bbox 1720 2821 1911 2880; x_wconf 86' lang='lat' dir='ltr'><strong>Aiebat</strong></span> <span class='ocrx_word' id='word_1_231' title='bbox 1954 2827 2120 2882; x_wconf 90' lang='lat' dir='ltr'><strong>etiam</strong></span> 
     </span>
    </p>
   </div>
   <div class='ocr_carea' id='block_1_31' title="bbox 537 2914 2120 2987">
    <p class='ocr_par' dir='ltr' id='par_1_31' title="bbox 537 2914 2120 2987">
     <span class='ocr_line' id='line_1_31' title="bbox 537 2914 2120 2987; baseline 0.002 -19"><span class='ocrx_word' id='word_1_232' title='bbox 537 2915 812 2985; x_wconf 87' lang='lat' dir='ltr'><strong>quomodo</strong></span> <span class='ocrx_word' id='word_1_233' title='bbox 839 2931 961 2967; x_wconf 83' lang='lat' dir='ltr'><strong>mox</strong></span> <span class='ocrx_word' id='word_1_234' title='bbox 990 2922 1043 2966; x_wconf 88' lang='lat' dir='ltr'><strong>ut</strong></span> <span class='ocrx_word' id='word_1_235' title='bbox 1074 2916 1263 2969; x_wconf 90' lang='lat' dir='ltr'><strong>urbem</strong></span> <span class='ocrx_word' id='word_1_236' title='bbox 1285 2914 1631 2969; x_wconf 79' lang='lat' dir='ltr'><strong>Antiochiam</strong></span> <span class='ocrx_word' id='word_1_237' title='bbox 1662 2922 1817 2985; x_wconf 90' lang='lat' dir='ltr'><strong>pater</strong></span> <span class='ocrx_word' id='word_1_238' title='bbox 1838 2917 2120 2987; x_wconf 84' lang='lat' dir='ltr'><strong>ingressus</strong></span> 
     </span>
    </p>
   </div>
   <div class='ocr_carea' id='block_1_32' title="bbox 536 3005 2113 3077">
    <p class='ocr_par' dir='ltr' id='par_1_32' title="bbox 536 3005 2113 3077">
     <span class='ocr_line' id='line_1_32' title="bbox 536 3005 2113 3077; baseline 0 -16"><span class='ocrx_word' id='word_1_239' title='bbox 536 3013 706 3068; x_wconf 84' lang='lat' dir='ltr'><strong>esset.</strong></span> <span class='ocrx_word' id='word_1_240' title='bbox 749 3006 909 3077; x_wconf 89' lang='lat' dir='ltr'><strong>quasi</strong></span> <span class='ocrx_word' id='word_1_241' title='bbox 954 3006 1022 3061; x_wconf 89' lang='lat' dir='ltr'><strong>ad</strong></span> <span class='ocrx_word' id='word_1_242' title='bbox 1059 3005 1338 3061; x_wconf 89' lang='lat' dir='ltr'><strong>Simonem</strong></span> <span class='ocrx_word' id='word_1_243' title='bbox 1378 3006 1558 3061; x_wconf 90' lang='lat' dir='ltr'><strong>omnis</strong></span> <span class='ocrx_word' id='word_1_244' title='bbox 1606 3008 1839 3077; x_wconf 89' lang='lat' dir='ltr'><strong>populus</strong></span> <span class='ocrx_word' id='word_1_245' title='bbox 1869 3007 1938 3061; x_wconf 90' lang='lat' dir='ltr'><strong>ad</strong></span> <span class='ocrx_word' id='word_1_246' title='bbox 1986 3022 2113 3061; x_wconf 91' lang='lat' dir='ltr'><strong>eum</strong></span> 
     </span>
    </p>
   </div>
   <div class='ocr_carea' id='block_1_33' title="bbox 535 3098 2113 3167">
    <p class='ocr_par' dir='ltr' id='par_1_33' title="bbox 535 3098 2113 3167">
     <span class='ocr_line' id='line_1_33' title="bbox 535 3098 2113 3167; baseline 0.002 -15"><span class='ocrx_word' id='word_1_247' title='bbox 535 3098 802 3153; x_wconf 86' lang='lat' dir='ltr'><strong>collectus</strong></span> <span class='ocrx_word' id='word_1_248' title='bbox 846 3104 961 3162; x_wconf 89' lang='lat' dir='ltr'><strong>est,</strong></span> <span class='ocrx_word' id='word_1_249' title='bbox 998 3105 1052 3151; x_wconf 88' lang='lat' dir='ltr'><strong>et</strong></span> <span class='ocrx_word' id='word_1_250' title='bbox 1095 3099 1265 3167; x_wconf 76' lang='lat' dir='ltr'><strong>coepit</strong></span> <span class='ocrx_word' id='word_1_251' title='bbox 1294 3098 1550 3153; x_wconf 89' lang='lat' dir='ltr'><strong>omnibus</strong></span> <span class='ocrx_word' id='word_1_252' title='bbox 1598 3099 1846 3153; x_wconf 87' lang='lat' dir='ltr'><strong>conﬁteri</strong></span> <span class='ocrx_word' id='word_1_253' title='bbox 1896 3098 2113 3167; x_wconf 82' lang='lat' dir='ltr'><strong>publice</strong></span> 
     </span>
    </p>
   </div>
   <div class='ocr_carea' id='block_1_34' title="bbox 536 3188 2187 3282">
    <p class='ocr_par' dir='ltr' id='par_1_34' title="bbox 536 3188 2187 3282">
     <span class='ocr_line' id='line_1_34' title="bbox 536 3188 2187 3282; baseline -0.005 -32"><span class='ocrx_word' id='word_1_254' title='bbox 536 3188 837 3249; x_wconf 69' lang='lat' dir='ltr'><strong>secundum</strong></span> <span class='ocrx_word' id='word_1_255' title='bbox 881 3204 945 3245; x_wconf 89' lang='lat' dir='ltr'><strong>ea</strong></span> <span class='ocrx_word' id='word_1_256' title='bbox 999 3204 1120 3257; x_wconf 72' lang='lat' dir='ltr'><strong>quae</strong></span> <span class='ocrx_word' id='word_1_257' title='bbox 1166 3190 1354 3282; x_wconf 86' lang='lat' dir='ltr'><strong>populi</strong></span> <span class='ocrx_word' id='word_1_258' title='bbox 1419 3192 1748 3282; x_wconf 85' lang='lat' dir='ltr'><strong>restauratio</strong></span> <span class='ocrx_word' id='word_1_259' title='bbox 1796 3189 2110 3282; x_wconf 81' lang='lat' dir='ltr'><strong>flagitabat;</strong></span> <span class='ocrx_word' id='word_1_260' title='bbox 2141 3220 2187 3282; x_wconf 64' lang='grc' dir='ltr'>ο</span> 
     </span>
    </p>
   </div>
   <div class='ocr_carea' id='block_1_35' title="bbox 535 3280 2115 3351">
    <p class='ocr_par' dir='ltr' id='par_1_35' title="bbox 535 3280 2115 3351">
     <span class='ocr_line' id='line_1_35' title="bbox 535 3280 2115 3351; baseline -0.002 -13"><span class='ocrx_word' id='word_1_261' title='bbox 535 3296 662 3339; x_wconf 78' lang='lat' dir='ltr'><strong>nam</strong></span> <span class='ocrx_word' id='word_1_262' title='bbox 688 3282 1002 3351; x_wconf 87' lang='lat' dir='ltr'><strong>quicunque</strong></span> <span class='ocrx_word' id='word_1_263' title='bbox 1044 3296 1237 3336; x_wconf 89' lang='lat' dir='ltr'><strong>omnes</strong></span> <span class='ocrx_word' id='word_1_264' title='bbox 1278 3280 1443 3335; x_wconf 90' lang='lat' dir='ltr'><strong>simul</strong></span> <span class='ocrx_word' id='word_1_265' title='bbox 1478 3282 1692 3336; x_wconf 88' lang='lat' dir='ltr'><strong>nobiles</strong></span> <span class='ocrx_word' id='word_1_266' title='bbox 1720 3288 1775 3336; x_wconf 89' lang='lat' dir='ltr'><strong>et</strong></span> <span class='ocrx_word' id='word_1_267' title='bbox 1804 3281 2006 3337; x_wconf 83' lang='lat' dir='ltr'><strong>diversi</strong></span> <span class='ocrx_word' id='word_1_268' title='bbox 2037 3282 2115 3336; x_wconf 88' lang='lat' dir='ltr'><strong>si-</strong></span> 
     </span>
    </p>
   </div>
   <div class='ocr_carea' id='block_1_36' title="bbox 534 3374 2114 3443">
    <p class='ocr_par' dir='ltr' id='par_1_36' title="bbox 534 3374 2114 3443">
     <span class='ocr_line' id='line_1_36' title="bbox 534 3374 2114 3443; baseline -0.001 -13"><span class='ocrx_word' id='word_1_269' title='bbox 534 3376 651 3430; x_wconf 91' lang='lat' dir='ltr'><strong>mul</strong></span> <span class='ocrx_word' id='word_1_270' title='bbox 703 3376 899 3430; x_wconf 86' lang='lat' dir='ltr'><strong>divites</strong></span> <span class='ocrx_word' id='word_1_271' title='bbox 945 3388 1008 3428; x_wconf 88' lang='lat' dir='ltr'><strong>ac</strong></span> <span class='ocrx_word' id='word_1_272' title='bbox 1060 3387 1329 3443; x_wconf 87' lang='lat' dir='ltr'><strong>pauperes</strong></span> <span class='ocrx_word' id='word_1_273' title='bbox 1364 3374 1783 3439; x_wconf 89' lang='lat' dir='ltr'><strong>convenissent,</strong></span> <span class='ocrx_word' id='word_1_274' title='bbox 1830 3381 2114 3443; x_wconf 86' lang='lat' dir='ltr'><strong>sperantes</strong></span> 
     </span>
    </p>
   </div>
   <div class='ocr_carea' id='block_1_37' title="bbox 532 3466 2114 3539">
    <p class='ocr_par' dir='ltr' id='par_1_37' title="bbox 532 3466 2114 3539">
     <span class='ocr_line' id='line_1_37' title="bbox 532 3466 2114 3539; baseline 0.001 -15"><span class='ocrx_word' id='word_1_275' title='bbox 532 3470 718 3539; x_wconf 84' lang='lat' dir='ltr'><strong>aliqua</strong></span> <span class='ocrx_word' id='word_1_276' title='bbox 747 3470 817 3524; x_wconf 83' lang='lat' dir='ltr'><strong>ab</strong></span> <span class='ocrx_word' id='word_1_277' title='bbox 841 3484 906 3522; x_wconf 85' lang='lat' dir='ltr'><strong>eo</strong></span> <span class='ocrx_word' id='word_1_278' title='bbox 933 3483 1083 3522; x_wconf 91' lang='lat' dir='ltr'><strong>more</strong></span> <span class='ocrx_word' id='word_1_279' title='bbox 1107 3466 1269 3521; x_wconf 88' lang='lat' dir='ltr'><strong>solito</strong></span> <span class='ocrx_word' id='word_1_280' title='bbox 1298 3467 1546 3538; x_wconf 86' lang='lat' dir='ltr'><strong>prodigia</strong></span> <span class='ocrx_word' id='word_1_281' title='bbox 1579 3484 1739 3538; x_wconf 86' lang='lat' dir='ltr'><strong>posse</strong></span> <span class='ocrx_word' id='word_1_282' title='bbox 1760 3467 1898 3533; x_wconf 88' lang='lat' dir='ltr'><strong>ﬁeri,</strong></span> <span class='ocrx_word' id='word_1_283' title='bbox 1924 3484 2114 3525; x_wconf 88' lang='lat' dir='ltr'><strong>omnes</strong></span> 
     </span>
    </p>
   </div>
   <div class='ocr_carea' id='block_1_38' title="bbox 532 3560 1163 3630">
    <p class='ocr_par' dir='ltr' id='par_1_38' title="bbox 532 3560 1163 3630">
     <span class='ocr_line' id='line_1_38' title="bbox 532 3560 1163 3630; baseline -0.002 -16"><span class='ocrx_word' id='word_1_284' title='bbox 532 3560 635 3615; x_wconf 83' lang='lat' dir='ltr'><strong>hac</strong></span> <span class='ocrx_word' id='word_1_285' title='bbox 664 3575 797 3616; x_wconf 86' lang='lat' dir='ltr'><strong>voce</strong></span> <span class='ocrx_word' id='word_1_286' title='bbox 830 3560 1126 3630; x_wconf 82' lang='lat' dir='ltr'><strong>alloquitur</strong></span> <span class='ocrx_word' id='word_1_287' title='bbox 1150 3578 1163 3613; x_wconf 88' lang='lat'><strong>:</strong></span> 
     </span>
    </p>
   </div>
   <div class='ocr_carea' id='block_1_39' title="bbox 601 3668 2114 3742">
    <p class='ocr_par' dir='ltr' id='par_1_39' title="bbox 601 3668 2114 3742">
     <span class='ocr_line' id='line_1_39' title="bbox 601 3668 2114 3742; baseline 0.001 -18"><span class='ocrx_word' id='word_1_288' title='bbox 601 3668 787 3725; x_wconf 76' lang='lat' dir='ltr'><strong>LXVI.</strong></span> <span class='ocrx_word' id='word_1_289' title='bbox 832 3668 929 3724; x_wconf 87' lang='lat' dir='ltr'><strong>Diu</strong></span> <span class='ocrx_word' id='word_1_290' title='bbox 960 3681 1043 3725; x_wconf 91' lang='lat' dir='ltr'><strong>est</strong></span> <span class='ocrx_word' id='word_1_291' title='bbox 1073 3670 1218 3742; x_wconf 92' lang='lat' dir='ltr'><strong>quod</strong></span> <span class='ocrx_word' id='word_1_292' title='bbox 1252 3687 1339 3727; x_wconf 88' lang='lat' dir='ltr'><strong>me</strong></span> <span class='ocrx_word' id='word_1_293' title='bbox 1366 3669 1643 3725; x_wconf 90' lang='lat' dir='ltr'><strong>Simonem</strong></span> <span class='ocrx_word' id='word_1_294' title='bbox 1673 3669 2114 3727; x_wconf 89' lang='lat' dir='ltr'><strong>infelicissimum</strong></span> 
     </span>
    </p>
   </div>
   <div class='ocr_carea' id='block_1_40' title="bbox 533 3762 2112 3834">
    <p class='ocr_par' dir='ltr' id='par_1_40' title="bbox 533 3762 2112 3834">
     <span class='ocr_line' id='line_1_40' title="bbox 533 3762 2112 3834; baseline 0.002 -18"><span class='ocrx_word' id='word_1_295' title='bbox 533 3762 813 3816; x_wconf 84' lang='lat' dir='ltr'><strong>hominum</strong></span> <span class='ocrx_word' id='word_1_296' title='bbox 846 3765 1107 3833; x_wconf 86' lang='lat' dir='ltr'><strong>patientia</strong></span> <span class='ocrx_word' id='word_1_297' title='bbox 1141 3764 1325 3819; x_wconf 89' lang='lat' dir='ltr'><strong>divina</strong></span> <span class='ocrx_word' id='word_1_298' title='bbox 1363 3765 1626 3829; x_wconf 81' lang='lat' dir='ltr'><strong>sustinet;</strong></span> <span class='ocrx_word' id='word_1_299' title='bbox 1677 3778 1801 3816; x_wconf 91' lang='lat' dir='ltr'><strong>nam</strong></span> <span class='ocrx_word' id='word_1_300' title='bbox 1848 3764 2112 3834; x_wconf 90' lang='lat' dir='ltr'><strong>quidquid</strong></span> 
     </span>
    </p>
   </div>
   <div class='ocr_carea' id='block_1_41' title="bbox 532 3852 2114 3917">
    <p class='ocr_par' dir='ltr' id='par_1_41' title="bbox 532 3852 2114 3917">
     <span class='ocr_line' id='line_1_41' title="bbox 532 3852 2114 3917; baseline 0.003 -12"><span class='ocrx_word' id='word_1_301' title='bbox 532 3852 589 3906; x_wconf 87' lang='lat' dir='ltr'><strong>in</strong></span> <span class='ocrx_word' id='word_1_302' title='bbox 633 3868 721 3907; x_wconf 92' lang='lat' dir='ltr'><strong>me</strong></span> <span class='ocrx_word' id='word_1_303' title='bbox 765 3853 947 3905; x_wconf 90' lang='lat' dir='ltr'><strong>mirati</strong></span> <span class='ocrx_word' id='word_1_304' title='bbox 994 3853 1158 3917; x_wconf 88' lang='lat' dir='ltr'><strong>estis,</strong></span> <span class='ocrx_word' id='word_1_305' title='bbox 1205 3870 1311 3908; x_wconf 92' lang='lat' dir='ltr'><strong>non</strong></span> <span class='ocrx_word' id='word_1_306' title='bbox 1358 3855 1606 3908; x_wconf 84' lang='lat' dir='ltr'><strong>veritatis</strong></span> <span class='ocrx_word' id='word_1_307' title='bbox 1648 3854 1984 3917; x_wconf 90' lang='lat' dir='ltr'><strong>ministerio,</strong></span> <span class='ocrx_word' id='word_1_308' title='bbox 2019 3854 2114 3910; x_wconf 90' lang='lat' dir='ltr'><strong>sed</strong></span> 
     </span>
    </p>
   </div>
   <div class='ocr_carea' id='block_1_42' title="bbox 531 3942 2115 4016">
    <p class='ocr_par' dir='ltr' id='par_1_42' title="bbox 531 3942 2115 4016">
     <span class='ocr_line' id='line_1_42' title="bbox 531 3942 2115 4016; baseline 0.004 -19"><span class='ocrx_word' id='word_1_309' title='bbox 531 3942 838 3998; x_wconf 73' lang='lat' dir='ltr'><strong>daemonum</strong></span> <span class='ocrx_word' id='word_1_310' title='bbox 875 3943 1180 4000; x_wconf 87' lang='lat' dir='ltr'><strong>mendaciis</strong></span> <span class='ocrx_word' id='word_1_311' title='bbox 1220 3954 1275 4000; x_wconf 90' lang='lat' dir='ltr'><strong>et</strong></span> <span class='ocrx_word' id='word_1_312' title='bbox 1306 3946 1517 4001; x_wconf 90' lang='lat' dir='ltr'><strong>artibus</strong></span> <span class='ocrx_word' id='word_1_313' title='bbox 1545 3954 1757 4016; x_wconf 90' lang='lat' dir='ltr'><strong>gestum</strong></span> <span class='ocrx_word' id='word_1_314' title='bbox 1793 3956 1897 4013; x_wconf 89' lang='lat' dir='ltr'><strong>est,</strong></span> <span class='ocrx_word' id='word_1_315' title='bbox 1931 3955 1992 4000; x_wconf 94' lang='lat' dir='ltr'><strong>ut</strong></span> <span class='ocrx_word' id='word_1_316' title='bbox 2021 3965 2115 4004; x_wconf 85' lang='lat' dir='ltr'><strong>ve-</strong></span> 
     </span>
    </p>
   </div>
   <div class='ocr_carea' id='block_1_43' title="bbox 531 4036 2115 4095">
    <p class='ocr_par' dir='ltr' id='par_1_43' title="bbox 531 4036 2115 4095">
     <span class='ocr_line' id='line_1_43' title="bbox 531 4036 2115 4095; baseline 0.001 -3"><span class='ocrx_word' id='word_1_317' title='bbox 531 4044 703 4092; x_wconf 85' lang='lat' dir='ltr'><strong>stram</strong></span> <span class='ocrx_word' id='word_1_318' title='bbox 751 4036 910 4091; x_wconf 86' lang='lat' dir='ltr'><strong>ﬁdem</strong></span> <span class='ocrx_word' id='word_1_319' title='bbox 952 4045 1251 4095; x_wconf 87' lang='lat' dir='ltr'><strong>everterem</strong></span> <span class='ocrx_word' id='word_1_320' title='bbox 1292 4047 1346 4093; x_wconf 92' lang='lat' dir='ltr'><strong>et</strong></span> <span class='ocrx_word' id='word_1_321' title='bbox 1378 4054 1553 4093; x_wconf 87' lang='lat' dir='ltr'><strong>meam</strong></span> <span class='ocrx_word' id='word_1_322' title='bbox 1588 4040 1824 4093; x_wconf 89' lang='lat' dir='ltr'><strong>animam</strong></span> <span class='ocrx_word' id='word_1_323' title='bbox 1856 4039 2115 4095; x_wconf 89' lang='lat' dir='ltr'><strong>condem-</strong></span> 
     </span>
    </p>
   </div>
   <div class='ocr_carea' id='block_1_44' title="bbox 530 4128 2113 4188">
    <p class='ocr_par' dir='ltr' id='par_1_44' title="bbox 530 4128 2113 4188">
     <span class='ocr_line' id='line_1_44' title="bbox 530 4128 2113 4188; baseline 0.004 -7"><span class='ocrx_word' id='word_1_324' title='bbox 530 4144 740 4183; x_wconf 85' lang='lat' dir='ltr'><strong>narem.</strong></span> <span class='ocrx_word' id='word_1_325' title='bbox 775 4128 1052 4183; x_wconf 90' lang='lat' dir='ltr'><strong>Conﬁteor</strong></span> <span class='ocrx_word' id='word_1_326' title='bbox 1092 4144 1177 4184; x_wconf 91' lang='lat' dir='ltr'><strong>me</strong></span> <span class='ocrx_word' id='word_1_327' title='bbox 1222 4130 1405 4184; x_wconf 88' lang='lat' dir='ltr'><strong>omnia</strong></span> <span class='ocrx_word' id='word_1_328' title='bbox 1446 4132 1512 4187; x_wconf 91' lang='lat' dir='ltr'><strong>de</strong></span> <span class='ocrx_word' id='word_1_329' title='bbox 1541 4130 1703 4187; x_wconf 87' lang='lat' dir='ltr'><strong>Petro</strong></span> <span class='ocrx_word' id='word_1_330' title='bbox 1744 4132 1914 4188; x_wconf 88' lang='lat' dir='ltr'><strong>fuisse</strong></span> <span class='ocrx_word' id='word_1_331' title='bbox 1957 4149 2113 4188; x_wconf 82' lang='lat' dir='ltr'><strong>men-</strong></span> 
     </span>
    </p>
   </div>
   <div class='ocr_carea' id='block_1_45' title="bbox 533 4219 2112 4294">
    <p class='ocr_par' dir='ltr' id='par_1_45' title="bbox 533 4219 2112 4294">
     <span class='ocr_line' id='line_1_45' title="bbox 533 4219 2112 4294; baseline 0.003 -21"><span class='ocrx_word' id='word_1_332' title='bbox 533 4220 727 4285; x_wconf 90' lang='lat' dir='ltr'><strong>titum;</strong></span> <span class='ocrx_word' id='word_1_333' title='bbox 764 4219 853 4275; x_wconf 90' lang='lat' dir='ltr'><strong>ille</strong></span> <span class='ocrx_word' id='word_1_334' title='bbox 881 4220 1023 4274; x_wconf 90' lang='lat' dir='ltr'><strong>enim</strong></span> <span class='ocrx_word' id='word_1_335' title='bbox 1058 4235 1234 4290; x_wconf 82' lang='lat' dir='ltr'><strong>neque</strong></span> <span class='ocrx_word' id='word_1_336' title='bbox 1270 4236 1462 4291; x_wconf 89' lang='lat' dir='ltr'><strong>magus</strong></span> <span class='ocrx_word' id='word_1_337' title='bbox 1490 4238 1667 4294; x_wconf 87' lang='lat' dir='ltr'><strong>neque</strong></span> <span class='ocrx_word' id='word_1_338' title='bbox 1711 4224 1976 4278; x_wconf 88' lang='lat' dir='ltr'><strong>homicida</strong></span> <span class='ocrx_word' id='word_1_339' title='bbox 2010 4240 2112 4279; x_wconf 77' lang='lat' dir='ltr'><strong>un-</strong></span> 
     </span>
    </p>
   </div>
   <div class='ocr_carea' id='block_1_46' title="bbox 527 4312 2109 4382">
    <p class='ocr_par' dir='ltr' id='par_1_46' title="bbox 527 4312 2109 4382">
     <span class='ocr_line' id='line_1_46' title="bbox 527 4312 2109 4382; baseline 0.003 -17"><span class='ocrx_word' id='word_1_340' title='bbox 527 4327 692 4382; x_wconf 88' lang='lat' dir='ltr'><strong>quam</strong></span> <span class='ocrx_word' id='word_1_341' title='bbox 725 4312 845 4374; x_wconf 86' lang='lat' dir='ltr'><strong>fuit,</strong></span> <span class='ocrx_word' id='word_1_342' title='bbox 878 4313 972 4368; x_wconf 90' lang='lat' dir='ltr'><strong>sed</strong></span> <span class='ocrx_word' id='word_1_343' title='bbox 1003 4328 1033 4366; x_wconf 90' lang='lat' dir='ltr'><strong>a</strong></span> <span class='ocrx_word' id='word_1_344' title='bbox 1070 4312 1179 4368; x_wconf 88' lang='lat' dir='ltr'><strong>Deo</strong></span> <span class='ocrx_word' id='word_1_345' title='bbox 1216 4314 1284 4368; x_wconf 86' lang='lat' dir='ltr'><strong>ad</strong></span> <span class='ocrx_word' id='word_1_346' title='bbox 1334 4314 1566 4369; x_wconf 88' lang='lat' dir='ltr'><strong>salutem</strong></span> <span class='ocrx_word' id='word_1_347' title='bbox 1596 4325 1837 4369; x_wconf 61' lang='lat' dir='ltr'><strong>vesnum</strong></span> <span class='ocrx_word' id='word_1_348' title='bbox 1868 4315 2109 4369; x_wconf 85' lang='lat' dir='ltr'><strong>omnium</strong></span> 
     </span>
    </p>
   </div>
   <div class='ocr_carea' id='block_1_47' title="bbox 528 4407 2109 4476">
    <p class='ocr_par' dir='ltr' id='par_1_47' title="bbox 528 4407 2109 4476">
     <span class='ocr_line' id='line_1_47' title="bbox 528 4407 2109 4476; baseline 0.001 -14"><span class='ocrx_word' id='word_1_349' title='bbox 528 4407 733 4462; x_wconf 85' lang='lat' dir='ltr'><strong>missus</strong></span> <span class='ocrx_word' id='word_1_350' title='bbox 772 4413 877 4472; x_wconf 90' lang='lat' dir='ltr'><strong>est,</strong></span> <span class='ocrx_word' id='word_1_351' title='bbox 912 4422 1074 4476; x_wconf 89' lang='lat' dir='ltr'><strong>quem</strong></span> <span class='ocrx_word' id='word_1_352' title='bbox 1119 4408 1165 4462; x_wconf 91' lang='lat' dir='ltr'><strong>si</strong></span> <span class='ocrx_word' id='word_1_353' title='bbox 1196 4424 1263 4463; x_wconf 81' lang='lat' dir='ltr'><strong>ex</strong></span> <span class='ocrx_word' id='word_1_354' title='bbox 1311 4407 1417 4461; x_wconf 88' lang='lat' dir='ltr'><strong>hac</strong></span> <span class='ocrx_word' id='word_1_355' title='bbox 1467 4407 1605 4462; x_wconf 90' lang='lat' dir='ltr'><strong>bora</strong></span> <span class='ocrx_word' id='word_1_356' title='bbox 1649 4410 2109 4464; x_wconf 88' lang='lat' dir='ltr'><strong>contemnendum</strong></span> 
     </span>
    </p>
   </div>
   <div class='ocr_carea' id='block_1_48' title="bbox 530 4497 2105 4570">
    <p class='ocr_par' dir='ltr' id='par_1_48' title="bbox 530 4497 2105 4570">
     <span class='ocr_line' id='line_1_48' title="bbox 530 4497 2105 4570; baseline 0 -18"><span class='ocrx_word' id='word_1_357' title='bbox 530 4497 873 4570; x_wconf 88' lang='lat' dir='ltr'><strong>putaveritis,</strong></span> <span class='ocrx_word' id='word_1_358' title='bbox 907 4506 1116 4553; x_wconf 91' lang='lat' dir='ltr'><strong>certum</strong></span> <span class='ocrx_word' id='word_1_359' title='bbox 1161 4499 1233 4553; x_wconf 85' lang='lat' dir='ltr'><strong>sit</strong></span> <span class='ocrx_word' id='word_1_360' title='bbox 1276 4498 1418 4570; x_wconf 90' lang='lat' dir='ltr'><strong>apud</strong></span> <span class='ocrx_word' id='word_1_361' title='bbox 1464 4514 1563 4553; x_wconf 87' lang='lat' dir='ltr'><strong>vos</strong></span> <span class='ocrx_word' id='word_1_362' title='bbox 1601 4498 1745 4568; x_wconf 89' lang='lat' dir='ltr'><strong>quod</strong></span> <span class='ocrx_word' id='word_1_363' title='bbox 1787 4498 1959 4569; x_wconf 85' lang='lat' dir='ltr'><strong>possit</strong></span> <span class='ocrx_word' id='word_1_364' title='bbox 1990 4499 2105 4567; x_wconf 87' lang='lat' dir='ltr'><strong>ipsa</strong></span> 
     </span>
    </p>
   </div>
   <div class='ocr_carea' id='block_1_49' title="bbox 2241 629 3819 701">
    <p class='ocr_par' dir='ltr' id='par_1_49' title="bbox 2241 629 3819 701">
     <span class='ocr_line' id='line_1_49' title="bbox 2241 629 3819 701; baseline 0.003 -18"><span class='ocrx_word' id='word_1_365' title='bbox 2241 645 2417 685; x_wconf 64' lang='lat' dir='ltr'><strong>caecos</strong></span> <span class='ocrx_word' id='word_1_366' title='bbox 2465 629 2756 697; x_wconf 84' lang='lat' dir='ltr'><strong>illuminat,</strong></span> <span class='ocrx_word' id='word_1_367' title='bbox 2782 641 2836 685; x_wconf 90' lang='lat' dir='ltr'><strong>et</strong></span> <span class='ocrx_word' id='word_1_368' title='bbox 2872 630 3191 701; x_wconf 75' lang='lat' dir='ltr'><strong>paralyticis</strong></span> <span class='ocrx_word' id='word_1_369' title='bbox 3237 631 3471 687; x_wconf 87' lang='lat' dir='ltr'><strong>salutem</strong></span> <span class='ocrx_word' id='word_1_370' title='bbox 3526 631 3741 697; x_wconf 74' lang='lat' dir='ltr'><strong>reddit,</strong></span> <span class='ocrx_word' id='word_1_371' title='bbox 3772 641 3819 687; x_wconf 82' lang='lat' dir='ltr'><strong>et</strong></span> 
     </span>
    </p>
   </div>
   <div class='ocr_carea' id='block_1_50' title="bbox 2242 723 2765 776">
    <p class='ocr_par' dir='ltr' id='par_1_50' title="bbox 2242 723 2765 776">
     <span class='ocr_line' id='line_1_50' title="bbox 2242 723 2765 776; baseline 0.002 -3"><span class='ocrx_word' id='word_1_372' title='bbox 2242 731 2484 776; x_wconf 88' lang='lat' dir='ltr'><strong>mortuos</strong></span> <span class='ocrx_word' id='word_1_373' title='bbox 2516 723 2765 775; x_wconf 85' lang='lat' dir='ltr'><strong>suscitat.</strong></span> 
     </span>
    </p>
   </div>
   <div class='ocr_carea' id='block_1_51' title="bbox 2312 812 3821 883">
    <p class='ocr_par' dir='ltr' id='par_1_51' title="bbox 2312 812 3821 883">
     <span class='ocr_line' id='line_1_51' title="bbox 2312 812 3821 883; baseline 0.001 -17"><span class='ocrx_word' id='word_1_374' title='bbox 2312 812 2517 869; x_wconf 80' lang='lat' dir='ltr'><strong>LXVII.</strong></span> <span class='ocrx_word' id='word_1_375' title='bbox 2562 813 2687 868; x_wconf 72' lang='lat' dir='ltr'><strong>Hzec</strong></span> <span class='ocrx_word' id='word_1_376' title='bbox 2715 824 2769 869; x_wconf 89' lang='lat' dir='ltr'><strong>et</strong></span> <span class='ocrx_word' id='word_1_377' title='bbox 2791 814 2876 869; x_wconf 90' lang='lat' dir='ltr'><strong>his</strong></span> <span class='ocrx_word' id='word_1_378' title='bbox 2900 814 3101 869; x_wconf 89' lang='lat' dir='ltr'><strong>similia</strong></span> <span class='ocrx_word' id='word_1_379' title='bbox 3132 814 3301 867; x_wconf 90' lang='lat' dir='ltr'><strong>multa</strong></span> <span class='ocrx_word' id='word_1_380' title='bbox 3332 829 3399 868; x_wconf 92' lang='lat' dir='ltr'><strong>eo</strong></span> <span class='ocrx_word' id='word_1_381' title='bbox 3428 824 3821 883; x_wconf 85' lang='lat' dir='ltr'><strong>prosequente,</strong></span> 
     </span>
    </p>
   </div>
   <div class='ocr_carea' id='block_1_52' title="bbox 2238 904 3825 975">
    <p class='ocr_par' dir='ltr' id='par_1_52' title="bbox 2238 904 3825 975">
     <span class='ocr_line' id='line_1_52' title="bbox 2238 904 3825 975; baseline -0.001 -16"><span class='ocrx_word' id='word_1_382' title='bbox 2238 906 2512 959; x_wconf 78' lang='lat' dir='ltr'><strong>exsecrari</strong></span> <span class='ocrx_word' id='word_1_383' title='bbox 2543 920 2664 959; x_wconf 92' lang='lat' dir='ltr'><strong>cum</strong></span> <span class='ocrx_word' id='word_1_384' title='bbox 2697 906 2861 974; x_wconf 70' lang='lat' dir='ltr'><strong>cmpit</strong></span> <span class='ocrx_word' id='word_1_385' title='bbox 2908 906 3162 975; x_wconf 90' lang='lat' dir='ltr'><strong>populus,</strong></span> <span class='ocrx_word' id='word_1_386' title='bbox 3206 912 3261 958; x_wconf 89' lang='lat' dir='ltr'><strong>et</strong></span> <span class='ocrx_word' id='word_1_387' title='bbox 3292 904 3499 959; x_wconf 89' lang='lat' dir='ltr'><strong>dabant</strong></span> <span class='ocrx_word' id='word_1_388' title='bbox 3543 904 3737 959; x_wconf 82' lang='lat' dir='ltr'><strong>ﬂetum</strong></span> <span class='ocrx_word' id='word_1_389' title='bbox 3772 914 3825 959; x_wconf 89' lang='lat' dir='ltr'><strong>et</strong></span> 
     </span>
    </p>
   </div>
   <div class='ocr_carea' id='block_1_53' title="bbox 2237 991 3823 1062">
    <p class='ocr_par' dir='ltr' id='par_1_53' title="bbox 2237 991 3823 1062">
     <span class='ocr_line' id='line_1_53' title="bbox 2237 991 3823 1062; baseline 0 -17"><span class='ocrx_word' id='word_1_390' title='bbox 2237 991 2518 1061; x_wconf 77' lang='lat' dir='ltr'><strong>gemitum,</strong></span> <span class='ocrx_word' id='word_1_391' title='bbox 2544 991 2673 1061; x_wconf 88' lang='lat' dir='ltr'><strong>quia</strong></span> <span class='ocrx_word' id='word_1_392' title='bbox 2699 1002 3021 1062; x_wconf 87' lang='lat' dir='ltr'><strong>peccassent</strong></span> <span class='ocrx_word' id='word_1_393' title='bbox 3049 994 3105 1046; x_wconf 92' lang='lat' dir='ltr'><strong>in</strong></span> <span class='ocrx_word' id='word_1_394' title='bbox 3131 991 3351 1047; x_wconf 87' lang='lat' dir='ltr'><strong>Petrum</strong></span> <span class='ocrx_word' id='word_1_395' title='bbox 3383 993 3680 1049; x_wconf 84' lang='lat' dir='ltr'><strong>credentes</strong></span> <span class='ocrx_word' id='word_1_396' title='bbox 3701 1010 3823 1048; x_wconf 90' lang='lat' dir='ltr'><strong>eum</strong></span> 
     </span>
    </p>
   </div>
   <div class='ocr_carea' id='block_1_54' title="bbox 2237 1082 3813 1155">
    <p class='ocr_par' dir='ltr' id='par_1_54' title="bbox 2237 1082 3813 1155">
     <span class='ocr_line' id='line_1_54' title="bbox 2237 1082 3813 1155; baseline 0.001 -19"><span class='ocrx_word' id='word_1_397' title='bbox 2237 1097 2359 1137; x_wconf 88' lang='lat' dir='ltr'><strong>esse</strong></span> <span class='ocrx_word' id='word_1_398' title='bbox 2388 1096 2603 1151; x_wconf 83' lang='lat' dir='ltr'><strong>magum</strong></span> <span class='ocrx_word' id='word_1_399' title='bbox 2642 1089 2695 1136; x_wconf 93' lang='lat' dir='ltr'><strong>et</strong></span> <span class='ocrx_word' id='word_1_400' title='bbox 2728 1082 2976 1152; x_wconf 90' lang='lat' dir='ltr'><strong>impium.</strong></span> <span class='ocrx_word' id='word_1_401' title='bbox 3015 1082 3219 1138; x_wconf 85' lang='lat' dir='ltr'><strong>Eodem</strong></span> <span class='ocrx_word' id='word_1_402' title='bbox 3249 1100 3382 1138; x_wconf 88' lang='lat' dir='ltr'><strong>vero</strong></span> <span class='ocrx_word' id='word_1_403' title='bbox 3411 1085 3502 1140; x_wconf 90' lang='lat' dir='ltr'><strong>die</strong></span> <span class='ocrx_word' id='word_1_404' title='bbox 3530 1084 3605 1138; x_wconf 89' lang='lat' dir='ltr'><strong>ad</strong></span> <span class='ocrx_word' id='word_1_405' title='bbox 3632 1099 3813 1155; x_wconf 83' lang='lat' dir='ltr'><strong>vespe-</strong></span> 
     </span>
    </p>
   </div>
   <div class='ocr_carea' id='block_1_55' title="bbox 2236 1173 3823 1247">
    <p class='ocr_par' dir='ltr' id='par_1_55' title="bbox 2236 1173 3823 1247">
     <span class='ocr_line' id='line_1_55' title="bbox 2236 1173 3823 1247; baseline 0.001 -20"><span class='ocrx_word' id='word_1_406' title='bbox 2236 1189 2353 1228; x_wconf 90' lang='lat' dir='ltr'><strong>ram</strong></span> <span class='ocrx_word' id='word_1_407' title='bbox 2398 1174 2650 1228; x_wconf 86' lang='lat' dir='ltr'><strong>restituta</strong></span> <span class='ocrx_word' id='word_1_408' title='bbox 2678 1186 2765 1229; x_wconf 87' lang='lat' dir='ltr'><strong>est</strong></span> <span class='ocrx_word' id='word_1_409' title='bbox 2812 1177 2866 1231; x_wconf 91' lang='lat' dir='ltr'><strong>in</strong></span> <span class='ocrx_word' id='word_1_410' title='bbox 2898 1173 3258 1233; x_wconf 78' lang='lat' dir='ltr'><strong>Faustiniano</strong></span> <span class='ocrx_word' id='word_1_411' title='bbox 3289 1178 3461 1233; x_wconf 80' lang='lat' dir='ltr'><strong>facies</strong></span> <span class='ocrx_word' id='word_1_412' title='bbox 3496 1178 3747 1247; x_wconf 87' lang='lat' dir='ltr'><strong>propria,</strong></span> <span class='ocrx_word' id='word_1_413' title='bbox 3769 1188 3823 1229; x_wconf 55' lang='lat' dir='ltr'><strong>et</strong></span> 
     </span>
    </p>
   </div>
   <div class='ocr_carea' id='block_1_56' title="bbox 2236 1265 3820 1338">
    <p class='ocr_par' dir='ltr' id='par_1_56' title="bbox 2236 1265 3820 1338">
     <span class='ocr_line' id='line_1_56' title="bbox 2236 1265 3820 1338; baseline 0.003 -21"><span class='ocrx_word' id='word_1_414' title='bbox 2236 1265 2503 1321; x_wconf 86' lang='lat' dir='ltr'><strong>abscessit</strong></span> <span class='ocrx_word' id='word_1_415' title='bbox 2548 1266 2617 1319; x_wconf 88' lang='lat' dir='ltr'><strong>ab</strong></span> <span class='ocrx_word' id='word_1_416' title='bbox 2663 1281 2729 1321; x_wconf 90' lang='lat' dir='ltr'><strong>eo</strong></span> <span class='ocrx_word' id='word_1_417' title='bbox 2774 1274 3033 1337; x_wconf 84' lang='lat' dir='ltr'><strong>aspectus</strong></span> <span class='ocrx_word' id='word_1_418' title='bbox 3077 1267 3318 1323; x_wconf 87' lang='lat' dir='ltr'><strong>Simonis</strong></span> <span class='ocrx_word' id='word_1_419' title='bbox 3364 1265 3528 1338; x_wconf 76' lang='lat' dir='ltr'><strong>Magi.</strong></span> <span class='ocrx_word' id='word_1_420' title='bbox 3576 1266 3820 1321; x_wconf 82' lang='lat' dir='ltr'><strong>Audiens</strong></span> 
     </span>
    </p>
   </div>
   <div class='ocr_carea' id='block_1_57' title="bbox 2235 1356 3818 1429">
    <p class='ocr_par' dir='ltr' id='par_1_57' title="bbox 2235 1356 3818 1429">
     <span class='ocr_line' id='line_1_57' title="bbox 2235 1356 3818 1429; baseline 0.001 -19"><span class='ocrx_word' id='word_1_421' title='bbox 2235 1366 2413 1411; x_wconf 88' lang='lat' dir='ltr'><strong>autem</strong></span> <span class='ocrx_word' id='word_1_422' title='bbox 2450 1356 2638 1411; x_wconf 90' lang='lat' dir='ltr'><strong>Simon</strong></span> <span class='ocrx_word' id='word_1_423' title='bbox 2680 1358 2889 1411; x_wconf 88' lang='lat' dir='ltr'><strong>vultum</strong></span> <span class='ocrx_word' id='word_1_424' title='bbox 2916 1373 3078 1412; x_wconf 85' lang='lat' dir='ltr'><strong>suum</strong></span> <span class='ocrx_word' id='word_1_425' title='bbox 3111 1359 3168 1412; x_wconf 85' lang='lat' dir='ltr'><strong>in</strong></span> <span class='ocrx_word' id='word_1_426' title='bbox 3196 1374 3263 1413; x_wconf 91' lang='lat' dir='ltr'><strong>eo</strong></span> <span class='ocrx_word' id='word_1_427' title='bbox 3302 1360 3370 1414; x_wconf 89' lang='lat' dir='ltr'><strong>ad</strong></span> <span class='ocrx_word' id='word_1_428' title='bbox 3402 1357 3551 1413; x_wconf 87' lang='lat' dir='ltr'><strong>Petri</strong></span> <span class='ocrx_word' id='word_1_429' title='bbox 3590 1360 3818 1429; x_wconf 86' lang='lat' dir='ltr'><strong>gloriam</strong></span> 
     </span>
    </p>
   </div>
   <div class='ocr_carea' id='block_1_58' title="bbox 2232 1447 3819 1521">
    <p class='ocr_par' dir='ltr' id='par_1_58' title="bbox 2232 1447 3819 1521">
     <span class='ocr_line' id='line_1_58' title="bbox 2232 1447 3819 1521; baseline 0.001 -19"><span class='ocrx_word' id='word_1_430' title='bbox 2232 1447 2550 1518; x_wconf 84' lang='lat' dir='ltr'><strong>profecisse,</strong></span> <span class='ocrx_word' id='word_1_431' title='bbox 2595 1448 2830 1503; x_wconf 89' lang='lat' dir='ltr'><strong>festinus</strong></span> <span class='ocrx_word' id='word_1_432' title='bbox 2876 1450 3139 1518; x_wconf 85' lang='lat' dir='ltr'><strong>praevenit</strong></span> <span class='ocrx_word' id='word_1_433' title='bbox 3183 1448 3405 1504; x_wconf 89' lang='lat' dir='ltr'><strong>Petrum</strong></span> <span class='ocrx_word' id='word_1_434' title='bbox 3436 1459 3492 1505; x_wconf 89' lang='lat' dir='ltr'><strong>et</strong></span> <span class='ocrx_word' id='word_1_435' title='bbox 3514 1465 3689 1521; x_wconf 77' lang='lat' dir='ltr'><strong>agere</strong></span> <span class='ocrx_word' id='word_1_436' title='bbox 3728 1464 3819 1503; x_wconf 86' lang='lat' dir='ltr'><strong>cu-</strong></span> 
     </span>
    </p>
   </div>
   <div class='ocr_carea' id='block_1_59' title="bbox 2236 1536 3818 1608">
    <p class='ocr_par' dir='ltr' id='par_1_59' title="bbox 2236 1536 3818 1608">
     <span class='ocr_line' id='line_1_59' title="bbox 2236 1536 3818 1608; baseline 0 -17"><span class='ocrx_word' id='word_1_437' title='bbox 2236 1538 2388 1608; x_wconf 90' lang='lat' dir='ltr'><strong>piens</strong></span> <span class='ocrx_word' id='word_1_438' title='bbox 2416 1545 2535 1592; x_wconf 85' lang='lat' dir='ltr'><strong>arte</strong></span> <span class='ocrx_word' id='word_1_439' title='bbox 2583 1553 2714 1603; x_wconf 86' lang='lat' dir='ltr'><strong>sua,</strong></span> <span class='ocrx_word' id='word_1_440' title='bbox 2752 1544 2815 1591; x_wconf 91' lang='lat' dir='ltr'><strong>ut</strong></span> <span class='ocrx_word' id='word_1_441' title='bbox 2860 1552 2891 1590; x_wconf 90' lang='lat' dir='ltr'><strong>a</strong></span> <span class='ocrx_word' id='word_1_442' title='bbox 2940 1536 3299 1592; x_wconf 83' lang='lat' dir='ltr'><strong>Faustiniano</strong></span> <span class='ocrx_word' id='word_1_443' title='bbox 3344 1539 3467 1607; x_wconf 87' lang='lat' dir='ltr'><strong>ejus</strong></span> <span class='ocrx_word' id='word_1_444' title='bbox 3513 1538 3818 1593; x_wconf 80' lang='lat' dir='ltr'><strong>similitudo</strong></span> 
     </span>
    </p>
   </div>
   <div class='ocr_carea' id='block_1_60' title="bbox 2229 1629 3816 1699">
    <p class='ocr_par' dir='ltr' id='par_1_60' title="bbox 2229 1629 3816 1699">
     <span class='ocr_line' id='line_1_60' title="bbox 2229 1629 3816 1699; baseline -0.001 -13"><span class='ocrx_word' id='word_1_445' title='bbox 2229 1631 2531 1693; x_wconf 83' lang='lat' dir='ltr'><strong>recederet,</strong></span> <span class='ocrx_word' id='word_1_446' title='bbox 2556 1644 2681 1684; x_wconf 92' lang='lat' dir='ltr'><strong>cum</strong></span> <span class='ocrx_word' id='word_1_447' title='bbox 2707 1629 2820 1698; x_wconf 79' lang='lat' dir='ltr'><strong>jam</strong></span> <span class='ocrx_word' id='word_1_448' title='bbox 2868 1629 2971 1684; x_wconf 88' lang='lat' dir='ltr'><strong>hoc</strong></span> <span class='ocrx_word' id='word_1_449' title='bbox 3011 1629 3172 1698; x_wconf 76' lang='lat' dir='ltr'><strong>juxta</strong></span> <span class='ocrx_word' id='word_1_450' title='bbox 3202 1630 3431 1683; x_wconf 89' lang='lat' dir='ltr'><strong>verbum</strong></span> <span class='ocrx_word' id='word_1_451' title='bbox 3461 1630 3705 1699; x_wconf 84' lang='lat' dir='ltr'><strong>apostoli</strong></span> <span class='ocrx_word' id='word_1_452' title='bbox 3734 1630 3816 1684; x_wconf 86' lang='lat' dir='ltr'><strong>sui</strong></span> 
     </span>
    </p>
   </div>
   <div class='ocr_carea' id='block_1_61' title="bbox 2230 1719 3815 1791">
    <p class='ocr_par' dir='ltr' id='par_1_61' title="bbox 2230 1719 3815 1791">
     <span class='ocr_line' id='line_1_61' title="bbox 2230 1719 3815 1791; baseline -0.002 -14"><span class='ocrx_word' id='word_1_453' title='bbox 2230 1722 2486 1777; x_wconf 88' lang='lat' dir='ltr'><strong>Christus</strong></span> <span class='ocrx_word' id='word_1_454' title='bbox 2511 1721 2810 1791; x_wconf 86' lang='lat' dir='ltr'><strong>implesset.</strong></span> <span class='ocrx_word' id='word_1_455' title='bbox 2841 1719 3094 1776; x_wconf 81' lang='lat' dir='ltr'><strong>Videntes</strong></span> <span class='ocrx_word' id='word_1_456' title='bbox 3119 1729 3301 1775; x_wconf 89' lang='lat' dir='ltr'><strong>autem</strong></span> <span class='ocrx_word' id='word_1_457' title='bbox 3326 1719 3515 1774; x_wconf 83' lang='lat' dir='ltr'><strong>Niceta</strong></span> <span class='ocrx_word' id='word_1_458' title='bbox 3539 1728 3597 1774; x_wconf 90' lang='lat' dir='ltr'><strong>et</strong></span> <span class='ocrx_word' id='word_1_459' title='bbox 3621 1720 3815 1790; x_wconf 83' lang='lat' dir='ltr'><strong>Aquila</strong></span> 
     </span>
    </p>
   </div>
   <div class='ocr_carea' id='block_1_62' title="bbox 2162 1807 3817 1885">
    <p class='ocr_par' dir='ltr' id='par_1_62' title="bbox 2162 1807 3817 1885">
     <span class='ocr_line' id='line_1_62' title="bbox 2162 1807 3817 1885; baseline -0.001 -20"><span class='ocrx_word' id='word_1_460' title='bbox 2162 1809 2203 1865; x_wconf 87' lang='grc' dir='ltr'><strong><em>Β</em></strong></span> <span class='ocrx_word' id='word_1_461' title='bbox 2232 1822 2355 1885; x_wconf 88' lang='lat' dir='ltr'><strong>post</strong></span> <span class='ocrx_word' id='word_1_462' title='bbox 2385 1810 2829 1882; x_wconf 82' lang='lat' dir='ltr'><strong>praedicationem</strong></span> <span class='ocrx_word' id='word_1_463' title='bbox 2878 1810 3249 1865; x_wconf 87' lang='lat' dir='ltr'><strong>necessariam</strong></span> <span class='ocrx_word' id='word_1_464' title='bbox 3286 1817 3577 1879; x_wconf 86' lang='lat' dir='ltr'><strong>paternam</strong></span> <span class='ocrx_word' id='word_1_465' title='bbox 3621 1807 3817 1863; x_wconf 80' lang='lat' dir='ltr'><strong>faciem</strong></span> 
     </span>
    </p>
   </div>
   <div class='ocr_carea' id='block_1_63' title="bbox 2230 1900 3819 1975">
    <p class='ocr_par' dir='ltr' id='par_1_63' title="bbox 2230 1900 3819 1975">
     <span class='ocr_line' id='line_1_63' title="bbox 2230 1900 3819 1975; baseline -0.003 -14"><span class='ocrx_word' id='word_1_466' title='bbox 2230 1906 2561 1968; x_wconf 88' lang='lat' dir='ltr'><strong>restitutam,</strong></span> <span class='ocrx_word' id='word_1_467' title='bbox 2592 1903 2799 1975; x_wconf 84' lang='lat' dir='ltr'><strong>gratias</strong></span> <span class='ocrx_word' id='word_1_468' title='bbox 2828 1910 3053 1973; x_wconf 78' lang='lat' dir='ltr'><strong>agentes</strong></span> <span class='ocrx_word' id='word_1_469' title='bbox 3082 1902 3215 1967; x_wconf 91' lang='lat' dir='ltr'><strong>Deo,</strong></span> <span class='ocrx_word' id='word_1_470' title='bbox 3247 1916 3359 1956; x_wconf 90' lang='lat' dir='ltr'><strong>non</strong></span> <span class='ocrx_word' id='word_1_471' title='bbox 3391 1915 3520 1955; x_wconf 87' lang='lat' dir='ltr'><strong>eum</strong></span> <span class='ocrx_word' id='word_1_472' title='bbox 3553 1900 3819 1972; x_wconf 82' lang='lat' dir='ltr'><strong>permise-</strong></span> 
     </span>
    </p>
   </div>
   <div class='ocr_carea' id='block_1_64' title="bbox 2230 1994 3178 2065">
    <p class='ocr_par' dir='ltr' id='par_1_64' title="bbox 2230 1994 3178 2065">
     <span class='ocr_line' id='line_1_64' title="bbox 2230 1994 3178 2065; baseline -0.003 -12"><span class='ocrx_word' id='word_1_473' title='bbox 2230 2006 2359 2054; x_wconf 87' lang='lat' dir='ltr'><strong>runt</strong></span> <span class='ocrx_word' id='word_1_474' title='bbox 2390 1998 2623 2052; x_wconf 90' lang='lat' dir='ltr'><strong>ulterius</strong></span> <span class='ocrx_word' id='word_1_475' title='bbox 2650 1994 2855 2065; x_wconf 87' lang='lat' dir='ltr'><strong>alloqui</strong></span> <span class='ocrx_word' id='word_1_476' title='bbox 2890 1996 3178 2065; x_wconf 88' lang='lat' dir='ltr'><strong>populum.</strong></span> 
     </span>
    </p>
   </div>
   <div class='ocr_carea' id='block_1_65' title="bbox 2308 2086 3819 2157">
    <p class='ocr_par' dir='ltr' id='par_1_65' title="bbox 2308 2086 3819 2157">
     <span class='ocr_line' id='line_1_65' title="bbox 2308 2086 3819 2157; baseline -0.003 -13"><span class='ocrx_word' id='word_1_477' title='bbox 2308 2088 2539 2145; x_wconf 77' lang='lat' dir='ltr'><strong>LXVIII.</strong></span> <span class='ocrx_word' id='word_1_478' title='bbox 2588 2088 2780 2143; x_wconf 89' lang='lat' dir='ltr'><strong>Simon</strong></span> <span class='ocrx_word' id='word_1_479' title='bbox 2828 2095 3011 2142; x_wconf 84' lang='lat' dir='ltr'><strong>autem</strong></span> <span class='ocrx_word' id='word_1_480' title='bbox 3061 2088 3229 2157; x_wconf 63' lang='lat' dir='ltr'><strong>coepit</strong></span> <span class='ocrx_word' id='word_1_481' title='bbox 3273 2089 3403 2142; x_wconf 87' lang='lat' dir='ltr'><strong>licet</strong></span> <span class='ocrx_word' id='word_1_482' title='bbox 3456 2086 3677 2142; x_wconf 77' lang='lat' dir='ltr'><strong>occulte</strong></span> <span class='ocrx_word' id='word_1_483' title='bbox 3720 2100 3819 2155; x_wconf 88' lang='lat' dir='ltr'><strong>per</strong></span> 
     </span>
    </p>
   </div>
   <div class='ocr_carea' id='block_1_66' title="bbox 2230 2178 3819 2247">
    <p class='ocr_par' dir='ltr' id='par_1_66' title="bbox 2230 2178 3819 2247">
     <span class='ocr_line' id='line_1_66' title="bbox 2230 2178 3819 2247; baseline -0.003 -12"><span class='ocrx_word' id='word_1_484' title='bbox 2230 2182 2438 2235; x_wconf 89' lang='lat' dir='ltr'><strong>amicos</strong></span> <span class='ocrx_word' id='word_1_485' title='bbox 2489 2194 2621 2236; x_wconf 90' lang='lat' dir='ltr'><strong>suos</strong></span> <span class='ocrx_word' id='word_1_486' title='bbox 2664 2186 2717 2233; x_wconf 91' lang='lat' dir='ltr'><strong>et</strong></span> <span class='ocrx_word' id='word_1_487' title='bbox 2766 2178 3065 2233; x_wconf 86' lang='lat' dir='ltr'><strong>familiares</strong></span> <span class='ocrx_word' id='word_1_488' title='bbox 3112 2178 3426 2243; x_wconf 88' lang='lat' dir='ltr'><strong>ambulare,</strong></span> <span class='ocrx_word' id='word_1_489' title='bbox 3476 2186 3535 2232; x_wconf 90' lang='lat' dir='ltr'><strong>et</strong></span> <span class='ocrx_word' id='word_1_490' title='bbox 3583 2178 3819 2247; x_wconf 82' lang='lat' dir='ltr'><strong>amplius</strong></span> 
     </span>
    </p>
   </div>
   <div class='ocr_carea' id='block_1_67' title="bbox 2227 2271 3820 2344">
    <p class='ocr_par' dir='ltr' id='par_1_67' title="bbox 2227 2271 3820 2344">
     <span class='ocr_line' id='line_1_67' title="bbox 2227 2271 3820 2344; baseline -0.001 -17"><span class='ocrx_word' id='word_1_491' title='bbox 2227 2273 2390 2330; x_wconf 89' lang='lat' dir='ltr'><strong>Petro</strong></span> <span class='ocrx_word' id='word_1_492' title='bbox 2415 2274 2679 2344; x_wconf 78' lang='lat' dir='ltr'><strong>derogare</strong></span> <span class='ocrx_word' id='word_1_493' title='bbox 2702 2285 2863 2343; x_wconf 90' lang='lat' dir='ltr'><strong>quam</strong></span> <span class='ocrx_word' id='word_1_494' title='bbox 2886 2279 3066 2327; x_wconf 74' lang='lat' dir='ltr'><strong>antea.</strong></span> <span class='ocrx_word' id='word_1_495' title='bbox 3091 2271 3246 2325; x_wconf 88' lang='lat' dir='ltr'><strong>Tunc</strong></span> <span class='ocrx_word' id='word_1_496' title='bbox 3267 2286 3464 2326; x_wconf 83' lang='lat' dir='ltr'><strong>omnes</strong></span> <span class='ocrx_word' id='word_1_497' title='bbox 3484 2281 3820 2341; x_wconf 83' lang='lat' dir='ltr'><strong>exspuentes</strong></span> 
     </span>
    </p>
   </div>
   <div class='ocr_carea' id='block_1_68' title="bbox 2227 2362 3819 2434">
    <p class='ocr_par' dir='ltr' id='par_1_68' title="bbox 2227 2362 3819 2434">
     <span class='ocr_line' id='line_1_68' title="bbox 2227 2362 3819 2434; baseline -0.003 -13"><span class='ocrx_word' id='word_1_498' title='bbox 2227 2367 2281 2421; x_wconf 85' lang='lat' dir='ltr'><strong>in</strong></span> <span class='ocrx_word' id='word_1_499' title='bbox 2319 2364 2514 2419; x_wconf 86' lang='lat' dir='ltr'><strong>faciem</strong></span> <span class='ocrx_word' id='word_1_500' title='bbox 2552 2365 2693 2434; x_wconf 89' lang='lat' dir='ltr'><strong>ejus,</strong></span> <span class='ocrx_word' id='word_1_501' title='bbox 2718 2363 3045 2434; x_wconf 79' lang='lat' dir='ltr'><strong>expulerunt</strong></span> <span class='ocrx_word' id='word_1_502' title='bbox 3072 2377 3198 2417; x_wconf 84' lang='lat' dir='ltr'><strong>eum</strong></span> <span class='ocrx_word' id='word_1_503' title='bbox 3246 2363 3314 2418; x_wconf 88' lang='lat' dir='ltr'><strong>de</strong></span> <span class='ocrx_word' id='word_1_504' title='bbox 3343 2362 3595 2425; x_wconf 85' lang='lat' dir='ltr'><strong>civitate,</strong></span> <span class='ocrx_word' id='word_1_505' title='bbox 3626 2362 3819 2417; x_wconf 84' lang='lat' dir='ltr'><strong>dicen-</strong></span> 
     </span>
    </p>
   </div>
   <div class='ocr_carea' id='block_1_69' title="bbox 2224 2454 3815 2519">
    <p class='ocr_par' dir='ltr' id='par_1_69' title="bbox 2224 2454 3815 2519">
     <span class='ocr_line' id='line_1_69' title="bbox 2224 2454 3815 2519; baseline 0 -8"><span class='ocrx_word' id='word_1_506' title='bbox 2224 2466 2346 2511; x_wconf 88' lang='lat' dir='ltr'><strong>tes:</strong></span> <span class='ocrx_word' id='word_1_507' title='bbox 2378 2455 2459 2510; x_wconf 86' lang='lat' dir='ltr'><strong>Tu</strong></span> <span class='ocrx_word' id='word_1_508' title='bbox 2490 2456 2601 2512; x_wconf 88' lang='lat' dir='ltr'><strong>eris</strong></span> <span class='ocrx_word' id='word_1_509' title='bbox 2645 2470 2773 2511; x_wconf 88' lang='lat' dir='ltr'><strong>reus</strong></span> <span class='ocrx_word' id='word_1_510' title='bbox 2813 2455 3007 2509; x_wconf 90' lang='lat' dir='ltr'><strong>mortis</strong></span> <span class='ocrx_word' id='word_1_511' title='bbox 3054 2463 3183 2519; x_wconf 62' lang='lat' dir='ltr'><strong>tuas,</strong></span> <span class='ocrx_word' id='word_1_512' title='bbox 3225 2455 3274 2509; x_wconf 88' lang='lat' dir='ltr'><strong>si</strong></span> <span class='ocrx_word' id='word_1_513' title='bbox 3306 2454 3549 2510; x_wconf 88' lang='lat' dir='ltr'><strong>ulterius</strong></span> <span class='ocrx_word' id='word_1_514' title='bbox 3595 2455 3815 2511; x_wconf 80' lang='lat' dir='ltr'><strong>locutus</strong></span> 
     </span>
    </p>
   </div>
   <div class='ocr_carea' id='block_1_70' title="bbox 2224 2547 3812 2606">
    <p class='ocr_par' dir='ltr' id='par_1_70' title="bbox 2224 2547 3812 2606">
     <span class='ocr_line' id='line_1_70' title="bbox 2224 2547 3812 2606; baseline -0.002 -1"><span class='ocrx_word' id='word_1_515' title='bbox 2224 2561 2415 2605; x_wconf 91' lang='lat' dir='ltr'><strong>contra</strong></span> <span class='ocrx_word' id='word_1_516' title='bbox 2444 2547 2664 2606; x_wconf 90' lang='lat' dir='ltr'><strong>Petrum</strong></span> <span class='ocrx_word' id='word_1_517' title='bbox 2698 2550 2805 2603; x_wconf 87' lang='lat' dir='ltr'><strong>huc</strong></span> <span class='ocrx_word' id='word_1_518' title='bbox 2835 2548 2935 2603; x_wconf 89' lang='lat' dir='ltr'><strong>tibi</strong></span> <span class='ocrx_word' id='word_1_519' title='bbox 2963 2547 3269 2603; x_wconf 88' lang='lat' dir='ltr'><strong>credideris</strong></span> <span class='ocrx_word' id='word_1_520' title='bbox 3299 2563 3427 2603; x_wconf 87' lang='lat' dir='ltr'><strong>esse</strong></span> <span class='ocrx_word' id='word_1_521' title='bbox 3456 2549 3812 2603; x_wconf 81' lang='lat' dir='ltr'><strong>veniendum.</strong></span> 
     </span>
    </p>
   </div>
   <div class='ocr_carea' id='block_1_71' title="bbox 2223 2639 3809 2715">
    <p class='ocr_par' dir='ltr' id='par_1_71' title="bbox 2223 2639 3809 2715">
     <span class='ocr_line' id='line_1_71' title="bbox 2223 2639 3809 2715; baseline 0 -20"><span class='ocrx_word' id='word_1_522' title='bbox 2223 2640 2434 2707; x_wconf 87' lang='lat' dir='ltr'><strong>Quibus</strong></span> <span class='ocrx_word' id='word_1_523' title='bbox 2479 2642 2740 2715; x_wconf 73' lang='lat' dir='ltr'><strong>cognitis,</strong></span> <span class='ocrx_word' id='word_1_524' title='bbox 2767 2639 2965 2696; x_wconf 86' lang='lat' dir='ltr'><strong>Petrus</strong></span> <span class='ocrx_word' id='word_1_525' title='bbox 3000 2647 3217 2711; x_wconf 85' lang='lat' dir='ltr'><strong>postera</strong></span> <span class='ocrx_word' id='word_1_526' title='bbox 3245 2639 3335 2694; x_wconf 90' lang='lat' dir='ltr'><strong>die</strong></span> <span class='ocrx_word' id='word_1_527' title='bbox 3371 2640 3677 2695; x_wconf 72' lang='lat' dir='ltr'><strong>convenite</strong></span> <span class='ocrx_word' id='word_1_528' title='bbox 3708 2656 3809 2711; x_wconf 81' lang='lat' dir='ltr'><strong>po-</strong></span> 
     </span>
    </p>
   </div>
   <div class='ocr_carea' id='block_1_72' title="bbox 2221 2732 3814 2806">
    <p class='ocr_par' dir='ltr' id='par_1_72' title="bbox 2221 2732 3814 2806">
     <span class='ocr_line' id='line_1_72' title="bbox 2221 2732 3814 2806; baseline -0.001 -16"><span class='ocrx_word' id='word_1_529' title='bbox 2221 2735 2380 2806; x_wconf 88' lang='lat' dir='ltr'><strong>pulos</strong></span> <span class='ocrx_word' id='word_1_530' title='bbox 2407 2734 2583 2803; x_wconf 88' lang='lat' dir='ltr'><strong>jubet,</strong></span> <span class='ocrx_word' id='word_1_531' title='bbox 2609 2744 2663 2790; x_wconf 91' lang='lat' dir='ltr'><strong>et</strong></span> <span class='ocrx_word' id='word_1_532' title='bbox 2694 2749 2802 2788; x_wconf 91' lang='lat' dir='ltr'><strong>uno</strong></span> <span class='ocrx_word' id='word_1_533' title='bbox 2827 2749 2895 2789; x_wconf 78' lang='lat' dir='ltr'><strong>ex</strong></span> <span class='ocrx_word' id='word_1_534' title='bbox 2924 2733 3011 2787; x_wconf 91' lang='lat' dir='ltr'><strong>his</strong></span> <span class='ocrx_word' id='word_1_535' title='bbox 3042 2732 3138 2803; x_wconf 91' lang='lat' dir='ltr'><strong>qui</strong></span> <span class='ocrx_word' id='word_1_536' title='bbox 3165 2734 3542 2803; x_wconf 81' lang='lat' dir='ltr'><strong>sequebantur</strong></span> <span class='ocrx_word' id='word_1_537' title='bbox 3563 2750 3691 2788; x_wconf 84' lang='lat' dir='ltr'><strong>eum</strong></span> <span class='ocrx_word' id='word_1_538' title='bbox 3720 2750 3814 2788; x_wconf 86' lang='lat' dir='ltr'><strong>or-</strong></span> 
     </span>
    </p>
   </div>
   <div class='ocr_carea' id='block_1_73' title="bbox 2221 2816 3815 2899">
    <p class='ocr_par' dir='ltr' id='par_1_73' title="bbox 2221 2816 3815 2899">
     <span class='ocr_line' id='line_1_73' title="bbox 2221 2816 3815 2899; baseline -0.002 -15"><span class='ocrx_word' id='word_1_539' title='bbox 2221 2830 2411 2884; x_wconf 88' lang='lat' dir='ltr'><strong>dinato</strong></span> <span class='ocrx_word' id='word_1_540' title='bbox 2438 2828 2521 2884; x_wconf 91' lang='lat' dir='ltr'><strong>eis</strong></span> <span class='ocrx_word' id='word_1_541' title='bbox 2552 2829 2833 2899; x_wconf 90' lang='lat' dir='ltr'><strong>episcopo,</strong></span> <span class='ocrx_word' id='word_1_542' title='bbox 2869 2828 2993 2882; x_wconf 88' lang='lat' dir='ltr'><strong>aliis</strong></span> <span class='ocrx_word' id='word_1_543' title='bbox 3038 2828 3203 2882; x_wconf 86' lang='lat' dir='ltr'><strong>etiam</strong></span> <span class='ocrx_word' id='word_1_544' title='bbox 3232 2826 3596 2899; x_wconf 81' lang='lat' dir='ltr'><strong>presbyteris,</strong></span> <span class='ocrx_word' id='word_1_545' title='bbox 3630 2816 3815 2898; x_wconf 81' lang='lat' dir='ltr'><strong>bapti-</strong></span> 
     </span>
    </p>
   </div>
   <div class='ocr_carea' id='block_1_74' title="bbox 2220 2919 3809 2992">
    <p class='ocr_par' dir='ltr' id='par_1_74' title="bbox 2220 2919 3809 2992">
     <span class='ocr_line' id='line_1_74' title="bbox 2220 2919 3809 2992; baseline -0.002 -16"><span class='ocrx_word' id='word_1_546' title='bbox 2220 2922 2357 2976; x_wconf 84' lang='lat' dir='ltr'><strong>zatis</strong></span> <span class='ocrx_word' id='word_1_547' title='bbox 2390 2935 2607 2992; x_wconf 90' lang='lat' dir='ltr'><strong>quoque</strong></span> <span class='ocrx_word' id='word_1_548' title='bbox 2636 2919 2909 2990; x_wconf 89' lang='lat' dir='ltr'><strong>plurimis,</strong></span> <span class='ocrx_word' id='word_1_549' title='bbox 2938 2928 2995 2974; x_wconf 90' lang='lat' dir='ltr'><strong>et</strong></span> <span class='ocrx_word' id='word_1_550' title='bbox 3024 2919 3279 2973; x_wconf 89' lang='lat' dir='ltr'><strong>omnibus</strong></span> <span class='ocrx_word' id='word_1_551' title='bbox 3306 2919 3401 2988; x_wconf 79' lang='lat' dir='ltr'><strong>qui</strong></span> <span class='ocrx_word' id='word_1_552' title='bbox 3432 2926 3601 2973; x_wconf 82' lang='lat' dir='ltr'><strong>erant</strong></span> <span class='ocrx_word' id='word_1_553' title='bbox 3628 2920 3809 2974; x_wconf 81' lang='lat' dir='ltr'><strong>vexati</strong></span> 
     </span>
    </p>
   </div>
   <div class='ocr_carea' id='block_1_75' title="bbox 2220 3009 3813 3085">
    <p class='ocr_par' dir='ltr' id='par_1_75' title="bbox 2220 3009 3813 3085">
     <span class='ocr_line' id='line_1_75' title="bbox 2220 3009 3813 3085; baseline -0.001 -19"><span class='ocrx_word' id='word_1_554' title='bbox 2220 3013 2576 3085; x_wconf 77' lang='lat' dir='ltr'><strong>languoribus</strong></span> <span class='ocrx_word' id='word_1_555' title='bbox 2614 3012 2701 3067; x_wconf 88' lang='lat' dir='ltr'><strong>vel</strong></span> <span class='ocrx_word' id='word_1_556' title='bbox 2728 3011 3092 3076; x_wconf 83' lang='lat' dir='ltr'><strong>daemonibus,</strong></span> <span class='ocrx_word' id='word_1_557' title='bbox 3145 3011 3369 3064; x_wconf 87' lang='lat' dir='ltr'><strong>sanitati</strong></span> <span class='ocrx_word' id='word_1_558' title='bbox 3408 3009 3667 3071; x_wconf 87' lang='lat' dir='ltr'><strong>redditis.</strong></span> <span class='ocrx_word' id='word_1_559' title='bbox 3715 3009 3813 3064; x_wconf 84' lang='lat' dir='ltr'><strong>de-</strong></span> 
     </span>
    </p>
   </div>
   <div class='ocr_carea' id='block_1_76' title="bbox 2220 3101 3809 3172">
    <p class='ocr_par' dir='ltr' id='par_1_76' title="bbox 2220 3101 3809 3172">
     <span class='ocr_line' id='line_1_76' title="bbox 2220 3101 3809 3172; baseline -0.003 -13"><span class='ocrx_word' id='word_1_560' title='bbox 2220 3112 2466 3160; x_wconf 89' lang='lat' dir='ltr'><strong>moratus</strong></span> <span class='ocrx_word' id='word_1_561' title='bbox 2494 3103 2569 3159; x_wconf 88' lang='lat' dir='ltr'><strong>ibi</strong></span> <span class='ocrx_word' id='word_1_562' title='bbox 2598 3102 2743 3156; x_wconf 91' lang='lat' dir='ltr'><strong>aliud</strong></span> <span class='ocrx_word' id='word_1_563' title='bbox 2774 3102 3036 3169; x_wconf 90' lang='lat' dir='ltr'><strong>triduum,</strong></span> <span class='ocrx_word' id='word_1_564' title='bbox 3064 3101 3279 3156; x_wconf 85' lang='lat' dir='ltr'><strong>cunctis</strong></span> <span class='ocrx_word' id='word_1_565' title='bbox 3314 3101 3418 3154; x_wconf 89' lang='lat' dir='ltr'><strong>rite</strong></span> <span class='ocrx_word' id='word_1_566' title='bbox 3451 3101 3809 3172; x_wconf 84' lang='lat' dir='ltr'><strong>compositis,</strong></span> 
     </span>
    </p>
   </div>
   <div class='ocr_carea' id='block_1_77' title="bbox 2218 3191 3813 3264">
    <p class='ocr_par' dir='ltr' id='par_1_77' title="bbox 2218 3191 3813 3264">
     <span class='ocr_line' id='line_1_77' title="bbox 2218 3191 3813 3264; baseline -0.001 -14"><span class='ocrx_word' id='word_1_567' title='bbox 2218 3196 2527 3250; x_wconf 88' lang='lat' dir='ltr'><strong>valedicens</strong></span> <span class='ocrx_word' id='word_1_568' title='bbox 2555 3194 2657 3259; x_wconf 90' lang='lat' dir='ltr'><strong>eis,</strong></span> <span class='ocrx_word' id='word_1_569' title='bbox 2692 3194 3057 3264; x_wconf 85' lang='lat' dir='ltr'><strong>proﬁciscitur</strong></span> <span class='ocrx_word' id='word_1_570' title='bbox 3088 3208 3119 3247; x_wconf 91' lang='lat' dir='ltr'><strong>a</strong></span> <span class='ocrx_word' id='word_1_571' title='bbox 3149 3191 3407 3248; x_wconf 82' lang='lat' dir='ltr'><strong>Laodicia</strong></span> <span class='ocrx_word' id='word_1_572' title='bbox 3437 3195 3683 3248; x_wconf 71' lang='lat' dir='ltr'><strong>multum</strong></span> <span class='ocrx_word' id='word_1_573' title='bbox 3710 3194 3813 3248; x_wconf 73' lang='lat' dir='ltr'><strong>de-</strong></span> 
     </span>
    </p>
   </div>
   <div class='ocr_carea' id='block_1_78' title="bbox 2220 3284 3811 3356">
    <p class='ocr_par' dir='ltr' id='par_1_78' title="bbox 2220 3284 3811 3356">
     <span class='ocr_line' id='line_1_78' title="bbox 2220 3284 3811 3356; baseline -0.001 -13"><span class='ocrx_word' id='word_1_574' title='bbox 2220 3288 2534 3344; x_wconf 80' lang='lat' dir='ltr'><strong>siderabilis</strong></span> <span class='ocrx_word' id='word_1_575' title='bbox 2558 3285 3005 3341; x_wconf 83' lang='lat' dir='ltr'><strong>Antiochensium</strong></span> <span class='ocrx_word' id='word_1_576' title='bbox 3035 3286 3208 3356; x_wconf 91' lang='lat' dir='ltr'><strong>plebi;</strong></span> <span class='ocrx_word' id='word_1_577' title='bbox 3236 3295 3291 3341; x_wconf 91' lang='lat' dir='ltr'><strong>et</strong></span> <span class='ocrx_word' id='word_1_578' title='bbox 3321 3286 3493 3355; x_wconf 73' lang='lat' dir='ltr'><strong>cmpit</strong></span> <span class='ocrx_word' id='word_1_579' title='bbox 3524 3301 3623 3356; x_wconf 86' lang='lat' dir='ltr'><strong>per</strong></span> <span class='ocrx_word' id='word_1_580' title='bbox 3650 3284 3811 3341; x_wconf 56' lang='lat' dir='ltr'><strong>Nico.</strong></span> 
     </span>
    </p>
   </div>
   <div class='ocr_carea' id='block_1_79' title="bbox 2218 3377 3808 3449">
    <p class='ocr_par' dir='ltr' id='par_1_79' title="bbox 2218 3377 3808 3449">
     <span class='ocr_line' id='line_1_79' title="bbox 2218 3377 3808 3449; baseline -0.001 -14"><span class='ocrx_word' id='word_1_581' title='bbox 2218 3389 2328 3435; x_wconf 90' lang='lat' dir='ltr'><strong>tam</strong></span> <span class='ocrx_word' id='word_1_582' title='bbox 2369 3386 2424 3434; x_wconf 91' lang='lat' dir='ltr'><strong>et</strong></span> <span class='ocrx_word' id='word_1_583' title='bbox 2465 3378 2718 3449; x_wconf 87' lang='lat' dir='ltr'><strong>Aquilam</strong></span> <span class='ocrx_word' id='word_1_584' title='bbox 2768 3386 2883 3433; x_wconf 90' lang='lat' dir='ltr'><strong>tota</strong></span> <span class='ocrx_word' id='word_1_585' title='bbox 2932 3378 3128 3433; x_wconf 88' lang='lat' dir='ltr'><strong>civitas</strong></span> <span class='ocrx_word' id='word_1_586' title='bbox 3176 3378 3390 3443; x_wconf 89' lang='lat' dir='ltr'><strong>audire,</strong></span> <span class='ocrx_word' id='word_1_587' title='bbox 3431 3381 3565 3449; x_wconf 83' lang='lat' dir='ltr'><strong>quia</strong></span> <span class='ocrx_word' id='word_1_588' title='bbox 3610 3377 3808 3434; x_wconf 82' lang='lat' dir='ltr'><strong>Petrus</strong></span> 
     </span>
    </p>
   </div>
   <div class='ocr_carea' id='block_1_80' title="bbox 2220 3466 3807 3539">
    <p class='ocr_par' dir='ltr' id='par_1_80' title="bbox 2220 3466 3807 3539">
     <span class='ocr_line' id='line_1_80' title="bbox 2220 3466 3807 3539; baseline 0.003 -20"><span class='ocrx_word' id='word_1_589' title='bbox 2220 3466 2568 3525; x_wconf 86' lang='lat' dir='ltr'><strong>adventaret.</strong></span> <span class='ocrx_word' id='word_1_590' title='bbox 2599 3467 2790 3523; x_wconf 92' lang='lat' dir='ltr'><strong>Omnis</strong></span> <span class='ocrx_word' id='word_1_591' title='bbox 2822 3478 3001 3523; x_wconf 91' lang='lat' dir='ltr'><strong>autem</strong></span> <span class='ocrx_word' id='word_1_592' title='bbox 3044 3468 3278 3539; x_wconf 90' lang='lat' dir='ltr'><strong>populus</strong></span> <span class='ocrx_word' id='word_1_593' title='bbox 3325 3469 3639 3523; x_wconf 65' lang='lat' dir='ltr'><strong>Antiochiae</strong></span> <span class='ocrx_word' id='word_1_594' title='bbox 3675 3471 3807 3523; x_wconf 85' lang='lat' dir='ltr'><strong>civi—</strong></span> 
     </span>
    </p>
   </div>
   <div class='ocr_carea' id='block_1_81' title="bbox 2219 3557 3809 3623">
    <p class='ocr_par' dir='ltr' id='par_1_81' title="bbox 2219 3557 3809 3623">
     <span class='ocr_line' id='line_1_81' title="bbox 2219 3557 3809 3623; baseline 0.003 -14"><span class='ocrx_word' id='word_1_595' title='bbox 2219 3558 2345 3612; x_wconf 88' lang='lat' dir='ltr'><strong>tatis</strong></span> <span class='ocrx_word' id='word_1_596' title='bbox 2395 3558 2623 3613; x_wconf 90' lang='lat' dir='ltr'><strong>audiens</strong></span> <span class='ocrx_word' id='word_1_597' title='bbox 2671 3557 2893 3613; x_wconf 88' lang='lat' dir='ltr'><strong>Petrum</strong></span> <span class='ocrx_word' id='word_1_598' title='bbox 2944 3559 3165 3622; x_wconf 84' lang='lat' dir='ltr'><strong>venire,</strong></span> <span class='ocrx_word' id='word_1_599' title='bbox 3208 3567 3578 3614; x_wconf 89' lang='lat' dir='ltr'><strong>occurrerunt</strong></span> <span class='ocrx_word' id='word_1_600' title='bbox 3618 3560 3701 3623; x_wconf 86' lang='lat' dir='ltr'><strong>ei,</strong></span> <span class='ocrx_word' id='word_1_601' title='bbox 3750 3568 3809 3614; x_wconf 90' lang='lat' dir='ltr'><strong>et</strong></span> 
     </span>
    </p>
   </div>
   <div class='ocr_carea' id='block_1_82' title="bbox 2216 3650 3804 3719">
    <p class='ocr_par' dir='ltr' id='par_1_82' title="bbox 2216 3650 3804 3719">
     <span class='ocr_line' id='line_1_82' title="bbox 2216 3650 3804 3719; baseline 0.002 -17"><span class='ocrx_word' id='word_1_602' title='bbox 2216 3662 2356 3718; x_wconf 90' lang='lat' dir='ltr'><strong>pene</strong></span> <span class='ocrx_word' id='word_1_603' title='bbox 2394 3665 2586 3705; x_wconf 91' lang='lat' dir='ltr'><strong>omnes</strong></span> <span class='ocrx_word' id='word_1_604' title='bbox 2637 3650 2874 3719; x_wconf 89' lang='lat' dir='ltr'><strong>majores</strong></span> <span class='ocrx_word' id='word_1_605' title='bbox 2923 3658 3055 3704; x_wconf 90' lang='lat' dir='ltr'><strong>natu</strong></span> <span class='ocrx_word' id='word_1_606' title='bbox 3101 3658 3155 3705; x_wconf 91' lang='lat' dir='ltr'><strong>et</strong></span> <span class='ocrx_word' id='word_1_607' title='bbox 3208 3652 3444 3717; x_wconf 90' lang='lat' dir='ltr'><strong>nobiles,</strong></span> <span class='ocrx_word' id='word_1_608' title='bbox 3483 3652 3673 3706; x_wconf 85' lang='lat' dir='ltr'><strong>cinere</strong></span> <span class='ocrx_word' id='word_1_609' title='bbox 3713 3666 3804 3705; x_wconf 74' lang='lat' dir='ltr'><strong>as~</strong></span> 
     </span>
    </p>
   </div>
   <div class='ocr_carea' id='block_1_83' title="bbox 2182 3741 3801 3814">
    <p class='ocr_par' dir='ltr' id='par_1_83' title="bbox 2182 3741 3801 3814">
     <span class='ocr_line' id='line_1_83' title="bbox 2182 3741 3801 3814; baseline 0.002 -19"><span class='ocrx_word' id='word_1_610' title='bbox 2182 3741 2363 3812; x_wconf 45' lang='lat' dir='ltr'><strong>&#39;persi</strong></span> <span class='ocrx_word' id='word_1_611' title='bbox 2414 3741 2468 3795; x_wconf 90' lang='lat' dir='ltr'><strong>in</strong></span> <span class='ocrx_word' id='word_1_612' title='bbox 2508 3743 2707 3812; x_wconf 87' lang='lat' dir='ltr'><strong>capite,</strong></span> <span class='ocrx_word' id='word_1_613' title='bbox 2749 3742 3125 3813; x_wconf 71' lang='lat' dir='ltr'><strong>pmnitentiam</strong></span> <span class='ocrx_word' id='word_1_614' title='bbox 3185 3750 3429 3814; x_wconf 86' lang='lat' dir='ltr'><strong>agentes,</strong></span> <span class='ocrx_word' id='word_1_615' title='bbox 3471 3744 3570 3814; x_wconf 85' lang='lat' dir='ltr'><strong>qui</strong></span> <span class='ocrx_word' id='word_1_616' title='bbox 3601 3752 3801 3799; x_wconf 80' lang='lat' dir='ltr'><strong>contra</strong></span> 
     </span>
    </p>
   </div>
   <div class='ocr_carea' id='block_1_84' title="bbox 2219 3834 3804 3908">
    <p class='ocr_par' dir='ltr' id='par_1_84' title="bbox 2219 3834 3804 3908">
     <span class='ocr_line' id='line_1_84' title="bbox 2219 3834 3804 3908; baseline 0.001 -20"><span class='ocrx_word' id='word_1_617' title='bbox 2219 3834 2663 3903; x_wconf 63' lang='lat' dir='ltr'><strong>praedicationem</strong></span> <span class='ocrx_word' id='word_1_618' title='bbox 2723 3835 2843 3905; x_wconf 87' lang='lat' dir='ltr'><strong>ejus</strong></span> <span class='ocrx_word' id='word_1_619' title='bbox 2905 3851 3123 3908; x_wconf 86' lang='lat' dir='ltr'><strong>magum</strong></span> <span class='ocrx_word' id='word_1_620' title='bbox 3190 3834 3473 3891; x_wconf 88' lang='lat' dir='ltr'><strong>Simonem</strong></span> <span class='ocrx_word' id='word_1_621' title='bbox 3523 3835 3804 3906; x_wconf 82' lang='lat' dir='ltr'><strong>suscepis-</strong></span> 
     </span>
    </p>
   </div>
   <div class='ocr_carea' id='block_1_85' title="bbox 2216 3930 2358 3981">
    <p class='ocr_par' dir='ltr' id='par_1_85' title="bbox 2216 3930 2358 3981">
     <span class='ocr_line' id='line_1_85' title="bbox 2216 3930 2358 3981; baseline -0.021 0"><span class='ocrx_word' id='word_1_622' title='bbox 2216 3930 2358 3981; x_wconf 85' lang='lat' dir='ltr'><strong>sent.</strong></span> 
     </span>
    </p>
   </div>
   <div class='ocr_carea' id='block_1_86' title="bbox 2208 4012 3801 4089">
    <p class='ocr_par' dir='ltr' id='par_1_86' title="bbox 2208 4012 3801 4089">
     <span class='ocr_line' id='line_1_86' title="bbox 2208 4012 3801 4089; baseline 0.003 -22"><span class='ocrx_word' id='word_1_623' title='bbox 2208 4030 2211 4033; x_wconf 62' lang='grc'><em>’</em></span> <span class='ocrx_word' id='word_1_624' title='bbox 2285 4012 2469 4068; x_wconf 80' lang='lat' dir='ltr'><strong>LXIX.</strong></span> <span class='ocrx_word' id='word_1_625' title='bbox 2511 4015 2637 4071; x_wconf 73' lang='lat' dir='ltr'><strong>Huic</strong></span> <span class='ocrx_word' id='word_1_626' title='bbox 2662 4025 2716 4072; x_wconf 90' lang='lat' dir='ltr'><strong>et</strong></span> <span class='ocrx_word' id='word_1_627' title='bbox 2763 4018 2851 4073; x_wconf 77' lang='lat' dir='ltr'><strong>his</strong></span> <span class='ocrx_word' id='word_1_628' title='bbox 2878 4019 3078 4074; x_wconf 88' lang='lat' dir='ltr'><strong>similia</strong></span> <span class='ocrx_word' id='word_1_629' title='bbox 3108 4025 3529 4089; x_wconf 86' lang='lat' dir='ltr'><strong>prosequentes,</strong></span> <span class='ocrx_word' id='word_1_630' title='bbox 3556 4016 3801 4071; x_wconf 81' lang='lat' dir='ltr'><strong>offerunt</strong></span> 
     </span>
    </p>
   </div>
   <div class='ocr_carea' id='block_1_87' title="bbox 2213 4106 3803 4181">
    <p class='ocr_par' dir='ltr' id='par_1_87' title="bbox 2213 4106 3803 4181">
     <span class='ocr_line' id='line_1_87' title="bbox 2213 4106 3803 4181; baseline 0 -20"><span class='ocrx_word' id='word_1_631' title='bbox 2213 4106 2263 4161; x_wconf 90' lang='lat' dir='ltr'><strong>ei</strong></span> <span class='ocrx_word' id='word_1_632' title='bbox 2288 4114 2512 4162; x_wconf 82' lang='lat' dir='ltr'><strong>vexatos</strong></span> <span class='ocrx_word' id='word_1_633' title='bbox 2541 4109 2900 4181; x_wconf 88' lang='lat' dir='ltr'><strong>languoribus</strong></span> <span class='ocrx_word' id='word_1_634' title='bbox 2921 4118 2975 4166; x_wconf 91' lang='lat' dir='ltr'><strong>et</strong></span> <span class='ocrx_word' id='word_1_635' title='bbox 3007 4111 3292 4166; x_wconf 81' lang='lat' dir='ltr'><strong>damioniis</strong></span> <span class='ocrx_word' id='word_1_636' title='bbox 3327 4110 3603 4180; x_wconf 79' lang='lat' dir='ltr'><strong>fatigatos,</strong></span> <span class='ocrx_word' id='word_1_637' title='bbox 3638 4123 3803 4178; x_wconf 83' lang='lat' dir='ltr'><strong>para-</strong></span> 
     </span>
    </p>
   </div>
   <div class='ocr_carea' id='block_1_88' title="bbox 2212 4196 3800 4272">
    <p class='ocr_par' dir='ltr' id='par_1_88' title="bbox 2212 4196 3800 4272">
     <span class='ocr_line' id='line_1_88' title="bbox 2212 4196 3800 4272; baseline 0.002 -23"><span class='ocrx_word' id='word_1_638' title='bbox 2212 4196 2409 4268; x_wconf 87' lang='lat' dir='ltr'><strong>lyticos</strong></span> <span class='ocrx_word' id='word_1_639' title='bbox 2432 4214 2651 4269; x_wconf 89' lang='lat' dir='ltr'><strong>quoque</strong></span> <span class='ocrx_word' id='word_1_640' title='bbox 2673 4208 2727 4255; x_wconf 90' lang='lat' dir='ltr'><strong>et</strong></span> <span class='ocrx_word' id='word_1_641' title='bbox 2756 4200 2970 4255; x_wconf 90' lang='lat' dir='ltr'><strong>diversa</strong></span> <span class='ocrx_word' id='word_1_642' title='bbox 3000 4202 3241 4272; x_wconf 88' lang='lat' dir='ltr'><strong>pericula</strong></span> <span class='ocrx_word' id='word_1_643' title='bbox 3269 4202 3570 4270; x_wconf 85' lang='lat' dir='ltr'><strong>patientes;</strong></span> <span class='ocrx_word' id='word_1_644' title='bbox 3602 4208 3658 4253; x_wconf 83' lang='lat' dir='ltr'><strong>et</strong></span> <span class='ocrx_word' id='word_1_645' title='bbox 3679 4207 3800 4254; x_wconf 87' lang='lat' dir='ltr'><strong>erat</strong></span> 
     </span>
    </p>
   </div>
   <div class='ocr_carea' id='block_1_89' title="bbox 2214 4291 3798 4363">
    <p class='ocr_par' dir='ltr' id='par_1_89' title="bbox 2214 4291 3798 4363">
     <span class='ocr_line' id='line_1_89' title="bbox 2214 4291 3798 4363; baseline -0.001 -18"><span class='ocrx_word' id='word_1_646' title='bbox 2214 4291 2422 4345; x_wconf 90' lang='lat' dir='ltr'><strong>inﬁnita</strong></span> <span class='ocrx_word' id='word_1_647' title='bbox 2457 4292 2747 4347; x_wconf 91' lang='lat' dir='ltr'><strong>multitudo</strong></span> <span class='ocrx_word' id='word_1_648' title='bbox 2773 4293 2937 4348; x_wconf 89' lang='lat' dir='ltr'><strong>simul</strong></span> <span class='ocrx_word' id='word_1_649' title='bbox 2985 4293 3379 4363; x_wconf 84' lang='lat' dir='ltr'><strong>languentium.</strong></span> <span class='ocrx_word' id='word_1_650' title='bbox 3413 4293 3569 4358; x_wconf 81' lang='lat' dir='ltr'><strong>Quos</strong></span> <span class='ocrx_word' id='word_1_651' title='bbox 3599 4291 3798 4345; x_wconf 82' lang='lat' dir='ltr'><strong>videns</strong></span> 
     </span>
    </p>
   </div>
   <div class='ocr_carea' id='block_1_90' title="bbox 2213 4382 3793 4456">
    <p class='ocr_par' dir='ltr' id='par_1_90' title="bbox 2213 4382 3793 4456">
     <span class='ocr_line' id='line_1_90' title="bbox 2213 4382 3793 4456; baseline -0.001 -18"><span class='ocrx_word' id='word_1_652' title='bbox 2213 4382 2407 4438; x_wconf 89' lang='lat' dir='ltr'><strong>Petrus</strong></span> <span class='ocrx_word' id='word_1_653' title='bbox 2440 4400 2548 4439; x_wconf 90' lang='lat' dir='ltr'><strong>non</strong></span> <span class='ocrx_word' id='word_1_654' title='bbox 2583 4386 2758 4439; x_wconf 90' lang='lat' dir='ltr'><strong>solum</strong></span> <span class='ocrx_word' id='word_1_655' title='bbox 2790 4384 3184 4456; x_wconf 76' lang='lat' dir='ltr'><strong>pmnitudinem</strong></span> <span class='ocrx_word' id='word_1_656' title='bbox 3217 4400 3397 4456; x_wconf 87' lang='lat' dir='ltr'><strong>agere,</strong></span> <span class='ocrx_word' id='word_1_657' title='bbox 3437 4383 3591 4455; x_wconf 90' lang='lat' dir='ltr'><strong>quod</strong></span> <span class='ocrx_word' id='word_1_658' title='bbox 3621 4383 3693 4438; x_wconf 87' lang='lat' dir='ltr'><strong>de</strong></span> <span class='ocrx_word' id='word_1_659' title='bbox 3730 4396 3793 4436; x_wconf 91' lang='lat' dir='ltr'><strong>eo</strong></span> 
     </span>
    </p>
   </div>
   <div class='ocr_carea' id='block_1_91' title="bbox 2212 4473 3792 4544">
    <p class='ocr_par' dir='ltr' id='par_1_91' title="bbox 2212 4473 3792 4544">
     <span class='ocr_line' id='line_1_91' title="bbox 2212 4473 3792 4544; baseline -0.001 -16"><span class='ocrx_word' id='word_1_660' title='bbox 2212 4477 2353 4532; x_wconf 89' lang='lat' dir='ltr'><strong>male</strong></span> <span class='ocrx_word' id='word_1_661' title='bbox 2399 4477 2700 4533; x_wconf 84' lang='lat' dir='ltr'><strong>sensissent</strong></span> <span class='ocrx_word' id='word_1_662' title='bbox 2726 4489 2823 4544; x_wconf 81' lang='lat' dir='ltr'><strong>per</strong></span> <span class='ocrx_word' id='word_1_663' title='bbox 2855 4473 3156 4538; x_wconf 89' lang='lat' dir='ltr'><strong>Simonem,</strong></span> <span class='ocrx_word' id='word_1_664' title='bbox 3192 4490 3381 4530; x_wconf 87' lang='lat' dir='ltr'><strong>verum</strong></span> <span class='ocrx_word' id='word_1_665' title='bbox 3413 4483 3467 4529; x_wconf 90' lang='lat' dir='ltr'><strong>et</strong></span> <span class='ocrx_word' id='word_1_666' title='bbox 3498 4483 3611 4528; x_wconf 81' lang='lat' dir='ltr'><strong>tam</strong></span> <span class='ocrx_word' id='word_1_667' title='bbox 3656 4474 3792 4527; x_wconf 83' lang='lat' dir='ltr'><strong>inte-</strong></span> 
     </span>
    </p>
   </div>
   <div class='ocr_carea' id='block_1_92' title="bbox 529 4565 3789 4659">
    <p class='ocr_par' dir='ltr' id='par_1_92' title="bbox 529 4565 3789 4659">
     <span class='ocr_line' id='line_1_92' title="bbox 529 4565 3789 4659; baseline -0.002 -16"><span class='ocrx_word' id='word_1_668' title='bbox 529 4565 724 4643; x_wconf 72' lang='lat' dir='ltr'><strong>civitas</strong></span> <span class='ocrx_word' id='word_1_669' title='bbox 752 4595 931 4643; x_wconf 87' lang='lat' dir='ltr'><strong>vestra</strong></span> <span class='ocrx_word' id='word_1_670' title='bbox 975 4596 1197 4659; x_wconf 86' lang='lat' dir='ltr'><strong>repente</strong></span> <span class='ocrx_word' id='word_1_671' title='bbox 1238 4565 1505 4658; x_wconf 78' lang='lat' dir='ltr'><strong>deperire.</strong></span> <span class='ocrx_word' id='word_1_672' title='bbox 1550 4565 1682 4655; x_wconf 76' lang='lat' dir='ltr'><strong>Qua:</strong></span> <span class='ocrx_word' id='word_1_673' title='bbox 1724 4565 1906 4642; x_wconf 79' lang='lat' dir='ltr'><strong>autem</strong></span> <span class='ocrx_word' id='word_1_674' title='bbox 1938 4565 2105 4643; x_wconf 80' lang='lat' dir='ltr'><strong>causa</strong></span> <span class='ocrx_word' id='word_1_675' title='bbox 2136 4568 2183 4628; x_wconf 79' lang='lat' dir='ltr'><strong>D</strong></span> <span class='ocrx_word' id='word_1_676' title='bbox 2208 4581 2362 4636; x_wconf 68' lang='lat' dir='ltr'><strong>8mm</strong></span> <span class='ocrx_word' id='word_1_677' title='bbox 2394 4568 2552 4623; x_wconf 64' lang='lat' dir='ltr'><strong>ﬁdem</strong></span> <span class='ocrx_word' id='word_1_678' title='bbox 2582 4566 2840 4621; x_wconf 61' lang='lat' dir='ltr'><strong>exhibere</strong></span> <span class='ocrx_word' id='word_1_679' title='bbox 2870 4565 3000 4625; x_wconf 66' lang='grc' dir='ltr'><strong>θεον</strong></span> <span class='ocrx_word' id='word_1_680' title='bbox 3027 4574 3087 4620; x_wconf 74' lang='grc' dir='ltr'>ιη</span> <span class='ocrx_word' id='word_1_681' title='bbox 3124 4566 3289 4621; x_wconf 52' lang='lat' dir='ltr'><strong>etiam</strong></span> <span class='ocrx_word' id='word_1_682' title='bbox 3318 4581 3514 4621; x_wconf 60' lang='lat' dir='ltr'><strong>omnes</strong></span> <span class='ocrx_word' id='word_1_683' title='bbox 3543 4566 3789 4659; x_wconf 49' lang='grc' dir='ltr'><strong>δίνεῖεὲε</strong></span> 
     </span>
    </p>
   </div>
   <div class='ocr_carea' id='block_1_93' title="bbox 528 4677 2109 4748">
    <p class='ocr_par' dir='ltr' id='par_1_93' title="bbox 528 4677 2109 4748">
     <span class='ocr_line' id='line_1_93' title="bbox 528 4677 2109 4748; baseline -0.001 -15"><span class='ocrx_word' id='word_1_684' title='bbox 528 4679 619 4744; x_wconf 89' lang='lat' dir='ltr'><strong>sit,</strong></span> <span class='ocrx_word' id='word_1_685' title='bbox 642 4685 701 4731; x_wconf 93' lang='lat' dir='ltr'><strong>ut</strong></span> <span class='ocrx_word' id='word_1_686' title='bbox 729 4679 842 4732; x_wconf 70' lang='lat' dir='ltr'><strong>haec</strong></span> <span class='ocrx_word' id='word_1_687' title='bbox 870 4677 1025 4732; x_wconf 90' lang='lat' dir='ltr'><strong>vobis</strong></span> <span class='ocrx_word' id='word_1_688' title='bbox 1057 4680 1204 4732; x_wconf 90' lang='lat' dir='ltr'><strong>ultro</strong></span> <span class='ocrx_word' id='word_1_689' title='bbox 1237 4678 1502 4732; x_wconf 88' lang='lat' dir='ltr'><strong>conﬁtear</strong></span> <span class='ocrx_word' id='word_1_690' title='bbox 1526 4697 1541 4733; x_wconf 86' lang='lat'><strong>:</strong></span> <span class='ocrx_word' id='word_1_691' title='bbox 1568 4678 1637 4732; x_wconf 90' lang='lat' dir='ltr'><strong>ab</strong></span> <span class='ocrx_word' id='word_1_692' title='bbox 1667 4679 1859 4748; x_wconf 82' lang='lat' dir='ltr'><strong>angelo</strong></span> <span class='ocrx_word' id='word_1_693' title='bbox 1888 4677 1982 4733; x_wconf 87' lang='lat' dir='ltr'><strong>Dei</strong></span> <span class='ocrx_word' id='word_1_694' title='bbox 2006 4679 2109 4731; x_wconf 90' lang='lat' dir='ltr'><strong>hac</strong></span> 
     </span>
    </p>
   </div>
   <div class='ocr_carea' id='block_1_94' title="bbox 525 4769 2108 4839">
    <p class='ocr_par' dir='ltr' id='par_1_94' title="bbox 525 4769 2108 4839">
     <span class='ocr_line' id='line_1_94' title="bbox 525 4769 2108 4839; baseline 0.002 -16"><span class='ocrx_word' id='word_1_695' title='bbox 525 4778 688 4825; x_wconf 87' lang='lat' dir='ltr'><strong>nocte</strong></span> <span class='ocrx_word' id='word_1_696' title='bbox 717 4770 1065 4825; x_wconf 85' lang='lat' dir='ltr'><strong>vehementer</strong></span> <span class='ocrx_word' id='word_1_697' title='bbox 1088 4778 1372 4839; x_wconf 90' lang='lat' dir='ltr'><strong>correptus</strong></span> <span class='ocrx_word' id='word_1_698' title='bbox 1404 4784 1545 4832; x_wconf 88' lang='lat' dir='ltr'><strong>sum,</strong></span> <span class='ocrx_word' id='word_1_699' title='bbox 1568 4778 1623 4823; x_wconf 90' lang='lat' dir='ltr'><strong>et</strong></span> <span class='ocrx_word' id='word_1_700' title='bbox 1653 4784 1753 4822; x_wconf 92' lang='lat' dir='ltr'><strong>cur</strong></span> <span class='ocrx_word' id='word_1_701' title='bbox 1773 4770 1821 4823; x_wconf 92' lang='lat' dir='ltr'><strong>ei</strong></span> <span class='ocrx_word' id='word_1_702' title='bbox 1853 4769 2108 4826; x_wconf 82' lang='lat' dir='ltr'><strong>inimicus</strong></span> 
     </span>
    </p>
   </div>
   <div class='ocr_carea' id='block_1_95' title="bbox 525 4861 2106 4934">
    <p class='ocr_par' dir='ltr' id='par_1_95' title="bbox 525 4861 2106 4934">
     <span class='ocr_line' id='line_1_95' title="bbox 525 4861 2106 4934; baseline 0 -16"><span class='ocrx_word' id='word_1_703' title='bbox 525 4864 861 4927; x_wconf 80' lang='lat' dir='ltr'><strong>exstiterim,</strong></span> <span class='ocrx_word' id='word_1_704' title='bbox 917 4864 1400 4919; x_wconf 85' lang='lat' dir='ltr'><strong>vehementissime</strong></span> <span class='ocrx_word' id='word_1_705' title='bbox 1449 4862 1777 4933; x_wconf 84' lang='lat' dir='ltr'><strong>flagellatus.</strong></span> <span class='ocrx_word' id='word_1_706' title='bbox 1834 4861 2106 4934; x_wconf 89' lang='lat' dir='ltr'><strong>Deprecor</strong></span> 
     </span>
    </p>
   </div>
   <div class='ocr_carea' id='block_1_96' title="bbox 524 4955 2106 5025">
    <p class='ocr_par' dir='ltr' id='par_1_96' title="bbox 524 4955 2106 5025">
     <span class='ocr_line' id='line_1_96' title="bbox 524 4955 2106 5025; baseline 0.002 -16"><span class='ocrx_word' id='word_1_707' title='bbox 524 4970 656 5025; x_wconf 86' lang='lat' dir='ltr'><strong>ergo</strong></span> <span class='ocrx_word' id='word_1_708' title='bbox 695 4969 813 5019; x_wconf 91' lang='lat' dir='ltr'><strong>vos,</strong></span> <span class='ocrx_word' id='word_1_709' title='bbox 847 4962 905 5007; x_wconf 91' lang='lat' dir='ltr'><strong>ut</strong></span> <span class='ocrx_word' id='word_1_710' title='bbox 935 4955 982 5009; x_wconf 88' lang='lat' dir='ltr'><strong>si</strong></span> <span class='ocrx_word' id='word_1_711' title='bbox 1014 4970 1114 5025; x_wconf 89' lang='lat' dir='ltr'><strong>ego</strong></span> <span class='ocrx_word' id='word_1_712' title='bbox 1147 4956 1263 5025; x_wconf 91' lang='lat' dir='ltr'><strong>ipse</strong></span> <span class='ocrx_word' id='word_1_713' title='bbox 1300 4972 1367 5010; x_wconf 75' lang='lat' dir='ltr'><strong>ex</strong></span> <span class='ocrx_word' id='word_1_714' title='bbox 1408 4956 1511 5009; x_wconf 89' lang='lat' dir='ltr'><strong>hac</strong></span> <span class='ocrx_word' id='word_1_715' title='bbox 1554 4956 1688 5009; x_wconf 83' lang='lat' dir='ltr'><strong>liora</strong></span> <span class='ocrx_word' id='word_1_716' title='bbox 1736 4970 2002 5025; x_wconf 91' lang='lat' dir='ltr'><strong>aperuero</strong></span> <span class='ocrx_word' id='word_1_717' title='bbox 2043 4972 2106 5012; x_wconf 90' lang='lat' dir='ltr'><strong>os</strong></span> 
     </span>
    </p>
   </div>
   <div class='ocr_carea' id='block_1_97' title="bbox 523 5044 2108 5116">
    <p class='ocr_par' dir='ltr' id='par_1_97' title="bbox 523 5044 2108 5116">
     <span class='ocr_line' id='line_1_97' title="bbox 523 5044 2108 5116; baseline -0.001 -15"><span class='ocrx_word' id='word_1_718' title='bbox 523 5062 704 5101; x_wconf 89' lang='lat' dir='ltr'><strong>meum</strong></span> <span class='ocrx_word' id='word_1_719' title='bbox 738 5054 928 5100; x_wconf 89' lang='lat' dir='ltr'><strong>contra</strong></span> <span class='ocrx_word' id='word_1_720' title='bbox 978 5061 1124 5111; x_wconf 91' lang='lat' dir='ltr'><strong>eum,</strong></span> <span class='ocrx_word' id='word_1_721' title='bbox 1158 5045 1458 5116; x_wconf 87' lang='lat' dir='ltr'><strong>projiciatis</strong></span> <span class='ocrx_word' id='word_1_722' title='bbox 1507 5060 1594 5099; x_wconf 89' lang='lat' dir='ltr'><strong>me</strong></span> <span class='ocrx_word' id='word_1_723' title='bbox 1633 5044 1699 5097; x_wconf 91' lang='lat' dir='ltr'><strong>ab</strong></span> <span class='ocrx_word' id='word_1_724' title='bbox 1744 5055 1964 5114; x_wconf 88' lang='lat' dir='ltr'><strong>aspectu</strong></span> <span class='ocrx_word' id='word_1_725' title='bbox 2017 5060 2108 5100; x_wconf 85' lang='lat' dir='ltr'><strong>vc.-</strong></span> 
     </span>
    </p>
   </div>
   <div class='ocr_carea' id='block_1_98' title="bbox 525 5137 2105 5205">
    <p class='ocr_par' dir='ltr' id='par_1_98' title="bbox 525 5137 2105 5205">
     <span class='ocr_line' id='line_1_98' title="bbox 525 5137 2105 5205; baseline -0.002 -11"><span class='ocrx_word' id='word_1_726' title='bbox 525 5147 670 5205; x_wconf 86' lang='lat' dir='ltr'><strong>stro;</strong></span> <span class='ocrx_word' id='word_1_727' title='bbox 717 5139 806 5193; x_wconf 88' lang='lat' dir='ltr'><strong>ille</strong></span> <span class='ocrx_word' id='word_1_728' title='bbox 837 5139 983 5193; x_wconf 90' lang='lat' dir='ltr'><strong>enim</strong></span> <span class='ocrx_word' id='word_1_729' title='bbox 1018 5138 1331 5193; x_wconf 85' lang='lat' dir='ltr'><strong>immundus</strong></span> <span class='ocrx_word' id='word_1_730' title='bbox 1363 5137 1576 5191; x_wconf 67' lang='lat' dir='ltr'><strong>daemon</strong></span> <span class='ocrx_word' id='word_1_731' title='bbox 1612 5137 1773 5191; x_wconf 84' lang='lat' dir='ltr'><strong>saluti</strong></span> <span class='ocrx_word' id='word_1_732' title='bbox 1824 5137 2105 5191; x_wconf 88' lang='lat' dir='ltr'><strong>hominum</strong></span> 
     </span>
    </p>
   </div>
   <div class='ocr_carea' id='block_1_99' title="bbox 526 5230 2106 5302">
    <p class='ocr_par' dir='ltr' id='par_1_99' title="bbox 526 5230 2106 5302">
     <span class='ocr_line' id='line_1_99' title="bbox 526 5230 2106 5302; baseline 0.001 -17"><span class='ocrx_word' id='word_1_733' title='bbox 526 5233 784 5291; x_wconf 87' lang='lat' dir='ltr'><strong>inimicus</strong></span> <span class='ocrx_word' id='word_1_734' title='bbox 827 5245 922 5302; x_wconf 89' lang='lat' dir='ltr'><strong>per</strong></span> <span class='ocrx_word' id='word_1_735' title='bbox 963 5246 1026 5285; x_wconf 93' lang='lat' dir='ltr'><strong>os</strong></span> <span class='ocrx_word' id='word_1_736' title='bbox 1060 5246 1236 5285; x_wconf 90' lang='lat' dir='ltr'><strong>meum</strong></span> <span class='ocrx_word' id='word_1_737' title='bbox 1267 5238 1462 5283; x_wconf 88' lang='lat' dir='ltr'><strong>contra</strong></span> <span class='ocrx_word' id='word_1_738' title='bbox 1505 5230 1683 5300; x_wconf 89' lang='lat' dir='ltr'><strong>ipsum</strong></span> <span class='ocrx_word' id='word_1_739' title='bbox 1733 5231 1995 5299; x_wconf 88' lang='lat' dir='ltr'><strong>loquitur,</strong></span> <span class='ocrx_word' id='word_1_740' title='bbox 2035 5246 2106 5286; x_wconf 88' lang='lat' dir='ltr'><strong>ne</strong></span> 
     </span>
    </p>
   </div>
   <div class='ocr_carea' id='block_1_100' title="bbox 525 5322 2101 5397">
    <p class='ocr_par' dir='ltr' id='par_1_100' title="bbox 525 5322 2101 5397">
     <span class='ocr_line' id='line_1_100' title="bbox 525 5322 2101 5397; baseline -0.002 -18"><span class='ocrx_word' id='word_1_741' title='bbox 525 5341 623 5397; x_wconf 88' lang='lat' dir='ltr'><strong>per</strong></span> <span class='ocrx_word' id='word_1_742' title='bbox 664 5340 788 5382; x_wconf 88' lang='lat' dir='ltr'><strong>eum</strong></span> <span class='ocrx_word' id='word_1_743' title='bbox 832 5340 929 5380; x_wconf 89' lang='lat' dir='ltr'><strong>vos</strong></span> <span class='ocrx_word' id='word_1_744' title='bbox 960 5324 1279 5395; x_wconf 87' lang='lat' dir='ltr'><strong>pertingatis</strong></span> <span class='ocrx_word' id='word_1_745' title='bbox 1308 5323 1375 5377; x_wconf 90' lang='lat' dir='ltr'><strong>ad</strong></span> <span class='ocrx_word' id='word_1_746' title='bbox 1410 5323 1597 5377; x_wconf 89' lang='lat' dir='ltr'><strong>vitam.</strong></span> <span class='ocrx_word' id='word_1_747' title='bbox 1638 5322 1778 5388; x_wconf 86' lang='lat' dir='ltr'><strong>Quid</strong></span> <span class='ocrx_word' id='word_1_748' title='bbox 1819 5323 1963 5376; x_wconf 90' lang='lat' dir='ltr'><strong>enim</strong></span> <span class='ocrx_word' id='word_1_749' title='bbox 2011 5337 2101 5376; x_wconf 91' lang='lat' dir='ltr'><strong>ars</strong></span> 
     </span>
    </p>
   </div>
   <div class='ocr_carea' id='block_1_101' title="bbox 523 5409 2100 5487">
    <p class='ocr_par' dir='ltr' id='par_1_101' title="bbox 523 5409 2100 5487">
     <span class='ocr_line' id='line_1_101' title="bbox 523 5409 2100 5487; baseline -0.004 -18"><span class='ocrx_word' id='word_1_750' title='bbox 523 5417 733 5486; x_wconf 77' lang='lat' dir='ltr'><strong>magica</strong></span> <span class='ocrx_word' id='word_1_751' title='bbox 782 5432 877 5487; x_wconf 86' lang='lat' dir='ltr'><strong>per</strong></span> <span class='ocrx_word' id='word_1_752' title='bbox 923 5431 1008 5470; x_wconf 88' lang='lat' dir='ltr'><strong>me</strong></span> <span class='ocrx_word' id='word_1_753' title='bbox 1055 5414 1211 5469; x_wconf 86' lang='lat' dir='ltr'><strong>vobis</strong></span> <span class='ocrx_word' id='word_1_754' title='bbox 1255 5413 1433 5484; x_wconf 88' lang='lat' dir='ltr'><strong>potuit</strong></span> <span class='ocrx_word' id='word_1_755' title='bbox 1485 5413 1705 5466; x_wconf 88' lang='lat' dir='ltr'><strong>virtutis</strong></span> <span class='ocrx_word' id='word_1_756' title='bbox 1770 5409 2100 5465; x_wconf 85' lang='lat' dir='ltr'><strong>ostendere?</strong></span> 
     </span>
    </p>
   </div>
   <div class='ocr_carea' id='block_1_102' title="bbox 520 5498 2099 5569">
    <p class='ocr_par' dir='ltr' id='par_1_102' title="bbox 520 5498 2099 5569">
     <span class='ocr_line' id='line_1_102' title="bbox 520 5498 2099 5569; baseline -0.006 -8"><span class='ocrx_word' id='word_1_757' title='bbox 520 5507 701 5562; x_wconf 86' lang='lat' dir='ltr'><strong>Canes</strong></span> <span class='ocrx_word' id='word_1_758' title='bbox 729 5507 832 5561; x_wconf 85' lang='lat' dir='ltr'><strong>feci</strong></span> <span class='ocrx_word' id='word_1_759' title='bbox 863 5522 1034 5562; x_wconf 78' lang='lat' dir='ltr'><strong>aereos</strong></span> <span class='ocrx_word' id='word_1_760' title='bbox 1063 5506 1262 5560; x_wconf 88' lang='lat' dir='ltr'><strong>latrare</strong></span> <span class='ocrx_word' id='word_1_761' title='bbox 1301 5512 1353 5559; x_wconf 89' lang='lat' dir='ltr'><strong>et</strong></span> <span class='ocrx_word' id='word_1_762' title='bbox 1400 5508 1608 5557; x_wconf 84' lang='lat' dir='ltr'><strong>‘statuas</strong></span> <span class='ocrx_word' id='word_1_763' title='bbox 1640 5500 1864 5564; x_wconf 88' lang='lat' dir='ltr'><strong>moveri,</strong></span> <span class='ocrx_word' id='word_1_764' title='bbox 1898 5498 2099 5569; x_wconf 88' lang='lat' dir='ltr'><strong>ﬁguras</strong></span> 
     </span>
    </p>
   </div>
   <div class='ocr_carea' id='block_1_103' title="bbox 520 5591 2099 5662">
    <p class='ocr_par' dir='ltr' id='par_1_103' title="bbox 520 5591 2099 5662">
     <span class='ocr_line' id='line_1_103' title="bbox 520 5591 2099 5662; baseline -0.008 -9"><span class='ocrx_word' id='word_1_765' title='bbox 520 5600 724 5653; x_wconf 79' lang='lat' dir='ltr'><strong>mutari</strong></span> <span class='ocrx_word' id='word_1_766' title='bbox 752 5598 1034 5652; x_wconf 90' lang='lat' dir='ltr'><strong>hominum</strong></span> <span class='ocrx_word' id='word_1_767' title='bbox 1055 5603 1110 5651; x_wconf 86' lang='lat' dir='ltr'><strong>et</strong></span> <span class='ocrx_word' id='word_1_768' title='bbox 1156 5595 1338 5652; x_wconf 88' lang='lat' dir='ltr'><strong>subito</strong></span> <span class='ocrx_word' id='word_1_769' title='bbox 1377 5592 1447 5647; x_wconf 88' lang='lat' dir='ltr'><strong>ab</strong></span> <span class='ocrx_word' id='word_1_770' title='bbox 1474 5592 1787 5662; x_wconf 90' lang='lat' dir='ltr'><strong>aspectibus</strong></span> <span class='ocrx_word' id='word_1_771' title='bbox 1813 5591 2099 5644; x_wconf 88' lang='lat' dir='ltr'><strong>hominum</strong></span> 
     </span>
    </p>
   </div>
   <div class='ocr_carea' id='block_1_104' title="bbox 523 5682 2098 5761">
    <p class='ocr_par' dir='ltr' id='par_1_104' title="bbox 523 5682 2098 5761">
     <span class='ocr_line' id='line_1_104' title="bbox 523 5682 2098 5761; baseline -0.007 -14"><span class='ocrx_word' id='word_1_772' title='bbox 523 5691 844 5759; x_wconf 85' lang='lat' dir='ltr'><strong>absentari;</strong></span> <span class='ocrx_word' id='word_1_773' title='bbox 886 5698 940 5746; x_wconf 88' lang='lat' dir='ltr'><strong>et</strong></span> <span class='ocrx_word' id='word_1_774' title='bbox 987 5705 1084 5761; x_wconf 91' lang='lat' dir='ltr'><strong>per</strong></span> <span class='ocrx_word' id='word_1_775' title='bbox 1133 5690 1250 5744; x_wconf 70' lang='lat' dir='ltr'><strong>haec</strong></span> <span class='ocrx_word' id='word_1_776' title='bbox 1299 5684 1569 5743; x_wconf 89' lang='lat' dir='ltr'><strong>debuistis</strong></span> <span class='ocrx_word' id='word_1_777' title='bbox 1614 5691 1787 5738; x_wconf 90' lang='lat' dir='ltr'><strong>artem</strong></span> <span class='ocrx_word' id='word_1_778' title='bbox 1831 5682 2098 5754; x_wconf 84' lang='lat' dir='ltr'><strong>magicam</strong></span> 
     </span>
    </p>
   </div>
   <div class='ocr_carea' id='block_1_105' title="bbox 519 5777 2098 5854">
    <p class='ocr_par' dir='ltr' id='par_1_105' title="bbox 519 5777 2098 5854">
     <span class='ocr_line' id='line_1_105' title="bbox 519 5777 2098 5854; baseline -0.008 -12"><span class='ocrx_word' id='word_1_779' title='bbox 519 5785 819 5848; x_wconf 83' lang='lat' dir='ltr'><strong>exsecrari,</strong></span> <span class='ocrx_word' id='word_1_780' title='bbox 852 5800 973 5854; x_wconf 79' lang='lat' dir='ltr'><strong>qua:</strong></span> <span class='ocrx_word' id='word_1_781' title='bbox 1004 5792 1063 5837; x_wconf 91' lang='lat' dir='ltr'><strong>ut</strong></span> <span class='ocrx_word' id='word_1_782' title='bbox 1092 5782 1246 5837; x_wconf 88' lang='lat' dir='ltr'><strong>vobis</strong></span> <span class='ocrx_word' id='word_1_783' title='bbox 1291 5780 1612 5835; x_wconf 90' lang='lat' dir='ltr'><strong>miraculum</strong></span> <span class='ocrx_word' id='word_1_784' title='bbox 1652 5777 1816 5831; x_wconf 87' lang='lat' dir='ltr'><strong>inane</strong></span> <span class='ocrx_word' id='word_1_785' title='bbox 1864 5783 2098 5845; x_wconf 54' lang='lat' dir='ltr'><strong>praten-</strong></span> 
     </span>
    </p>
   </div>
   <div class='ocr_carea' id='block_1_106' title="bbox 520 5866 2093 5945">
    <p class='ocr_par' dir='ltr' id='par_1_106' title="bbox 520 5866 2093 5945">
     <span class='ocr_line' id='line_1_106' title="bbox 520 5866 2093 5945; baseline -0.01 -10"><span class='ocrx_word' id='word_1_786' title='bbox 520 5881 727 5945; x_wconf 86' lang='lat' dir='ltr'><strong>derem,</strong></span> <span class='ocrx_word' id='word_1_787' title='bbox 748 5877 957 5932; x_wconf 88' lang='lat' dir='ltr'><strong>animas</strong></span> <span class='ocrx_word' id='word_1_788' title='bbox 989 5885 1197 5933; x_wconf 85' lang='lat' dir='ltr'><strong>vestras</strong></span> <span class='ocrx_word' id='word_1_789' title='bbox 1219 5872 1504 5930; x_wconf 85' lang='lat' dir='ltr'><strong>diabolicis</strong></span> <span class='ocrx_word' id='word_1_790' title='bbox 1534 5868 1746 5941; x_wconf 87' lang='lat' dir='ltr'><strong>laqueis</strong></span> <span class='ocrx_word' id='word_1_791' title='bbox 1771 5866 2093 5935; x_wconf 88' lang='lat' dir='ltr'><strong>innodabat,</strong></span> 
     </span>
    </p>
   </div>
   <div class='ocr_carea' id='block_1_107' title="bbox 2209 4658 3787 4730">
    <p class='ocr_par' dir='ltr' id='par_1_107' title="bbox 2209 4658 3787 4730">
     <span class='ocr_line' id='line_1_107' title="bbox 2209 4658 3787 4730; baseline -0.004 -14"><span class='ocrx_word' id='word_1_792' title='bbox 2209 4661 2561 4730; x_wconf 65' lang='lat' dir='ltr'><strong>aagritudiues</strong></span> <span class='ocrx_word' id='word_1_793' title='bbox 2591 4660 2859 4729; x_wconf 82' lang='lat' dir='ltr'><strong>patientes</strong></span> <span class='ocrx_word' id='word_1_794' title='bbox 2888 4659 3173 4715; x_wconf 86' lang='lat' dir='ltr'><strong>crederent</strong></span> <span class='ocrx_word' id='word_1_795' title='bbox 3202 4674 3296 4729; x_wconf 89' lang='lat' dir='ltr'><strong>per</strong></span> <span class='ocrx_word' id='word_1_796' title='bbox 3329 4673 3453 4712; x_wconf 90' lang='lat' dir='ltr'><strong>eum</strong></span> <span class='ocrx_word' id='word_1_797' title='bbox 3485 4672 3653 4728; x_wconf 86' lang='lat' dir='ltr'><strong>posse</strong></span> <span class='ocrx_word' id='word_1_798' title='bbox 3683 4658 3787 4713; x_wconf 80' lang='lat' dir='ltr'><strong>sal-</strong></span> 
     </span>
    </p>
   </div>
   <div class='ocr_carea' id='block_1_108' title="bbox 2207 4748 3783 4821">
    <p class='ocr_par' dir='ltr' id='par_1_108' title="bbox 2207 4748 3783 4821">
     <span class='ocr_line' id='line_1_108' title="bbox 2207 4748 3783 4821; baseline -0.004 -16"><span class='ocrx_word' id='word_1_799' title='bbox 2207 4752 2347 4817; x_wconf 89' lang='lat' dir='ltr'><strong>vari,</strong></span> <span class='ocrx_word' id='word_1_800' title='bbox 2378 4751 2640 4821; x_wconf 76' lang='lat' dir='ltr'><strong>expandit</strong></span> <span class='ocrx_word' id='word_1_801' title='bbox 2678 4752 2744 4805; x_wconf 88' lang='lat' dir='ltr'><strong>ad</strong></span> <span class='ocrx_word' id='word_1_802' title='bbox 2791 4751 2988 4805; x_wconf 74' lang='lat' dir='ltr'><strong>cmlum</strong></span> <span class='ocrx_word' id='word_1_803' title='bbox 3021 4765 3217 4804; x_wconf 89' lang='lat' dir='ltr'><strong>manus</strong></span> <span class='ocrx_word' id='word_1_804' title='bbox 3247 4762 3399 4812; x_wconf 85' lang='lat' dir='ltr'><strong>suas,</strong></span> <span class='ocrx_word' id='word_1_805' title='bbox 3438 4754 3494 4802; x_wconf 85' lang='lat' dir='ltr'><strong>et</strong></span> <span class='ocrx_word' id='word_1_806' title='bbox 3536 4763 3665 4801; x_wconf 89' lang='lat' dir='ltr'><strong>cum</strong></span> <span class='ocrx_word' id='word_1_807' title='bbox 3711 4748 3783 4799; x_wconf 86' lang='lat' dir='ltr'><strong>la-</strong></span> 
     </span>
    </p>
   </div>
   <div class='ocr_carea' id='block_1_109' title="bbox 2206 4837 3781 4915">
    <p class='ocr_par' dir='ltr' id='par_1_109' title="bbox 2206 4837 3781 4915">
     <span class='ocr_line' id='line_1_109' title="bbox 2206 4837 3781 4915; baseline -0.003 -17"><span class='ocrx_word' id='word_1_808' title='bbox 2206 4844 2411 4915; x_wconf 89' lang='lat' dir='ltr'><strong>crymis</strong></span> <span class='ocrx_word' id='word_1_809' title='bbox 2454 4844 2757 4899; x_wconf 86' lang='lat' dir='ltr'><strong>orationem</strong></span> <span class='ocrx_word' id='word_1_810' title='bbox 2797 4842 3105 4904; x_wconf 73' lang='lat' dir='ltr'><strong>effundens,</strong></span> <span class='ocrx_word' id='word_1_811' title='bbox 3145 4841 3349 4910; x_wconf 87' lang='lat' dir='ltr'><strong>gratias</strong></span> <span class='ocrx_word' id='word_1_812' title='bbox 3384 4838 3634 4897; x_wconf 82' lang='lat' dir='ltr'><strong>referens</strong></span> <span class='ocrx_word' id='word_1_813' title='bbox 3680 4837 3781 4893; x_wconf 83' lang='lat' dir='ltr'><strong>Deo</strong></span> 
     </span>
    </p>
   </div>
   <div class='ocr_carea' id='block_1_110' title="bbox 2207 4930 3781 5002">
    <p class='ocr_par' dir='ltr' id='par_1_110' title="bbox 2207 4930 3781 5002">
     <span class='ocr_line' id='line_1_110' title="bbox 2207 4930 3781 5002; baseline -0.004 -13"><span class='ocrx_word' id='word_1_814' title='bbox 2207 4933 3018 5002; x_wconf 82' lang='lat' dir='ltr'><strong>dicebat:Benedicote,Pater</strong></span> <span class='ocrx_word' id='word_1_815' title='bbox 3062 4930 3447 5001; x_wconf 70' lang='lat' dir='ltr'><strong>praedicando,</strong></span> <span class='ocrx_word' id='word_1_816' title='bbox 3488 4931 3585 5001; x_wconf 90' lang='lat' dir='ltr'><strong>qui</strong></span> <span class='ocrx_word' id='word_1_817' title='bbox 3628 4944 3781 4984; x_wconf 85' lang='lat' dir='ltr'><strong>omne</strong></span> 
     </span>
    </p>
   </div>
   <div class='ocr_carea' id='block_1_111' title="bbox 2206 5022 3778 5095">
    <p class='ocr_par' dir='ltr' id='par_1_111' title="bbox 2206 5022 3778 5095">
     <span class='ocr_line' id='line_1_111' title="bbox 2206 5022 3778 5095; baseline -0.003 -14"><span class='ocrx_word' id='word_1_818' title='bbox 2206 5027 2434 5083; x_wconf 88' lang='lat' dir='ltr'><strong>verbum</strong></span> <span class='ocrx_word' id='word_1_819' title='bbox 2457 5032 2512 5080; x_wconf 90' lang='lat' dir='ltr'><strong>et</strong></span> <span class='ocrx_word' id='word_1_820' title='bbox 2542 5024 2877 5095; x_wconf 87' lang='lat' dir='ltr'><strong>promissum</strong></span> <span class='ocrx_word' id='word_1_821' title='bbox 2908 5022 3029 5077; x_wconf 87' lang='lat' dir='ltr'><strong>Filii</strong></span> <span class='ocrx_word' id='word_1_822' title='bbox 3059 5024 3140 5077; x_wconf 94' lang='lat' dir='ltr'><strong>tui</strong></span> <span class='ocrx_word' id='word_1_823' title='bbox 3188 5024 3490 5094; x_wconf 87' lang='lat' dir='ltr'><strong>adimplere</strong></span> <span class='ocrx_word' id='word_1_824' title='bbox 3515 5023 3778 5095; x_wconf 84' lang='lat' dir='ltr'><strong>dignaris,</strong></span> 
     </span>
    </p>
   </div>
   <div class='ocr_carea' id='block_1_112' title="bbox 2206 5114 3779 5189">
    <p class='ocr_par' dir='ltr' id='par_1_112' title="bbox 2206 5114 3779 5189">
     <span class='ocr_line' id='line_1_112' title="bbox 2206 5114 3779 5189; baseline -0.003 -16"><span class='ocrx_word' id='word_1_825' title='bbox 2206 5127 2267 5173; x_wconf 92' lang='lat' dir='ltr'><strong>ut</strong></span> <span class='ocrx_word' id='word_1_826' title='bbox 2318 5124 2616 5189; x_wconf 85' lang='lat' dir='ltr'><strong>cognoscat</strong></span> <span class='ocrx_word' id='word_1_827' title='bbox 2644 5115 2825 5170; x_wconf 87' lang='lat' dir='ltr'><strong>omnis</strong></span> <span class='ocrx_word' id='word_1_828' title='bbox 2864 5123 3148 5183; x_wconf 84' lang='lat' dir='ltr'><strong>creatura,</strong></span> <span class='ocrx_word' id='word_1_829' title='bbox 3188 5114 3317 5186; x_wconf 83' lang='lat' dir='ltr'><strong>quia</strong></span> <span class='ocrx_word' id='word_1_830' title='bbox 3346 5122 3407 5168; x_wconf 90' lang='lat' dir='ltr'><strong>tu</strong></span> <span class='ocrx_word' id='word_1_831' title='bbox 3448 5116 3605 5171; x_wconf 89' lang='lat' dir='ltr'><strong>solus</strong></span> <span class='ocrx_word' id='word_1_832' title='bbox 3644 5114 3779 5171; x_wconf 89' lang='lat' dir='ltr'><strong>Deus</strong></span> 
     </span>
    </p>
   </div>
   <div class='ocr_carea' id='block_1_113' title="bbox 2206 5210 2807 5265">
    <p class='ocr_par' dir='ltr' id='par_1_113' title="bbox 2206 5210 2807 5265">
     <span class='ocr_line' id='line_1_113' title="bbox 2206 5210 2807 5265; baseline 0 -1"><span class='ocrx_word' id='word_1_833' title='bbox 2206 5210 2261 5265; x_wconf 91' lang='lat' dir='ltr'><strong>in</strong></span> <span class='ocrx_word' id='word_1_834' title='bbox 2291 5211 2431 5264; x_wconf 76' lang='lat' dir='ltr'><strong>cmlo</strong></span> <span class='ocrx_word' id='word_1_835' title='bbox 2461 5218 2514 5265; x_wconf 90' lang='lat' dir='ltr'><strong>et</strong></span> <span class='ocrx_word' id='word_1_836' title='bbox 2543 5210 2597 5263; x_wconf 91' lang='lat' dir='ltr'><strong>in</strong></span> <span class='ocrx_word' id='word_1_837' title='bbox 2639 5217 2807 5264; x_wconf 88' lang='lat' dir='ltr'><strong>terra.</strong></span> 
     </span>
    </p>
   </div>
   <div class='ocr_carea' id='block_1_114' title="bbox 2274 5301 3783 5361">
    <p class='ocr_par' dir='ltr' id='par_1_114' title="bbox 2274 5301 3783 5361">
     <span class='ocr_line' id='line_1_114' title="bbox 2274 5301 3783 5361; baseline -0.003 -4"><span class='ocrx_word' id='word_1_838' title='bbox 2274 5302 2437 5357; x_wconf 75' lang='lat' dir='ltr'><strong>LXX.</strong></span> <span class='ocrx_word' id='word_1_839' title='bbox 2476 5302 2603 5356; x_wconf 64' lang='lat' dir='ltr'><strong>Ilaec</strong></span> <span class='ocrx_word' id='word_1_840' title='bbox 2625 5310 2680 5356; x_wconf 90' lang='lat' dir='ltr'><strong>et</strong></span> <span class='ocrx_word' id='word_1_841' title='bbox 2704 5303 2788 5359; x_wconf 90' lang='lat' dir='ltr'><strong>his</strong></span> <span class='ocrx_word' id='word_1_842' title='bbox 2815 5302 3015 5357; x_wconf 87' lang='lat' dir='ltr'><strong>similia</strong></span> <span class='ocrx_word' id='word_1_843' title='bbox 3040 5302 3250 5361; x_wconf 87' lang='lat' dir='ltr'><strong>dicens,</strong></span> <span class='ocrx_word' id='word_1_844' title='bbox 3283 5301 3536 5358; x_wconf 89' lang='lat' dir='ltr'><strong>ascendit</strong></span> <span class='ocrx_word' id='word_1_845' title='bbox 3563 5306 3621 5358; x_wconf 86' lang='lat' dir='ltr'><strong>in</strong></span> <span class='ocrx_word' id='word_1_846' title='bbox 3650 5302 3783 5356; x_wconf 88' lang='lat' dir='ltr'><strong>emi-</strong></span> 
     </span>
    </p>
   </div>
   <div class='ocr_carea' id='block_1_115' title="bbox 2201 5392 3778 5463">
    <p class='ocr_par' dir='ltr' id='par_1_115' title="bbox 2201 5392 3778 5463">
     <span class='ocr_line' id='line_1_115' title="bbox 2201 5392 3778 5463; baseline -0.004 -13"><span class='ocrx_word' id='word_1_847' title='bbox 2201 5394 2438 5450; x_wconf 90' lang='lat' dir='ltr'><strong>nentiori</strong></span> <span class='ocrx_word' id='word_1_848' title='bbox 2464 5395 2583 5448; x_wconf 91' lang='lat' dir='ltr'><strong>loco</strong></span> <span class='ocrx_word' id='word_1_849' title='bbox 2609 5400 2663 5448; x_wconf 92' lang='lat' dir='ltr'><strong>et</strong></span> <span class='ocrx_word' id='word_1_850' title='bbox 2687 5393 2854 5462; x_wconf 81' lang='lat' dir='ltr'><strong>jussit</strong></span> <span class='ocrx_word' id='word_1_851' title='bbox 2885 5402 3012 5448; x_wconf 87' lang='lat' dir='ltr'><strong>ante</strong></span> <span class='ocrx_word' id='word_1_852' title='bbox 3050 5408 3109 5448; x_wconf 92' lang='lat' dir='ltr'><strong>se</strong></span> <span class='ocrx_word' id='word_1_853' title='bbox 3138 5393 3265 5463; x_wconf 89' lang='lat' dir='ltr'><strong>poni</strong></span> <span class='ocrx_word' id='word_1_854' title='bbox 3292 5407 3512 5447; x_wconf 87' lang='lat' dir='ltr'><strong>omnem</strong></span> <span class='ocrx_word' id='word_1_855' title='bbox 3543 5392 3778 5446; x_wconf 85' lang='lat' dir='ltr'><strong>multitu-</strong></span> 
     </span>
    </p>
   </div>
   <div class='ocr_carea' id='block_1_116' title="bbox 2201 5478 3779 5559">
    <p class='ocr_par' dir='ltr' id='par_1_116' title="bbox 2201 5478 3779 5559">
     <span class='ocr_line' id='line_1_116' title="bbox 2201 5478 3779 5559; baseline -0.006 -15"><span class='ocrx_word' id='word_1_856' title='bbox 2201 5478 2380 5545; x_wconf 85' lang='lat' dir='ltr'><strong>dinem</strong></span> <span class='ocrx_word' id='word_1_857' title='bbox 2403 5487 2805 5559; x_wconf 76' lang='lat' dir='ltr'><strong>tegrotantium,</strong></span> <span class='ocrx_word' id='word_1_858' title='bbox 2832 5503 2972 5556; x_wconf 90' lang='lat' dir='ltr'><strong>quos</strong></span> <span class='ocrx_word' id='word_1_859' title='bbox 3004 5502 3194 5541; x_wconf 90' lang='lat' dir='ltr'><strong>omnes</strong></span> <span class='ocrx_word' id='word_1_860' title='bbox 3225 5486 3324 5538; x_wconf 88' lang='lat' dir='ltr'><strong>bac</strong></span> <span class='ocrx_word' id='word_1_861' title='bbox 3350 5500 3491 5539; x_wconf 90' lang='lat' dir='ltr'><strong>voce</strong></span> <span class='ocrx_word' id='word_1_862' title='bbox 3513 5484 3779 5537; x_wconf 87' lang='lat' dir='ltr'><strong>allocutus</strong></span> 
     </span>
    </p>
   </div>
   <div class='ocr_carea' id='block_1_117' title="bbox 2199 5577 3777 5641">
    <p class='ocr_par' dir='ltr' id='par_1_117' title="bbox 2199 5577 3777 5641">
     <span class='ocr_line' id='line_1_117' title="bbox 2199 5577 3777 5641; baseline -0.009 0"><span class='ocrx_word' id='word_1_863' title='bbox 2199 5593 2285 5641; x_wconf 90' lang='lat' dir='ltr'><strong>est</strong></span> <span class='ocrx_word' id='word_1_864' title='bbox 2312 5604 2325 5639; x_wconf 76' lang='grc' dir='ltr'>ε</span> <span class='ocrx_word' id='word_1_865' title='bbox 2359 5582 2600 5637; x_wconf 90' lang='lat' dir='ltr'><strong>Similem</strong></span> <span class='ocrx_word' id='word_1_866' title='bbox 2633 5580 2789 5636; x_wconf 84' lang='lat' dir='ltr'><strong>vobis</strong></span> <span class='ocrx_word' id='word_1_867' title='bbox 2822 5580 3093 5636; x_wconf 89' lang='lat' dir='ltr'><strong>hominem</strong></span> <span class='ocrx_word' id='word_1_868' title='bbox 3127 5594 3214 5634; x_wconf 90' lang='lat' dir='ltr'><strong>me</strong></span> <span class='ocrx_word' id='word_1_869' title='bbox 3240 5594 3365 5634; x_wconf 89' lang='lat' dir='ltr'><strong>esse</strong></span> <span class='ocrx_word' id='word_1_870' title='bbox 3389 5577 3661 5637; x_wconf 88' lang='lat' dir='ltr'><strong>videntes,</strong></span> <span class='ocrx_word' id='word_1_871' title='bbox 3693 5590 3777 5629; x_wconf 69' lang='lat' dir='ltr'><strong>no»</strong></span> 
     </span>
    </p>
   </div>
   <div class='ocr_carea' id='block_1_118' title="bbox 2200 5668 3771 5747">
    <p class='ocr_par' dir='ltr' id='par_1_118' title="bbox 2200 5668 3771 5747">
     <span class='ocr_line' id='line_1_118' title="bbox 2200 5668 3771 5747; baseline -0.01 -14"><span class='ocrx_word' id='word_1_872' title='bbox 2200 5679 2293 5733; x_wconf 92' lang='lat' dir='ltr'><strong>lite</strong></span> <span class='ocrx_word' id='word_1_873' title='bbox 2328 5686 2518 5747; x_wconf 88' lang='lat' dir='ltr'><strong>putare</strong></span> <span class='ocrx_word' id='word_1_874' title='bbox 2560 5673 2707 5745; x_wconf 90' lang='lat' dir='ltr'><strong>quod</strong></span> <span class='ocrx_word' id='word_1_875' title='bbox 2736 5688 2766 5727; x_wconf 90' lang='lat' dir='ltr'><strong>a</strong></span> <span class='ocrx_word' id='word_1_876' title='bbox 2802 5689 2887 5727; x_wconf 89' lang='lat' dir='ltr'><strong>me</strong></span> <span class='ocrx_word' id='word_1_877' title='bbox 2917 5671 3142 5743; x_wconf 70' lang='lat' dir='ltr'><strong>possitis</strong></span> <span class='ocrx_word' id='word_1_878' title='bbox 3187 5683 3519 5739; x_wconf 84' lang='lat' dir='ltr'><strong>recuperare</strong></span> <span class='ocrx_word' id='word_1_879' title='bbox 3551 5668 3771 5722; x_wconf 82' lang='lat' dir='ltr'><strong>salutem</strong></span> 
     </span>
    </p>
   </div>
   <div class='ocr_carea' id='block_1_119' title="bbox 2197 5761 3771 5836">
    <p class='ocr_par' dir='ltr' id='par_1_119' title="bbox 2197 5761 3771 5836">
     <span class='ocr_line' id='line_1_119' title="bbox 2197 5761 3771 5836; baseline -0.007 -13"><span class='ocrx_word' id='word_1_880' title='bbox 2197 5776 2456 5832; x_wconf 90' lang='lat' dir='ltr'><strong>vestram,</strong></span> <span class='ocrx_word' id='word_1_881' title='bbox 2497 5766 2588 5823; x_wconf 87' lang='lat' dir='ltr'><strong>sed</strong></span> <span class='ocrx_word' id='word_1_882' title='bbox 2620 5781 2716 5836; x_wconf 89' lang='lat' dir='ltr'><strong>per</strong></span> <span class='ocrx_word' id='word_1_883' title='bbox 2743 5780 2866 5821; x_wconf 91' lang='lat' dir='ltr'><strong>eum</strong></span> <span class='ocrx_word' id='word_1_884' title='bbox 2902 5764 2994 5835; x_wconf 93' lang='lat' dir='ltr'><strong>qui</strong></span> <span class='ocrx_word' id='word_1_885' title='bbox 3022 5762 3087 5819; x_wconf 85' lang='lat' dir='ltr'><strong>de</strong></span> <span class='ocrx_word' id='word_1_886' title='bbox 3118 5763 3259 5817; x_wconf 67' lang='lat' dir='ltr'><strong>coelo</strong></span> <span class='ocrx_word' id='word_1_887' title='bbox 3289 5761 3657 5821; x_wconf 87' lang='lat' dir='ltr'><strong>descendens,</strong></span> <span class='ocrx_word' id='word_1_888' title='bbox 3691 5771 3771 5809; x_wconf 72' lang='lat' dir='ltr'><strong>os-</strong></span> 
     </span>
    </p>
   </div>
   <div class='ocr_carea' id='block_1_120' title="bbox 2200 5849 3764 5931">
    <p class='ocr_par' dir='ltr' id='par_1_120' title="bbox 2200 5849 3764 5931">
     <span class='ocr_line' id='line_1_120' title="bbox 2200 5849 3764 5931; baseline -0.008 -13"><span class='ocrx_word' id='word_1_889' title='bbox 2200 5862 2372 5920; x_wconf 87' lang='lat' dir='ltr'><strong>tendit</strong></span> <span class='ocrx_word' id='word_1_890' title='bbox 2412 5862 2758 5919; x_wconf 86' lang='lat' dir='ltr'><strong>credentibus</strong></span> <span class='ocrx_word' id='word_1_891' title='bbox 2791 5858 2893 5915; x_wconf 91' lang='lat' dir='ltr'><strong>sibi</strong></span> <span class='ocrx_word' id='word_1_892' title='bbox 2924 5858 3188 5931; x_wconf 77' lang='lat' dir='ltr'><strong>integram</strong></span> <span class='ocrx_word' id='word_1_893' title='bbox 3224 5858 3422 5911; x_wconf 66' lang='lat' dir='ltr'><strong>animae</strong></span> <span class='ocrx_word' id='word_1_894' title='bbox 3448 5864 3503 5911; x_wconf 92' lang='lat' dir='ltr'><strong>et</strong></span> <span class='ocrx_word' id='word_1_895' title='bbox 3534 5849 3764 5922; x_wconf 69' lang='lat' dir='ltr'><strong>corporis</strong></span> 
     </span>
    </p>
   </div>
  </div>
