3848 6266
142 299 289 354 ίιὸἳ

1317 296 1865 354 RECOGNITIONUM
1899 298 2024 354 LIB.
2065 300 2128 353 Χ.

3149 308 3281 363 1464

136 405 503 471 medicinam;
542 406 680 462 unde
707 421 807 461 vox
849 412 1025 462 vestra
1064 402 1251 462 testem
1297 406 1491 497 habeat
1527 408 1671 497 hunc
1698 416 1746 473 Α
1838 427 2042 483 LXX“.
2082 426 2216 481 Tum
2249 442 2346 497 ego
2376 427 2620 485 Clemens
2646 443 2766 484 cum
2796 431 3044 488 (ml-ibus
3072 437 3203 491 meis
3227 447 3281 492 ει

135 507 359 548 omnem
392 497 665 564 populum.
690 497 812 564 quia
840 511 904 549 ex
928 504 1039 549 toto
1063 497 1220 550 corde
1246 497 1461 550 creditis
1482 496 1536 548 in
1565 495 1668 548 Do-

61 647 69 664 .
135 585 292 637 mino
324 583 453 639 Jesu
475 585 706 649 Christo,
733 596 789 640 ut
817 586 988 640 sciant
1014 587 1170 640 etiam
1198 601 1257 640 se
1285 586 1429 655 ipsos
1458 587 1524 639 ab
1551 587 1667 655 ipso

134 689 305 740 posse
342 676 563 729 salvari.
603 675 838 744 Cumque
866 676 1039 729 omnis
1074 676 1355 729 multitudo
1394 676 1667 728 inﬁrman-

132 764 277 817 tium
328 781 437 819 una
474 781 605 820 voce
645 768 913 833 clamaret,
946 767 1086 820 hunc
1128 782 1245 822 esse
1288 782 1469 821 verum
1502 766 1664 820 Deum

132 869 299 922 quem
330 853 523 908 Petrus
566 856 864 919 annuntiat,
909 855 1085 908 subito
1122 856 1438 909 immensum
1486 856 1664 909 lumen

131 943 325 1012 gratia:
354 942 451 996 Dei
485 944 540 996 in
582 944 754 997 medio
783 944 953 1012 plebis
992 944 1264 1013 apparuit,
1297 953 1349 998 et
1391 953 1665 1015 cmperunt

130 1032 423 1102 paralytici
451 1047 666 1086 currere
705 1032 769 1085 ad
800 1034 957 1101 pedes
984 1032 1127 1087 Petri
1167 1034 1314 1097 sani,
1347 1036 1470 1088 caeci
1512 1050 1665 1088 recu-

129 1129 326 1189 perato
355 1123 475 1176 visu
510 1124 761 1188 clamare,
794 1123 965 1176 claudi
1002 1130 1300 1177 restaurato
1328 1138 1513 1191 gressu
1544 1138 1665 1191 gra-

130 1212 240 1265 tias
291 1226 472 1281 agere,
523 1213 830 1281 languentes
878 1222 1085 1280 recepta
1140 1217 1364 1268 sanitate
1414 1214 1661 1282 gaudere,

126 1308 387 1362 nonnulli
432 1308 591 1361 etiam
622 1308 734 1361 solo
764 1306 892 1360 ﬂatu
921 1308 1157 1361 viventes
1184 1307 1291 1375 jam
1341 1308 1455 1361 sine
1503 1323 1661 1363 sensu

124 1408 181 1453 et
215 1400 342 1453 sine
384 1414 517 1453 voce
547 1399 837 1467 recuperati
866 1406 1011 1459 sunt,
1042 1413 1227 1452 omnes
1254 1412 1463 1469 quoque
1506 1399 1661 1452 luna-

122 1490 220 1542 tici
249 1497 306 1542 et
338 1490 481 1556 pleni
508 1489 782 1543 daemoniis
807 1488 1015 1542 liberati
1044 1496 1184 1541 sunt.

196 1577 389 1631 LXXI.
431 1576 655 1629 Tantam
684 1577 858 1645 itaque
887 1574 1114 1644 Spiritus
1137 1583 1352 1630 sanctus
1380 1576 1433 1628 in
1464 1576 1551 1628 illa
1580 1577 1664 1629 die

122 1669 366 1736 gratiam
414 1682 524 1721 sua:
556 1668 765 1721 virtutis
795 1668 1045 1731 ostendit,
1081 1673 1139 1720 ut
1167 1682 1352 1722 omnes
1384 1682 1413 1719 a
1444 1668 1661 1721 minimo

122 1772 307 1824 usque
335 1757 406 1810 ad
449 1757 733 1810 maximum
774 1771 879 1809 una
909 1772 1039 1811 voce
1078 1758 1457 1810 conﬁterentur
1486 1756 1663 1811 Domi-

120 1862 293 1911 num;
323 1852 379 1899 et
407 1860 476 1899 ne
498 1846 678 1899 multis
708 1846 975 1909 immorer,
1003 1845 1142 1898 intra
1167 1853 1369 1913 septem
1401 1846 1516 1900 dies
1543 1846 1661 1914 plus

124 1951 299 2006 quam
332 1935 516 1989 decem
559 1936 720 1988 millia
759 1935 1032 1988 hominum
1061 1936 1336 1989 credentes
1365 1934 1470 1989 Deo
1496 1936 1666 2004 bapti-

122 2027 236 2079 zati
282 2033 416 2079 sunt
443 2031 497 2078 et
541 2026 959 2079 sanctificatione
986 2025 1304 2088 consecrati,
1334 2026 1408 2079 ita
1434 2034 1492 2079 ut
1519 2027 1665 2079 omni

120 2116 693 2183 aviditatis‘desiderio
710 2114 1030 2182 Theophilus
1054 2114 1184 2184 (65),
1209 2114 1299 2183 qui
1320 2122 1434 2168 erat
1454 2115 1662 2170 cunctis

119 2206 453 2275 potentibus
484 2206 539 2259 in
566 2205 779 2259 civitate
806 2204 1107 2266 sublimior,
1137 2206 1327 2261 domus
1355 2221 1465 2261 suae
1486 2207 1661 2277 ingen-

119 2305 234 2350 tem
266 2297 555 2351 basilicam
583 2295 822 2349 ecclesiae
847 2295 1063 2348 nomine
1089 2304 1457 2361 consecraret,
1478 2297 1532 2350 in
1556 2312 1661 2367 qua

116 2385 293 2440 Petro
325 2386 569 2454 apostolo
601 2386 888 2438 constituta
933 2391 1014 2439 est
1052 2385 1119 2439 ab
1147 2386 1293 2439 omni
1338 2387 1531 2455 populo
1573 2402 1665 2440 ca-

118 2476 325 2530 thedra
355 2475 490 2545 (66),
518 2481 572 2528 et
598 2474 770 2527 omnis
798 2473 1081 2527 multitudo
1101 2475 1337 2543 quotidie
1358 2475 1422 2528 ad
1451 2475 1665 2529 audien-

116 2567 256 2620 dum
301 2564 529 2619 verbum
571 2563 913 2626 conveniens,
943 2563 1192 2618 credebat
1232 2578 1373 2618 sanae
1409 2563 1663 2618 doctrina:

114 2671 295 2726 quam
322 2655 611 2711 sanitatum
635 2652 917 2709 eﬁicacitas
940 2652 1253 2709 alﬁrmabat.

1766 525 1932 569 matre
1951 524 2153 584 patrem
2181 515 2518 585 alloquimur,
2542 525 2715 572 utrum
2746 520 2932 589 aliquae
2960 522 3282 579 inﬁdelitatis

1764 603 1817 655 in
1845 617 1908 656 eo
1936 603 2169 671 reliquiae
2211 606 2612 660 remansissent.
2633 608 2699 659 At
2727 608 2813 661 ille
2836 626 2849 661 :
2876 608 3078 675 Venite,
3116 613 3210 675 ait,
3230 621 3283 666 et

1764 689 2007 743 videbitis
2030 703 2205 743 coram
2236 687 2413 751 Petro,
2442 698 2696 758 quantum
2721 694 2776 745 in
2804 708 2887 747 me
2913 693 3032 748 ﬁdei
3059 699 3284 751 creverit

1764 778 2172 831 incrementum.
2217 775 2368 829 Tunc
2409 779 2667 833 accedens
2716 778 3109 845 Faustinianus,
3159 798 3282 851 pro-

1764 868 1892 922 cidit
1918 869 1984 921 ad
2019 868 2178 937 pedes
2210 867 2353 921 Petri
2381 869 2565 923 dicens
2591 888 2602 922 :
2636 868 2847 923 Semina
2873 872 3018 925 verbi
3050 874 3127 927 tui
3166 889 3282 941 qua:

1764 972 1888 1026 ager
1916 970 2044 1009 mea:
2072 956 2263 1009 mentis
2292 956 2512 1023 accepit,
2539 956 2648 1023 jam
2692 965 2814 1009 nata
2851 968 2994 1023 sunt,
3024 968 3180 1029 atque
3210 963 3281 1013 ita

1764 1046 1829 1099 ad
1864 1046 2139 1100 fecundam
2172 1044 2527 1097 maturitatem
2572 1056 2821 1113 provecta
2866 1057 3022 1113 sunt,
3056 1057 3114 1101 ut
3151 1052 3283 1103 nihil

1762 1137 1922 1198 desit,
1954 1136 2058 1189 nisi
2088 1141 2145 1185 ut
2188 1148 2217 1185 a
2261 1133 2427 1201 paleis
2458 1149 2540 1188 me
2575 1137 2800 1205 spiritali
2829 1139 2915 1192 illa
2948 1148 3035 1192 tua
3065 1140 3283 1193 deseces

1762 1223 1896 1276 falce
1915 1232 1967 1277 et
1996 1236 2221 1290 reponas
2244 1236 2327 1274 me
2355 1221 2407 1274 in
2441 1222 2632 1277 horreo
2661 1225 2953 1290 Dominico,
2981 1228 3177 1283 faciens
3200 1245 3284 1285 me

1760 1334 1956 1372 mensze
1991 1318 2179 1370 divinm
2207 1314 2534 1382 participem.
2581 1314 2714 1368 Tum
2756 1316 2944 1370 Petrus
2976 1333 3097 1370 cum
3137 1318 3284 1372 omni

1762 1409 2032 1462 alacritate
2069 1401 2468 1473 apprehendens
2502 1420 2717 1459 manum
2744 1406 2881 1474 ejus,
2909 1408 3130 1461 tradidit
3162 1423 3283 1461 eum

1760 1499 1890 1551 mihi
1914 1496 2169 1550 Clementi
2196 1505 2249 1552 et
2277 1499 2528 1555 fratribus
2554 1496 2688 1549 meis
2710 1534 2725 1559 ,
2764 1497 2947 1551 dicens
2974 1516 2986 1550 :
3013 1497 3162 1552 Sicut
3187 1498 3285 1552 tibi

1762 1590 1897 1656 patri
1926 1588 2063 1643 ﬁlios
2102 1590 2336 1644 restituit
2364 1590 2522 1651 Deus,
2564 1588 2638 1639 ita
2673 1594 2726 1639 et
2770 1593 2973 1654 patrem
3004 1586 3097 1639 ﬁlii
3126 1587 3285 1640 νεειί-

1760 1685 1917 1731 tuunt
1955 1677 2080 1732 Deo.
2121 1676 2318 1731 Indixit
2346 1686 2522 1730 autem
2560 1675 2821 1742 jejunium
2862 1676 3006 1727 omni
3040 1675 3201 1741 plebi,
3232 1681 3287 1727 et

1761 1768 2002 1822 veniente
2046 1768 2130 1820 die
2173 1766 2443 1821 Dominica
2488 1764 2774 1830 baptizavit
2822 1778 2978 1825 eum,
3022 1772 3180 1830 atque
3228 1764 3283 1815 in

1761 1856 1934 1909 medio
1972 1857 2167 1925 populo
2204 1869 2268 1910 ex
2314 1853 2662 1909 conversione
2709 1852 2823 1919 ejus
2870 1852 3144 1905 materiam
3194 1865 3287 1903 su-

1761 1961 1932 2009 mens,
1957 1960 2141 1999 omnes
2165 1959 2323 1998 casus
2366 1944 2481 2011 ejus
2511 1942 2776 2011 exposuit,
2808 1941 2881 1993 ita
2914 1948 2971 1993 ut
3001 1940 3175 1996 omnis
3203 1941 3285 1993 ci-

1760 2036 1897 2091 vitas
1923 2034 2078 2104 quasi
2117 2035 2358 2103 angelum
2388 2047 2507 2086 eum
2539 2032 2853 2099 susciperet,
2883 2038 2937 2083 et
2965 2044 3071 2082 non
3113 2028 3286 2081 mino-

1760 2140 1871 2179 rem
1897 2125 1946 2179 ei
1976 2126 2195 2194 gratiam
2237 2138 2395 2192 quam
2425 2124 2663 2194 apostolo
2688 2112 3053 2184 eithiberet.[7a
3081 2116 3286 2184 Quibus

1762 2216 2010 2286 cognitis,
2035 2213 2226 2268 Petrus
2255 2220 2463 2283 postera
2496 2212 2580 2266 die
2621 2211 2905 2265 convenire
2950 2208 3172 2278 populos
3198 2208 3286 2277 ju-

1764 2306 1871 2369 bet,
1898 2311 1950 2358 et
1977 2319 2084 2357 uno
2121 2298 2187 2358 ei
2214 2303 2299 2358 his
2339 2303 2431 2371 qui
2470 2302 2827 2370 sequebantur
2857 2313 2998 2363 eum,
3040 2296 3286 2349 ordinato

1765 2393 2033 2462 episcopo,
2058 2398 2111 2446 et
2135 2392 2254 2445 aliis
2276 2390 2622 2461 presbyteris,
2645 2389 2928 2459 plurimum
2955 2400 3168 2455 quoque
3197 2399 3290 2453 po-

1767 2483 1948 2550 pulum
1978 2482 2284 2551 baptizavit,
2315 2495 2605 2550 omnesque
2637 2479 2729 2547 qui
2757 2486 2908 2533 erant
2952 2475 3130 2530 vexati
3169 2474 3286 2527 lan-

1765 2572 2017 2640 guoribus
2045 2571 2260 2625 sanitati
2288 2564 2566 2637 restituit.]

193 2917 266 3035 Il:
285 2912 705 3035 Aitldlitanleggur
732 2912 842 2965 haec
870 2869 1119 2981 periodus
1166 2910 1222 2965 in
1275 2910 1395 2966 cod.
1451 2908 1826 2981 antiquissimo
1874 2912 2070 2983 Bodlej.
2096 2927 2243 2968 num.
2278 2912 2397 2978 £05,
2428 2925 2511 2980 ap.
2538 2906 2789 2965 Grabium
2824 2908 2875 2962 in
2911 2908 3146 2979 Spicileg.
3178 2906 3279 2965 SS.

119 2986 318 3051 Ριιιν..
340 2989 381 3036 t.
404 2980 447 3046 l,
478 2995 531 3049 p.

1440 3217 1794 3275 COTELERII
1815 3216 2039 3273 NOTAE.

199 3432 327 3503 (65)
361 3424 686 3493 Τῆεορῆίίυδ·
710 3422 1019 3503 Ουί.¹η³8“³
1045 3416 1671 3503 ίθωυοτυωροηίυὲἓθῖἒθ
1696 3420 1740 3480 ο
1770 3413 1903 3503 fma"
1934 3417 2263 3503 ⁷ῐ⁸είί⁷²ξ¹ἶζί⁴ξ²⁸ἒὶ
2294 3405 3286 3503 ⁸1³κῖἰῖΒέιῘῘ⁶¹Ἷληξξ¹Ϊςῗζ¹ίρί¹¹¹3ἓὲ¹3

124 3484 410 3574 septimus
440 3484 1035 3573 Antiochia—episcopus
1064 3484 1182 3568 esse
1223 3493 1435 3567 putatur
1462 3500 1491 3536 a
1521 3484 1669 3535 Guil-

122 3578 305 3629 lelmo
331 3565 497 3635 Tyrio
524 3563 629 3635 λιιι).
663 3577 712 3614 ιν
737 3559 986 3635 Historia;
1012 3557 1127 3635 belli
1162 3572 1298 3635 sacri
1325 3568 1441 3635 cap.
1473 3551 1530 3635 El,
1557 3559 1665 3635 eta

122 3620 638 3697 ia-cZ—‘dedVitriaco
669 3644 785 3696 cap.
810 3628 876 3681 32
908 3627 1150 3698 Historia:
1168 3620 1665 3698 Hierosolymitame.

201 3686 516 3781 -Ρεῑςρ
541 3686 797 3781 {ipost‘olq
816 3696 1205 3781 constitutae?
1230 3686 1472 3781 nanti}:
1486 3686 1668 3781 populo

125 3757 422 3832 cat‘ﬁéd'ra.
460 3757 653 3819 Deliae
682 3764 1006 3816 Antiochcna
1044 3757 1671 3832 PetriAcathedra,__ejl'Is-

125 3822 427 3917 ἓιῖίὲἷέέέὲο
465 3842 624 3917 θευηι
656 3827 1228 3917 ίΜξιγξννοέεδείὲέιειφεὲ
1252 3824 1546 3917 ξξέξιξηεῐὲξς

126 3892 327 3986 ξξῆάᾶ
352 3892 667 3986 Sane-Foruli:
706 3892 824 3967 cap.
872 3892 970 3977 4ρξ
1004 3897 1215 3986 Gemma
1256 3895 1454 3986 animis.
1470 3892 1560 3945 lib.
1585 3906 1666 3969 In,

128 3958 427 4039 323726;
481 3971 566 4024 Ivo
609 3958 1271 4039 CiaVrnotensis',aliique;
1291 3958 1349 4039 In
1396 3960 1670 4039 itinerario

134 4029 508 4107 Willebrandi
535 4040 601 4092 ab
629 4036 955 4103 Oldenborg;
1004 4032 1063 4086 In
1097 4029 1191 4085 hac
1227 4029 1458 4083 Ecclesia
1490 4030 1672 4083 Antio-

1772 3483 1914 3533 hunc
1957 3478 2165 3531 titulum
2212 3477 2265 3528 in
2308 3477 2550 3533 catalogo
2594 3489 2724 3527 mss.
2765 3474 3003 3527 ecclesia:
3044 3470 3105 3526 SI
3142 3470 3284 3527 Petri

1771 3544 2162 3602 Bellovacensis
2193 3562 2206 3597 :
2240 3542 2416 3596 Sermo
2461 3540 2517 3596 S.
2559 3541 2830 3594 Clementis
2868 3556 3012 3609 papa:
3049 3543 3101 3597 in
3140 3540 3285 3594 Petri

1773 3614 2122 3684 apostolorum
2155 3611 2682 3684 priiicipis_sessione,
2719 3626 2820 3678 qua
2860 3609 3154 3684 cathedram
3188 3612 3285 3684 jn-

1772 3678 2024 3737 siauravit
2057 3678 2358 3733 Antiochiae.
2405 3679 2535 3731 Eum
2580 3688 2753 3731 autem
2786 3680 3079 3746 catalogum
3118 3678 3285 3746 debeo

1772 3753 1888 3804 viro
1931 3750 2192 3803 natalibus
2234 3763 2295 3800 ac
2333 3748 2617 3801 virtutibus
2650 3747 2841 3800 illustri
2870 3744 3097 3799 Antonio
3127 3744 3283 3798 Vioni

1774 3819 2093 3877 Herovallio,
2122 3816 2275 3884 cujus
2311 3815 2632 3884 indefessum
2653 3830 2765 3884 pro
2793 3830 2849 3869 re
2876 3815 3132 3884 litteraria
3160 3829 3285 3883 pru-

1771 3887 2026 3941 movenda
2054 3892 2107 3939 et
2143 3882 2240 3954 pro
2265 3883 2599 3938 demerendis
2628 3883 2876 3954 litteratis
2902 3882 3136 3954 studium
3166 3882 3286 3935 om—

1768 3972 1864 4010 nes
1889 3955 2045 4021 hodie
2068 3952 2377 4022 praedicant,
2412 3967 2603 4022 omnes
2638 3952 2934 4022 mirantur,
2973 3952 3119 4004 nulla
3156 3958 3284 4006 mtas

1769 4040 1877 4079 non
1898 4016 2185 4080 celebrabit
2212 4028 2367 4090 atque
2393 4019 2757 4075 demirabitur.
