3904 6376
132 358 267 415 H57

1183 355 1752 414 RECOGNITIONES.
1790 387 1857 397 —-
1885 355 2244 412 APPENDIX.

3226 368 3364 426 “58

126 472 420 547 νηστείαις,
457 470 551 529 καὶ
582 476 694 539 τοῖς
726 473 1041 540 Σαϐϐάτοις,
1079 477 1173 529 καὶ
1204 482 1324 545 ταῖς
1352 477 1699 547 Νεομηνίαις,

1804 489 2030 541 eorum;
2061 484 2115 529 et
2155 473 2404 530 absolute
2447 477 2699 532 renuntio
2727 480 2877 533 omni
2904 480 3254 536 Judaicorum
3291 486 3365 540 le-

126 568 220 622 xal
273 570 387 630 τοῖς
441 565 721 638 βρώμασι,
774 568 866 621 καὶ
918 572 1030 632 τοῖς
1076 569 1315 640 πόμασιν
1359 569 1553 623 αὐτῶν·
1603 565 1696 619 κα)⁵

125 661 310 724 ἁπλῶς
355 660 731 730 ἀποτάσσομαι
777 660 940 713 παντὶ
984 661 1285 715 Ἰουδαϊκῶν
1327 662 1572 733 νομίμων
1604 660 1698 714 καὶ

125 753 268 818 ἔθει,
302 752 397 806 καὶ
443 753 850 823 ἐπιτηδεύματι·
899 754 1003 807 καὶ·
1040 755 1132 807 ἐπὶ
1174 754 1383 816 τούτοις
1428 754 1701 824 ἀναθεμα-

123 844 258 909 τίζω
287 843 385 909 τὰς
419 844 568 916 παρὰ
614 845 884 909 Ἰουδαίοις
916 844 1154 917 αἱρέσεις
1200 847 1294 899 καὶ
1323 845 1450 909 τοὺς
1494 847 1701 916 αἱρετι-

125 936 272 1001 κούς·
309 935 724 1001 Σαδδουκαίους,
758 937 883 1000 τοὺς
914 936 1234 1008 λεγομένους
1264 936 1524 998 δικαίους,
1570 933 1703 988 οἵτι-

125 1044 215 1091 νες
245 1027 307 1079 τὸ
330 1026 553 1099 Πνεῦμα
582 1026 645 1080 τὸ
689 1027 843 1095 ἅγιον
891 1024 1305 1097 βλασφημοῦσι,
1340 1026 1434 1080 καὶ
1463 1027 1563 1097 τὴν
1592 1024 1702 1077 τῶν

124 1119 334 1191 νεκρῶν
364 1120 658 1173 ἀνάστασιν
690 1116 959 1182 ἀθετοῦσι,
995 1118 1089 1170 καὶ
1120 1119 1247 1181 τοὺς
1278 1117 1539 1187 ἀγγέλους
1570 1117 1704 1170 ἀπο-

124 1211 427 1264 ϐάλλονται·
462 1210 806 1282 Φαρισαίους,
840 1211 965 1273 τοὺς
996 1209 1409 1281 ἀφωρισμένως
1432 1250 1446 1273 ,
1480 1209 1535 1262 οἳ
1564 1206 1703 1261 κατά

125 1303 380 1375 δευτέραν
424 1304 519 1357 καὶ
563 1303 791 1373 πέμπτῃ
834 1302 1215 1372 νηστεύοντες,
1264 1302 1359 1354 καὶ
1409 1300 1706 1372 παρθενίαν

125 1396 219 1448 seu
264 1396 488 1466 καιροὺς
534 1393 870 1465 ὡρισμένους
919 1392 1370 1463 ὑποκρινόμενοι,
1414 1390 1707 1460 μετέπειτα

126 1488 307 1540 λύουσι
335 1489 515 1541 πᾶσαν
541 1488 865 1558 ἐγκράτειαν
889 1524 904 1548 ,
929 1482 1209 1549 δοξάζουσι
1246 1482 1301 1537 δὲ
1331 1483 1671 1555 εἱμαρμένην
1689 1524 1704 1547 ,

125 1579 219 1631 καὶ
262 1581 331 1649 τῇ
369 1577 694 1650 ἀστρολογίᾳ
742 1575 1092 1649 σχολάζουσι·
1141 1574 1524 1647 Νασαραίους,
1581 1576 1708 1639 τοὺς

123 1668 547 1741 ἀφηνιαστὰς,οϊ
570 1670 661 1722 τὸν
695 1670 823 1741 περὶ
855 1668 1054 1722 θυσιῶν
1085 1668 1145 1721 οὐ
1188 1666 1581 1739 παραδέχονται
1613 1664 1707 1718 τοῦ

122 1762 365 1824 Μωσέως
386 1761 570 1833 νόμον,
589 1762 682 1815 καὶ
712 1760 798 1814 διὰ
816 1760 973 1814 τοῦτο
996 1759 1254 1832 ἐμψύχων
1277 1758 1593 1829 ἀπέχονται,
1613 1758 1709 1810 καὶ

1796 566 2109 635 gitimorum
2138 574 2254 620 tum
2300 565 2459 633 mori,
2492 575 2606 622 tum
2658 570 2925 626 instituto.
2959 572 3041 627 Ad
3085 573 3199 629 hac
3228 590 3363 630 ana.

1798 656 2036 713 themate
2087 656 2225 712 ferio
2258 667 2313 713 et
2356 660 2590 715 haereses
2628 676 2749 730 quae
2794 666 2936 733 apud
2974 662 3189 721 Judmos
3218 667 3368 721 inve-

1800 748 2047 812 niuntur,
2084 758 2137 803 ct
2169 749 2315 818 ipsos
2346 750 2664 819 haereticos;
2713 752 3044 809 Sadducmos
3067 795 3081 819 ,
3113 757 3204 826 qui
3232 756 3367 827 justi

1800 846 2087 904 vocantur,
2121 840 2321 909 quique
2373 839 2635 911 Spiritum
2675 855 2920 900 sanctum
2967 842 3411 919 blasphemant,’

1800 944 2144 988 mortuorum
2184 938 2644 993 resurrectionem
2687 940 3031 1007 inﬁciantur,
3064 950 3228 1013 atque
3270 962 3370 1001 an-

1801 1027 1954 1097 gelos
1985 1026 2271 1097 rejiciunt;
2306 1027 2632 1096 Pbarismos,
2664 1041 2979 1104 segregatos
3007 1036 3098 1104 qui
3129 1038 3381 1095 secunda.

1803 1126 1858 1173 et
1884 1118 2075 1189 quinta
2115 1118 2248 1174 feria
2292 1121 2575 1191 jejunant,
2610 1123 2981 1193 virginitatem
3024 1142 3123 1197 per
3146 1128 3370 1184 deﬁnita

1807 1216 2052 1279 tempora
2085 1210 2366 1275 simulant,
2398 1220 2696 1283 posteaque
2724 1228 2937 1269 omnem
2980 1215 3209 1271 solvunt”
3240 1232 3373 1273 con-

1804 1299 2111 1366 tinentiam,
2150 1301 2318 1356 fatum
2344 1312 2525 1358 autem
2550 1304 2868 1374 praedicant,
2891 1315 2944 1362 et
2977 1316 3169 1361 vacant
3198 1320 3385 1363 astro-7

1806 1394 1995 1464 logia};
2022 1393 2331 1461 Nazaraeos,
2379 1395 2760 1461 refractarios,
2791 1400 2883 1469 qui
2920 1400 3091 1470 legem
3129 1414 3160 1454 a
3193 1400 3377 1472 Moyse

1806 1486 1876 1542 de
1906 1488 2193 1544 sacriﬁciis
2220 1488 2385 1543 latam
2406 1505 2516 1547 non
2548 1491 2879 1556 admittunt,
2904 1492 3136 1562 ideoque
3165 1493 3375 1546 anima-

1808 1579 1879 1634 tis
1925 1579 2241 1644 abstinent,
2292 1595 2394 1635 nec
2441 1583 2708 1639 ullatenus
2750 1585 3097 1651 sacriﬁcant;
3137 1582 3372 1650 Ossaeos,

1809 1671 2253 1741 procacissimos,
2293 1672 2387 1743 qui
2438 1673 2559 1730 aliis
2598 1689 2628 1728 a
2674 1672 2812 1746 Lege
2857 1675 3157 1745 Scripturis
3184 1677 3290 1741 usi,
3322 1684 3378 1731 et

1811 1761 2100 1832 plerosque
2146 1762 2533 1834 prophetarum
2574 1766 2911 1835 rejicientes,
2959 1767 3222 1838 magistro
3262 1768 3378 1838 glo-

120 1856 262 1920 ὅλως
311 1854 373 1907 οὐ
423 1829 627 1907 θύουσι·
677 1851 989 1916 ὐσσαίους,
1033 1829 1169 1915 τοὺς
1222 1851 1625 1922 ἰταμωτάτους,
1653 1852 1703 1905 οἳ

1806 1852 2020 1907 riantur
2061 1853 2311 1920 homine,
2342 1854 2431 1910 cui
2462 1871 2661 1910 nomen
2694 1856 2843 1911 Elxai
2867 1898 2883 1921 ,
2920 1857 3027 1913 hoc
3069 1867 3177 1922 est,
3210 1859 3376 1912 virtus

121 1950 363 2018 γραφαῖς
397 1945 612 2017 ἑτέραις
645 1944 792 2016 παρά
822 1944 916 1997 τὸν
947 1944 1112 2015 νόμον
1141 1941 1432 2015 χρώμενοι,
1465 1943 1703 2008 καὶτοὺς

124 2036 347 2099 πλείους
391 2035 499 2089 τῶν
547 2032 843 2106 προφητῶν
881 2034 1307 2104 ἀποϐαλλόμενοι
1325 2073 1339 2097 ,
1385 2028 1703 2088 διδάσκαλον

122 2126 378 2197 αὐχοῦσιν
429 2125 712 2198 ἄνθρωπον
730 2165 746 2186 ,
802 2124 988 2190 Ἠλξαϊ
1040 2124 1371 2195 καλούμενον
1391 2164 1405 2190 ,
1462 2124 1559 2177 εἶτ’
1611 2120 1704 2177 οῦν

121 2217 381 2287 δύναμιν
407 2216 888 2286 κεκαλυμμένην,
919 2216 1015 2270 καὶ
1036 2215 1267 2287 Μαρθὼ,
1292 2216 1386 2272 καὶ
1407 2214 1705 2287 Μαρθάνην

120 2309 223 2373 τὰς
263 2308 370 2363 ἀπὸ
410 2308 504 2362 τοῦ
553 2309 745 2378 γένους
791 2308 955 2361 αὐτοῦ
1002 2308 1417 2380 καταγομένας,
1466 2307 1543 2371 ὡς
1577 2305 1705 2371 θεάς

120 2402 374 2473 τιμῶσιν·
417 2402 799 2475 Ἦρωδιανοὺς,
839 2402 896 2455 οἴ
927 2419 1071 2466 τινες
1106 2402 1196 2455 τὸν
1224 2400 1519 2471 ἀλλόφυλον
1548 2399 1702 2472 βασι-

123 2494 222 2549 λέα
251 2496 359 2549 τῶν
403 2496 688 2558 Ἰουδαίων,
721 2493 965 2567 Ἡρώδην
992 2496 1085 2549 τὸν
1120 2494 1599 2567 σκωληκόϐρωτον,
1630 2493 1705 2558 ὡς

122 2592 359 2662 Χριστὸν
399 2592 745 2657 δοξάζουσιν·
792 2591 1337 2664 Ἦμεροϐαπτιστὰς,
1380 2591 1430 2645 οἳ
1461 2591 1530 2644 τὰ
1564 2590 1706 2645 αὐτά

122 2686 443 2757 φρονοῦντες
472 2689 585 2751 τοῖς
615 2687 946 2759 Φαρισαίοις,
967 2685 1349 2759 δογματίζουσι
1378 2684 1519 2739 κατὰ
1539 2701 1707 2757 προσ-

120 2775 296 2847 θήκην
344 2777 405 2830 re
457 2778 531 2850 μὴ
579 2778 838 2833 δύνασθαι
869 2778 1152 2850 ἄνθρωπον
1192 2777 1465 2848 σωθῆναι,
1499 2778 1595 2832 sev
1630 2777 1705 2849 μὴ

123 2865 247 2920 καθ’
291 2866 527 2937 ἑκάστην
573 2868 785 2941 ἡμέραν
820 2867 1159 2939 βαπτίζεται·
1203 2868 1558 2939 Γραμματεῖς
1586 2867 1706 2938 ἦτοι

118 2955 636 3028 νομοδιδασκάλους,
702 2959 753 3014 οἳ
819 2959 894 3031 μὴ
936 2958 1177 3024 θέλοντες
1223 2959 1363 3013 κατά
1407 2960 1498 3013 τὸν
1544 2962 1707 3030 νόμον

120 3048 242 3121 ζῇν,
278 3049 412 3104 ἀλλά
444 3050 786 3124 περισσεύειν
822 3051 1007 3117 αὐτοῦ,
1036 3043 1241 3118 ξεστῶν
1277 3051 1372 3106 καὶ
1412 3053 1702 3123 ποτηρίων,

122 3142 219 3195 καὶ
253 3143 528 3207 πινάκων,
576 3144 670 3197 καὶ
714 3143 827 3197 τῶν
859 3144 1035 3198 ἀλλων
1080 3142 1290 3197 σκευῶν
1342 3143 1701 3215 βαπτισμοὺς,

1802 1946 2135 2011 abscondita,
2163 1951 2324 2018 atque
2369 1963 2434 2002 ex
2464 1964 2661 2020 genere
2698 1950 2871 2018 ipsius
2909 1960 3057 2005 ortas
3099 1951 3375 2013 mulieres,

1802 2038 2142 2095 Marthonem
2175 2048 2229 2096 et
2253 2041 2592 2096 Marthanam
2616 2042 2781 2097 veluti
2803 2044 2934 2099 deas
2955 2045 3174 2113 colunt;
3207 2044 3381 2101 Hero--

1801 2132 2017 2195 dianos,
2045 2132 2137 2202 qui
2166 2132 2525 2204 alienigenam
2550 2148 2729 2204 regem
2751 2132 3062 2191 Iudaeorum
3086 2135 3377 2200 Herodem,

1804 2238 1836 2276 ιι
1865 2222 2144 2278 vermibus
2172 2238 2420 2289 exesum,
2450 2232 2712 2296 tanquam
2743 2226 3023 2283 Christum
3052 2228 3329 2284 celebrant
3356 2247 3377 2294 ;

1803 2310 2338 2383 Hemerobaptistas,
2368 2316 2460 2386 qui
2505 2316 2694 2371 eadem
2734 2318 3033 2373 sentientes
3077 2333 3204 2373 cum
3236 2318 3385 2373 Pha-y

1804 2405 2004 2472 rismis,
2039 2416 2297 2476 pneterca
2332 2408 2549 2474 docent,
2574 2412 2849 2464 neminem
2871 2410 3081 2465 salvum
3110 2410 3226 2466 ﬁeri
3248 2428 3381 2483 pos-

1804 2512 1885 2564 se,
1916 2498 2024 2554 nisi
2055 2498 2298 2568 quotidie
2324 2500 2466 2556 lavet
2502 2518 2515 2552 :
2548 2500 2773 2557 Scribas
2804 2518 2900 2558 seu
2942 2501 3079 2573 legis
3102 2501 3377 2571 doctores,

1804 2591 1897 2661 qui
1928 2605 2037 2645 non
2065 2591 2308 2645 contenti
2349 2592 2504 2661 juxta
2556 2591 2731 2664 legem
2763 2594 2973 2660 vivere,
3005 2595 3101 2651 sed
3134 2597 3381 2654 volentes

1805 2684 1961 2755 plura
1990 2682 2169 2738 facere
2198 2698 2361 2753 quam
2391 2684 2484 2737 illa
2527 2686 2878 2755 prmscribat,
2912 2687 3382 2749 intinctionesur—

1805 2790 2061 2837 ceorum,
2094 2774 2363 2840 calicum,
2397 2775 2672 2832 discorum
2716 2793 2781 2833 ac
2838 2779 3059 2849 reliquae
3145 2782 3380 2851 supelle-

1803 2868 1951 2923 ctilis
1986 2868 2318 2938 excogitant,
2351 2869 2621 2939 simulque
2649 2885 2843 2927 manus
2888 2870 3203 2941 frequenter
3232 2873 3380 2926 lava:-

1804 2975 1885 3024 re,
1916 2967 1971 3015 et
2008 2974 2142 3016 vasa
2174 2962 2416 3027 abluere,
2454 2971 2618 3033 atque
2663 2964 2886 3019 omnino
2917 2966 3103 3019 multis
3130 2966 3382 3021 traditio—

1805 3050 1968 3105 nibus
1998 3050 2115 3107 suis
2155 3051 2223 3105 ad
2286 3048 2462 3122 legem
2491 3053 2713 3118 additis,
2746 3069 2841 3108 eas
2877 3055 3149 3124 appellant
3186 3055 3382 3112 Deute-

1798 3158 1983 3208 roses,
2015 3144 2172 3215 quasi
2195 3145 2466 3201 secundas
2508 3144 2600 3200 Dei
2640 3146 3039 3218 legislationes;
3064 3156 3118 3204 et
3149 3150 3381 3220 primam

122 3233 218 3287 καὶ
240 3237 467 3307 πυγμῇ·
495 3234 595 3299 τὰς
627 3237 813 3306 χεῖρας
828 3237 1036 3289 νίπτειν
1064 3237 1157 3289 καὶ
1186 3236 1256 3289 τὰ
1290 3235 1457 3307 σκεύη
1490 3235 1703 3290 πλύνειν

1808 3236 2029 3308 quidem
2070 3236 2209 3291 falso
2240 3236 2487 3293 referunt
2514 3238 2583 3292 ad
2614 3238 2873 3310 Moysetn,
2921 3242 3212 3296 secundam
3255 3258 3382 3298 vero
3482 3260 3487 3265 '

119 3324 428 3392 ἐπινοοῦσι,
475 3329 569 3381 καὶ
612 3328 795 3393 ἁπλῶς
839 3327 1037 3392 πολλὰς
1086 3329 1416 3399 παραδόσεις
1461 3327 1597 3391 ἰδίας
1626 3326 1703 3399 τῷ

1807 3326 1876 3381 ad
1904 3324 2079 3383 Rabbi
2106 3327 2359 3392 Altibatn,
2392 3330 2609 3384 tertiam
2655 3330 2724 3385 ad
2754 3330 2965 3384 Annam
2996 3332 3088 3400 qui
3127 3342 3181 3386 et
3211 3331 3380 3389 ludas

120 3419 273 3491 νόμῳ
318 3421 732 3491 προστιθέντες,
778 3421 1142 3494 Δευτερώσεις
1184 3421 1385 3485 ταύτας
1429 3421 1703 3487 καλοῦσιν,

1807 3417 2028 3484 dicitur,
2077 3430 2331 3489 quartam
2377 3428 2557 3475 autem
2604 3421 2672 3475 ad
2719 3422 3024 3477 Asamonaei
3075 3421 3236 3489 ﬁlios,
3287 3424 3381 3495 qui

120 3504 236 3565 οἷον
269 3511 529 3586 δευτέρας
560 3514 695 3569 Θεοῦ
726 3516 1065 3587 νομοθεσίας,
1097 3516 1194 3570 καὶ
1220 3516 1319 3585 τὴν
1351 3515 1450 3586 μὲν
1482 3513 1703 3587 πρώτην

1806 3508 1972 3565 etiam
2006 3508 2304 3564 Sabbatum
2327 3510 2383 3563 in
2412 3509 2615 3580 praeliis
2642 3509 2934 3566 violarunt.
2962 3511 3070 3569 llas
3105 3528 3235 3585 ergo
3256 3530 3383 3570 ana-

120 3603 334 3675 ψευδῶς
358 3606 718 3679 ἀναφέρουσιν
739 3610 819 3673 είς
849 3610 940 3662 τὸν
972 3608 1197 3673 Μωσέα,
1232 3607 1327 3679 τὴν
1360 3607 1416 3661 δὲ
1446 3606 1703 3675 δευτέραν

1807 3599 2173 3655 tbematizans
2208 3598 2469 3655 Judaicas
2506 3614 2696 3655 omnes
2741 3600 2978 3657 haereses
3011 3611 3065 3657 et
3096 3603 3383 3661 haeresiar-

121 3697 204 3761 είς
248 3696 340 3751 τδν
384 3698 576 3752 Ῥαϐϐ)⁸
616 3701 870 3765 Ἀκιϐἄν,
916 3700 1014 3772 τὴν
1059 3701 1115 3754 δὲ
1155 3700 1346 3771 τρίτην
1397 3699 1477 3762 εἱς
1515 3696 1702 3750 Ἀννᾶν

1804 3692 1958 3760 chas,
1986 3694 2226 3763 itemque
2252 3689 2580 3748 Deuteroses
2615 3706 2743 3747 cum
2778 3690 3122 3765 Deuterotis,
3154 3698 3383 3754 anathe-

121 3789 214 3843 τὸν
254 3790 350 3843 καὶ
383 3790 607 3857 Ἰούδαν,
635 3792 734 3864 τὴν
763 3792 819 3848 δὲ
853 3794 1118 3865 τετάρτην
1158 3794 1240 3855 εἰς
1271 3792 1398 3855 τοὺς
1424 3791 1701 3860 Νασαμῶ-

124 3881 277 3935 ναίου
304 3880 415 3954 (68)
452 3883 622 3949 υἱοὺς,
653 3885 709 3937 οἵ
748 3902 891 3949 τινες
937 3887 1031 3940 καὶ
1077 3887 1137 3939 τὺ
1180 3886 1453 3941 Σάϐϐατον
1492 3887 1550 3938 ὲν
1591 3884 1705 3947 τοῖς

1803 3783 2003 3838 matizo
2044 3798 2168 3838 cum
2202 3782 2311 3837 illis
2342 3780 2508 3836 etiam
2538 3797 2634 3839 eos
2661 3782 2756 3853 qui
2797 3782 2995 3839 festum
3029 3788 3205 3841 vocati
3238 3787 3383 3842 Mar-

1802 3874 2012 3929 docbaei
2048 3874 2325 3931 celebrant
2365 3873 2435 3928 ad
2478 3873 2712 3944 primum
2747 3871 3042 3929 Sabbatum
3083 3876 3380 3933 Christiani
3460 3922 3463 3924 .

124 3972 387 4043 πολέμοις
434 3972 724 4046 ἠθέτησαν.
773 3973 987 4039 Ταύτας
1026 3971 1120 4029 οὖν
1164 3971 1574 4047 ἀναθεματίζων
1604 3973 1703 4037 τὰς

1804 3963 2033 4034 iejunii;
2065 3972 2120 4020 et
2171 3965 2359 4034 utique
2406 3964 2554 4034 ligno
2602 3964 2862 4021 Amanem
2894 3967 3063 4021 clavis
3115 3966 3379 4039 alligunt,

136 4064 438 4130 ’huSa‘Exd;
485 4065 664 4131 πάσας
714 4066 987 4140 αἱρέσεις,
1034 4067 1283 4132 καὶτοὺς
1326 4067 1700 4139 αἱρεσιάρχας,

125 4158 222 4212 καὶ
253 4157 354 4222 τὰς
385 4158 747 4232 Δευτερώσεις
768 4200 782 4221 ,
827 4160 920 4214 κα)⁵
950 4160 1076 4224 τοὺς
1108 4158 1471 4232 Δευτερωτάς,
1507 4156 1701 4212 ἀναθε-

130 4248 346 4317 ματίςω
380 4248 517 4321 μετὰ
548 4250 750 4304 τούτων
782 4251 877 4305 καὶ
906 4252 1032 4315 τοὺς
1063 4249 1162 4322 τὴν
1194 4250 1385 4323 ἑορτὴν
1413 4248 1699 4310 τελοῦντας

1806 4057 2003 4114 deinde
2031 4057 2082 4113 ei
2124 4058 2355 4113 miscent
2396 4056 2579 4113 crucis
2607 4056 2856 4127 signum,
2899 4072 3112 4128 unaque
3157 4061 3385 4116 combu-

1805 4155 1957 4212 runt,
1991 4163 2055 4202 ac
2082 4148 2262 4203 omnis
2296 4147 2511 4219 generis
2544 4145 3030 4215 imprecationibus
3068 4157 3123 4205 et
3151 4152 3381 4207 anathe-

1804 4241 1937 4296 mati
1965 4238 2306 4296 Christianos
2328 4238 2645 4309 subjiciunt.
2810 4240 2813 4247 ’

122 4339 220 4393 τοῦ
281 4340 966 4415 λεγομένου,Μαρδοχαίου
1013 4341 1155 4397 κατὰ
1212 4342 1273 4396 τὸ
1325 4342 1540 4412 πρῶτον
1584 4336 1862 4394 Σάϐϐατον
1905 4331 2015 4386 τῶν
2061 4331 2460 4404 Χριστιανικῶν
2515 4334 2811 4403 νηστειῶν,
2860 4334 2954 4390 καὶ
3029 4332 3169 4405 ξύλῳ
3214 4333 3382 4405 δῆθεν.

120 4429 217 4482 τὸν
252 4429 422 4501 ’Δμᾶν
468 4434 909 4505 προσηλοῦντας,
967 4429 1086 4489 εἶτα
1147 4433 1440 4505 μιγνύντας
1495 4428 1643 4499 αὐτῷ
1682 4426 1746 4481 τὸ
1794 4422 2030 4495 σταυροῦ
2072 4427 2328 4496 σημεῖον,
2376 4424 2471 4480 ttat
2519 4427 3052 4494 συγκατακαίοντας.
3100 4429 3265 4501 ἀραῖς
3312 4445 3383 4485 τε

123 4524 411 4589 παντοίαις
465 4526 561 4580 καὶ¹
590 4526 890 4597 ἀναθέματι
919 4528 1043 4590 τοὺς
1069 4526 1433 4597 Χριστιανοὺς
1462 4520 1882 4581 ὑποϐάλλοντας.

208 4616 619 4689 Ἀναθεματίζω
658 4620 795 4691 πρὸς
831 4624 943 4685 τοῖς
979 4620 1248 4685 παλαιοῖς,
1287 4616 1703 4691 Ἂρχιραϐϐίτας

1886 4610 1951 4667 ιι.
1994 4607 2409 4665 Anathematizo
2445 4617 2653 4678 praeter
2692 4620 2944 4675 veteres,
2967 4610 3394 4670 Archirabbitas

122 4708 223 4765 καὶ
250 4708 379 4772 τοὺς
409 4708 564 4773 νέους
603 4709 713 4763 τῶν
758 4710 1022 4767 Ἰουδαίων
1052 4708 1559 4772 κακοδιδασκάλους,
1590 4705 1705 4759 Λά-

126 4798 295 4871 ζαρόν
351 4815 514 4868 φημι,
545 4799 635 4853 τὸν
666 4800 763 4871 τὴν
794 4799 1029 4871 ἄθεσμον
1062 4799 1250 4873 ἑορτὴν
1290 4798 1575 4870 ἐξευρόντα
1604 4796 1703 4866 τῆς

123 4888 425 4960 λεγομένης
450 4891 578 4961 παρ’
604 4890 785 4954 αὐτοῖς
805 4890 1216 4962 Μονοποδαρίας
1242 4890 1372 4961 (69),
1399 4890 1491 4943 καὶ
1518 4888 1704 4943 Ἠλίαν

121 4978 218 5031 τὸν
256 4978 471 5035 ἐκείνου
507 4977 651 5033 κατά
684 4980 783 5051 τὴν
820 4980 1133 5036 δυσσέϐειαν
1168 4980 1267 5034 οὐκ
1299 4980 1572 5043 ἐλάττονα,
1607 4978 1705 5030 Βε-

123 5070 317 5141 νιαμίν
342 5086 404 5123 τε
434 5071 530 5125 καὶ
556 5070 856 5135 Ζεϐεδαῖον,
880 5073 973 5126 καὶ
1018 5072 1332 5143 Ἀϐράμιον,
1362 5072 1456 5126 καὶ
1487 5070 1704 5142 Συμϐάο

124 5180 267 5227 τιον,
302 5162 403 5217 καὶ
428 5162 554 5227 τοὺς
576 5163 825 5227 λοιπούς.
847 5164 956 5218 Καὶ
991 5165 1084 5218 ἐπὶ
1114 5168 1245 5219 πᾶσι
1271 5166 1479 5229 τούτοις
1512 5164 1706 5223 ἀναθε-

130 5254 383 5328 ματίζω,
425 5255 521 5309 καὶ
571 5254 1055 5325 καταναθεματίζω
1097 5255 1189 5308 τὸν
1236 5257 1385 5328 παρὰ
1428 5257 1536 5310 τῶν
1580 5258 1708 5310 Ἰου-

122 5346 296 5403 δαίων
321 5345 762 5419 προσδοκώμενον
784 5345 862 5410 ὡς
885 5345 1118 5418 Χριστὸν
1142 5346 1452 5401 ἐλεύσεσθαι
1473 5350 1705 5415 Μεσίανη,

125 5439 231 5494 εἴτ’
280 5434 372 5492 οὖν
413 5439 738 5512 εἰλημμένον
783 5438 924 5511 (Ἱυ).
977 5438 1175 5510 μᾶλλον
1220 5439 1275 5493 δὲ
1320 5440 1700 5512 Ἀντίχριστον·

127 5530 227 5587 καὶ
274 5530 708 5601 ἀποτασσόμενος
749 5528 896 5600 αύτῷ
943 5530 1308 5600 συντάσσομαι
1353 5529 1432 5603 τῷ
1472 5530 1706 5605 ἀληθινῷ

206 5727 320 5872 £68;
348 5730 577 5798 Νασαμ.
609 5728 736 5797 Leg.
782 5729 975 5801 Ἀσαμ.
1006 5729 1210 5788 Coras.

230 5798 298 5856 69
345 5799 639 5855 Μονοποδ.
669 5800 828 5857 Forte
854 5799 1004 5872 quod
1026 5818 1189 5872 super

230 5798 320 5872 69)
345 5799 639 5855 Μονοποδ.
669 5800 828 5857 Forte
854 5798 1004 5873 quod
1026 5818 1189 5874 super
1220 5819 1330 5860 uno
1362 5803 1500 5877 pede
1535 5804 1700 5862 salta-

1808 4717 2027 4777 quoque
2060 4709 2115 4755 et
2143 4715 2314 4756 novos
2341 4700 2652 4761 Judazorum
2685 4704 2857 4760 malos
2891 4702 3180 4772 dot-tores;
3212 4704 3381 4759 Laza-

1809 4810 1953 4861 rum,
1982 4793 2225 4861 inquam,
2258 4789 2595 4847 inventorem
2646 4790 2842 4848 nefarii
2894 4791 3020 4848 festi
3060 4791 3206 4862 quod
3237 4793 3380 4863 apud

1810 4885 1933 4940 illos
1985 4882 2290 4954 appellatur
2334 4881 2751 4953 Monopodaria;
2807 4883 2935 4937 item
2985 4880 3154 4936 Ellam
3205 4881 3282 4936 illi
3323 4883 3393 4938 in,

1810 4977 2091 5048 impietate
2121 4975 2443 5031 nullatenus.
2462 4974 2738 5030 cedentem
2767 4992 2796 5043 ;,
2825 4973 3201 5045 Benjaminum
3233 4976 3381 5045 pari-

1809 5077 1893 5125 ter
1938 5084 2003 5123 ac
2053 5066 2394 5132 Zebedasum,
2421 5066 2792 5129 Abramium,
2840 5066 3212 5138 Symbatium,
3252 5060 3379 5121 reli-

1808 5175 2076 5232 quosque.
2108 5158 2189 5213 Ad
2221 5160 2335 5214 haec
2370 5160 2551 5214 omnia
2604 5160 2891 5216 anathema
2918 5169 2971 5215 et
2999 5159 3378 5215 catanathema

1807 5254 2102 5325 pronuntio
2130 5252 2335 5306 incum
2368 5252 2461 5320 qui
2499 5264 2527 5304 a
2570 5249 2779 5309 Iudaeis
2818 5260 3104 5319 venturus,
3136 5249 3378 5307 ntChriu

1807 5354 1925 5403 stus
1954 5352 2324 5418 exspectatur,
2357 5343 2609 5399 Messian:
2633 5359 2730 5399 seu
2752 5353 3008 5412 unctum,
3042 5345 3213 5417 magis
3242 5359 3391 5399 vero,

1805 5438 2237 5494 Anti-Christum
2269 5457 2283 5514 ς
2316 5443 2372 5493 et
2410 5435 2733 5491 renuntians
2778 5437 2859 5502 ei,
2903 5454 2989 5492 me
3034 5437 3259 5494 confero
3307 5437 3383 5493 ad

1805 5551 1992 5592 verum
2022 5540 2307 5607 solumque
2335 5534 2609 5593 Christum
2649 5549 2712 5589 ac
2746 5532 2934 5589 Deum.
2970 5534 3145 5593 Credo
3177 5539 3232 5592 in
3272 5533 3377 5591 Par.

1806 5743 1947 5807 rent.
1971 5733 2079 5807 _Vel
2112 5750 2143 5788 a
2166 5736 2368 5807 mensis
2397 5735 2754 5807 monopodiis.
2784 5733 2859 5807 lo.

1876 5804 1989 5877 (70)
2016 5805 2403 5875 Εἱιιιυιμένον.
2428 5803 2921 5879 [δρεξηλειμμένον.
2944 5803 3017 5863 It).
