1952 3180
283 176 349 204 M59

717 174 746 203 S.
766 171 960 201 CLEMENTIS
977 172 989 200 l
1006 171 1089 201 ROM.
1109 172 1211 201 PONT.
1231 172 1345 201 OPERA
1363 170 1477 204 DUBlA,

1831 173 1896 202 “60

282 236 362 263 trem,
377 230 476 259 Filium
494 234 521 259 et
541 229 674 265 Spiritum
684 234 828 261 sanctum,
844 233 978 260 sanctam,
994 235 1061 255 con—

1115 228 1158 257 καὶ
1176 228 1248 264 μόνῳ
1260 227 1369 264 Χριστῷ
1385 228 1433 254 καὶ
1447 226 1516 262 Θεῷ.
1529 226 1584 254 Καὶ
1600 226 1721 254 πιστεύω
1738 227 1778 259 είς
1794 227 1898 263 Πατέρα

279 277 489 306 substantialem
504 281 531 304 et
552 275 720 303 individuam
736 274 910 303 Trinitatem.
925 274 1063 302 Conﬁteor

278 324 498 353 Incarnationem
518 326 546 350 et
570 322 604 349 ad
626 322 751 349 homines
776 321 923 349 adventum
941 321 1023 348 unius
1048 328 1064 349 e

279 375 375 399 sancta
394 369 539 402 Trinitate,
559 368 664 396 scilicet
692 367 752 395 Filii
779 368 913 403 unigeniti
937 374 970 394 ac
982 367 1063 395 Verbi

249 414 265 438 ί
279 417 338 450 Dei,
354 424 370 443 a
393 415 473 443 Patre
495 419 558 443 ante
582 415 673 442 omnia
688 415 788 443 saecula
813 414 909 449 geniti,
924 422 971 449 per
983 421 1064 449 quem

278 463 371 492 omnia
387 462 459 490 facta
477 466 542 490 sunt
559 469 640 489 zeum
659 461 742 488 credo
760 468 823 488 esse
846 459 971 488 Messiam
986 460 1063 495 quia

279 511 349 546 Lege
359 513 386 538 et
401 509 541 545 prophetis
555 508 702 544 praedictus
717 507 785 539 fuit;
803 510 962 542 certumque
978 506 1064 534 habeo

278 556 351 593 quod
364 556 420 591 jam
435 555 463 582 in
481 559 580 583 terram
596 554 701 582 venerit
722 557 833 589 propter
853 553 964 580 humani
983 560 1064 588 gene-

278 604 318 631 ris
331 603 466 635 salutem;
478 601 552 636 quod
565 608 628 629 vero
643 600 732 628 factus
747 600 783 628 sit
801 599 891 632 homo,
908 606 959 627 nec
973 603 1064 630 tamen

278 657 294 677 a
318 648 428 684 propria
450 647 593 675 divinitate
617 646 783 679 excesserit;
809 645 882 681 quod
904 645 976 673 idem
1001 652 1064 672 vere

278 695 351 723 Deus
366 695 412 726 sit,
430 702 463 722 ac
476 701 540 721 vere
554 694 646 726 homo,
663 693 767 728 absque
786 691 957 724 confusione,
975 696 1064 718 muta-

278 742 352 769 tione
370 744 397 768 et
411 740 581 771 alteratione,
601 739 629 766 in
650 746 705 766 una
722 745 837 773 persona
852 742 880 765 et
894 737 1002 765 duabus
1015 744 1064 764 na-

278 787 366 821 turis;
388 786 516 822 quodque
539 789 637 819 sponte
661 790 761 812 cuncta
790 792 886 818 passus
910 783 1008 815 fuerit,
1037 787 1064 811 et

277 841 361 861 carne
375 833 533 864 cruciﬁxus,
546 831 687 858 divinitate
703 830 861 865 inipassibili
878 833 1062 864 permanente.

278 879 402 914 sepultus
416 879 506 906 fuerit.
522 885 553 904 ac
570 877 647 904 tertia
661 877 704 903 die
720 877 908 907 rcsurrexerit,
927 880 1020 911 postea
1035 875 1064 902 in

277 924 377 951 cmlum
391 924 555 954 ascenderit,
573 927 757 956 venturusque
771 923 806 948 sit
823 923 849 948 in
865 922 962 957 gloria,
977 926 1007 948 ut
1019 921 1065 955 ju-

278 970 351 998 dicet
366 970 442 998 vivos
455 975 481 997 et
492 975 624 997 mortuos.
640 969 729 997 Credo
743 977 775 995 ac
789 969 926 1004 proﬁteor,
941 972 1064 995 sanctam

278 1016 410 1050 virginem
426 1015 549 1048 Mariam,
564 1022 625 1050 quae
637 1015 788 1043 secundum
800 1021 910 1042 carnem
926 1014 1001 1041 illum
1019 1021 1065 1049 pe.

278 1061 360 1097 perit,
375 1065 403 1089 et
418 1064 480 1096 post
494 1065 603 1096 partum
617 1061 694 1096 virgo
709 1060 869 1096 permansit,
882 1068 945 1088 vere
957 1067 989 1087 ac
1002 1067 1065 1095 pro-

278 1108 338 1143 prie
357 1115 418 1135 esse
441 1107 491 1135 Dei
510 1107 683 1142 genitricem,
706 1113 822 1141 eamque
839 1113 955 1133 veneror
974 1109 1002 1133 et
1015 1106 1065 1133 ho-

278 1161 347 1182 noro
358 1158 487 1188 tanquam
510 1160 574 1181 vere
594 1156 708 1181 matrem
728 1152 775 1180 Dei
790 1152 935 1185 iucarnati,
950 1151 1065 1187 ideoque

278 1199 415 1226 dominam
430 1202 458 1226 et
471 1198 564 1226 heram
579 1198 608 1226 in
621 1199 710 1234 gratia
724 1198 824 1226 factam
840 1198 974 1226 universas
987 1205 1065 1225 cnam

278 1249 356 1272 tura.
365 1244 462 1273 Adhuc
469 1252 566 1280 panem
581 1248 609 1272 et
623 1245 727 1277 vinum,
737 1251 797 1279 qua:
807 1243 878 1279 apud
892 1243 1064 1272 Christianos

278 1290 393 1326 mystice
408 1294 615 1324 consecrantur,
630 1290 856 1326 quemadmodum
868 1290 897 1317 in
906 1289 1005 1317 divinis
1020 1297 1064 1318 sa-

278 1336 334 1365 cris
351 1339 481 1369 sumunt,
496 1340 589 1365 certus
607 1344 679 1370 sum,
694 1336 837 1369 conﬁteor,
852 1335 935 1364 credo
947 1343 1009 1363 esse
1022 1343 1065 1363 re-

280 1389 344 1410 vera
368 1390 469 1417 corpus
491 1387 518 1410 et
539 1382 698 1417 sanguinem
723 1381 831 1410 Domini
855 1381 920 1410 Jesu
943 1382 1064 1414 Christi,

279 1431 462 1456 transmutata
483 1436 531 1465 per
554 1428 674 1456 divinam
694 1428 769 1456 illius
788 1428 938 1464 potentiam
959 1427 1065 1455 intelle-

279 1474 406 1501 ctualiter
427 1477 455 1502 et
474 1474 648 1502 invisibiliter
674 1482 757 1509 super
780 1481 887 1502 omnem
911 1474 1065 1502 naturalem

279 1519 482 1555 cogitationem,
496 1520 725 1555 quemadmodum
740 1520 815 1548 solus
830 1521 888 1556 ipse
902 1520 997 1554 novit;
1010 1520 1065 1548 sic-

279 1572 333 1599 que
351 1572 406 1601 ego.
420 1565 519 1593 horum
542 1566 703 1601 participem
723 1573 766 1594 me
789 1565 849 1593 fore
872 1566 1017 1598 assentior,
1034 1570 1064 1593 ut

278 1616 344 1638 vere
355 1618 389 1638 ac
399 1618 497 1646 reapse
508 1612 600 1639 carnis
614 1615 642 1639 et
656 1611 797 1646 sanguinis
818 1611 903 1643 illius,
916 1616 944 1639 et
959 1612 987 1638 in
1001 1619 1062 1639 san-

279 1657 402 1686 ctitatem
416 1658 514 1685 animae
528 1661 556 1685 et
570 1658 704 1692 corporis,
723 1659 859 1693 vitamque
873 1663 1013 1690 aeternam,
1034 1665 1065 1685 ac

279 1710 394 1739 regnum
417 1703 550 1731 tectorum
576 1707 666 1738 atque
687 1704 872 1732 hareditatem
897 1712 991 1732 eorum
1018 1704 1065 1739 qui

280 1753 404 1782 sumunt,
419 1749 442 1777 si
457 1749 485 1776 in
503 1749 555 1776 [ide
569 1749 687 1784 perfecta
702 1750 915 1778 communicent.
935 1749 1065 1777 Sanctum

280 1799 411 1830 pmterea
431 1794 533 1823 Christi
553 1795 706 1830 baptisma,
734 1803 769 1823 ex
798 1803 868 1830 puro
897 1796 1066 1831 candidaque

280 1841 373 1870 animo
395 1844 422 1869 et
442 1841 535 1874 corde,
562 1840 669 1876 ﬁdeque
692 1842 800 1869 sincera
819 1841 943 1877 accipere
963 1842 1063 1877 ﬂagito,

281 1887 362 1921 plene
377 1893 525 1921 persuasus
546 1886 613 1913 illud
629 1894 691 1914 vere
715 1893 776 1914 esse
802 1886 991 1914 lustrationem
1005 1894 1065 1922 qua:

280 1936 371 1959 mente
397 1931 563 1967 percipitur,
591 1935 618 1959 et
648 1933 880 1968 regenerationem
911 1932 1007 1962 anima:
1037 1936 1065 1959 et

280 1983 415 2012 corporis.

315 2104 358 2133 lll.
376 2105 409 2133 Et
421 2113 486 2133 vero
501 2106 575 2133 cultu
591 2106 700 2142 dignam
725 2113 835 2134 crucem
861 2105 982 2141 ejusdem
1007 2105 1064 2134 veri

280 2152 382 2181 Christi
397 2151 497 2186 Deique
512 2152 610 2185 nostri,
635 2152 709 2179 velut
724 2160 778 2180 non
802 2152 918 2187 amplius
937 2151 1064 2179 interitus

281 2206 313 2228 ac
328 2198 464 2229 maledicti
477 2198 702 2231 instrumentum,
724 2198 772 2226 sed
794 2198 929 2226 libertatis
948 2199 1064 2234 vitaeque

1114 275 1162 302 καὶ
1178 275 1241 301 Υἱὺν
1252 275 1299 302 καὶ
1314 275 1392 309 ἅγιον
1407 273 1532 309 Πνεῦμα,
1544 272 1593 308 τὴν
1603 273 1683 307 ἁγίαν
1696 273 1745 300 καὶ
1761 273 1898 309 ὸμοοὺσιον

1114 319 1161 345 καὶ
1183 318 1331 354 ἀχώριστον
1347 318 1459 354 Τριάδα.
1481 318 1536 344 Καὶ
1555 317 1606 353 τὴν
1626 318 1780 355 Ἔνσαρκον
1802 320 1900 345 οίκονου

1116 365 1189 399 μίαν,
1204 364 1250 390 καὶ
1268 363 1335 399 πρὸς
1355 362 1514 399 ἀνθρώπους
1530 363 1675 399 ἐπιδημίαν
1692 363 1833 398 ὁμολογῶν
1853 363 1899 391 τοῦ

1113 410 1162 445 τῆς
1182 409 1261 444 ἁγίας
1277 409 1390 445 Τριάδος
1410 409 1486 442 ἐνὸς,
1507 408 1554 436 τοῦ
1581 408 1741 445 μονογενοῦς
1764 409 1831 435 Υίοῦ
1855 411 1900 439 καὶ

1113 455 1200 490 Λόγου
1222 455 1269 482 τοῦ
1288 455 1366 488 Θεοῦ,
1384 455 1431 482 τοῦ
1451 456 1484 482 ἐκ
1506 455 1612 491 Πατρὺς
1635 455 1687 491 πρὸ
1713 456 1822 482 πάντων
1847 456 1900 483 τῶν

1114 500 1218 528 αἰώνων
1233 501 1416 537 γεννηθέντος,
1432 501 1465 528 δι’
1481 497 1512 528 οῦ
1528 501 1562 528 τὰ
1578 501 1668 528 πάντα
1685 501 1805 535 ἐγένετο,
1821 501 1901 528 αὑτὸν

1115 546 1246 583 ὑπάρχειν
1267 548 1387 575 πιστεύω
1414 548 1460 574 τὸν
1487 547 1561 583 παρὰ
1586 546 1634 574 τοῦ
1662 547 1745 582 νόμου
1770 548 1819 577 καὶ
1843 548 1897 574 τῶν

1114 591 1261 628 προφητῶν
1278 593 1501 629 προκηρυχθέντα
1514 593 1630 620 Μεσίαν·
1642 593 1674 620 ὃν
1687 593 1735 623 καὶ
1749 592 1801 628 ἤδη
1814 593 1900 623 ἐλθεῖν

1114 639 1160 669 ἐπὶ
1174 638 1225 674 γῆς
1241 638 1479 674 πληροφοροῦμαι,
1498 639 1542 666 διὰ
1563 639 1612 674 τὴν
1632 639 1766 674 σωτηρίαν
1784 639 1832 665 τοῦ
1855 640 1900 666 av.

1114 683 1249 719 θρωπίνου
1264 685 1369 719 γένους,
1393 686 1440 714 καὶ
1464 685 1589 719 γενέσθαι
1615 684 1685 712 κατά
1707 684 1839 720 ἀλήθειαν
1857 686 1901 712 ἄν·

1114 730 1232 766 θρωπον,
1248 730 1286 766 μὴ
1308 731 1441 758 ἐκστάντα
1463 731 1512 766 τῆς
1527 731 1630 762 οἰκείας
1646 730 1782 766 θεότητος,
1800 732 1848 758 καὶ
1862 731 1900 758 εἱ-

1114 785 1159 803 ναι
1173 776 1219 803 τὸν
1240 777 1321 804 αὑτὸν
1336 777 1402 804 Θεὸν
1423 776 1540 812 ἀληθῶς,
1557 777 1605 805 καὶ
1625 776 1769 812 ἄνθρωπον
1785 777 1900 812 ἀληθῶς,

1113 823 1283 858 ἀσυγχύτως,
1292 823 1434 859 ἀτρέπτως
1450 823 1498 850 καὶ¹
1509 823 1704 855 άναλλοιόπως,
1717 824 1747 850 ὲν
1755 823 1902 853 ὑποστάσει

1116 868 1164 902 μιᾷ
1179 868 1225 894 καὶ
1237 868 1296 894 δυσὶ
1308 867 1430 902 φύσεσιν,
1445 868 1575 900 ἑκουσίως
1587 876 1617 894 τε
1633 868 1722 895 πάντα
1733 868 1843 899 παθεῖν,
1858 867 1904 893 καὶ

1079 905 1101 934 Β
1117 913 1303 950 σταυρωθῆναι
1317 915 1409 949 σαρκὶ,
1419 915 1469 950 τῆς
1483 914 1608 949 θεότητος
1618 914 1743 946 ἀπαθοῦς
1761 914 1902 949 μεινάσης,

1117 960 1164 987 καὶ
1175 959 1301 994 ταφῆναι,
1313 960 1360 986 καὶ
1370 960 1517 996 τριήμερον
1529 959 1689 995 ἀναστῆναι,
1702 959 1750 985 καὶ
1764 959 1806 990 είς
1823 959 1904 994 ὠρας

1117 1007 1177 1038 νοῦς
1191 1006 1376 1042 ἀναληφθῆναι
1385 1026 1393 1037 ,
1408 1007 1455 1033 καὶ
1465 1006 1540 1041 ἥξειν
1553 1007 1583 1033 ἐν
1592 1005 1656 1043 δόξῃ
1670 1005 1806 1042 μέλλοντα
1817 1007 1905 1041 κρῖναι

1117 1051 1221 1084 ζῶντας
1239 1052 1285 1079 καὶ
1299 1052 1421 1088 νεκρούς·
1442 1053 1489 1079 καὶ
1499 1052 1547 1088 τὴν
1564 1053 1633 1080 κατὰ
1648 1054 1739 1089 σάρκα
1753 1052 1851 1079 τοῦτον
1864 1060 1906 1078 τε-

1116 1096 1216 1123 κοῦσαν
1231 1097 1312 1131 ἁγίαν
1328 1097 1461 1133 παρθένον
1476 1097 1596 1133 Μαρίαν,
1614 1098 1661 1124 καὶ
1682 1097 1818 1132 μείνασαν
1836 1096 1903 1131 μετὰ

1115 1143 1194 1169 τόκον
1215 1143 1358 1178 παρθένον.
1383 1143 1486 1179 κυρίως
1513 1144 1561 1170 καὶ
1576 1143 1683 1178 άληθῶς
1699 1142 1837 1169 Θεοτόκον
1861 1142 1907 1169 καὶ

1116 1192 1235 1220 πιστεύω
1255 1193 1304 1220 καὶ
1321 1192 1408 1227 λέγω,
1435 1193 1484 1221 καὶ
1498 1193 1535 1224 ὡς
1551 1192 1622 1219 κατὰ
1644 1192 1774 1228 ἀλήθειαν
1801 1192 1907 1227 μητέρα

1115 1239 1183 1266 Θεοῦ
1196 1239 1453 1275 ἐνανθρωπήσαντος
1468 1238 1516 1266 καὶ
1528 1238 1572 1265 διὰ
1588 1238 1667 1265 τοῦτο
1687 1238 1786 1273 κυρίαν
1803 1237 1851 1264 καὶ
1863 1237 1905 1264 66!

1117 1292 1228 1311 σποιναν
1244 1285 1274 1310 ἐν
1296 1284 1385 1319 χάριτι
1407 1282 1593 1318 γεγενημένην
1612 1282 1703 1317 πάσης
1720 1282 1771 1318 τῆς
1791 1281 1905 1313 κτίσεως

1116 1328 1260 1364 προσκυνῶ
1277 1329 1325 1360 καὶ
1335 1328 1418 1364 τιμῶ.
1434 1328 1489 1355 Ka‘t
1505 1327 1550 1354 τὸν
1566 1327 1642 1363 παρά
1662 1328 1839 1363 Χριστιανοῖς
1855 1335 1905 1361 μυ-

1117 1375 1216 1407 στικῶς
1236 1375 1458 1412 ίερουργούμενον
1480 1374 1561 1410 ἄρτον
1581 1374 1629 1401 καὶ
1650 1372 1696 1400 τὸν
1720 1371 1803 1405 οἶνον,
1820 1372 1857 1404 ὡς
1875 1373 1904 1399 ὲν

1115 1423 1175 1453 ταῐς
1191 1421 1277 1454 θείαις
1292 1421 1414 1453 τελεταῖς
1429 1420 1680 1456 μεταλαμϐάνουσι.
1697 1420 1841 1455 πείθομαι,
1858 1419 1905 1445 καὶ

1115 1468 1248 1503 ὁμολογῶ,
1259 1468 1307 1495 καὶ
1317 1467 1448 1500 πιστεύω,
1458 1467 1537 1502 σῶμα
1549 1467 1600 1498 καὶἸ
1612 1464 1681 1502 αἷμα
1693 1465 1766 1493 κατά
1778 1465 1905 1500 ἀλήθειαν

1116 1513 1184 1542 εἶναι
1198 1515 1247 1542 τοῦ
1263 1515 1365 1550 Κυρίου
1385 1513 1472 1549 Ἰησοῦ
1487 1513 1617 1549 Χριστοῦ,
1633 1512 1859 1553 μεταϐαλλόμενα
1872 1513 1905 1547 τῇ

1117 1560 1220 1588 ἐκείνου
1236 1559 1313 1595 θεῖκῇ
1329 1559 1443 1595 δυνάμει
1462 1558 1562 1594 vespm;
1577 1567 1608 1589 τε
1629 1559 1676 1587 καὶ¹
1695 1558 1821 1594 ἀοράτως
1837 1557 1906 1593 ὑπὲρ

1117 1607 1207 1633 πᾶσαν
1227 1606 1343 1642 φυσικὴν
1363 1606 1478 1638 ἔννοιαν,
1503 1605 1540 1637 ὠς
1559 1602 1613 1632 οἶδε
1638 1604 1718 1640 μόνος
1742 1604 1843 1635 αὑτός·
1860 1603 1907 1630 καὶ

1115 1652 1187 1679 οὕτω
1214 1652 1292 1687 κάγὼ
1314 1651 1519 1687 μεταλήψεσθαι
1543 1650 1646 1682 τούτων
1672 1650 1846 1686 συντίθεμαι,
1870 1646 1907 1681 ὥς

1116 1698 1186 1727 κατὰ
1197 1697 1324 1733 ἀλήθειαν
1339 1697 1423 1728 ὅντως
1443 1696 1543 1731 σαρκός
1558 1704 1588 1722 τε.
1615 1695 1654 1722 -αὶ
1670 1695 1788 1730 αἵματος
1812 1693 1906 1726 αὐτοῦ,

1116 1744 1163 1771 καὶ
1183 1745 1223 1775 εις
1240 1743 1376 1778 ἁγιασμόν
1394 1742 1483 1778 ψυχῆς
1501 1750 1530 1768 τε
1551 1741 1598 1769 καὶ
1614 1743 1752 1776 σώματος,
1771 1741 1821 1767 καὶ
1836 1740 1908 1775 ζωὴν

1116 1787 1233 1820 αἰώνιον,
1255 1788 1303 1815 καὶ
1326 1787 1462 1823 βασιλείαν
1481 1785 1602 1822 οὐρανῶν
1622 1786 1807 1821 κληρονομίαν
1828 1793 1909 1820 μετα-

1116 1832 1337 1869 λαμϐανομένων,
1358 1833 1414 1864 τοῖς
1434 1832 1522 1858 αὐτῶν
1547 1832 1576 1857 ἐν
1600 1831 1691 1857 πίστει
1715 1830 1810 1866 τελείᾳ
1828 1829 1908 1865 μετέ-

1115 1888 1201 1915 χουσι.
1216 1879 1272 1906 Καὶ
1286 1879 1317 1906 τὸ
1333 1878 1408 1913 ἀγιον
1434 1877 1481 1904 τοῦ
1504 1876 1623 1913 Χριστοῦ
1650 1876 1811 1911 βάπτισμα,
1839 1875 1907 1910 μετὰ

1115 1926 1237 1961 καθαρᾶς
1254 1926 1300 1953 καὶ
1312 1925 1405 1951 ἀδόλου
1421 1924 1509 1959 ψυχῆς
1531 1923 1578 1949 καὶ¹
1594 1923 1719 1958 καρδίας,
1740 1923 1859 1953 πίστεως
1871 1922 1907 1952 εζ-

1114 1971 1251 2007 λικρινοῦς
1264 1970 1385 2005 ἐπιζητῶ
1403 1969 1542 2003 δέξασθαι,
1563 1968 1823 2004 πληροφοροὺμενος
1842 1967 1906 2004 ἁλη-

1115 2017 1169 2049 θῶς
1192 2017 1323 2053 κάθαρσιν
1347 2016 1413 2043 αὐτὸ
1438 2015 1535 2051 νοητὴν
1562 2012 1643 2046 εἶναι,
1657 2015 1705 2040 καὶ
1726 2014 1905 2052 ἀναγέννησιν

1114 2064 1201 2099 ψυχῆς
1216 2072 1246 2089 τε
1260 2064 1306 2090 καὶ
1319 2062 1453 2098 σώματος.
1807 2094 1813 2098 ’

1149 2110 1204 2136 Kal
1219 2109 1265 2136 τὸν
1279 2108 1425 2143 σεϐάσμιον
1440 2107 1467 2135 δὲ
1480 2106 1598 2143 σταυρὸν
1615 2105 1663 2133 τοῦ
1678 2105 1761 2133 αὑτοῦ
1774 2104 1905 2141 ἀληθινοῦ

1114 2154 1231 2192 Χριστοῦ
1247 2154 1295 2182 καὶ
1306 2154 1373 2182 Θεοῦ
1389 2152 1467 2191 ἡμῶν
1483 2153 1521 2185 ὡς
1537 2154 1587 2180 οὐκ
1603 2152 1643 2179 ἔτι
1656 2151 1758 2187 φθορᾶς
1771 2151 1820 2178 καὶ
1836 2151 1906 2187 ἀρᾶς

1113 2200 1238 2236 ϐργανον,
1255 2199 1311 2227 ἀλλ’
1329 2198 1485 2236 ἐλευθερίας
1501 2198 1548 2225 καὶ
1564 2197 1637 2233 ζωῆς
1657 2197 1778 2229 αἰωνίου,
1791 2197 1841 2223 καὶ
1856 2205 1906 2232 ση-

280 2249 427 2279 perpetuze,
441 2245 602 2280 signumque
620 2245 742 2272 victoria;
762 2244 891 2273 adversus
907 2249 1021 2272 mortem
1036 2248 1063 2272 et

1116 2248 1191 2282 μεῖον
1205 2246 1255 2281 τῆς
1272 2245 1342 2280 κατὰ
1353 2244 1401 2271 τοῦ
1416 2245 1531 2272 θανάτου
1550 2245 1598 2272 καὶ
1613 2244 1659 2274 τοῦ
1672 2243 1795 2270 διαϐόλου
1811 2244 1904 2281 νίκης·

281 2290 419 2329 diabolum
434 2296 535 2326 partae;
550 2295 632 2326 atque
645 2291 734 2321 adhuc
748 2291 917 2319 venerandas
932 2291 1064 2326 imagines

281 2340 339 2367 tum
359 2337 509 2372 praesentiae
529 2336 577 2364 Dei
599 2336 679 2365 Verbi
698 2336 848 2367 secundum
868 2344 977 2367 carnem
993 2337 1064 2364 inter

280 2382 416 2414 homines,
440 2386 498 2410 tum
522 2382 673 2417 purissima:
695 2383 806 2418 virginis
822 2382 867 2410 Dei
894 2382 987 2410 Matris
1004 2390 1064 2418 quae

280 2426 453 2458 ineil‘abiliter
467 2436 528 2458 eum
544 2428 646 2463 genuit,
658 2432 714 2455 tum
725 2429 878 2458 divinorum
894 2429 1061 2464 angelorum,

281 2476 340 2500 tum
355 2472 470 2508 denique
485 2477 642 2500 sanctorum
658 2474 779 2504 omnium
789 2495 796 2507 ,
814 2473 931 2509 recipio,
948 2473 1062 2507 honoro,

281 2518 431 2553 amplector
453 2518 527 2545 velut
550 2518 671 2554 symbola
689 2522 717 2546 et
738 2518 838 2546 indicia
859 2523 1063 2555 protolyporum

278 2571 331 2591 seu
354 2563 567 2598 exemplarium:
586 2564 659 2599 ipsos
685 2568 776 2601 autem
809 2572 902 2592 sacros
934 2566 1061 2600 angelos,

281 2616 431 2644 omnesque
446 2614 564 2640 sanctos,
577 2617 631 2637 non
644 2609 732 2642 solum
748 2609 875 2645 antiquos
895 2613 985 2644 patres
1001 2618 1062 2638 cum

281 2654 429 2691 prophetis,
445 2655 493 2683 sed
506 2659 533 2683 et
546 2656 683 2692 apostolos
692 2675 699 2688 ,
716 2659 851 2691 martyres
860 2676 868 2689 ,
880 2655 1061 2689 confessores,

281 2700 423 2733 doctores,
448 2704 573 2734 sanctos,
599 2701 662 2729 item
683 2708 779 2729 omnes
802 2701 913 2729 omnino
937 2702 984 2737 qui
1006 2703 1063 2737 jam

282 2751 343 2774 orto
364 2746 474 2775 Christo
492 2747 668 2783 placuerunt,
687 2751 816 2783 tanquam
832 2748 904 2775 illius
921 2756 1014 2779 servos
1030 2757 1062 2776 ac

283 2791 376 2820 ﬁdeles
391 2792 508 2821 famulos
524 2794 638 2826 honoro,
660 2802 785 2826 veneror,
808 2800 918 2830 propter
931 2796 1062 2823 honorem

282 2839 321 2866 illi
336 2839 468 2869 debitum.
485 2840 518 2868 Et
539 2842 576 2869 ita
599 2849 632 2869 ex
652 2845 709 2868 toto
729 2842 820 2869 animo
834 2846 860 2870 et
873 2842 968 2874 corde,
983 2850 1062 2870 vero-

281 2893 334 2925 que
351 2887 490 2924 proposito
505 2888 582 2916 venio
597 2887 630 2915 ad
643 2887 721 2915 ﬁdem
737 2888 965 2930 Christianorum.
983 2887 1061 2922 Quod

1114 2291 1153 2318 ἔτι
1164 2291 1192 2318 δὲ
1207 2292 1255 2318 καὶ
1268 2291 1317 2324 τὰς
1334 2291 1499 2327 σεϐαισμίους
1509 2290 1614 2322 εικόνας
1627 2290 1678 2325 τῆς
1687 2298 1715 2316 τε
1730 2289 1801 2316 κατὰ
1815 2289 1907 2324 σάρκα

1114 2337 1181 2373 πρὸς
1193 2337 1350 2374 ἀνθρώπους
1366 2337 1525 2371 ἐπιφανείας
1537 2336 1584 2363 τοῦ
1599 2336 1665 2363 Θεοῦ
1679 2336 1776 2371 Λόγου,
1791 2336 1840 2362 καὶ
1856 2336 1906 2371 τῆς

1113 2385 1258 2420 ἀφράστως
1270 2384 1349 2410 αὑτὸν
1361 2382 1493 2418 τεκούσης
1512 2383 1598 2418 ἁγνῆς
1619 2382 1752 2417 παρθένου
1772 2382 1822 2408 καὶ
1837 2381 1905 2407 Θεο-

1115 2431 1240 2465 μήτορος,
1251 2430 1298 2456 καὶ
1316 2428 1370 2455 τῶν
1386 2428 1510 2455 θεοειδῶν
1526 2428 1660 2462 ἀγγέλων,
1679 2428 1726 2454 xal.
1746 2427 1804 2453 τῶν
1818 2427 1905 2460 ἁγίων

1114 2476 1249 2507 ἁπάντων,
1266 2475 1304 2507 ὡς
1321 2474 1440 2510 σύμϐολα
1453 2474 1508 2501 τῶν
1524 2474 1709 2509 πρωτοτύπων
1727 2473 1775 2500 καὶ
1788 2472 1903 2508 δέχομαι

1114 2521 1161 2554 καὶ
1175 2520 1246 2556 τιμῶ
1262 2520 1308 2547 καὶ
1321 2519 1487 2555 ἀσπάζομαι·
1510 2519 1557 2546 καὶ
1574 2519 1671 2551 αὐτοὺς
1689 2519 1718 2545 δὲ
1731 2518 1794 2549 τοὺς
1812 2518 1904 2553 [apo-‘3;

1114 2566 1243 2600 ἀγγέλους
1260 2565 1380 2596 καὶτοὺς
1396 2565 1490 2599 ἁγίους
1504 2564 1636 2596 ἅπαντας,
1649 2564 1679 2590 οὐ
1694 2564 1773 2599 μόνον
1791 2564 1901 2600 προπά-

1113 2621 1194 2648 τορας
1209 2612 1255 2638 καὶ
1271 2612 1424 2646 προφήτας,
1442 2610 1508 2636 ἀλλὰ
1522 2611 1570 2637 καὶ
1588 2610 1754 2643 ἀποστόλοος
1769 2611 1818 2637 καὶ
1834 2611 1903 2647 μάρο

1113 2667 1195 2694 τυρας
1221 2658 1267 2684 καὶ
1289 2657 1456 2693 ὁμολογητὰς
1476 2657 1524 2684 καὶ
1545 2656 1718 2688 διδασκάλους
1740 2657 1786 2683 καὶ
1810 2657 1902 2689 ὁσίους

1113 2704 1160 2730 καὶ
1177 2704 1279 2735 πάντας
1293 2703 1385 2736 ἁπλῶς
1401 2703 1464 2736 τοὺς
1482 2702 1520 2738 τῷ
1536 2703 1587 2738 ηδη
1610 2702 1710 2729 ἐλθόντι
1724 2703 1838 2738 Χριστῷ
1858 2703 1901 2729 εὗ-

1113 2748 1326 2785 αρεστήσαντας,
1339 2748 1377 2783 ὡς
1387 2748 1496 2780 δούλους
1508 2748 1613 2775 ἐκείνου
1630 2748 1677 2774 καὶ
1690 2748 1803 2781 πιστοὺς
1821 2747 1901 2783 θερά·

1113 2803 1212 2826 ποντας
1228 2794 1300 2830 τιμῶ
1317 2795 1363 2821 καὶ
1379 2794 1492 2829 σέϐομαι
1502 2814 1509 2826 ,
1524 2793 1568 2820 διὰ
1587 2794 1637 2829 τὴν
1654 2793 1722 2829 πρὸς
1739 2795 1846 2820 ἐκεῖνον
1858 2800 1899 2818 τι-

1114 2842 1177 2877 μήν.
1202 2841 1257 2868 Kal.
1281 2840 1368 2873 οὕτως
1389 2839 1419 2873 ἐξ
1441 2839 1505 2875 ὅλης
1529 2839 1617 2875 ψυχῆς
1638 2839 1686 2866 καὶ
1712 2839 1826 2875 καρδίας
1853 2838 1900 2866 καὶ

1112 2887 1297 2924 προαιρέσεως
1317 2886 1442 2924 ἀληθοῦς,
1465 2885 1651 2922 προσέρχομαι
1673 2887 1706 2923 τῇ
1730 2886 1822 2926 πίστει
1846 2884 1898 2917 τῶν

1647 3067 1939 3180 _:_i
