1952 3179
266 149 339 177 “65

662 147 691 175 S.
711 143 905 174 CLEMENTIS
924 144 933 171 Ι
952 142 1038 173 “OM.
1058 142 1159 171 ΡΟΝΤ.
1177 141 1291 170 OPERA
1310 142 1424 172 DUDIA.

1825 143 1890 171 μοι

264 209 307 233 est
325 203 513 240 blasphemare
524 203 656 230 adversus
673 201 756 229 Vetus
771 205 818 229 aut
841 200 946 228 Novum
957 199 1053 227 Testa-

1107 201 1143 236 μή
1148 208 1232 227 σαντα
1247 199 1264 235 ἢ
1281 199 1422 235 τολμῶντα
1431 199 1448 236 ῆ
1457 199 1623 236 τολμήσοντα
1636 200 1807 236 βλασφημεῑν
1823 202 1892 228 κατά

263 258 397 282 mentum,
412 254 440 278 et
455 248 596 285 aspernari
613 255 645 275 ac
660 247 827 275 contumelia
842 247 952 275 afﬁcere
966 247 1053 275 Abra-

265 299 389 331 hamum,
416 296 551 329 lsaacum,
576 294 719 325 Iacobum,
740 293 833 322 Iesum
861 293 946 320 ﬁlium
968 293 1051 326 Nave,

266 344 430 374 Samuelem,
441 340 580 373 Davidem,
597 340 692 372 Eliam,
705 345 873 375 ceterosque
883 347 978 367 omnes
989 347 1054 374 pro-

264 390 360 425 phetas
376 394 527 421 eorumque
545 386 658 421 scripta.
676 386 715 412 Ad
731 393 879 418 summam.
894 385 1053 413 anathema-

264 438 319 464 tizo
332 443 380 463 eos
395 435 443 470 qui
472 434 628 461 obtrectant
655 441 721 461 vero
747 434 870 461 universi
899 433 1051 466 Conditori.

263 487 351 514 neque
362 478 528 506 conﬁtentur
542 485 627 504 unum
642 479 824 513 eumdemque
837 486 899 506 esse
910 479 1009 507 veteris
1020 486 1052 507 ac

263 525 325 552 novi
342 523 511 552 Testamenti
527 523 624 556 Deum,
642 531 693 551 nec
708 529 820 552 sanctos
835 524 937 560 Deique
948 525 1052 554 amicos

261 579 324 599 esse
338 571 454 598 credunt
466 578 513 599 eos
529 572 578 606 qui
597 571 625 598 in
641 575 758 606 utroque
778 570 956 599 Testamento
971 571 1050 600 eﬁ‘ul-

261 621 369 644 serunt.
385 616 593 644 Anathematizo
603 623 711 644 omnem
726 623 799 651 eum,
815 617 861 651 qui
873 624 927 644 non
938 618 1052 645 comite-

261 666 308 689 tur
315 670 401 690 unum
409 663 498 691 solum
507 671 568 691 esse
582 671 677 692 verum
688 662 786 695 Deum,
803 663 905 691 bonum
921 667 948 692 et
957 663 1051 690 mundi

260 707 398 743 opiﬁcem,
416 711 499 743 atque
514 709 740 744 omnipotentem,
757 708 866 736 Domini
884 709 972 736 nostri
985 708 1050 736 Iesu

262 753 365 781 Christi
379 753 503 788 Patrem;
518 754 566 789 qui
581 761 643 781 cum
665 754 712 782 illo
722 759 750 782 et
765 762 826 782 cum
841 754 943 789 Spiritu
955 758 1052 782 sancto

261 807 295 827 ex
310 808 364 828 non
375 801 557 832 exstantibus,
572 804 599 828 et
611 801 686 829 nullo
701 809 814 836 prorsus
826 801 906 829 modo
918 801 1052 829 exsisten-

261 847 348 879 tibus,
373 851 442 874 nutu
467 847 617 876 voluntatis
642 848 773 883 produxit
794 847 906 879 caelum,
934 852 1048 879 terram.

262 899 348 924 mare.
363 895 517 928 cunctaque
531 893 565 920 iis
580 897 727 927 contenta;
739 893 841 928 quique
852 893 976 926 materia,
991 902 1052 929 qua:
1068 884 1088 913 Β

263 944 362 972 nempe
377 937 499 965 nondum
524 942 593 970 erat,
624 946 677 965 non
704 939 833 973 iudiguit,
850 947 900 966 nec
920 940 1049 974 pellibus.

261 982 368 1014 nervis,
382 982 555 1017 corporibus,
577 983 781 1018 sudoribusque
800 985 933 1012 malorum
947 986 1050 1020 princi-

262 1034 339 1062 pum,
353 1034 422 1062 quos
443 1027 537 1055 Manes
560 1034 733 1056 commentus
760 1032 812 1057 est.
840 1030 1051 1057 Anathematizo

262 1072 386 1100 dicentes
400 1080 501 1108 corpus
517 1080 533 1100 a
548 1073 621 1101 malo
637 1074 773 1109 principio
796 1075 899 1103 editum
915 1075 1011 1108 fuisse,
1024 1080 1052 1104 et

262 1119 335 1146 mala
348 1123 448 1146 natura
463 1126 535 1147 esse.
560 1120 771 1148 Anathematizo
792 1121 907 1148 deliram
932 1121 1049 1150 Manetis

262 1164 395 1196 fabulam,
414 1165 441 1192 in
458 1173 512 1201 qua
527 1165 593 1193 dicit
616 1174 788 1202 nequaquam
810 1167 926 1195 similem
943 1168 1022 1196 nobis
1035 1175 1051 1195 a

261 1209 318 1237 Deo
326 1209 473 1238 formatum
486 1219 547 1239 esse
556 1211 674 1246 primum
687 1212 840 1246 hominem;
851 1213 902 1241 hoc
914 1218 967 1246 est,
978 1213 1051 1241 Ada-

261 1263 347 1289 mum,
365 1257 412 1284 sed
426 1264 442 1283 a
451 1257 530 1285 Sacla
544 1259 633 1293 stupri
648 1259 773 1294 principe
787 1264 814 1287 et
822 1258 959 1291 Neliroda,
969 1267 1051 1295 quam

262 1302 303 1330 ait
318 1310 380 1330 esse
395 1303 551 1337 materiam,
564 1304 652 1332 factos
668 1304 753 1333 fuisse
766 1305 901 1333 Adamum
917 1311 943 1334 et
955 1305 1050 1340 Evam;

261 1355 296 1375 ac
308 1348 386 1375 illum
397 1348 509 1383 quidem
525 1353 648 1377 creatum
675 1358 737 1378 esse
762 1350 849 1379 ferina
865 1350 963 1382 forma.
980 1350 1051 1379 hanc

261 1401 329 1421 vero
344 1394 491 1422 inanimam
502 1404 510 1429 ;
522 1401 605 1431 atque
620 1396 702 1424 Evam
718 1397 828 1432 quidem
840 1405 855 1425 a
873 1397 995 1425 mascula
1007 1405 1052 1425 vo-

262 1444 325 1468 cata
345 1442 451 1477 virgine
468 1442 553 1470 vitam
570 1443 723 1478 accepisse,
747 1442 881 1471 Adamum
898 1448 988 1471 autem
1004 1452 1052 1480 per

262 1486 346 1515 Evam
371 1487 477 1515 feritate
508 1488 665 1517 liberatum.
696 1488 905 1518 Anathematizo
932 1498 979 1518 eos
1004 1489 1049 1525 qui

263 1537 392 1560 asserunt
415 1533 560 1561 Dominum
576 1539 701 1562 nostrum
725 1535 818 1563 Iesum
833 1535 972 1564 Christum
993 1536 1051 1571 opi—
1065 1554 1086 1584 ε

261 1579 346 1607 nione
366 1580 570 1607 manifestatum
587 1580 671 1609 fuisse
686 1582 799 1615 mundo,
815 1590 867 1609 nec
890 1582 1052 1617 proﬁtentur

262 1625 353 1660 ipsum
366 1633 430 1653 vere
445 1633 554 1654 carnem
570 1629 755 1663 assumpsisse
777 1636 810 1655 ex
830 1633 926 1656 sancta
947 1629 1052 1665 virgine

261 1672 348 1700 Maria
364 1679 378 1699 a
400 1672 502 1700 Davide
517 1677 588 1707 orta,
615 1681 724 1701 carnem
748 1674 895 1702 humanam
917 1675 1053 1711 nobisque

263 1718 537 1751 consubstantialem,
560 1723 645 1754 atque
664 1719 785 1755 perfecte
803 1720 939 1748 hominem
950 1720 1051 1749 factum

262 1771 341 1798 esse;
355 1764 389 1791 ab
403 1771 490 1799 eaque
506 1763 617 1800 Virgine
629 1766 749 1801 genitum
767 1765 854 1794 fuisse
868 1771 931 1802 post
944 1771 1053 1803 tempus

262 1817 361 1838 novem
374 1810 521 1842 mensium,
538 1811 602 1838 item
620 1811 653 1838 ad
667 1811 838 1847 trigesimum
862 1821 964 1841 annum
989 1822 1052 1842 cum

262 1856 422 1885 hominibus
444 1860 585 1884 versatum
615 1856 711 1890 fuisse,
739 1857 803 1886 dein
826 1858 994 1894 baptizatum
1024 1861 1052 1889 in

263 1902 383 1930 Iordane
397 1909 412 1929 a
426 1903 603 1930 sanctissimo
615 1910 785 1938 prancursore
794 1907 821 1932 et
834 1904 955 1941 Baptista
970 1905 1054 1934 Ion-.-

263 1956 309 1980 ne,
329 1956 362 1976 ac
375 1949 561 1976 testimonium
576 1949 704 1977 retulisse
724 1957 739 1976 a
751 1951 870 1984 cmlesti.
890 1959 955 1980 vero
965 1952 1054 1980 bono-

263 2002 317 2030 que
332 1994 423 2027 Patre,
440 1995 512 2030 quod
527 1995 586 2030 ipse
600 1995 661 2030 ejus
685 2001 757 2024 esset
772 1996 869 2029 Filius,
884 2006 967 2025 verus
981 1998 1053 2027 Deus

263 2044 346 2076 atque
355 2041 381 2068 ei
389 2041 645 2074 consubstantialis,
657 2049 706 2077 per
717 2043 933 2071 incarnationem
949 2053 983 2073 ex
990 2045 1053 2074 Vir-

264 2087 327 2122 gine
345 2086 433 2114 factus
448 2087 542 2120 homo,
557 2094 704 2116 remanens
721 2091 813 2116 tamen
828 2088 911 2118 Deus.

299 2218 332 2247 ll.
354 2218 561 2248 Anathematizo
576 2220 670 2255 igitur.
696 2223 728 2247 ut
742 2219 845 2248 dictum
859 2225 911 2253 est,
931 2229 980 2250 eos
1001 2222 1049 2257 qui
1065 2222 1089 2250 D

264 2268 362 2293 contra
375 2265 433 2293 haec
447 2266 578 2298 sentiunt,
600 2269 628 2294 et
642 2266 725 2293 alium
754 2267 865 2302 quidem
880 2268 976 2295 volunt
990 2276 1052 2297 esse

264 2318 327 2339 eum
340 2311 388 2346 qui
406 2315 489 2339 natus
503 2311 539 2339 sit
553 2319 587 2339 ex
601 2310 697 2343 Maria.
714 2312 819 2348 quique
829 2313 985 2348 baptizatus
1003 2321 1052 2342 seu

265 2355 398 2384 intinctus
412 2357 459 2389 sit,
470 2357 537 2389 imo,
549 2360 580 2384 ut
591 2357 644 2392 ipsi
658 2357 787 2392 delirant,
799 2358 941 2388 demersus
952 2369 959 2393 ;
969 2360 1052 2387 alium

264 2410 330 2431 vero
345 2411 408 2431 eum
429 2403 477 2439 qui
489 2411 523 2432 ex
539 2411 610 2439 aqua
626 2404 794 2437 ascenderit.
807 2405 1053 2441 testimoniumque

265 2450 503 2485 acceperit,quem
516 2454 542 2477 et
552 2450 702 2486 ingenitum
716 2449 809 2478 Iesum
823 2459 854 2478 ac
864 2451 967 2480 Lumen
981 2460 1052 2480 nun-

265 2500 378 2530 cupant,
398 2495 445 2530 qui
470 2495 499 2522 in
524 2495 608 2531 ﬁgura
636 2495 755 2523 hominis
779 2497 951 2533 apparuerit;
971 2501 1053 2534 atque

264 2542 343 2571 illum
368 2541 479 2578 quidem
504 2541 663 2569 fabulantur
680 2550 742 2571 esse
770 2550 786 2570 a
811 2543 884 2571 malo
904 2543 1050 2579 principio,

265 2588 340 2616 hunc
351 2591 440 2615 autem
453 2596 468 2615 a
483 2588 566 2616 bono.
578 2588 785 2617 Anathematizo
795 2597 843 2618 eos
853 2590 900 2625 qui
911 2590 988 2618 aiunt
998 2590 1052 2617 Do-

265 2633 369 2661 minum
380 2638 504 2662 nostrum
518 2632 610 2662 Iesum
624 2634 763 2663 Christum
780 2635 981 2664 existimatione
993 2637 1051 2665 sola

265 2686 379 2714 passum
404 2688 476 2713 esse,
496 2685 522 2709 et
544 2680 627 2708 alium
648 2681 757 2716 quidem
777 2689 838 2709 esse
860 2689 923 2708 eum
950 2682 996 2717 qui
1023 2682 1050 2710 in

267 2732 359 2757 cruce,
374 2726 458 2754 alium
474 2734 539 2754 vero
552 2726 598 2762 qui
615 2726 711 2762 procul
724 2727 759 2753 al)
773 2734 805 2754 ea
820 2727 919 2759 stabat.
932 2727 1051 2755 ridebat-

267 2779 321 2806 que
334 2776 462 2807 tanquam
477 2773 531 2800 alio
547 2781 597 2808 pro
611 2781 641 2801 se
652 2773 829 2809 perpetiente.
844 2774 1051 2802 Ana‘thematizo

269 2815 360 2851 itaque
374 2817 445 2850 illos,
458 2818 504 2854 qui
514 2827 567 2846 non
583 2819 748 2846 conﬁtentur
762 2819 850 2854 ipsum
859 2827 921 2848 esse
932 2819 1051 2848 Verbum

269 2861 352 2891 Deum
375 2871 391 2892 e
414 2868 508 2893 sancta
528 2864 643 2904 Deipara
665 2873 826 2903 semperque
841 2866 945 2903 virgine
965 2866 1050 2895 Maria

1103 247 1152 282 τῆς
1169 246 1290 278 Παλαιᾰς
1305 246 1452 282 Διαθήκης,
1463 246 1479 282 ἢ
1489 246 1539 281 τῆς
1548 247 1661 282 Καινῆς,
1673 248 1722 274 καὶ
1732 247 1842 274 ἀθετεῖν
1851 249 1894 274 καὶ

1104 291 1224 328 ὑϐρίζειν
1247 291 1381 328 Ἀϐραὰμ,
1399 292 1445 318 καὶ
1467 291 1570 324 Ἰσαὰκ,
1587 293 1633 318 καὶ
1655 291 1827 324 Ἰακὼ6,καὶ
1850 293 1896 328 Ἰη-

1105 338 1169 365 σοῦν
1193 338 1239 365 τὸν
1263 338 1311 365 τοῦ
1328 338 1417 374 Ναυὴ,
1440 338 1487 365 καὶ
1503 338 1639 374 Σαμουὴλ,
1665 338 1713 365 καὶ
1729 339 1825 370 Δαεὶδ,
1849 339 1896 366 καὶ

1112 384 1214 418 Ἠλίαν,
1232 384 1356 416 καὶτοὺς
1372 384 1482 416 λοιποὺς
1505 384 1608 416 πάντας
1626 385 1779 420 προφήτας,
1797 385 1847 412 καὶ
1861 386 1897 412 τὰ

1103 430 1168 462 παρ’
1179 430 1267 457 αὐτῶν
1284 429 1483 465 συγγραφέντα.
1501 429 1556 457 Ka't
1581 429 1684 462 ἁπλῶς,
1702 429 1898 465 ἀναθεματίῡιι

1102 478 1165 509 τοὺς
1181 477 1407 513 βλασφημοῦντας
1413 476 1459 503 τὸν
1467 475 1591 511 ἀληθινὸν
1599 476 1645 502 τοῦ
1657 476 1758 508 παντὸς
1769 476 1897 512 ποιητὴν,

1103 524 1151 552 καὶ
1169 523 1206 560 μὴ
1221 522 1418 559 ὁμολογοῦντας
1434 521 1483 549 ἕνα
1499 522 1599 549 καὶτὸν
1609 522 1688 549 αὑτὸν
1697 519 1767 549 εἶναι
1779 522 1898 554 παλαιᾶς

1103 571 1149 598 καὶ
1166 570 1260 606 καινῆς
1276 569 1412 606 Διαθήκης
1428 569 1503 602 Θεὸν,
1521 570 1567 596 καὶ
1582 569 1644 601 τοὺς
1660 570 1689 595 ὲν
1706 569 1827 604 ἑκατέρᾳ
1843 568 1897 595 δια-

1103 615 1272 651 λάμψαντας,
1281 615 1375 650 ἁγίους
1384 613 1453 643 εἶναι
1464 614 1640 646 πιστεύοντας
1648 615 1693 641 καὶ
1710 614 1806 648 φίλους
1816 614 1894 640 Θεοῦ.

1110 660 1313 698 ’Δναθεματίζω
1334 661 1422 688 πάντα
1438 661 1579 696 ἄνθρωπον
1594 661 1640 688 τὸν
1657 661 1694 697 μὴ
1710 660 1896 696 ὁμολογοῦντα

1102 708 1151 735 ἕνα
1168 708 1247 744 μόνον
1263 705 1332 734 εἶναι
1340 707 1406 733 Θεὸν
1415 707 1550 743 ἀληθινὸν,
1562 707 1662 742 ἀγαθόν
1671 716 1700 733 τε
1710 706 1758 733 καὶ
1766 706 1895 741 δημιουρ-

1103 753 1150 788 γὸν
1166 753 1214 780 καὶ
1231 752 1447 788 παντοκράτορα,
1464 752 1511 779 τὸν
1526 751 1687 787 Πατέρατοῦ
1696 751 1802 787 Κυρίου
1816 750 1893 785 ἡμῶν

1110 799 1199 835 Ἰησοῦ
1216 798 1334 835 Χριστοῦ
1345 818 1352 831 ,
1369 798 1415 825 τὸν
1433 798 1480 824 σὺν
1496 797 1570 833 αὐτῷ
1586 798 1633 824 καὶ
1654 797 1693 832 τῷ
1715 797 1788 831 ἁγίῳ
1812 795 1894 822 Πιθεύ-

1105 854 1169 881 ματι
1196 846 1229 872 ὲκ
1246 845 1283 881 μὴ
1300 844 1384 871 ὀντων
1400 844 1446 871 καὶ
1464 843 1576 879 μηδαμῆ
1593 842 1725 879 μηδαμῶς
1747 842 1847 873 ὄντων,
1863 843 1893 877 τῇ

1103 892 1174 927 ῥοπῇ
1199 890 1246 917 τοῦ
1270 890 1421 927 θελήματος
1438 889 1627 926 προαγαγόντα
1650 889 1695 916 τὸν
1712 888 1831 924 οὐρανὸν
1851 888 1894 914 καὶ

1101 935 1150 971 τὴν
1166 935 1217 971 γῆν
1233 935 1280 962 καὶ
1296 935 1346 971 τὴν
1363 934 1499 962 θάλασσαν
1516 935 1563 962 καὶ
1579 934 1669 961 πάντα
1685 933 1720 961 τὰ
1743 935 1775 961 ὲν
1792 934 1893 965 αὐτοῖς,

1101 982 1148 1009 καὶ
1166 981 1203 1017 μὴ
1218 981 1346 1017 δεηθέντα
1362 981 1428 1017 ῦλης
1443 982 1492 1018 τῆς
1509 981 1620 1017 μηδέπω
1635 980 1730 1016 οΰσης,
1749 981 1821 1016 μήτε
1834 979 1894 1015 βυρ-

1103 1027 1158 1061 σῶν
1174 1027 1221 1054 καὶ
1234 1027 1338 1063 νεύρων
1354 1028 1402 1054 καὶ
1423 1027 1556 1063 σωμάτων
1573 1027 1620 1054 καὶ
1637 1026 1757 1063 ἱδρώτων
1774 1025 1831 1052 τῶν
1847 1035 1892 1052 πο-

1101 1074 1193 1110 νηρῶν
1216 1074 1364 1111 ἀρχόντων,
1386 1073 1431 1103 οὓς
1452 1074 1466 1100 ό
1482 1073 1578 1110 Μάνης
1596 1074 1760 1101 ἀνέπλασεν.
1786 1074 1893 1101 ’Δναθε-

1103 1121 1208 1156 ματίζω
1224 1122 1286 1154 τοὺς
1305 1121 1434 1156 λέγοντας
1454 1122 1496 1148 ὅτι
1511 1121 1541 1148 τὸ
1558 1120 1636 1157 σῶμα
1652 1122 1684 1148 ὲκ
1704 1121 1756 1157 τῆς
1774 1121 1893 1156 πονηρᾶς

1101 1167 1189 1203 ἀρχῆς
1203 1168 1318 1203 ὑπέστη,
1335 1169 1383 1196 καὶ
1400 1169 1441 1195 ὅτι
1458 1167 1537 1203 φύσει
1553 1168 1611 1195 ἔστι
1626 1168 1660 1195 τὰ
1676 1168 1760 1194 κακά.
1786 1167 1894 1194 Ἀναθε-

1103 1214 1208 1248 ματίζω
1228 1214 1274 1241 τὸν
1294 1213 1403 1250 ληρώδη
1418 1215 1555 1247 Μάνεντος
1574 1214 1667 1250 μῦθον,
1685 1215 1715 1241 ὲν
1733 1210 1756 1248 ᾧ
1773 1222 1841 1249 φησι
1859 1213 1893 1250 μὴ

1101 1260 1193 1295 ὅμοιον
1205 1260 1272 1296 ἡμῖν
1287 1260 1485 1288 διαπεπλάσθαι
1500 1261 1553 1287 ὑπὸ
1567 1260 1614 1287 τοῦ
1631 1260 1698 1287 Θεοῦ
1714 1260 1762 1287 τὸν
1783 1260 1892 1295 πρῶτον

1101 1306 1255 1341 ἄνθρωπον,
1268 1306 1391 1334 τουτέστι
1407 1306 1453 1334 τὸν
1476 1307 1572 1343 Ἀδὰμ,
1589 1307 1656 1335 ἀλλά
1671 1306 1724 1334 ὑπὸ
1734 1307 1784 1333 τοῦ
1804 1307 1893 1334 Σακλᾶ

1101 1351 1148 1378 τοῦ
1165 1351 1215 1387 τῆς
1226 1352 1354 1388 πορνείας
1364 1352 1503 1388 ἀρχοντος,
1520 1353 1568 1379 καὶ
1581 1353 1631 1388 τῆς
1640 1352 1766 1388 magna,
1780 1353 1814 1388 ην
1826 1350 1891 1379 εἶναι

1101 1396 1151 1432 τὴν
1171 1396 1237 1433 ὓλην
1254 1397 1330 1433 φησι,
1350 1397 1476 1432 γενέσθαι
1496 1397 1542 1425 τὸν
1568 1398 1653 1434 Ἀδὰμ
1674 1399 1721 1425 καὶ
1736 1398 1788 1434 τὴν
1804 1397 1890 1426 Εῦαν·

1102 1444 1149 1471 καὶ
1165 1443 1210 1470 τὸν
1224 1443 1273 1479 μὲν
1287 1443 1470 1480 θηριὸμορφον
1487 1444 1639 1480 κτισθῆναι,
1661 1445 1711 1480 τὴν
1727 1444 1756 1472 δὲ
1773 1445 1892 1480 ἄψυχον

1102 1490 1148 1517 καὶ
1161 1489 1210 1525 τὴν
1226 1490 1275 1525 μὲν
1292 1489 1363 1516 Εὕαν
1379 1490 1432 1517 ὑπὸ
1443 1490 1492 1526 τῆς
1504 1490 1651 1527 ἀρῤενικῆς
1667 1490 1821 1526 λεγομένης
1829 1498 1894 1526 παρ-

1103 1534 1181 1561 θένου
1199 1534 1360 1570 μεταλαὸεἷν
1371 1533 1454 1571 ζωῆς,
1471 1536 1516 1564 τὸν
1537 1536 1622 1572 Ἆδάμ
1633 1536 1662 1565 δὲ
1682 1536 1735 1563 ὑπὸ
1749 1536 1803 1571 τῆς
1822 1536 1892 1568 Εὔας

1102 1580 1290 1616 ἀπαλλαγῆναι
1306 1581 1355 1617 τῆς
1371 1581 1527 1618 θηριωδίας.
1551 1582 1756 1618 ’Δναθεματίζω
1770 1582 1835 1613 τοὺς
1852 1581 1893 1608 λέ-

1101 1635 1198 1662 γοντας
1226 1627 1273 1654 τὸν
1292 1627 1394 1662 Κύριον
1416 1628 1494 1665 ἡμῶν
1522 1629 1625 1665 Ἰησοῦν
1640 1628 1758 1665 Χριστὸν
1785 1627 1892 1663 δοκήσει

1102 1673 1310 1710 πεφανερῶσθαι
1321 1674 1360 1711 τῷ
1371 1675 1475 1711 κόσμῳ,
1490 1676 1536 1702 καὶ
1547 1675 1584 1713 μὴ
1595 1675 1795 1712 ὁμολογοῦντας
1810 1675 1890 1702 αὑτὸν

1103 1720 1295 1756 σεσαρκῶσθαι
1309 1720 1417 1756 ἀληθῶς
1428 1723 1460 1749 ἐκ
1472 1721 1522 1757 τῆς
1535 1722 1616 1756 ἁγίας
1632 1722 1769 1758 παρθένου
1784 1722 1891 1757 Μαρίας

1101 1766 1152 1802 τῆς
1169 1767 1201 1792 ὲκ
1218 1765 1300 1793 Δαόὶδ
1318 1767 1518 1803 καταγομένης,
1541 1768 1630 1803 σάρκα
1645 1767 1696 1804 τὴν
1718 1768 1891 1804 ἀνθρωπίνην

1102 1812 1150 1839 καὶ
1168 1812 1233 1848 ἡμῖν
1250 1812 1401 1848 ὀμοούσιον,
1420 1812 1468 1841 καὶ
1478 1812 1587 1845 τελείως
1606 1813 1831 1850 ἐνανθρωηιῆσαι,
1848 1815 1892 1840 καὶ

1101 1858 1229 1894 τεχθῆναι
1247 1858 1277 1892 ἐξ
1297 1859 1382 1895 αὐτῆς
1398 1859 1432 1887 δι’
1444 1860 1633 1895 ινναμηνιαίου
1652 1860 1761 1896 χρόνου,
1778 1861 1829 1888 καὶ
1847 1861 1892 1887 ἐπὶ

1101 1906 1261 1942 τριακοστὸν
1269 1906 1328 1938 ἔτος
1340 1906 1493 1942 ἀνθρώποις
1504 1908 1770 1944 συναναστραφῆναι,
1785 1909 1834 1936 καὶ
1844 1909 1891 1944 βα-

1103 1952 1249 1988 πτισθῆναι
1268 1953 1321 1980 ὑπὸ
1350 1953 1472 1980 Ἰωάννου
1492 1953 1541 1980 τοῦ
1564 1954 1716 1988 ἁγιωτάτου
1736 1954 1890 1990 προδρόμου

1103 1999 1150 2025 καί
1161 1999 1312 2026 Βαπτιστοῦ
1326 2000 1355 2026 ὲν
1366 1999 1404 2035 τῷ
1422 2000 1550 2036 Ἰορδάνῃ,
1566 2001 1613 2027 καὶ
1634 2000 1687 2027 ὑπὸ
1702 2000 1750 2027 τοῦ
1766 2001 1891 2036 οὐρανίου

1102 2044 1149 2071 καὶ
1163 2044 1291 2080 ἀληθινοῦ
1306 2045 1354 2071 καὶ
1370 2045 1472 2080 ἀγαθοῦ
1494 2046 1700 2082 μρτυρηθῆναι
1722 2046 1843 2082 Πατρὸς,
1854 2047 1891 2079 ὼς

1103 2088 1184 2121 αὐτὸς
1198 2089 1241 2126 εἴη
1254 2090 1269 2117 ὀ
1281 2090 1345 2122 Υἱὸς
1355 2090 1437 2117 αὑτοῦ
1449 2092 1464 2118 ὁ
1476 2091 1601 2126 ἀληθινὸς
1615 2092 1681 2123 Θεὸς
1688 2092 1736 2119 καὶ
1748 2092 1891 2128 όμοούσιος

1103 2134 1187 2170 αύτῷ,
1199 2134 1335 2171 σαρκώσει
1347 2137 1380 2172 τῇ
1391 2137 1425 2163 ὲκ
1439 2137 1576 2173 Παρθένου
1592 2137 1737 2173 γενόμενος
1748 2137 1891 2174 ἄνθρωπος

1106 2180 1174 2216 μετὰ
1186 2180 1235 2207 τοῦ
1255 2182 1344 2217 μεῖναι
1355 2182 1431 2214 Θεός.

1144 2226 1346 2263 ’Δναθεματιζω
1356 2225 1413 2260 οὖν,
1435 2227 1473 2260 ὡς
1489 2228 1609 2264 εἴρηται,
1622 2229 1685 2261 τοὺς
1705 2228 1784 2264 παρὰ
1803 2228 1890 2256 ταῦτα

1103 2272 1278 2309 φρονοῦντας,
1293 2274 1339 2301 καὶ
1352 2273 1431 2302 ἄλλον
1447 2274 1496 2310 μὲν
1511 2274 1637 2309 λέγοντας
1655 2273 1725 2303 εἶναι
1740 2275 1787 2302 ¹τὸν
1796 2283 1890 2310 γεννη-

1102 2318 1182 2345 θέντα
1194 2319 1226 2346 ὲκ
1238 2319 1357 2354 Μαρίας,
1378 2320 1425 2346 καὶ
1435 2318 1627 2355 βαπτισθέντα,
1638 2320 1738 2355 μᾶλλον
1749 2321 1779 2347 δὲ
1788 2320 1829 2352 ὡς
1844 2320 1889 2348 azi—

1100 2365 1143 2391 τοὶ
1159 2364 1271 2400 ληροῦσι
1292 2365 1461 2401 βυθισθέντα,
1475 2366 1555 2393 ἄλλον
1567 2366 1595 2393 δὲ
1612 2367 1659 2394 τὸν
1676 2368 1709 2394 ὲκ
1725 2367 1774 2394 τοῦ
1796 2367 1889 2398 ὕδατος

1101 2410 1244 2438 ἀνελθόντα
1252 2412 1298 2438 καὶ
1306 2411 1520 2448 μαρτυρηθέντα,
1529 2412 1558 2439 ὂν
1569 2413 1616 2441 καὶ
1623 2413 1770 2449 ἀγέννητον
1786 2414 1889 2449 Ἰησοῦν

1101 2456 1149 2484 καὶ
1163 2456 1268 2491 Φὲγγος
1288 2455 1475 2492 ὀνομάζουσιν,
1493 2458 1522 2484 ὲν
1537 2458 1655 2493 σχήματι
1672 2458 1818 2494 ἀνθρώπου
1840 2468 1889 2494 φα-

1102 2500 1192 2534 νέντα,
1202 2503 1250 2529 καὶ
1261 2502 1308 2529 τὸν
1326 2503 1375 2538 μὲν
1388 2500 1457 2530 εἶναι
1469 2502 1519 2538 τῆς
1529 2503 1618 2539 κακῆς
1631 2503 1729 2540 ἀρχῆς,
1742 2504 1790 2532 ¹τὸν
1800 2505 1830 2532 δδ
1840 2506 1888 2540 τῆς

1101 2547 1206 2583 ἀγαθῆς
1228 2548 1435 2584 μυθολογοῦσιν.
1461 2548 1662 2585 ’Λναθεματιζω
1676 2549 1739 2581 mia;
1761 2549 1888 2584 λέγοντας

1100 2593 1210 2629 δοκήσει
1222 2594 1321 2621 παθεῖν
1330 2595 1375 2621 τὸν
1387 2593 1489 2631 Κύριον
1497 2594 1574 2631 ἡμῶν
1589 2595 1693 2631 Ἰησοῦν
1703 2596 1834 2632 Χριστὸν,
1844 2596 1888 2624 καὶ

1101 2639 1180 2667 ἄλλον
1195 2639 1245 2674 μὲν
1259 2637 1328 2666 εἶναι
1339 2640 1385 2666 τὸν
1396 2641 1425 2666 ὲν
1435 2639 1555 2675 σταυρῷ,
1568 2639 1662 2676 ἓτερον
1671 2640 1699 2668 δὲ
1715 2640 1763 2667 τὸν
1780 2640 1887 2676 πόρρω-

1101 2685 1146 2712 θεν
1161 2685 1266 2712 ἑστῶτα
1277 2686 1323 2713 καὶ
1339 2685 1470 2720 γελῶντα,
1485 2685 1523 2718 ὡς
1536 2685 1615 2713 ἄλλου
1628 2686 1684 2713 ἀντ’
1692 2685 1778 2714 αὑτοῦ
1793 2686 1889 2713 παθόν-

1100 2739 1154 2762 τος.
1172 2730 1375 2766 ’Δναθεματίζω
1388 2730 1477 2758 τοίνυν
1491 2732 1555 2763 τοὺς
1573 2731 1610 2768 μὴ
1626 2731 1827 2767 ὁμολογοῦντας
1842 2731 1888 2758 αὺ-

1099 2775 1146 2802 τὸν
1158 2773 1230 2804 εἶναι
1245 2776 1290 2803 τὸν
1306 2777 1339 2803 ἐκ
1353 2777 1403 2812 τῆς
1416 2777 1496 2811 ἁγίας
1503 2776 1632 2806 Θεοτόιου
1651 2776 1699 2803 καὶ
1710 2777 1888 2812 ἀειηαρθένου

1100 2822 1212 2858 Μαρίας
1229 2822 1404 2858 σαρκωθέντα
1419 2823 1485 2850 Θεὸν
1500 2823 1595 2858 Λόγον,
1604 2823 1652 2850 καὶ
1662 2822 1838 2858 γεννηθέντα,
1845 2823 1889 2850 καὶ

1102 2868 1161 2895 κατ’
1173 2867 1302 2904 ἀλήθειαν
1314 2867 1509 2905 σταυρωθέντα
1531 2869 1623 2904 σαρκὶ,
1647 2868 1695 2896 καὶ
1717 2868 1887 2896 ἀποθανόντα
