  <div class='ocr_page' id='page_1' title='image "/cluster/home/n/w/nwhite01/storage/ocr_20150623/1 (St. Clemens; pt. 1)/nyp.33433019854052/742.png"; bbox 0 0 3904 6362; ppageno 0'>
   <div class='ocr_carea' id='block_1_1' title="bbox 193 337 3441 433">
    <p class='ocr_par' dir='ltr' id='par_1_1' title="bbox 193 337 3441 433">
     <span class='ocr_line' id='line_1_1' title="bbox 193 337 3441 433; baseline 0.009 -48"><span class='ocrx_word' id='word_1_1' title='bbox 193 337 331 394; x_wconf 69' lang='lat'><strong>“65</strong></span> <span class='ocrx_word' id='word_1_2' title='bbox 1278 338 1849 397; x_wconf 79' lang='lat' dir='ltr'><strong>REGOGNITIONES.</strong></span> <span class='ocrx_word' id='word_1_3' title='bbox 1881 371 1957 433; x_wconf 48' lang='lat'><strong>-—.</strong></span> <span class='ocrx_word' id='word_1_4' title='bbox 1974 342 2333 404; x_wconf 80' lang='lat' dir='ltr'><strong>APPENDIX.</strong></span> <span class='ocrx_word' id='word_1_5' title='bbox 3307 366 3441 423; x_wconf 71' lang='lat' dir='ltr'><strong>i466</strong></span> 
     </span>
    </p>
   </div>
   <div class='ocr_carea' id='block_1_2' title="bbox 188 452 1730 540">
    <p class='ocr_par' dir='ltr' id='par_1_2' title="bbox 188 452 1730 529">
     <span class='ocr_line' id='line_1_2' title="bbox 188 452 1730 529; baseline 0.003 -22"><span class='ocrx_word' id='word_1_6' title='bbox 188 452 405 525; x_wconf 78' lang='grc' dir='ltr'>ἀληθῶς</span> <span class='ocrx_word' id='word_1_7' title='bbox 446 455 627 526; x_wconf 70' lang='grc' dir='ltr'>σαρκὶ,</span> <span class='ocrx_word' id='word_1_8' title='bbox 666 456 761 510; x_wconf 75' lang='grc' dir='ltr'>καὶ</span> <span class='ocrx_word' id='word_1_9' title='bbox 802 458 1099 529; x_wconf 87' lang='grc' dir='ltr'>τριήμερον</span> <span class='ocrx_word' id='word_1_10' title='bbox 1141 459 1448 515; x_wconf 79' lang='grc' dir='ltr'><strong>ἀναστάντα</strong></span> <span class='ocrx_word' id='word_1_11' title='bbox 1493 461 1568 525; x_wconf 83' lang='grc' dir='ltr'><strong>ὡς</strong></span> <span class='ocrx_word' id='word_1_12' title='bbox 1613 460 1730 513; x_wconf 58' lang='grc' dir='ltr'><strong>Θεόη</strong></span> 
     </span>
    </p>
   </div>
   <div class='ocr_carea' id='block_1_3' title="bbox 1899 452 3441 540">
    <p class='ocr_par' dir='ltr' id='par_1_3' title="bbox 1899 468 3441 540">
     <span class='ocr_line' id='line_1_3' title="bbox 1899 468 3441 540; baseline 0.016 -26"><span class='ocrx_word' id='word_1_13' title='bbox 1899 472 2235 534; x_wconf 82' lang='lat' dir='ltr'><strong>ncarnatum,</strong></span> <span class='ocrx_word' id='word_1_14' title='bbox 2266 476 2321 522; x_wconf 91' lang='lat' dir='ltr'><strong>et</strong></span> <span class='ocrx_word' id='word_1_15' title='bbox 2344 468 2609 538; x_wconf 82' lang='lat' dir='ltr'><strong>genitum,</strong></span> <span class='ocrx_word' id='word_1_16' title='bbox 2645 486 2859 527; x_wconf 89' lang='lat' dir='ltr'><strong>necnon</strong></span> <span class='ocrx_word' id='word_1_17' title='bbox 2900 489 3089 530; x_wconf 84' lang='lat' dir='ltr'><strong>revera</strong></span> <span class='ocrx_word' id='word_1_18' title='bbox 3121 494 3286 537; x_wconf 86' lang='lat' dir='ltr'><strong>carne</strong></span> <span class='ocrx_word' id='word_1_19' title='bbox 3321 501 3441 540; x_wconf 82' lang='lat' dir='ltr'><strong>Cl‘ll-</strong></span> 
     </span>
    </p>
   </div>
   <div class='ocr_carea' id='block_1_4' title="bbox 200 543 1742 637">
    <p class='ocr_par' dir='ltr' id='par_1_4' title="bbox 200 543 1742 622">
     <span class='ocr_line' id='line_1_4' title="bbox 200 543 1742 622; baseline 0.007 -24"><span class='ocrx_word' id='word_1_20' title='bbox 200 543 609 618; x_wconf 79' lang='grc' dir='ltr'>Ἃναθεματίζω</span> <span class='ocrx_word' id='word_1_21' title='bbox 649 550 775 613; x_wconf 82' lang='grc' dir='ltr'>τοὺς</span> <span class='ocrx_word' id='word_1_22' title='bbox 808 551 901 603; x_wconf 81' lang='grc' dir='ltr'>τὸν</span> <span class='ocrx_word' id='word_1_23' title='bbox 944 552 1179 622; x_wconf 77' lang='grc' dir='ltr'>Χριστὸν</span> <span class='ocrx_word' id='word_1_24' title='bbox 1208 553 1464 622; x_wconf 83' lang='grc' dir='ltr'>λέγοντας</span> <span class='ocrx_word' id='word_1_25' title='bbox 1506 552 1644 608; x_wconf 80' lang='grc' dir='ltr'>εἶναι</span> <span class='ocrx_word' id='word_1_26' title='bbox 1667 554 1742 608; x_wconf 67' lang='grc' dir='ltr'>τδε</span> 
     </span>
    </p>
   </div>
   <div class='ocr_carea' id='block_1_5' title="bbox 1898 543 3440 637">
    <p class='ocr_par' dir='ltr' id='par_1_5' title="bbox 1899 552 3440 637">
     <span class='ocr_line' id='line_1_5' title="bbox 1899 552 3440 637; baseline 0.017 -32"><span class='ocrx_word' id='word_1_27' title='bbox 1899 552 2107 619; x_wconf 81' lang='lat' dir='ltr'><strong>ilixum,</strong></span> <span class='ocrx_word' id='word_1_28' title='bbox 2139 572 2267 613; x_wconf 84' lang='lat' dir='ltr'><strong>vere</strong></span> <span class='ocrx_word' id='word_1_29' title='bbox 2298 572 2466 613; x_wconf 87' lang='lat' dir='ltr'><strong>carne</strong></span> <span class='ocrx_word' id='word_1_30' title='bbox 2494 568 2795 629; x_wconf 89' lang='lat' dir='ltr'><strong>mortuum,</strong></span> <span class='ocrx_word' id='word_1_31' title='bbox 2832 565 3106 637; x_wconf 88' lang='lat' dir='ltr'><strong>tertioque</strong></span> <span class='ocrx_word' id='word_1_32' title='bbox 3134 569 3222 625; x_wconf 93' lang='lat' dir='ltr'><strong>die</strong></span> <span class='ocrx_word' id='word_1_33' title='bbox 3263 578 3440 631; x_wconf 90' lang='lat' dir='ltr'><strong>susci-</strong></span> 
     </span>
    </p>
   </div>
   <div class='ocr_carea' id='block_1_6' title="bbox 183 638 1725 731">
    <p class='ocr_par' dir='ltr' id='par_1_6' title="bbox 183 638 1725 721">
     <span class='ocr_line' id='line_1_6' title="bbox 183 638 1725 721; baseline 0.008 -31"><span class='ocrx_word' id='word_1_34' title='bbox 183 638 357 710; x_wconf 72' lang='grc' dir='ltr'>ἥλιον,</span> <span class='ocrx_word' id='word_1_35' title='bbox 391 641 483 693; x_wconf 79' lang='grc' dir='ltr'>καὶ</span> <span class='ocrx_word' id='word_1_36' title='bbox 521 641 847 713; x_wconf 78' lang='grc' dir='ltr'><strong>εὐχομένους</strong></span> <span class='ocrx_word' id='word_1_37' title='bbox 874 643 952 713; x_wconf 85' lang='grc' dir='ltr'>τῷ</span> <span class='ocrx_word' id='word_1_38' title='bbox 983 645 1138 717; x_wconf 80' lang='grc' dir='ltr'>ἡλίῳ,</span> <span class='ocrx_word' id='word_1_39' title='bbox 1170 647 1201 718; x_wconf 83' lang='grc' dir='ltr'><strong>ἢ</strong></span> <span class='ocrx_word' id='word_1_40' title='bbox 1233 650 1297 717; x_wconf 79' lang='grc' dir='ltr'><strong>τῇ</strong></span> <span class='ocrx_word' id='word_1_41' title='bbox 1331 648 1551 721; x_wconf 82' lang='grc' dir='ltr'><strong>σελήνῃ,</strong></span> <span class='ocrx_word' id='word_1_42' title='bbox 1584 648 1616 719; x_wconf 82' lang='grc' dir='ltr'>ἢ</span> <span class='ocrx_word' id='word_1_43' title='bbox 1648 652 1725 702; x_wconf 67' lang='lat' dir='ltr'><strong>toi</strong></span> 
     </span>
    </p>
   </div>
   <div class='ocr_carea' id='block_1_7' title="bbox 1897 638 3439 731">
    <p class='ocr_par' dir='ltr' id='par_1_7' title="bbox 1897 652 3439 731">
     <span class='ocr_line' id='line_1_7' title="bbox 1897 652 3439 731; baseline 0.016 -31"><span class='ocrx_word' id='word_1_44' title='bbox 1897 654 2057 714; x_wconf 68' lang='lat' dir='ltr'><strong>stum,</strong></span> <span class='ocrx_word' id='word_1_45' title='bbox 2081 659 2268 720; x_wconf 88' lang='lat' dir='ltr'><strong>utpote</strong></span> <span class='ocrx_word' id='word_1_46' title='bbox 2303 652 2492 708; x_wconf 90' lang='lat' dir='ltr'><strong>Deum.</strong></span> <span class='ocrx_word' id='word_1_47' title='bbox 2514 655 2931 713; x_wconf 79' lang='lat' dir='ltr'><strong>Anatltematizo</strong></span> <span class='ocrx_word' id='word_1_48' title='bbox 2947 676 3041 714; x_wconf 84' lang='lat' dir='ltr'><strong>eos</strong></span> <span class='ocrx_word' id='word_1_49' title='bbox 3059 666 3151 731; x_wconf 86' lang='lat' dir='ltr'><strong>qui</strong></span> <span class='ocrx_word' id='word_1_50' title='bbox 3170 665 3439 725; x_wconf 76' lang='lat' dir='ltr'><strong>aliirmant</strong></span> 
     </span>
    </p>
   </div>
   <div class='ocr_carea' id='block_1_8' title="bbox 183 730 1725 828">
    <p class='ocr_par' dir='ltr' id='par_1_8' title="bbox 183 730 1725 809">
     <span class='ocr_line' id='line_1_8' title="bbox 183 730 1725 809; baseline 0.007 -27"><span class='ocrx_word' id='word_1_51' title='bbox 183 730 429 802; x_wconf 78' lang='grc' dir='ltr'><strong>ἄστροις,</strong></span> <span class='ocrx_word' id='word_1_52' title='bbox 466 734 557 785; x_wconf 72' lang='grc' dir='ltr'><strong>καὶ</strong></span> <span class='ocrx_word' id='word_1_53' title='bbox 579 733 716 797; x_wconf 83' lang='grc' dir='ltr'><strong>ὅλως</strong></span> <span class='ocrx_word' id='word_1_54' title='bbox 762 734 946 799; x_wconf 83' lang='grc' dir='ltr'>αὐτοῖς</span> <span class='ocrx_word' id='word_1_55' title='bbox 974 736 1049 798; x_wconf 80' lang='grc' dir='ltr'>ὡς</span> <span class='ocrx_word' id='word_1_56' title='bbox 1078 737 1220 800; x_wconf 86' lang='grc' dir='ltr'>θεοῖς</span> <span class='ocrx_word' id='word_1_57' title='bbox 1249 739 1633 809; x_wconf 80' lang='grc' dir='ltr'><strong>προσέχοντας,</strong></span> <span class='ocrx_word' id='word_1_58' title='bbox 1667 758 1725 793; x_wconf 82' lang='grc' dir='ltr'><strong>κο</strong></span> 
     </span>
    </p>
   </div>
   <div class='ocr_carea' id='block_1_9' title="bbox 1897 730 3439 828">
    <p class='ocr_par' dir='ltr' id='par_1_9' title="bbox 1897 739 3439 828">
     <span class='ocr_line' id='line_1_9' title="bbox 1897 739 3439 828; baseline 0.018 -37"><span class='ocrx_word' id='word_1_59' title='bbox 1897 739 2137 794; x_wconf 72' lang='lat' dir='ltr'><strong>lhristum</strong></span> <span class='ocrx_word' id='word_1_60' title='bbox 2157 759 2278 798; x_wconf 89' lang='lat' dir='ltr'><strong>esse</strong></span> <span class='ocrx_word' id='word_1_61' title='bbox 2292 746 2484 810; x_wconf 89' lang='lat' dir='ltr'><strong>solem,</strong></span> <span class='ocrx_word' id='word_1_62' title='bbox 2503 756 2555 802; x_wconf 92' lang='lat' dir='ltr'><strong>et</strong></span> <span class='ocrx_word' id='word_1_63' title='bbox 2571 748 2638 802; x_wconf 82' lang='lat' dir='ltr'><strong>ad</strong></span> <span class='ocrx_word' id='word_1_64' title='bbox 2657 750 2849 818; x_wconf 89' lang='lat' dir='ltr'><strong>solem,</strong></span> <span class='ocrx_word' id='word_1_65' title='bbox 2868 756 2951 809; x_wconf 76' lang='lat' dir='ltr'><strong>vel</strong></span> <span class='ocrx_word' id='word_1_66' title='bbox 2972 756 3176 828; x_wconf 89' lang='lat' dir='ltr'><strong>lunam,</strong></span> <span class='ocrx_word' id='word_1_67' title='bbox 3190 763 3272 817; x_wconf 86' lang='lat' dir='ltr'><strong>vel</strong></span> <span class='ocrx_word' id='word_1_68' title='bbox 3291 762 3439 819; x_wconf 87' lang='lat' dir='ltr'><strong>astra</strong></span> 
     </span>
    </p>
   </div>
   <div class='ocr_carea' id='block_1_10' title="bbox 185 824 1727 919">
    <p class='ocr_par' dir='ltr' id='par_1_10' title="bbox 185 824 1727 903">
     <span class='ocr_line' id='line_1_10' title="bbox 185 824 1727 903; baseline 0.006 -29"><span class='ocrx_word' id='word_1_69' title='bbox 185 826 515 893; x_wconf 77' lang='grc' dir='ltr'>φανοτάτους</span> <span class='ocrx_word' id='word_1_70' title='bbox 570 824 722 889; x_wconf 75' lang='grc' dir='ltr'>θεοὺς</span> <span class='ocrx_word' id='word_1_71' title='bbox 751 828 1181 893; x_wconf 76' lang='grc' dir='ltr'>ἀποκαλοῦντας·</span> <span class='ocrx_word' id='word_1_72' title='bbox 1226 831 1319 882; x_wconf 78' lang='grc' dir='ltr'><strong>καὶ</strong></span> <span class='ocrx_word' id='word_1_73' title='bbox 1361 832 1487 895; x_wconf 76' lang='grc' dir='ltr'>τοὺς</span> <span class='ocrx_word' id='word_1_74' title='bbox 1517 831 1590 902; x_wconf 84' lang='grc' dir='ltr'>μὴ</span> <span class='ocrx_word' id='word_1_75' title='bbox 1624 831 1727 903; x_wconf 81' lang='grc' dir='ltr'>πρὸ</span> 
     </span>
    </p>
   </div>
   <div class='ocr_carea' id='block_1_11' title="bbox 1890 824 3432 919">
    <p class='ocr_par' dir='ltr' id='par_1_11' title="bbox 1890 824 3432 919">
     <span class='ocr_line' id='line_1_11' title="bbox 1890 824 3432 919; baseline 0.019 -37"><span class='ocrx_word' id='word_1_76' title='bbox 1890 847 2052 888; x_wconf 70' lang='grc' dir='ltr'>ιι-οοεε</span> <span class='ocrx_word' id='word_1_77' title='bbox 2107 835 2380 904; x_wconf 83' lang='lat' dir='ltr'><strong>deferunt,</strong></span> <span class='ocrx_word' id='word_1_78' title='bbox 2402 841 2749 913; x_wconf 77' lang='lat' dir='ltr'><strong>omninoque</strong></span> <span class='ocrx_word' id='word_1_79' title='bbox 2777 845 2883 902; x_wconf 90' lang='lat' dir='ltr'><strong>illis</strong></span> <span class='ocrx_word' id='word_1_80' title='bbox 2905 858 2962 903; x_wconf 89' lang='lat' dir='ltr'><strong>ut</strong></span> <span class='ocrx_word' id='word_1_81' title='bbox 2984 849 3092 906; x_wconf 89' lang='lat' dir='ltr'><strong>diis</strong></span> <span class='ocrx_word' id='word_1_82' title='bbox 3123 824 3432 919; x_wconf 83' lang='lat' dir='ltr'><strong>attendunt.</strong></span> 
     </span>
    </p>
   </div>
   <div class='ocr_carea' id='block_1_12' title="bbox 183 912 1725 1018">
    <p class='ocr_par' dir='ltr' id='par_1_12' title="bbox 183 912 1722 990">
     <span class='ocr_line' id='line_1_12' title="bbox 183 912 1722 990; baseline 0.005 -23"><span class='ocrx_word' id='word_1_83' title='bbox 183 912 447 977; x_wconf 81' lang='grc' dir='ltr'>ἀνατολάς</span> <span class='ocrx_word' id='word_1_84' title='bbox 488 914 646 985; x_wconf 85' lang='grc' dir='ltr'>μόνον</span> <span class='ocrx_word' id='word_1_85' title='bbox 674 914 751 985; x_wconf 82' lang='grc' dir='ltr'><strong>τῷ</strong></span> <span class='ocrx_word' id='word_1_86' title='bbox 775 916 964 986; x_wconf 84' lang='grc' dir='ltr'>ἀληθεί</span> <span class='ocrx_word' id='word_1_87' title='bbox 991 917 1109 989; x_wconf 84' lang='grc' dir='ltr'><strong>Θεῴ</strong></span> <span class='ocrx_word' id='word_1_88' title='bbox 1143 919 1487 990; x_wconf 81' lang='grc' dir='ltr'><strong>εὐχομένους,</strong></span> <span class='ocrx_word' id='word_1_89' title='bbox 1529 921 1663 975; x_wconf 82' lang='grc' dir='ltr'>ἀλλὰ</span> <span class='ocrx_word' id='word_1_90' title='bbox 1691 938 1722 974; x_wconf 86' lang='grc' dir='ltr'><strong>τ</strong></span> 
     </span>
    </p>
   </div>
   <div class='ocr_carea' id='block_1_13' title="bbox 1892 912 3434 1018">
    <p class='ocr_par' dir='ltr' id='par_1_13' title="bbox 1892 931 3434 1018">
     <span class='ocr_line' id='line_1_13' title="bbox 1892 931 3434 1018; baseline 0.018 -41"><span class='ocrx_word' id='word_1_91' title='bbox 1892 933 2166 997; x_wconf 86' lang='lat' dir='ltr'><strong>ocantque</strong></span> <span class='ocrx_word' id='word_1_92' title='bbox 2218 931 2350 986; x_wconf 92' lang='lat' dir='ltr'><strong>deos</strong></span> <span class='ocrx_word' id='word_1_93' title='bbox 2401 931 2771 993; x_wconf 83' lang='lat' dir='ltr'><strong>lueidissintos</strong></span> <span class='ocrx_word' id='word_1_94' title='bbox 2820 940 2997 996; x_wconf 84' lang='lat' dir='ltr'><strong>:item</strong></span> <span class='ocrx_word' id='word_1_95' title='bbox 3034 959 3128 1001; x_wconf 91' lang='lat' dir='ltr'><strong>eos</strong></span> <span class='ocrx_word' id='word_1_96' title='bbox 3182 948 3275 1018; x_wconf 87' lang='lat' dir='ltr'><strong>qui</strong></span> <span class='ocrx_word' id='word_1_97' title='bbox 3324 966 3434 1006; x_wconf 93' lang='lat' dir='ltr'><strong>non</strong></span> 
     </span>
    </p>
   </div>
   <div class='ocr_carea' id='block_1_14' title="bbox 179 1005 1721 1111">
    <p class='ocr_par' dir='ltr' id='par_1_14' title="bbox 179 1005 1721 1087">
     <span class='ocr_line' id='line_1_14' title="bbox 179 1005 1721 1087; baseline 0.006 -29"><span class='ocrx_word' id='word_1_98' title='bbox 179 1005 275 1058; x_wconf 84' lang='grc' dir='ltr'><strong>τοῦ</strong></span> <span class='ocrx_word' id='word_1_99' title='bbox 306 1006 455 1076; x_wconf 82' lang='grc' dir='ltr'>ἡλίου</span> <span class='ocrx_word' id='word_1_100' title='bbox 484 1008 693 1078; x_wconf 80' lang='grc' dir='ltr'><strong>κινήσει</strong></span> <span class='ocrx_word' id='word_1_101' title='bbox 722 1012 1295 1082; x_wconf 76' lang='grc' dir='ltr'>συμπεριφερομένους</span> <span class='ocrx_word' id='word_1_102' title='bbox 1315 1015 1371 1066; x_wconf 85' lang='grc' dir='ltr'><strong>ὲν</strong></span> <span class='ocrx_word' id='word_1_103' title='bbox 1390 1015 1510 1077; x_wconf 85' lang='grc' dir='ltr'>ταῖς</span> <span class='ocrx_word' id='word_1_104' title='bbox 1543 1015 1721 1087; x_wconf 82' lang='grc' dir='ltr'>μυρίαι</span> 
     </span>
    </p>
   </div>
   <div class='ocr_carea' id='block_1_15' title="bbox 1891 1005 3433 1111">
    <p class='ocr_par' dir='ltr' id='par_1_15' title="bbox 1891 1005 3433 1111">
     <span class='ocr_line' id='line_1_15' title="bbox 1891 1005 3433 1111; baseline 0.017 -38"><span class='ocrx_word' id='word_1_105' title='bbox 1891 1018 2023 1074; x_wconf 76' lang='lat' dir='ltr'><strong>nodo</strong></span> <span class='ocrx_word' id='word_1_106' title='bbox 2047 1022 2113 1075; x_wconf 87' lang='lat' dir='ltr'><strong>ad</strong></span> <span class='ocrx_word' id='word_1_107' title='bbox 2146 1021 2425 1080; x_wconf 80' lang='lat' dir='ltr'><strong>Orientem</strong></span> <span class='ocrx_word' id='word_1_108' title='bbox 2467 1043 2596 1082; x_wconf 88' lang='lat' dir='ltr'><strong>vero</strong></span> <span class='ocrx_word' id='word_1_109' title='bbox 2628 1028 2740 1085; x_wconf 89' lang='lat' dir='ltr'><strong>Deo</strong></span> <span class='ocrx_word' id='word_1_110' title='bbox 2770 1036 3104 1104; x_wconf 89' lang='lat' dir='ltr'><strong>supplicant,</strong></span> <span class='ocrx_word' id='word_1_111' title='bbox 3138 1005 3233 1094; x_wconf 69' lang='lat' dir='ltr'><strong>sed</strong></span> <span class='ocrx_word' id='word_1_112' title='bbox 3278 1041 3433 1111; x_wconf 72' lang='lat' dir='ltr'><strong>juxta</strong></span> 
     </span>
    </p>
   </div>
   <div class='ocr_carea' id='block_1_16' title="bbox 177 1098 1719 1191">
    <p class='ocr_par' dir='ltr' id='par_1_16' title="bbox 177 1098 1719 1178">
     <span class='ocr_line' id='line_1_16' title="bbox 177 1098 1719 1178; baseline 0.006 -28"><span class='ocrx_word' id='word_1_113' title='bbox 177 1098 362 1152; x_wconf 78' lang='grc' dir='ltr'>αὐτῶν</span> <span class='ocrx_word' id='word_1_114' title='bbox 393 1102 741 1171; x_wconf 83' lang='grc' dir='ltr'>προσευχαῖς.</span> <span class='ocrx_word' id='word_1_115' title='bbox 786 1101 1191 1174; x_wconf 79' lang='grc' dir='ltr'>Ἀναθεματίζω</span> <span class='ocrx_word' id='word_1_116' title='bbox 1213 1105 1340 1170; x_wconf 80' lang='grc' dir='ltr'>τοὺς</span> <span class='ocrx_word' id='word_1_117' title='bbox 1369 1106 1461 1159; x_wconf 82' lang='grc' dir='ltr'><strong>τὸν</strong></span> <span class='ocrx_word' id='word_1_118' title='bbox 1491 1108 1719 1178; x_wconf 57' lang='grc' dir='ltr'>Ζαράδηη</span> 
     </span>
    </p>
   </div>
   <div class='ocr_carea' id='block_1_17' title="bbox 1892 1098 3434 1191">
    <p class='ocr_par' dir='ltr' id='par_1_17' title="bbox 1892 1116 3434 1191">
     <span class='ocr_line' id='line_1_17' title="bbox 1892 1116 3434 1191; baseline 0.017 -25"><span class='ocrx_word' id='word_1_119' title='bbox 1892 1123 2067 1168; x_wconf 76' lang='lat' dir='ltr'><strong>notum</strong></span> <span class='ocrx_word' id='word_1_120' title='bbox 2098 1116 2231 1173; x_wconf 90' lang='lat' dir='ltr'><strong>solis</strong></span> <span class='ocrx_word' id='word_1_121' title='bbox 2253 1118 2647 1177; x_wconf 80' lang='lat' dir='ltr'><strong>circumferunt</strong></span> <span class='ocrx_word' id='word_1_122' title='bbox 2672 1139 2731 1180; x_wconf 92' lang='lat' dir='ltr'><strong>se</strong></span> <span class='ocrx_word' id='word_1_123' title='bbox 2754 1126 2808 1180; x_wconf 92' lang='lat' dir='ltr'><strong>in</strong></span> <span class='ocrx_word' id='word_1_124' title='bbox 2832 1129 2946 1183; x_wconf 87' lang='lat' dir='ltr'><strong>suis</strong></span> <span class='ocrx_word' id='word_1_125' title='bbox 2976 1129 3279 1189; x_wconf 83' lang='lat' dir='ltr'><strong>innumeris</strong></span> <span class='ocrx_word' id='word_1_126' title='bbox 3307 1152 3434 1191; x_wconf 84' lang='lat' dir='ltr'><strong>ora-</strong></span> 
     </span>
    </p>
   </div>
   <div class='ocr_carea' id='block_1_18' title="bbox 177 1193 1719 1287">
    <p class='ocr_par' dir='ltr' id='par_1_18' title="bbox 177 1193 1719 1271">
     <span class='ocr_line' id='line_1_18' title="bbox 177 1193 1719 1271; baseline 0.006 -28"><span class='ocrx_word' id='word_1_127' title='bbox 177 1193 384 1245; x_wconf 75' lang='grc' dir='ltr'>καὶτὸν</span> <span class='ocrx_word' id='word_1_128' title='bbox 413 1194 631 1257; x_wconf 85' lang='grc' dir='ltr'>Βουδᾶν,</span> <span class='ocrx_word' id='word_1_129' title='bbox 660 1197 753 1249; x_wconf 75' lang='grc' dir='ltr'><strong>καὶ</strong></span> <span class='ocrx_word' id='word_1_130' title='bbox 780 1196 871 1250; x_wconf 80' lang='grc' dir='ltr'>τὸν</span> <span class='ocrx_word' id='word_1_131' title='bbox 897 1197 1152 1266; x_wconf 82' lang='grc' dir='ltr'>Χριστὸν,</span> <span class='ocrx_word' id='word_1_132' title='bbox 1184 1201 1277 1251; x_wconf 55' lang='grc' dir='ltr'><strong>καί¹</strong></span> <span class='ocrx_word' id='word_1_133' title='bbox 1310 1199 1399 1252; x_wconf 86' lang='grc' dir='ltr'><strong>τὸν</strong></span> <span class='ocrx_word' id='word_1_134' title='bbox 1433 1201 1719 1271; x_wconf 59' lang='grc' dir='ltr'>Μανιχαῖοι</span> 
     </span>
    </p>
   </div>
   <div class='ocr_carea' id='block_1_19' title="bbox 1887 1193 3429 1287">
    <p class='ocr_par' dir='ltr' id='par_1_19' title="bbox 1887 1204 3429 1287">
     <span class='ocr_line' id='line_1_19' title="bbox 1887 1204 3429 1287; baseline 0.018 -30"><span class='ocrx_word' id='word_1_135' title='bbox 1887 1204 2119 1263; x_wconf 88' lang='lat' dir='ltr'><strong>ionibus.</strong></span> <span class='ocrx_word' id='word_1_136' title='bbox 2140 1206 2553 1267; x_wconf 87' lang='lat' dir='ltr'><strong>Anathematizo</strong></span> <span class='ocrx_word' id='word_1_137' title='bbox 2576 1214 2699 1271; x_wconf 91' lang='lat' dir='ltr'><strong>illos</strong></span> <span class='ocrx_word' id='word_1_138' title='bbox 2734 1218 2828 1287; x_wconf 90' lang='lat' dir='ltr'><strong>qui</strong></span> <span class='ocrx_word' id='word_1_139' title='bbox 2852 1219 3115 1277; x_wconf 87' lang='lat' dir='ltr'><strong>Zaradem</strong></span> <span class='ocrx_word' id='word_1_140' title='bbox 3139 1231 3194 1279; x_wconf 92' lang='lat' dir='ltr'><strong>et</strong></span> <span class='ocrx_word' id='word_1_141' title='bbox 3222 1224 3429 1283; x_wconf 90' lang='lat' dir='ltr'><strong>Budam</strong></span> 
     </span>
    </p>
   </div>
   <div class='ocr_carea' id='block_1_20' title="bbox 175 1282 1717 1377">
    <p class='ocr_par' dir='ltr' id='par_1_20' title="bbox 175 1282 1717 1358">
     <span class='ocr_line' id='line_1_20' title="bbox 175 1282 1717 1358; baseline 0.005 -22"><span class='ocrx_word' id='word_1_142' title='bbox 175 1282 384 1336; x_wconf 75' lang='grc' dir='ltr'>καὶτὸν</span> <span class='ocrx_word' id='word_1_143' title='bbox 408 1283 577 1355; x_wconf 73' lang='grc' dir='ltr'>ἥλιον,</span> <span class='ocrx_word' id='word_1_144' title='bbox 603 1286 698 1340; x_wconf 76' lang='grc' dir='ltr'><strong>ἕνα</strong></span> <span class='ocrx_word' id='word_1_145' title='bbox 715 1287 807 1340; x_wconf 78' lang='grc' dir='ltr'>καὶ</span> <span class='ocrx_word' id='word_1_146' title='bbox 830 1287 920 1339; x_wconf 80' lang='grc' dir='ltr'><strong>τὸν</strong></span> <span class='ocrx_word' id='word_1_147' title='bbox 946 1286 1109 1340; x_wconf 81' lang='grc' dir='ltr'>αὐτὸν</span> <span class='ocrx_word' id='word_1_148' title='bbox 1128 1283 1267 1342; x_wconf 77' lang='grc' dir='ltr'>εἶναι</span> <span class='ocrx_word' id='word_1_149' title='bbox 1296 1288 1569 1358; x_wconf 80' lang='grc' dir='ltr'>λέγοντας.</span> <span class='ocrx_word' id='word_1_150' title='bbox 1608 1290 1717 1343; x_wconf 79' lang='grc' dir='ltr'>Ἀνο</span> 
     </span>
    </p>
   </div>
   <div class='ocr_carea' id='block_1_21' title="bbox 1885 1282 3427 1377">
    <p class='ocr_par' dir='ltr' id='par_1_21' title="bbox 1885 1282 3427 1377">
     <span class='ocr_line' id='line_1_21' title="bbox 1885 1282 3427 1377; baseline 0.018 -30"><span class='ocrx_word' id='word_1_151' title='bbox 1885 1307 1914 1351; x_wconf 66' lang='lat' dir='ltr'><strong>et</strong></span> <span class='ocrx_word' id='word_1_152' title='bbox 1939 1296 2220 1354; x_wconf 75' lang='lat' dir='ltr'><strong>Christum</strong></span> <span class='ocrx_word' id='word_1_153' title='bbox 2257 1309 2309 1357; x_wconf 84' lang='lat' dir='ltr'><strong>et</strong></span> <span class='ocrx_word' id='word_1_154' title='bbox 2350 1302 2708 1362; x_wconf 67' lang='lat' dir='ltr'><strong>Manichaeum</strong></span> <span class='ocrx_word' id='word_1_155' title='bbox 2749 1282 2803 1365; x_wconf 78' lang='lat' dir='ltr'><strong>et</strong></span> <span class='ocrx_word' id='word_1_156' title='bbox 2844 1313 3035 1377; x_wconf 91' lang='lat' dir='ltr'><strong>solem,</strong></span> <span class='ocrx_word' id='word_1_157' title='bbox 3071 1331 3242 1374; x_wconf 88' lang='lat' dir='ltr'><strong>unum</strong></span> <span class='ocrx_word' id='word_1_158' title='bbox 3275 1335 3427 1375; x_wconf 91' lang='lat' dir='ltr'><strong>eum-</strong></span> 
     </span>
    </p>
   </div>
   <div class='ocr_carea' id='block_1_22' title="bbox 175 1374 1717 1476">
    <p class='ocr_par' dir='ltr' id='par_1_22' title="bbox 175 1374 1717 1452">
     <span class='ocr_line' id='line_1_22' title="bbox 175 1374 1717 1452; baseline 0.006 -26"><span class='ocrx_word' id='word_1_159' title='bbox 175 1374 459 1444; x_wconf 75' lang='grc' dir='ltr'>θεματίζω</span> <span class='ocrx_word' id='word_1_160' title='bbox 512 1378 639 1441; x_wconf 80' lang='grc' dir='ltr'>τοῦς</span> <span class='ocrx_word' id='word_1_161' title='bbox 687 1378 777 1431; x_wconf 84' lang='grc' dir='ltr'><strong>τὸν</strong></span> <span class='ocrx_word' id='word_1_162' title='bbox 830 1378 1220 1450; x_wconf 86' lang='grc' dir='ltr'>Παράκλητον,</span> <span class='ocrx_word' id='word_1_163' title='bbox 1274 1380 1333 1433; x_wconf 83' lang='grc' dir='ltr'><strong>ὃν</strong></span> <span class='ocrx_word' id='word_1_164' title='bbox 1401 1382 1717 1452; x_wconf 67' lang='grc' dir='ltr'>ὲπηγγείλατ</span> 
     </span>
    </p>
   </div>
   <div class='ocr_carea' id='block_1_23' title="bbox 1886 1374 3428 1476">
    <p class='ocr_par' dir='ltr' id='par_1_23' title="bbox 1886 1388 3428 1476">
     <span class='ocr_line' id='line_1_23' title="bbox 1886 1388 3428 1476; baseline 0.016 -34"><span class='ocrx_word' id='word_1_165' title='bbox 1886 1388 2093 1460; x_wconf 88' lang='lat' dir='ltr'><strong>lemque</strong></span> <span class='ocrx_word' id='word_1_166' title='bbox 2120 1406 2241 1447; x_wconf 90' lang='lat' dir='ltr'><strong>esse</strong></span> <span class='ocrx_word' id='word_1_167' title='bbox 2264 1393 2476 1451; x_wconf 88' lang='lat' dir='ltr'><strong>dicunt.</strong></span> <span class='ocrx_word' id='word_1_168' title='bbox 2498 1399 2912 1457; x_wconf 81' lang='lat' dir='ltr'><strong>Anathematizo</strong></span> <span class='ocrx_word' id='word_1_169' title='bbox 2940 1421 3033 1460; x_wconf 89' lang='lat' dir='ltr'><strong>eos</strong></span> <span class='ocrx_word' id='word_1_170' title='bbox 3051 1407 3143 1476; x_wconf 84' lang='lat' dir='ltr'><strong>qui</strong></span> <span class='ocrx_word' id='word_1_171' title='bbox 3176 1407 3428 1467; x_wconf 86' lang='lat' dir='ltr'><strong>Paracle—</strong></span> 
     </span>
    </p>
   </div>
   <div class='ocr_carea' id='block_1_24' title="bbox 175 1466 1717 1567">
    <p class='ocr_par' dir='ltr' id='par_1_24' title="bbox 175 1466 1717 1540">
     <span class='ocr_line' id='line_1_24' title="bbox 175 1466 1717 1540; baseline 0.006 -23"><span class='ocrx_word' id='word_1_172' title='bbox 175 1466 418 1536; x_wconf 84' lang='grc' dir='ltr'><strong>πέμπειν</strong></span> <span class='ocrx_word' id='word_1_173' title='bbox 437 1470 466 1521; x_wconf 87' lang='grc' dir='ltr'>ὁ</span> <span class='ocrx_word' id='word_1_174' title='bbox 481 1467 701 1539; x_wconf 85' lang='grc' dir='ltr'>Κύριος,</span> <span class='ocrx_word' id='word_1_175' title='bbox 729 1470 1044 1540; x_wconf 88' lang='grc' dir='ltr'>τολμῶντας</span> <span class='ocrx_word' id='word_1_176' title='bbox 1068 1470 1248 1538; x_wconf 84' lang='grc' dir='ltr'>λέγειν</span> <span class='ocrx_word' id='word_1_177' title='bbox 1275 1471 1366 1524; x_wconf 83' lang='grc' dir='ltr'>τὸν</span> <span class='ocrx_word' id='word_1_178' title='bbox 1386 1472 1616 1525; x_wconf 79' lang='grc' dir='ltr'>δείλαιον</span> <span class='ocrx_word' id='word_1_179' title='bbox 1645 1476 1717 1527; x_wconf 71' lang='lat' dir='ltr'><strong>Mc</strong></span> 
     </span>
    </p>
   </div>
   <div class='ocr_carea' id='block_1_25' title="bbox 1886 1466 3428 1567">
    <p class='ocr_par' dir='ltr' id='par_1_25' title="bbox 1886 1482 3428 1567">
     <span class='ocr_line' id='line_1_25' title="bbox 1886 1482 3428 1567; baseline 0.018 -34"><span class='ocrx_word' id='word_1_180' title='bbox 1886 1495 1974 1534; x_wconf 90' lang='lat' dir='ltr'><strong>um</strong></span> <span class='ocrx_word' id='word_1_181' title='bbox 2022 1497 2182 1552; x_wconf 87' lang='lat' dir='ltr'><strong>quem</strong></span> <span class='ocrx_word' id='word_1_182' title='bbox 2220 1482 2482 1543; x_wconf 88' lang='lat' dir='ltr'><strong>Dominus</strong></span> <span class='ocrx_word' id='word_1_183' title='bbox 2516 1490 2813 1547; x_wconf 88' lang='lat' dir='ltr'><strong>missurum</strong></span> <span class='ocrx_word' id='word_1_184' title='bbox 2844 1510 2901 1550; x_wconf 86' lang='lat' dir='ltr'><strong>se</strong></span> <span class='ocrx_word' id='word_1_185' title='bbox 2927 1498 3199 1567; x_wconf 72' lang='lat' dir='ltr'><strong>promisit,</strong></span> <span class='ocrx_word' id='word_1_186' title='bbox 3225 1502 3428 1559; x_wconf 89' lang='lat' dir='ltr'><strong>audent</strong></span> 
     </span>
    </p>
   </div>
   <div class='ocr_carea' id='block_1_26' title="bbox 173 1559 1715 1655">
    <p class='ocr_par' dir='ltr' id='par_1_26' title="bbox 173 1559 1715 1637">
     <span class='ocr_line' id='line_1_26' title="bbox 173 1559 1715 1637; baseline 0.006 -25"><span class='ocrx_word' id='word_1_187' title='bbox 173 1575 355 1622; x_wconf 86' lang='grc' dir='ltr'>νεντα,</span> <span class='ocrx_word' id='word_1_188' title='bbox 398 1559 491 1611; x_wconf 76' lang='grc' dir='ltr'>καὶ</span> <span class='ocrx_word' id='word_1_189' title='bbox 528 1559 600 1631; x_wconf 84' lang='grc' dir='ltr'>μὴ</span> <span class='ocrx_word' id='word_1_190' title='bbox 640 1561 1032 1631; x_wconf 86' lang='grc' dir='ltr'>ὁμολογοῦντας</span> <span class='ocrx_word' id='word_1_191' title='bbox 1071 1563 1160 1617; x_wconf 80' lang='grc' dir='ltr'><strong>τὸν</strong></span> <span class='ocrx_word' id='word_1_192' title='bbox 1191 1563 1438 1635; x_wconf 85' lang='grc' dir='ltr'>ἀληθινὸν</span> <span class='ocrx_word' id='word_1_193' title='bbox 1468 1566 1715 1637; x_wconf 81' lang='grc' dir='ltr'>Παράκλτ</span> 
     </span>
    </p>
   </div>
   <div class='ocr_carea' id='block_1_27' title="bbox 1882 1559 3424 1655">
    <p class='ocr_par' dir='ltr' id='par_1_27' title="bbox 1882 1570 3424 1655">
     <span class='ocr_line' id='line_1_27' title="bbox 1882 1570 3424 1655; baseline 0.018 -31"><span class='ocrx_word' id='word_1_194' title='bbox 1882 1570 2039 1628; x_wconf 86' lang='lat' dir='ltr'><strong>licere</strong></span> <span class='ocrx_word' id='word_1_195' title='bbox 2069 1575 2332 1631; x_wconf 89' lang='lat' dir='ltr'><strong>miserum</strong></span> <span class='ocrx_word' id='word_1_196' title='bbox 2364 1578 2651 1646; x_wconf 83' lang='lat' dir='ltr'><strong>Manetem,</strong></span> <span class='ocrx_word' id='word_1_197' title='bbox 2680 1599 2856 1655; x_wconf 89' lang='lat' dir='ltr'><strong>neque</strong></span> <span class='ocrx_word' id='word_1_198' title='bbox 2880 1594 3209 1647; x_wconf 82' lang='lat' dir='ltr'><strong>conﬁtentur</strong></span> <span class='ocrx_word' id='word_1_199' title='bbox 3236 1612 3424 1652; x_wconf 82' lang='lat' dir='ltr'><strong>verum</strong></span> 
     </span>
    </p>
   </div>
   <div class='ocr_carea' id='block_1_28' title="bbox 172 1651 1714 1749">
    <p class='ocr_par' dir='ltr' id='par_1_28' title="bbox 172 1651 1714 1729">
     <span class='ocr_line' id='line_1_28' title="bbox 172 1651 1714 1729; baseline 0.006 -28"><span class='ocrx_word' id='word_1_200' title='bbox 172 1664 270 1702; x_wconf 85' lang='grc' dir='ltr'>τον</span> <span class='ocrx_word' id='word_1_201' title='bbox 301 1651 363 1703; x_wconf 84' lang='grc' dir='ltr'>τὸ</span> <span class='ocrx_word' id='word_1_202' title='bbox 400 1651 624 1722; x_wconf 83' lang='grc' dir='ltr'>Πνεῦμα</span> <span class='ocrx_word' id='word_1_203' title='bbox 651 1654 749 1724; x_wconf 85' lang='grc' dir='ltr'>τῆς</span> <span class='ocrx_word' id='word_1_204' title='bbox 776 1653 1053 1726; x_wconf 80' lang='grc' dir='ltr'><strong>ἀληθείας,</strong></span> <span class='ocrx_word' id='word_1_205' title='bbox 1100 1655 1129 1708; x_wconf 89' lang='grc' dir='ltr'><strong>δ</strong></span> <span class='ocrx_word' id='word_1_206' title='bbox 1174 1658 1290 1719; x_wconf 86' lang='grc' dir='ltr'>τοῖς</span> <span class='ocrx_word' id='word_1_207' title='bbox 1318 1656 1495 1725; x_wconf 81' lang='grc' dir='ltr'>ἁγίοις</span> <span class='ocrx_word' id='word_1_208' title='bbox 1522 1658 1714 1729; x_wconf 81' lang='grc' dir='ltr'>Χριστο</span> 
     </span>
    </p>
   </div>
   <div class='ocr_carea' id='block_1_29' title="bbox 1884 1651 3426 1749">
    <p class='ocr_par' dir='ltr' id='par_1_29' title="bbox 1884 1651 3426 1749">
     <span class='ocr_line' id='line_1_29' title="bbox 1884 1651 3426 1749; baseline 0.018 -32"><span class='ocrx_word' id='word_1_209' title='bbox 1884 1665 2198 1723; x_wconf 70' lang='lat' dir='ltr'><strong>&#39;aracletum</strong></span> <span class='ocrx_word' id='word_1_210' title='bbox 2224 1668 2487 1740; x_wconf 77' lang='lat' dir='ltr'><strong>Spiritum</strong></span> <span class='ocrx_word' id='word_1_211' title='bbox 2507 1651 2879 1749; x_wconf 42' lang='lat' dir='ltr'><strong>veritatis-qui</strong></span> <span class='ocrx_word' id='word_1_212' title='bbox 2906 1682 2959 1735; x_wconf 90' lang='lat' dir='ltr'><strong>in</strong></span> <span class='ocrx_word' id='word_1_213' title='bbox 2979 1694 3199 1743; x_wconf 82' lang='lat' dir='ltr'><strong>sam-tos</strong></span> <span class='ocrx_word' id='word_1_214' title='bbox 3219 1686 3426 1746; x_wconf 82' lang='lat' dir='ltr'><strong>Christi</strong></span> 
     </span>
    </p>
   </div>
   <div class='ocr_carea' id='block_1_30' title="bbox 177 1740 1719 1845">
    <p class='ocr_par' dir='ltr' id='par_1_30' title="bbox 177 1740 1719 1818">
     <span class='ocr_line' id='line_1_30' title="bbox 177 1740 1719 1818; baseline 0.006 -27"><span class='ocrx_word' id='word_1_215' title='bbox 177 1740 449 1811; x_wconf 82' lang='grc' dir='ltr'><strong>μαθηταῖς</strong></span> <span class='ocrx_word' id='word_1_216' title='bbox 475 1742 569 1794; x_wconf 58' lang='grc' dir='ltr'><strong>καὶ⁹</strong></span> <span class='ocrx_word' id='word_1_217' title='bbox 592 1743 906 1807; x_wconf 83' lang='grc' dir='ltr'>ἀποστόλοις</span> <span class='ocrx_word' id='word_1_218' title='bbox 930 1745 1287 1815; x_wconf 83' lang='grc' dir='ltr'>ὲπεφοίτησεν</span> <span class='ocrx_word' id='word_1_219' title='bbox 1320 1749 1377 1800; x_wconf 82' lang='grc' dir='ltr'><strong>ὲν</strong></span> <span class='ocrx_word' id='word_1_220' title='bbox 1403 1750 1467 1818; x_wconf 85' lang='grc' dir='ltr'>τῇ</span> <span class='ocrx_word' id='word_1_221' title='bbox 1489 1748 1589 1818; x_wconf 83' lang='grc' dir='ltr'><strong>τῆς</strong></span> <span class='ocrx_word' id='word_1_222' title='bbox 1615 1749 1719 1801; x_wconf 83' lang='grc' dir='ltr'>Πεν</span> 
     </span>
    </p>
   </div>
   <div class='ocr_carea' id='block_1_31' title="bbox 1880 1740 3422 1845">
    <p class='ocr_par' dir='ltr' id='par_1_31' title="bbox 1880 1740 3422 1845">
     <span class='ocr_line' id='line_1_31' title="bbox 1880 1740 3422 1845; baseline 0.022 -42"><span class='ocrx_word' id='word_1_223' title='bbox 1880 1751 2155 1822; x_wconf 88' lang='lat' dir='ltr'><strong>Iiscipulos</strong></span> <span class='ocrx_word' id='word_1_224' title='bbox 2197 1772 2260 1811; x_wconf 89' lang='lat' dir='ltr'><strong>ac</strong></span> <span class='ocrx_word' id='word_1_225' title='bbox 2298 1762 2576 1828; x_wconf 84' lang='lat' dir='ltr'><strong>apostolos</strong></span> <span class='ocrx_word' id='word_1_226' title='bbox 2606 1740 2889 1823; x_wconf 74' lang='lat' dir='ltr'><strong>descendit</strong></span> <span class='ocrx_word' id='word_1_227' title='bbox 2923 1772 3011 1826; x_wconf 91' lang='lat' dir='ltr'><strong>die</strong></span> <span class='ocrx_word' id='word_1_228' title='bbox 3035 1772 3387 1836; x_wconf 90' lang='lat' dir='ltr'><strong>Pentecostes</strong></span> <span class='ocrx_word' id='word_1_229' title='bbox 3407 1822 3422 1845; x_wconf 89' lang='lat'><strong>,</strong></span> 
     </span>
    </p>
   </div>
   <div class='ocr_carea' id='block_1_32' title="bbox 171 1809 1713 1937">
    <p class='ocr_par' dir='ltr' id='par_1_32' title="bbox 171 1809 1713 1912">
     <span class='ocr_line' id='line_1_32' title="bbox 171 1809 1713 1912; baseline 0.006 -27"><span class='ocrx_word' id='word_1_230' title='bbox 171 1809 449 1905; x_wconf 79' lang='grc' dir='ltr'>τηκοστῆς</span> <span class='ocrx_word' id='word_1_231' title='bbox 476 1834 679 1905; x_wconf 71' lang='grc' dir='ltr'>ἡμέρᾳ,</span> <span class='ocrx_word' id='word_1_232' title='bbox 721 1835 788 1889; x_wconf 85' lang='grc' dir='ltr'>δι’</span> <span class='ocrx_word' id='word_1_233' title='bbox 809 1831 870 1891; x_wconf 79' lang='grc' dir='ltr'>οὗ</span> <span class='ocrx_word' id='word_1_234' title='bbox 895 1837 989 1891; x_wconf 72' lang='grc' dir='ltr'><strong>καὶ</strong></span> <span class='ocrx_word' id='word_1_235' title='bbox 1017 1809 1118 1902; x_wconf 79' lang='grc' dir='ltr'>τὰς</span> <span class='ocrx_word' id='word_1_236' title='bbox 1142 1809 1249 1892; x_wconf 79' lang='grc' dir='ltr'>ὑπὸ</span> <span class='ocrx_word' id='word_1_237' title='bbox 1272 1838 1363 1892; x_wconf 80' lang='grc' dir='ltr'><strong>τὸν</strong></span> <span class='ocrx_word' id='word_1_238' title='bbox 1388 1809 1615 1912; x_wconf 69' lang='grc' dir='ltr'>ούρανδν</span> <span class='ocrx_word' id='word_1_239' title='bbox 1637 1842 1713 1895; x_wconf 82' lang='grc' dir='ltr'><strong>διο</strong></span> 
     </span>
    </p>
   </div>
   <div class='ocr_carea' id='block_1_33' title="bbox 1879 1809 3421 1937">
    <p class='ocr_par' dir='ltr' id='par_1_33' title="bbox 1879 1809 3421 1937">
     <span class='ocr_line' id='line_1_33' title="bbox 1998 1809 3421 1845; baseline 0.022 -40"><span class='ocrx_word' id='word_1_240' title='bbox 1998 1809 2013 1822; x_wconf 78' lang='lat'>_</span> <span class='ocrx_word' id='word_1_241' title='bbox 2139 1809 2148 1811; x_wconf 68' lang='grc'>,</span> <span class='ocrx_word' id='word_1_242' title='bbox 2241 1809 2253 1811; x_wconf 95' lang='lat'>_</span> <span class='ocrx_word' id='word_1_243' title='bbox 2301 1809 2575 1828; x_wconf 50' lang='grc' dir='ltr'><strong>-.ιη----νυ</strong></span> <span class='ocrx_word' id='word_1_244' title='bbox 2608 1809 2889 1823; x_wconf 48' lang='lat' dir='ltr'><strong>&quot;vecta-un</strong></span> <span class='ocrx_word' id='word_1_245' title='bbox 2923 1809 3009 1826; x_wconf 74' lang='grc' dir='ltr'><strong>υιυ</strong></span> <span class='ocrx_word' id='word_1_246' title='bbox 3035 1809 3056 1826; x_wconf 75' lang='grc' dir='ltr'>ι</span> <span class='ocrx_word' id='word_1_247' title='bbox 3078 1809 3387 1836; x_wconf 64' lang='grc' dir='ltr'><strong>ωιιυυυδιῦδ</strong></span> <span class='ocrx_word' id='word_1_248' title='bbox 3407 1822 3421 1845; x_wconf 63' lang='grc' dir='ltr'><strong>ε</strong></span> 
     </span>
     <span class='ocr_line' id='line_1_34' title="bbox 1879 1852 3421 1937; baseline 0.019 -39"><span class='ocrx_word' id='word_1_249' title='bbox 1879 1860 1953 1899; x_wconf 70' lang='lat' dir='ltr'><strong>ter</strong></span> <span class='ocrx_word' id='word_1_250' title='bbox 1998 1862 2158 1916; x_wconf 87' lang='lat' dir='ltr'><strong>quem</strong></span> <span class='ocrx_word' id='word_1_251' title='bbox 2192 1857 2247 1903; x_wconf 92' lang='lat' dir='ltr'><strong>et</strong></span> <span class='ocrx_word' id='word_1_252' title='bbox 2282 1852 2449 1906; x_wconf 88' lang='lat' dir='ltr'><strong>totius</strong></span> <span class='ocrx_word' id='word_1_253' title='bbox 2476 1854 2625 1911; x_wconf 79' lang='lat' dir='ltr'><strong>orbis</strong></span> <span class='ocrx_word' id='word_1_254' title='bbox 2656 1856 2867 1929; x_wconf 83' lang='lat' dir='ltr'><strong>linguas</strong></span> <span class='ocrx_word' id='word_1_255' title='bbox 2898 1870 3057 1919; x_wconf 89' lang='lat' dir='ltr'><strong>notas</strong></span> <span class='ocrx_word' id='word_1_256' title='bbox 3088 1866 3421 1937; x_wconf 88' lang='lat' dir='ltr'><strong>habuerunt,</strong></span> 
     </span>
    </p>
   </div>
   <div class='ocr_carea' id='block_1_34' title="bbox 171 1924 1713 2031">
    <p class='ocr_par' dir='ltr' id='par_1_34' title="bbox 171 1924 1713 2002">
     <span class='ocr_line' id='line_1_35' title="bbox 171 1924 1713 2002; baseline 0.006 -25"><span class='ocrx_word' id='word_1_257' title='bbox 171 1924 401 1988; x_wconf 84' lang='grc' dir='ltr'>λέκτους</span> <span class='ocrx_word' id='word_1_258' title='bbox 423 1925 685 1995; x_wconf 74' lang='grc' dir='ltr'>ἔγνωσαν,</span> <span class='ocrx_word' id='word_1_259' title='bbox 717 1927 812 1981; x_wconf 76' lang='grc' dir='ltr'><strong>καὶ</strong></span> <span class='ocrx_word' id='word_1_260' title='bbox 843 1929 1069 2000; x_wconf 80' lang='grc' dir='ltr'>νεκροὺς</span> <span class='ocrx_word' id='word_1_261' title='bbox 1096 1930 1349 2002; x_wconf 77' lang='grc' dir='ltr'>ηγειραν,</span> <span class='ocrx_word' id='word_1_262' title='bbox 1400 1932 1494 1984; x_wconf 62' lang='grc' dir='ltr'><strong>καὶ¹</strong></span> <span class='ocrx_word' id='word_1_263' title='bbox 1520 1932 1589 1985; x_wconf 87' lang='grc' dir='ltr'><strong>τά</strong></span> <span class='ocrx_word' id='word_1_264' title='bbox 1618 1932 1713 1988; x_wconf 83' lang='grc' dir='ltr'>άλλ</span> 
     </span>
    </p>
   </div>
   <div class='ocr_carea' id='block_1_35' title="bbox 1881 1924 3423 2031">
    <p class='ocr_par' dir='ltr' id='par_1_35' title="bbox 1881 1943 3423 2031">
     <span class='ocr_line' id='line_1_36' title="bbox 1881 1943 3423 2031; baseline 0.016 -40"><span class='ocrx_word' id='word_1_265' title='bbox 1881 1955 1918 1993; x_wconf 62' lang='lat' dir='ltr'><strong>:c</strong></span> <span class='ocrx_word' id='word_1_266' title='bbox 1951 1946 2197 1995; x_wconf 88' lang='lat' dir='ltr'><strong>mortuos</strong></span> <span class='ocrx_word' id='word_1_267' title='bbox 2237 1943 2608 2011; x_wconf 87' lang='lat' dir='ltr'><strong>suscitarunt,</strong></span> <span class='ocrx_word' id='word_1_268' title='bbox 2640 1948 2856 2020; x_wconf 86' lang='lat' dir='ltr'><strong>aliaque</strong></span> <span class='ocrx_word' id='word_1_269' title='bbox 2901 1955 3166 2011; x_wconf 84' lang='lat' dir='ltr'><strong>miracula</strong></span> <span class='ocrx_word' id='word_1_270' title='bbox 3210 1963 3423 2031; x_wconf 87' lang='lat' dir='ltr'><strong>operati</strong></span> 
     </span>
    </p>
   </div>
   <div class='ocr_carea' id='block_1_36' title="bbox 172 2019 1714 2110">
    <p class='ocr_par' dir='ltr' id='par_1_36' title="bbox 172 2019 1714 2099">
     <span class='ocr_line' id='line_1_37' title="bbox 172 2019 1714 2099; baseline 0.005 -27"><span class='ocrx_word' id='word_1_271' title='bbox 172 2019 456 2091; x_wconf 80' lang='grc' dir='ltr'>παράδοξα</span> <span class='ocrx_word' id='word_1_272' title='bbox 475 2022 815 2091; x_wconf 86' lang='grc' dir='ltr'>είργάσαντο.</span> <span class='ocrx_word' id='word_1_273' title='bbox 855 2023 1263 2095; x_wconf 75' lang='grc' dir='ltr'>Ἀναθεματίζω</span> <span class='ocrx_word' id='word_1_274' title='bbox 1275 2025 1401 2089; x_wconf 80' lang='grc' dir='ltr'>τοὺς</span> <span class='ocrx_word' id='word_1_275' title='bbox 1423 2025 1523 2090; x_wconf 79' lang='grc' dir='ltr'>τὰς</span> <span class='ocrx_word' id='word_1_276' title='bbox 1550 2027 1714 2099; x_wconf 74' lang='grc' dir='ltr'>ἀνθρυ</span> 
     </span>
    </p>
   </div>
   <div class='ocr_carea' id='block_1_37' title="bbox 1881 2019 3423 2110">
    <p class='ocr_par' dir='ltr' id='par_1_37' title="bbox 1885 2019 3423 2110">
     <span class='ocr_line' id='line_1_38' title="bbox 1885 2019 3423 2110; baseline 0.018 -27"><span class='ocrx_word' id='word_1_277' title='bbox 1885 2037 2002 2086; x_wconf 84' lang='lat' dir='ltr'><strong>unt.</strong></span> <span class='ocrx_word' id='word_1_278' title='bbox 2042 2030 2455 2090; x_wconf 87' lang='lat' dir='ltr'><strong>Anatbematizo</strong></span> <span class='ocrx_word' id='word_1_279' title='bbox 2493 2052 2589 2093; x_wconf 91' lang='lat' dir='ltr'><strong>eos</strong></span> <span class='ocrx_word' id='word_1_280' title='bbox 2619 2041 2713 2110; x_wconf 91' lang='lat' dir='ltr'><strong>qui</strong></span> <span class='ocrx_word' id='word_1_281' title='bbox 2746 2019 3015 2101; x_wconf 84' lang='lat' dir='ltr'><strong>humanas</strong></span> <span class='ocrx_word' id='word_1_282' title='bbox 3058 2019 3268 2109; x_wconf 70' lang='lat' dir='ltr'><strong>animas</strong></span> <span class='ocrx_word' id='word_1_283' title='bbox 3313 2053 3423 2110; x_wconf 87' lang='lat' dir='ltr'><strong>Deo</strong></span> 
     </span>
    </p>
   </div>
   <div class='ocr_carea' id='block_1_38' title="bbox 172 2112 1714 2209">
    <p class='ocr_par' dir='ltr' id='par_1_38' title="bbox 172 2112 1714 2190">
     <span class='ocr_line' id='line_1_39' title="bbox 172 2112 1714 2190; baseline 0.006 -25"><span class='ocrx_word' id='word_1_284' title='bbox 172 2112 336 2176; x_wconf 87' lang='grc' dir='ltr'>πίνας</span> <span class='ocrx_word' id='word_1_285' title='bbox 356 2112 532 2184; x_wconf 80' lang='grc' dir='ltr'>ψυχὰς</span> <span class='ocrx_word' id='word_1_286' title='bbox 560 2113 816 2182; x_wconf 78' lang='grc' dir='ltr'>λέγοντας</span> <span class='ocrx_word' id='word_1_287' title='bbox 856 2115 1171 2186; x_wconf 84' lang='grc' dir='ltr'>ὁμοουσίους</span> <span class='ocrx_word' id='word_1_288' title='bbox 1206 2112 1343 2171; x_wconf 77' lang='grc' dir='ltr'>εἶναι</span> <span class='ocrx_word' id='word_1_289' title='bbox 1374 2118 1453 2190; x_wconf 82' lang='grc' dir='ltr'>τῷ</span> <span class='ocrx_word' id='word_1_290' title='bbox 1483 2118 1621 2190; x_wconf 82' lang='grc' dir='ltr'>Θεῷ,</span> <span class='ocrx_word' id='word_1_291' title='bbox 1658 2138 1714 2175; x_wconf 76' lang='grc' dir='ltr'><strong>κο</strong></span> 
     </span>
    </p>
   </div>
   <div class='ocr_carea' id='block_1_39' title="bbox 1876 2112 3418 2209">
    <p class='ocr_par' dir='ltr' id='par_1_39' title="bbox 1876 2118 3418 2209">
     <span class='ocr_line' id='line_1_40' title="bbox 1876 2118 3418 2209; baseline 0.019 -39"><span class='ocrx_word' id='word_1_292' title='bbox 1876 2118 2353 2178; x_wconf 88' lang='lat' dir='ltr'><strong>:onsubstantiales</strong></span> <span class='ocrx_word' id='word_1_293' title='bbox 2398 2123 2618 2191; x_wconf 90' lang='lat' dir='ltr'><strong>dicunt,</strong></span> <span class='ocrx_word' id='word_1_294' title='bbox 2660 2136 2715 2183; x_wconf 91' lang='lat' dir='ltr'><strong>et</strong></span> <span class='ocrx_word' id='word_1_295' title='bbox 2757 2146 2788 2185; x_wconf 88' lang='lat' dir='ltr'><strong>a</strong></span> <span class='ocrx_word' id='word_1_296' title='bbox 2833 2136 3061 2189; x_wconf 82' lang='lat' dir='ltr'><strong>materia</strong></span> <span class='ocrx_word' id='word_1_297' title='bbox 3106 2139 3418 2209; x_wconf 85' lang='lat' dir='ltr'><strong>absorberi,</strong></span> 
     </span>
    </p>
   </div>
   <div class='ocr_carea' id='block_1_40' title="bbox 172 2202 1714 2303">
    <p class='ocr_par' dir='ltr' id='par_1_40' title="bbox 172 2202 1714 2277">
     <span class='ocr_line' id='line_1_41' title="bbox 172 2202 1714 2277; baseline 0.007 -22"><span class='ocrx_word' id='word_1_298' title='bbox 172 2202 281 2256; x_wconf 74' lang='grc' dir='ltr'><strong>ὑπὸ</strong></span> <span class='ocrx_word' id='word_1_299' title='bbox 312 2204 411 2274; x_wconf 85' lang='grc' dir='ltr'>τῆς</span> <span class='ocrx_word' id='word_1_300' title='bbox 452 2203 584 2275; x_wconf 81' lang='grc' dir='ltr'>ὕλης</span> <span class='ocrx_word' id='word_1_301' title='bbox 613 2205 1004 2277; x_wconf 82' lang='grc' dir='ltr'><strong>καταποθῆναι,</strong></span> <span class='ocrx_word' id='word_1_302' title='bbox 1035 2207 1130 2260; x_wconf 73' lang='grc' dir='ltr'><strong>καὶ</strong></span> <span class='ocrx_word' id='word_1_303' title='bbox 1172 2207 1495 2274; x_wconf 79' lang='grc' dir='ltr'>καθέζεσθαι</span> <span class='ocrx_word' id='word_1_304' title='bbox 1525 2210 1620 2264; x_wconf 91' lang='grc' dir='ltr'><strong>νῦν</strong></span> <span class='ocrx_word' id='word_1_305' title='bbox 1657 2211 1714 2265; x_wconf 73' lang='grc' dir='ltr'>τὸ</span> 
     </span>
    </p>
   </div>
   <div class='ocr_carea' id='block_1_41' title="bbox 1881 2202 3423 2303">
    <p class='ocr_par' dir='ltr' id='par_1_41' title="bbox 1881 2211 3423 2303">
     <span class='ocr_line' id='line_1_42' title="bbox 1881 2211 3423 2303; baseline 0.016 -40"><span class='ocrx_word' id='word_1_306' title='bbox 1881 2225 2107 2280; x_wconf 52' lang='lat' dir='ltr'><strong>tuncque</strong></span> <span class='ocrx_word' id='word_1_307' title='bbox 2136 2211 2330 2269; x_wconf 90' lang='lat' dir='ltr'><strong>sedere</strong></span> <span class='ocrx_word' id='word_1_308' title='bbox 2367 2213 2537 2270; x_wconf 93' lang='lat' dir='ltr'><strong>Deum</strong></span> <span class='ocrx_word' id='word_1_309' title='bbox 2583 2232 2649 2273; x_wconf 90' lang='lat' dir='ltr'><strong>ac</strong></span> <span class='ocrx_word' id='word_1_310' title='bbox 2688 2235 2782 2275; x_wconf 90' lang='lat' dir='ltr'><strong>eas</strong></span> <span class='ocrx_word' id='word_1_311' title='bbox 2814 2221 3035 2280; x_wconf 89' lang='lat' dir='ltr'><strong>haurire</strong></span> <span class='ocrx_word' id='word_1_312' title='bbox 3071 2228 3138 2282; x_wconf 88' lang='lat' dir='ltr'><strong>ab</strong></span> <span class='ocrx_word' id='word_1_313' title='bbox 3170 2229 3281 2285; x_wconf 92' lang='lat' dir='ltr'><strong>imo</strong></span> <span class='ocrx_word' id='word_1_314' title='bbox 3325 2250 3423 2303; x_wconf 80' lang='lat' dir='ltr'><strong>per</strong></span> 
     </span>
    </p>
   </div>
   <div class='ocr_carea' id='block_1_42' title="bbox 170 2293 1712 2389">
    <p class='ocr_par' dir='ltr' id='par_1_42' title="bbox 170 2293 1712 2374">
     <span class='ocr_line' id='line_1_43' title="bbox 170 2293 1712 2374; baseline 0.008 -29"><span class='ocrx_word' id='word_1_315' title='bbox 170 2293 327 2358; x_wconf 76' lang='grc' dir='ltr'>Θεὸν,</span> <span class='ocrx_word' id='word_1_316' title='bbox 358 2295 451 2347; x_wconf 75' lang='grc' dir='ltr'>καὶ</span> <span class='ocrx_word' id='word_1_317' title='bbox 472 2295 673 2359; x_wconf 88' lang='grc' dir='ltr'>ταύτας</span> <span class='ocrx_word' id='word_1_318' title='bbox 689 2296 960 2363; x_wconf 78' lang='grc' dir='ltr'><strong>ἐξαντλεῖν</strong></span> <span class='ocrx_word' id='word_1_319' title='bbox 988 2298 1232 2352; x_wconf 80' lang='grc' dir='ltr'><strong>κάτωθεν</strong></span> <span class='ocrx_word' id='word_1_320' title='bbox 1254 2299 1341 2353; x_wconf 86' lang='grc' dir='ltr'>διὰ</span> <span class='ocrx_word' id='word_1_321' title='bbox 1364 2300 1457 2354; x_wconf 86' lang='grc' dir='ltr'><strong>τοῦ</strong></span> <span class='ocrx_word' id='word_1_322' title='bbox 1487 2302 1636 2374; x_wconf 80' lang='grc' dir='ltr'>ἡλίου</span> <span class='ocrx_word' id='word_1_323' title='bbox 1658 2321 1712 2357; x_wconf 76' lang='grc' dir='ltr'><strong>κο</strong></span> 
     </span>
    </p>
   </div>
   <div class='ocr_carea' id='block_1_43' title="bbox 1880 2293 3422 2389">
    <p class='ocr_par' dir='ltr' id='par_1_43' title="bbox 1881 2308 3422 2389">
     <span class='ocr_line' id='line_1_44' title="bbox 1881 2308 3422 2389; baseline 0.016 -29"><span class='ocrx_word' id='word_1_324' title='bbox 1881 2308 2019 2362; x_wconf 87' lang='lat' dir='ltr'><strong>olem</strong></span> <span class='ocrx_word' id='word_1_325' title='bbox 2042 2316 2096 2363; x_wconf 91' lang='lat' dir='ltr'><strong>et</strong></span> <span class='ocrx_word' id='word_1_326' title='bbox 2124 2308 2330 2373; x_wconf 89' lang='lat' dir='ltr'><strong>lunam,</strong></span> <span class='ocrx_word' id='word_1_327' title='bbox 2363 2328 2484 2381; x_wconf 65' lang='lat' dir='ltr'><strong>quae</strong></span> <span class='ocrx_word' id='word_1_328' title='bbox 2512 2315 2673 2369; x_wconf 89' lang='lat' dir='ltr'><strong>etiam</strong></span> <span class='ocrx_word' id='word_1_329' title='bbox 2700 2317 2915 2389; x_wconf 80' lang='lat' dir='ltr'><strong>navigia</strong></span> <span class='ocrx_word' id='word_1_330' title='bbox 2948 2335 3162 2380; x_wconf 85' lang='lat' dir='ltr'><strong>vocant.</strong></span> <span class='ocrx_word' id='word_1_331' title='bbox 3189 2326 3422 2387; x_wconf 88' lang='lat' dir='ltr'><strong>Anathe-</strong></span> 
     </span>
    </p>
   </div>
   <div class='ocr_carea' id='block_1_44' title="bbox 168 2386 1710 2490">
    <p class='ocr_par' dir='ltr' id='par_1_44' title="bbox 168 2386 1710 2468">
     <span class='ocr_line' id='line_1_45' title="bbox 168 2386 1710 2468; baseline 0.007 -29"><span class='ocrx_word' id='word_1_332' title='bbox 168 2386 273 2456; x_wconf 81' lang='grc' dir='ltr'>τῆς</span> <span class='ocrx_word' id='word_1_333' title='bbox 319 2386 568 2459; x_wconf 82' lang='grc' dir='ltr'><strong>σελήνης,</strong></span> <span class='ocrx_word' id='word_1_334' title='bbox 611 2388 648 2443; x_wconf 73' lang='grc' dir='ltr'><strong>ἃ.</strong></span> <span class='ocrx_word' id='word_1_335' title='bbox 677 2390 771 2442; x_wconf 72' lang='grc' dir='ltr'><strong>καὶ</strong></span> <span class='ocrx_word' id='word_1_336' title='bbox 816 2389 973 2443; x_wconf 85' lang='grc' dir='ltr'>πλοῖα</span> <span class='ocrx_word' id='word_1_337' title='bbox 1015 2392 1288 2448; x_wconf 88' lang='grc' dir='ltr'>καλοῦσιν.</span> <span class='ocrx_word' id='word_1_338' title='bbox 1341 2395 1710 2468; x_wconf 59' lang='grc' dir='ltr'>’Δναθεματίᾷ</span> 
     </span>
    </p>
   </div>
   <div class='ocr_carea' id='block_1_45' title="bbox 1875 2386 3417 2490">
    <p class='ocr_par' dir='ltr' id='par_1_45' title="bbox 1875 2386 3417 2490">
     <span class='ocr_line' id='line_1_46' title="bbox 1875 2386 3417 2490; baseline 0.016 -38"><span class='ocrx_word' id='word_1_339' title='bbox 1875 2399 2046 2455; x_wconf 88' lang='lat' dir='ltr'><strong>natizo</strong></span> <span class='ocrx_word' id='word_1_340' title='bbox 2088 2416 2183 2458; x_wconf 90' lang='lat' dir='ltr'><strong>eos</strong></span> <span class='ocrx_word' id='word_1_341' title='bbox 2212 2402 2306 2473; x_wconf 91' lang='lat' dir='ltr'><strong>qui</strong></span> <span class='ocrx_word' id='word_1_342' title='bbox 2338 2386 2852 2479; x_wconf 64' lang='lat' dir='ltr'><strong>metempsychosini</strong></span> <span class='ocrx_word' id='word_1_343' title='bbox 2897 2413 3211 2486; x_wconf 87' lang='lat' dir='ltr'><strong>admittunt,</strong></span> <span class='ocrx_word' id='word_1_344' title='bbox 3253 2437 3417 2490; x_wconf 87' lang='lat' dir='ltr'><strong>quam</strong></span> 
     </span>
    </p>
   </div>
   <div class='ocr_carea' id='block_1_46' title="bbox 168 2476 1710 2582">
    <p class='ocr_par' dir='ltr' id='par_1_46' title="bbox 168 2476 1710 2555">
     <span class='ocr_line' id='line_1_47' title="bbox 168 2476 1710 2555; baseline 0.009 -28"><span class='ocrx_word' id='word_1_345' title='bbox 168 2476 303 2538; x_wconf 78' lang='grc' dir='ltr'>τοὺς</span> <span class='ocrx_word' id='word_1_346' title='bbox 333 2477 432 2549; x_wconf 79' lang='grc' dir='ltr'>τὴν</span> <span class='ocrx_word' id='word_1_347' title='bbox 469 2477 885 2550; x_wconf 71' lang='grc' dir='ltr'>μετεμψύχωσιν</span> <span class='ocrx_word' id='word_1_348' title='bbox 914 2479 1233 2546; x_wconf 75' lang='grc' dir='ltr'><strong>δοξάζοντας</strong></span> <span class='ocrx_word' id='word_1_349' title='bbox 1258 2484 1325 2555; x_wconf 74' lang='grc' dir='ltr'><strong>ἣν</strong></span> <span class='ocrx_word' id='word_1_350' title='bbox 1356 2484 1511 2538; x_wconf 77' lang='grc' dir='ltr'>αὐτοὶ</span> <span class='ocrx_word' id='word_1_351' title='bbox 1549 2486 1710 2541; x_wconf 91' lang='grc' dir='ltr'>καλοῦ</span> 
     </span>
    </p>
   </div>
   <div class='ocr_carea' id='block_1_47' title="bbox 1876 2476 3418 2582">
    <p class='ocr_par' dir='ltr' id='par_1_47' title="bbox 1876 2492 3418 2582">
     <span class='ocr_line' id='line_1_48' title="bbox 1876 2492 3418 2582; baseline 0.014 -35"><span class='ocrx_word' id='word_1_352' title='bbox 1876 2492 1953 2560; x_wconf 88' lang='lat' dir='ltr'><strong>psi</strong></span> <span class='ocrx_word' id='word_1_353' title='bbox 1985 2494 2270 2549; x_wconf 88' lang='lat' dir='ltr'><strong>nominant</strong></span> <span class='ocrx_word' id='word_1_354' title='bbox 2306 2497 2610 2553; x_wconf 87' lang='lat' dir='ltr'><strong>animarum</strong></span> <span class='ocrx_word' id='word_1_355' title='bbox 2654 2499 2722 2555; x_wconf 93' lang='lat' dir='ltr'><strong>de</strong></span> <span class='ocrx_word' id='word_1_356' title='bbox 2755 2517 2883 2558; x_wconf 75' lang='lat' dir='ltr'><strong>vase</strong></span> <span class='ocrx_word' id='word_1_357' title='bbox 2918 2505 2973 2559; x_wconf 91' lang='lat' dir='ltr'><strong>in</strong></span> <span class='ocrx_word' id='word_1_358' title='bbox 3006 2522 3104 2563; x_wconf 82' lang='lat' dir='ltr'><strong>vas</strong></span> <span class='ocrx_word' id='word_1_359' title='bbox 3136 2510 3418 2582; x_wconf 81' lang='lat' dir='ltr'><strong>migratio-</strong></span> 
     </span>
    </p>
   </div>
   <div class='ocr_carea' id='block_1_48' title="bbox 172 2569 1714 2673">
    <p class='ocr_par' dir='ltr' id='par_1_48' title="bbox 172 2569 1714 2647">
     <span class='ocr_line' id='line_1_49' title="bbox 172 2569 1714 2647; baseline 0.006 -27"><span class='ocrx_word' id='word_1_360' title='bbox 172 2584 259 2620; x_wconf 84' lang='grc' dir='ltr'>σιν</span> <span class='ocrx_word' id='word_1_361' title='bbox 295 2570 662 2639; x_wconf 83' lang='grc' dir='ltr'>μεταγγισμδν</span> <span class='ocrx_word' id='word_1_362' title='bbox 682 2569 889 2640; x_wconf 80' lang='grc' dir='ltr'>ψυχῶν,</span> <span class='ocrx_word' id='word_1_363' title='bbox 915 2573 1009 2625; x_wconf 73' lang='grc' dir='ltr'><strong>καὶ</strong></span> <span class='ocrx_word' id='word_1_364' title='bbox 1037 2574 1163 2637; x_wconf 84' lang='grc' dir='ltr'>τοὺς</span> <span class='ocrx_word' id='word_1_365' title='bbox 1180 2574 1279 2638; x_wconf 85' lang='grc' dir='ltr'><strong>τάς</strong></span> <span class='ocrx_word' id='word_1_366' title='bbox 1312 2574 1540 2647; x_wconf 80' lang='grc' dir='ltr'>βοτάνας</span> <span class='ocrx_word' id='word_1_367' title='bbox 1562 2579 1656 2632; x_wconf 82' lang='grc' dir='ltr'>καὶ</span> <span class='ocrx_word' id='word_1_368' title='bbox 1676 2597 1714 2632; x_wconf 65' lang='grc' dir='ltr'>τι</span> 
     </span>
    </p>
   </div>
   <div class='ocr_carea' id='block_1_49' title="bbox 1871 2569 3413 2673">
    <p class='ocr_par' dir='ltr' id='par_1_49' title="bbox 1871 2569 3413 2673">
     <span class='ocr_line' id='line_1_50' title="bbox 1871 2569 3413 2673; baseline 0.015 -36"><span class='ocrx_word' id='word_1_369' title='bbox 1871 2599 2010 2639; x_wconf 79' lang='lat' dir='ltr'><strong>tem:</strong></span> <span class='ocrx_word' id='word_1_370' title='bbox 2052 2594 2313 2656; x_wconf 83' lang='lat' dir='ltr'><strong>praeterea</strong></span> <span class='ocrx_word' id='word_1_371' title='bbox 2356 2604 2450 2646; x_wconf 93' lang='lat' dir='ltr'><strong>eos</strong></span> <span class='ocrx_word' id='word_1_372' title='bbox 2488 2591 2578 2661; x_wconf 91' lang='lat' dir='ltr'><strong>qui</strong></span> <span class='ocrx_word' id='word_1_373' title='bbox 2625 2591 2847 2659; x_wconf 85' lang='lat' dir='ltr'><strong>herbas,</strong></span> <span class='ocrx_word' id='word_1_374' title='bbox 2902 2596 3152 2667; x_wconf 83' lang='lat' dir='ltr'><strong>plantas,</strong></span> <span class='ocrx_word' id='word_1_375' title='bbox 3195 2569 3413 2673; x_wconf 49' lang='lat' dir='ltr'><strong>avquam,</strong></span> 
     </span>
    </p>
   </div>
   <div class='ocr_carea' id='block_1_50' title="bbox 171 2657 1713 2761">
    <p class='ocr_par' dir='ltr' id='par_1_50' title="bbox 171 2657 1713 2738">
     <span class='ocr_line' id='line_1_51' title="bbox 171 2657 1713 2738; baseline 0.009 -29"><span class='ocrx_word' id='word_1_376' title='bbox 171 2657 316 2726; x_wconf 84' lang='grc' dir='ltr'><strong>φυτά</strong></span> <span class='ocrx_word' id='word_1_377' title='bbox 344 2658 435 2711; x_wconf 85' lang='grc' dir='ltr'><strong>καὶ</strong></span> <span class='ocrx_word' id='word_1_378' title='bbox 462 2658 522 2711; x_wconf 82' lang='grc' dir='ltr'>τὸ</span> <span class='ocrx_word' id='word_1_379' title='bbox 554 2659 695 2732; x_wconf 78' lang='grc' dir='ltr'>ὓδωρ</span> <span class='ocrx_word' id='word_1_380' title='bbox 724 2660 911 2715; x_wconf 84' lang='grc' dir='ltr'>καὶτὰ</span> <span class='ocrx_word' id='word_1_381' title='bbox 942 2662 1078 2718; x_wconf 84' lang='grc' dir='ltr'>ἀλλα</span> <span class='ocrx_word' id='word_1_382' title='bbox 1115 2666 1311 2732; x_wconf 88' lang='grc' dir='ltr'>πάντα,</span> <span class='ocrx_word' id='word_1_383' title='bbox 1350 2666 1569 2738; x_wconf 74' lang='grc' dir='ltr'>ἔμψυχα</span> <span class='ocrx_word' id='word_1_384' title='bbox 1606 2665 1713 2723; x_wconf 68' lang='lat' dir='ltr'><strong>sive</strong></span> 
     </span>
    </p>
   </div>
   <div class='ocr_carea' id='block_1_51' title="bbox 1875 2657 3417 2761">
    <p class='ocr_par' dir='ltr' id='par_1_51' title="bbox 1875 2681 3417 2761">
     <span class='ocr_line' id='line_1_52' title="bbox 1875 2681 3417 2761; baseline 0.015 -30"><span class='ocrx_word' id='word_1_385' title='bbox 1875 2686 2147 2748; x_wconf 72' lang='lat' dir='ltr'><strong>aeteraque</strong></span> <span class='ocrx_word' id='word_1_386' title='bbox 2188 2681 2373 2736; x_wconf 69' lang='lat' dir='ltr'><strong>omnia</strong></span> <span class='ocrx_word' id='word_1_387' title='bbox 2417 2691 2612 2752; x_wconf 88' lang='lat' dir='ltr'><strong>putant</strong></span> <span class='ocrx_word' id='word_1_388' title='bbox 2652 2700 2775 2741; x_wconf 92' lang='lat' dir='ltr'><strong>esse</strong></span> <span class='ocrx_word' id='word_1_389' title='bbox 2835 2688 3107 2756; x_wconf 86' lang='lat' dir='ltr'><strong>animata,</strong></span> <span class='ocrx_word' id='word_1_390' title='bbox 3155 2693 3417 2761; x_wconf 83' lang='lat' dir='ltr'><strong>aiuntque</strong></span> 
     </span>
    </p>
   </div>
   <div class='ocr_carea' id='block_1_52' title="bbox 169 2743 1711 2842">
    <p class='ocr_par' dir='ltr' id='par_1_52' title="bbox 169 2743 1711 2829">
     <span class='ocr_line' id='line_1_53' title="bbox 169 2743 1711 2829; baseline 0.012 -32"><span class='ocrx_word' id='word_1_391' title='bbox 169 2743 669 2817; x_wconf 79' lang='grc' dir='ltr'>ὑπολαμϐάνοντας,</span> <span class='ocrx_word' id='word_1_392' title='bbox 693 2752 930 2818; x_wconf 76' lang='grc' dir='ltr'>καὶτοὺς</span> <span class='ocrx_word' id='word_1_393' title='bbox 954 2753 1124 2808; x_wconf 86' lang='grc' dir='ltr'>ταῦτα</span> <span class='ocrx_word' id='word_1_394' title='bbox 1155 2755 1469 2822; x_wconf 82' lang='grc' dir='ltr'>κόπτοντας,</span> <span class='ocrx_word' id='word_1_395' title='bbox 1496 2758 1617 2829; x_wconf 67' lang='grc' dir='ltr'>ἦτοι</span> <span class='ocrx_word' id='word_1_396' title='bbox 1658 2758 1711 2814; x_wconf 79' lang='grc' dir='ltr'>λέ</span> 
     </span>
    </p>
   </div>
   <div class='ocr_carea' id='block_1_53' title="bbox 1875 2743 3417 2842">
    <p class='ocr_par' dir='ltr' id='par_1_53' title="bbox 1877 2775 3417 2842">
     <span class='ocr_line' id='line_1_54' title="bbox 1877 2775 3417 2842; baseline 0.012 -20"><span class='ocrx_word' id='word_1_397' title='bbox 1877 2785 2032 2824; x_wconf 92' lang='lat' dir='ltr'><strong>orum</strong></span> <span class='ocrx_word' id='word_1_398' title='bbox 2058 2780 2301 2827; x_wconf 85' lang='lat' dir='ltr'><strong>sectores</strong></span> <span class='ocrx_word' id='word_1_399' title='bbox 2342 2782 2436 2827; x_wconf 90' lang='lat' dir='ltr'><strong>aut</strong></span> <span class='ocrx_word' id='word_1_400' title='bbox 2464 2775 2787 2832; x_wconf 88' lang='lat' dir='ltr'><strong>collectores</strong></span> <span class='ocrx_word' id='word_1_401' title='bbox 2820 2777 2876 2832; x_wconf 88' lang='lat' dir='ltr'><strong>in</strong></span> <span class='ocrx_word' id='word_1_402' title='bbox 2917 2779 3007 2834; x_wconf 93' lang='lat' dir='ltr'><strong>illa</strong></span> <span class='ocrx_word' id='word_1_403' title='bbox 3050 2788 3417 2842; x_wconf 89' lang='lat' dir='ltr'><strong>transmutan-</strong></span> 
     </span>
    </p>
   </div>
   <div class='ocr_carea' id='block_1_54' title="bbox 169 2840 1711 2943">
    <p class='ocr_par' dir='ltr' id='par_1_54' title="bbox 169 2840 1711 2917">
     <span class='ocr_line' id='line_1_55' title="bbox 169 2840 1711 2917; baseline 0.01 -29"><span class='ocrx_word' id='word_1_404' title='bbox 169 2852 386 2904; x_wconf 83' lang='grc' dir='ltr'>γοντας,</span> <span class='ocrx_word' id='word_1_405' title='bbox 414 2840 495 2902; x_wconf 80' lang='grc' dir='ltr'><strong>εἰς</strong></span> <span class='ocrx_word' id='word_1_406' title='bbox 531 2841 714 2894; x_wconf 77' lang='grc' dir='ltr'>ἐκεῖνα</span> <span class='ocrx_word' id='word_1_407' title='bbox 751 2843 1247 2917; x_wconf 79' lang='grc' dir='ltr'>μεταϐληθήσεσθαι</span> <span class='ocrx_word' id='word_1_408' title='bbox 1292 2848 1613 2916; x_wconf 80' lang='grc' dir='ltr'>φάσκοντας,</span> <span class='ocrx_word' id='word_1_409' title='bbox 1646 2866 1711 2904; x_wconf 80' lang='grc' dir='ltr'><strong>κα</strong></span> 
     </span>
    </p>
   </div>
   <div class='ocr_carea' id='block_1_55' title="bbox 1874 2840 3416 2943">
    <p class='ocr_par' dir='ltr' id='par_1_55' title="bbox 1874 2862 3416 2943">
     <span class='ocr_line' id='line_1_56' title="bbox 1874 2862 3416 2943; baseline 0.016 -32"><span class='ocrx_word' id='word_1_410' title='bbox 1874 2862 1977 2926; x_wconf 78' lang='lat' dir='ltr'><strong>los;</strong></span> <span class='ocrx_word' id='word_1_411' title='bbox 2015 2877 2115 2917; x_wconf 87' lang='lat' dir='ltr'><strong>nos</strong></span> <span class='ocrx_word' id='word_1_412' title='bbox 2146 2872 2325 2918; x_wconf 87' lang='lat' dir='ltr'><strong>autem</strong></span> <span class='ocrx_word' id='word_1_413' title='bbox 2351 2864 2718 2929; x_wconf 87' lang='lat' dir='ltr'><strong>Christianos.</strong></span> <span class='ocrx_word' id='word_1_414' title='bbox 2750 2870 2845 2940; x_wconf 92' lang='lat' dir='ltr'><strong>qui</strong></span> <span class='ocrx_word' id='word_1_415' title='bbox 2898 2871 3213 2943; x_wconf 90' lang='lat' dir='ltr'><strong>hujusmodi</strong></span> <span class='ocrx_word' id='word_1_416' title='bbox 3256 2877 3416 2939; x_wconf 77' lang='lat' dir='ltr'><strong>fabu-</strong></span> 
     </span>
    </p>
   </div>
   <div class='ocr_carea' id='block_1_56' title="bbox 169 2928 1711 3035">
    <p class='ocr_par' dir='ltr' id='par_1_56' title="bbox 169 2928 1710 3008">
     <span class='ocr_line' id='line_1_57' title="bbox 169 2928 1710 3008; baseline 0.01 -30"><span class='ocrx_word' id='word_1_417' title='bbox 169 2928 319 2997; x_wconf 77' lang='grc' dir='ltr'><strong>ἡμᾶς</strong></span> <span class='ocrx_word' id='word_1_418' title='bbox 338 2928 464 2992; x_wconf 77' lang='grc' dir='ltr'>τοὺς</span> <span class='ocrx_word' id='word_1_419' title='bbox 491 2931 847 3000; x_wconf 83' lang='grc' dir='ltr'>Χριστιανοὺς</span> <span class='ocrx_word' id='word_1_420' title='bbox 879 2934 1007 2998; x_wconf 80' lang='grc' dir='ltr'>τοὺς</span> <span class='ocrx_word' id='word_1_421' title='bbox 1043 2934 1116 3007; x_wconf 80' lang='grc' dir='ltr'><strong>μὴ</strong></span> <span class='ocrx_word' id='word_1_422' title='bbox 1143 2936 1617 3008; x_wconf 80' lang='grc' dir='ltr'>παραδεχομένους</span> <span class='ocrx_word' id='word_1_423' title='bbox 1642 2940 1710 2993; x_wconf 81' lang='grc' dir='ltr'><strong>τὰ</strong></span> 
     </span>
    </p>
   </div>
   <div class='ocr_carea' id='block_1_57' title="bbox 1860 2928 3402 3035">
    <p class='ocr_par' dir='ltr' id='par_1_57' title="bbox 1865 2957 3402 3035">
     <span class='ocr_line' id='line_1_58' title="bbox 1865 2957 3402 3035; baseline 0.013 -30"><span class='ocrx_word' id='word_1_424' title='bbox 1865 2967 1992 3008; x_wconf 86' lang='lat' dir='ltr'><strong>osos</strong></span> <span class='ocrx_word' id='word_1_425' title='bbox 2022 2969 2302 3011; x_wconf 87' lang='lat' dir='ltr'><strong>sermones</strong></span> <span class='ocrx_word' id='word_1_426' title='bbox 2332 2957 2555 3014; x_wconf 90' lang='lat' dir='ltr'><strong>minime</strong></span> <span class='ocrx_word' id='word_1_427' title='bbox 2588 2960 2906 3032; x_wconf 87' lang='lat' dir='ltr'><strong>recipimus,</strong></span> <span class='ocrx_word' id='word_1_428' title='bbox 2946 2967 3221 3035; x_wconf 88' lang='lat' dir='ltr'><strong>appellant</strong></span> <span class='ocrx_word' id='word_1_429' title='bbox 3265 2968 3402 3024; x_wconf 56' lang='lat' dir='ltr'><strong>Sim.</strong></span> 
     </span>
    </p>
   </div>
   <div class='ocr_carea' id='block_1_58' title="bbox 166 3016 1708 3124">
    <p class='ocr_par' dir='ltr' id='par_1_58' title="bbox 166 3016 1703 3097">
     <span class='ocr_line' id='line_1_59' title="bbox 166 3016 1703 3097; baseline 0.009 -29"><span class='ocrx_word' id='word_1_430' title='bbox 166 3016 424 3082; x_wconf 82' lang='grc' dir='ltr'>τοιαύτας</span> <span class='ocrx_word' id='word_1_431' title='bbox 455 3019 777 3090; x_wconf 84' lang='grc' dir='ltr'>μυθολογίας</span> <span class='ocrx_word' id='word_1_432' title='bbox 806 3021 1102 3089; x_wconf 83' lang='grc' dir='ltr'>καλοῦντας</span> <span class='ocrx_word' id='word_1_433' title='bbox 1140 3025 1479 3097; x_wconf 76' lang='grc' dir='ltr'>’Δπλαρίους.</span> <span class='ocrx_word' id='word_1_434' title='bbox 1517 3027 1703 3082; x_wconf 81' lang='grc' dir='ltr'>Ἀναθε</span> 
     </span>
    </p>
   </div>
   <div class='ocr_carea' id='block_1_59' title="bbox 1873 3016 3415 3124">
    <p class='ocr_par' dir='ltr' id='par_1_59' title="bbox 1873 3043 3415 3124">
     <span class='ocr_line' id='line_1_60' title="bbox 1873 3043 3415 3124; baseline 0.016 -29"><span class='ocrx_word' id='word_1_435' title='bbox 1873 3043 2033 3100; x_wconf 66' lang='grc' dir='ltr'>ιιίσεε.</span> <span class='ocrx_word' id='word_1_436' title='bbox 2059 3045 2469 3105; x_wconf 85' lang='lat' dir='ltr'><strong>Anathematizo</strong></span> <span class='ocrx_word' id='word_1_437' title='bbox 2497 3065 2592 3107; x_wconf 91' lang='lat' dir='ltr'><strong>eos</strong></span> <span class='ocrx_word' id='word_1_438' title='bbox 2627 3059 2741 3107; x_wconf 89' lang='lat' dir='ltr'><strong>tum</strong></span> <span class='ocrx_word' id='word_1_439' title='bbox 2772 3055 2865 3124; x_wconf 89' lang='lat' dir='ltr'><strong>qui</strong></span> <span class='ocrx_word' id='word_1_440' title='bbox 2893 3055 3206 3115; x_wconf 85' lang='lat' dir='ltr'><strong>inﬁciantur</strong></span> <span class='ocrx_word' id='word_1_441' title='bbox 3233 3061 3415 3120; x_wconf 69' lang='lat' dir='ltr'><strong>carni!</strong></span> 
     </span>
    </p>
   </div>
   <div class='ocr_carea' id='block_1_60' title="bbox 172 3108 1714 3218">
    <p class='ocr_par' dir='ltr' id='par_1_60' title="bbox 172 3108 1713 3190">
     <span class='ocr_line' id='line_1_61' title="bbox 172 3108 1713 3190; baseline 0.008 -30"><span class='ocrx_word' id='word_1_442' title='bbox 172 3108 386 3180; x_wconf 78' lang='grc' dir='ltr'>ματίζω</span> <span class='ocrx_word' id='word_1_443' title='bbox 411 3111 539 3175; x_wconf 79' lang='grc' dir='ltr'>τοὺς</span> <span class='ocrx_word' id='word_1_444' title='bbox 553 3112 922 3184; x_wconf 79' lang='grc' dir='ltr'>ἀρνουμένους</span> <span class='ocrx_word' id='word_1_445' title='bbox 942 3114 1039 3187; x_wconf 81' lang='grc' dir='ltr'>τὴν</span> <span class='ocrx_word' id='word_1_446' title='bbox 1058 3116 1167 3170; x_wconf 90' lang='grc' dir='ltr'><strong>τῶν</strong></span> <span class='ocrx_word' id='word_1_447' title='bbox 1185 3118 1404 3190; x_wconf 86' lang='grc' dir='ltr'>σαρκῶν</span> <span class='ocrx_word' id='word_1_448' title='bbox 1419 3118 1713 3173; x_wconf 81' lang='grc' dir='ltr'>ἀνάστασιν</span> 
     </span>
    </p>
   </div>
   <div class='ocr_carea' id='block_1_61' title="bbox 1868 3108 3410 3218">
    <p class='ocr_par' dir='ltr' id='par_1_61' title="bbox 1870 3139 3410 3218">
     <span class='ocr_line' id='line_1_62' title="bbox 1870 3139 3410 3218; baseline 0.014 -29"><span class='ocrx_word' id='word_1_449' title='bbox 1870 3139 2332 3209; x_wconf 89' lang='lat' dir='ltr'><strong>esurreclionem;</strong></span> <span class='ocrx_word' id='word_1_450' title='bbox 2379 3149 2493 3196; x_wconf 91' lang='lat' dir='ltr'><strong>tum</strong></span> <span class='ocrx_word' id='word_1_451' title='bbox 2526 3143 2621 3214; x_wconf 91' lang='lat' dir='ltr'><strong>qui</strong></span> <span class='ocrx_word' id='word_1_452' title='bbox 2665 3144 3121 3205; x_wconf 87' lang='lat' dir='ltr'><strong>inhumanitatetn</strong></span> <span class='ocrx_word' id='word_1_453' title='bbox 3177 3151 3410 3218; x_wconf 83' lang='lat' dir='ltr'><strong>docent,</strong></span> 
     </span>
    </p>
   </div>
   <div class='ocr_carea' id='block_1_62' title="bbox 166 3199 1708 3315">
    <p class='ocr_par' dir='ltr' id='par_1_62' title="bbox 166 3199 1708 3282">
     <span class='ocr_line' id='line_1_63' title="bbox 166 3199 1708 3282; baseline 0.007 -28"><span class='ocrx_word' id='word_1_454' title='bbox 166 3199 264 3254; x_wconf 74' lang='grc' dir='ltr'><strong>καὶ</strong></span> <span class='ocrx_word' id='word_1_455' title='bbox 304 3201 428 3265; x_wconf 79' lang='grc' dir='ltr'>τοὺς</span> <span class='ocrx_word' id='word_1_456' title='bbox 453 3202 844 3275; x_wconf 81' lang='grc' dir='ltr'>ἀπανθρωπίαν</span> <span class='ocrx_word' id='word_1_457' title='bbox 883 3205 1252 3273; x_wconf 83' lang='grc' dir='ltr'>διδάσκοντας,</span> <span class='ocrx_word' id='word_1_458' title='bbox 1286 3210 1380 3262; x_wconf 78' lang='grc' dir='ltr'><strong>καὶ</strong></span> <span class='ocrx_word' id='word_1_459' title='bbox 1413 3209 1486 3282; x_wconf 85' lang='grc' dir='ltr'>μὴ</span> <span class='ocrx_word' id='word_1_460' title='bbox 1526 3227 1708 3282; x_wconf 83' lang='grc' dir='ltr'>συγχω</span> 
     </span>
    </p>
   </div>
   <div class='ocr_carea' id='block_1_63' title="bbox 1870 3199 3412 3315">
    <p class='ocr_par' dir='ltr' id='par_1_63' title="bbox 1870 3199 3412 3315">
     <span class='ocr_line' id='line_1_64' title="bbox 1870 3199 3412 3315; baseline 0.013 -33"><span class='ocrx_word' id='word_1_461' title='bbox 1870 3244 1940 3283; x_wconf 63' lang='lat' dir='ltr'><strong>rec</strong></span> <span class='ocrx_word' id='word_1_462' title='bbox 1966 3229 2270 3285; x_wconf 85' lang='lat' dir='ltr'><strong>concedunt</strong></span> <span class='ocrx_word' id='word_1_463' title='bbox 2297 3199 2595 3306; x_wconf 73' lang='lat' dir='ltr'><strong>quidquam</strong></span> <span class='ocrx_word' id='word_1_464' title='bbox 2631 3237 2749 3292; x_wconf 86' lang='lat' dir='ltr'><strong>dari</strong></span> <span class='ocrx_word' id='word_1_465' title='bbox 2779 3224 3145 3311; x_wconf 83' lang='lat' dir='ltr'><strong>pauperibus;</strong></span> <span class='ocrx_word' id='word_1_466' title='bbox 3180 3251 3292 3298; x_wconf 91' lang='lat' dir='ltr'><strong>tum</strong></span> <span class='ocrx_word' id='word_1_467' title='bbox 3317 3246 3412 3315; x_wconf 85' lang='lat' dir='ltr'><strong>qui</strong></span> 
     </span>
    </p>
   </div>
   <div class='ocr_carea' id='block_1_64' title="bbox 172 3288 1714 3403">
    <p class='ocr_par' dir='ltr' id='par_1_64' title="bbox 172 3288 1714 3365">
     <span class='ocr_line' id='line_1_65' title="bbox 172 3288 1714 3365; baseline 0.01 -23"><span class='ocrx_word' id='word_1_468' title='bbox 172 3288 402 3360; x_wconf 81' lang='grc' dir='ltr'>ροῦντας</span> <span class='ocrx_word' id='word_1_469' title='bbox 417 3290 653 3345; x_wconf 79' lang='grc' dir='ltr'>δίδοσθαι</span> <span class='ocrx_word' id='word_1_470' title='bbox 671 3293 884 3364; x_wconf 81' lang='grc' dir='ltr'>πένησι,</span> <span class='ocrx_word' id='word_1_471' title='bbox 903 3295 1136 3361; x_wconf 72' lang='grc' dir='ltr'>καὶτοὺς</span> <span class='ocrx_word' id='word_1_472' title='bbox 1149 3297 1212 3351; x_wconf 80' lang='grc' dir='ltr'>τὸ</span> <span class='ocrx_word' id='word_1_473' title='bbox 1227 3299 1569 3365; x_wconf 78' lang='grc' dir='ltr'><strong>αὐτεξούσιον</strong></span> <span class='ocrx_word' id='word_1_474' title='bbox 1590 3303 1714 3356; x_wconf 90' lang='grc' dir='ltr'>άναι</span> 
     </span>
    </p>
   </div>
   <div class='ocr_carea' id='block_1_65' title="bbox 1870 3288 3412 3403">
    <p class='ocr_par' dir='ltr' id='par_1_65' title="bbox 1870 3288 3412 3403">
     <span class='ocr_line' id='line_1_66' title="bbox 2313 3288 3412 3315; baseline 0.011 -12"><span class='ocrx_word' id='word_1_475' title='bbox 2313 3288 2329 3303; x_wconf 80' lang='grc' dir='ltr'>ι</span> <span class='ocrx_word' id='word_1_476' title='bbox 2442 3288 2499 3306; x_wconf 62' lang='lat'><strong>1&quot;</strong></span> <span class='ocrx_word' id='word_1_477' title='bbox 2546 3288 2594 3290; x_wconf 59' lang='lat'><strong>&quot;&#39;</strong></span> <span class='ocrx_word' id='word_1_478' title='bbox 2638 3288 2749 3292; x_wconf 70' lang='lat'><strong>—&quot;&quot;</strong></span> <span class='ocrx_word' id='word_1_479' title='bbox 2779 3288 2972 3310; x_wconf 65' lang='lat' dir='ltr'><strong>r“&#39;r&quot;</strong></span> <span class='ocrx_word' id='word_1_480' title='bbox 2988 3288 3145 3311; x_wconf 68' lang='lat'><strong>&#39;&quot;&quot;&quot;&quot;</strong></span> <span class='ocrx_word' id='word_1_481' title='bbox 3182 3288 3292 3298; x_wconf 72' lang='grc'><strong>”““”’</strong></span> <span class='ocrx_word' id='word_1_482' title='bbox 3317 3288 3412 3315; x_wconf 71' lang='grc' dir='ltr'><strong>Ὶ“¹¹⁹</strong></span> 
     </span>
     <span class='ocr_line' id='line_1_67' title="bbox 1870 3318 3412 3403; baseline 0.014 -30"><span class='ocrx_word' id='word_1_483' title='bbox 1870 3320 2040 3376; x_wconf 88' lang='lat' dir='ltr'><strong>ollunt</strong></span> <span class='ocrx_word' id='word_1_484' title='bbox 2060 3318 2289 3379; x_wconf 80' lang='lat' dir='ltr'><strong>liberum</strong></span> <span class='ocrx_word' id='word_1_485' title='bbox 2313 3327 2624 3393; x_wconf 89' lang='lat' dir='ltr'><strong>arbitrium,</strong></span> <span class='ocrx_word' id='word_1_486' title='bbox 2660 3334 3128 3403; x_wconf 81' lang='lat' dir='ltr'><strong>pronuntiantque</strong></span> <span class='ocrx_word' id='word_1_487' title='bbox 3152 3350 3258 3388; x_wconf 91' lang='lat' dir='ltr'><strong>non</strong></span> <span class='ocrx_word' id='word_1_488' title='bbox 3288 3352 3412 3395; x_wconf 87' lang='lat' dir='ltr'><strong>esse</strong></span> 
     </span>
    </p>
   </div>
   <div class='ocr_carea' id='block_1_66' title="bbox 169 3380 1711 3490">
    <p class='ocr_par' dir='ltr' id='par_1_66' title="bbox 169 3380 1711 3459">
     <span class='ocr_line' id='line_1_68' title="bbox 169 3380 1711 3459; baseline 0.01 -26"><span class='ocrx_word' id='word_1_489' title='bbox 169 3380 519 3453; x_wconf 77' lang='grc' dir='ltr'>ροῦντας,καὶ</span> <span class='ocrx_word' id='word_1_490' title='bbox 533 3384 606 3456; x_wconf 82' lang='grc' dir='ltr'>μὴ</span> <span class='ocrx_word' id='word_1_491' title='bbox 619 3386 702 3454; x_wconf 76' lang='grc' dir='ltr'><strong>ἐφ’</strong></span> <span class='ocrx_word' id='word_1_492' title='bbox 712 3388 746 3457; x_wconf 78' lang='grc' dir='ltr'><strong>η</strong></span> <span class='ocrx_word' id='word_1_493' title='bbox 756 3390 846 3458; x_wconf 80' lang='grc' dir='ltr'>μῖν</span> <span class='ocrx_word' id='word_1_494' title='bbox 858 3383 995 3443; x_wconf 72' lang='grc' dir='ltr'>εἶναι</span> <span class='ocrx_word' id='word_1_495' title='bbox 1010 3388 1265 3458; x_wconf 74' lang='grc' dir='ltr'>λέγοντας</span> <span class='ocrx_word' id='word_1_496' title='bbox 1276 3392 1336 3444; x_wconf 82' lang='grc' dir='ltr'>τὸ</span> <span class='ocrx_word' id='word_1_497' title='bbox 1352 3388 1486 3446; x_wconf 79' lang='grc' dir='ltr'>εἷναι</span> <span class='ocrx_word' id='word_1_498' title='bbox 1504 3393 1687 3459; x_wconf 83' lang='grc' dir='ltr'>καλοῖς</span> <span class='ocrx_word' id='word_1_499' title='bbox 1702 3398 1711 3447; x_wconf 71' lang='lat'><strong>1&#39;</strong></span> 
     </span>
    </p>
   </div>
   <div class='ocr_carea' id='block_1_67' title="bbox 1862 3380 3404 3490">
    <p class='ocr_par' dir='ltr' id='par_1_67' title="bbox 1862 3380 3404 3490">
     <span class='ocr_line' id='line_1_69' title="bbox 2394 3380 3404 3403; baseline 0.009 -17"><span class='ocrx_word' id='word_1_500' title='bbox 2662 3380 3127 3403; x_wconf 46' lang='grc' dir='ltr'><strong>τ----ω---ε---Ίη</strong></span> <span class='ocrx_word' id='word_1_501' title='bbox 3152 3380 3258 3388; x_wconf 62' lang='grc' dir='ltr'><strong>-.νη</strong></span> <span class='ocrx_word' id='word_1_502' title='bbox 3288 3380 3404 3395; x_wconf 63' lang='grc' dir='ltr'><strong>νην</strong></span> 
     </span>
     <span class='ocr_line' id='line_1_70' title="bbox 1862 3420 3404 3490; baseline 0.01 -25"><span class='ocrx_word' id='word_1_503' title='bbox 1862 3428 1894 3465; x_wconf 92' lang='lat' dir='ltr'><strong>n</strong></span> <span class='ocrx_word' id='word_1_504' title='bbox 1936 3421 2125 3468; x_wconf 90' lang='lat' dir='ltr'><strong>nostra</strong></span> <span class='ocrx_word' id='word_1_505' title='bbox 2156 3423 2424 3485; x_wconf 87' lang='lat' dir='ltr'><strong>potestate</strong></span> <span class='ocrx_word' id='word_1_506' title='bbox 2464 3429 2521 3473; x_wconf 89' lang='lat' dir='ltr'><strong>ut</strong></span> <span class='ocrx_word' id='word_1_507' title='bbox 2568 3420 2694 3474; x_wconf 91' lang='lat' dir='ltr'><strong>boni</strong></span> <span class='ocrx_word' id='word_1_508' title='bbox 2732 3430 2826 3475; x_wconf 89' lang='lat' dir='ltr'><strong>aut</strong></span> <span class='ocrx_word' id='word_1_509' title='bbox 2864 3424 2992 3475; x_wconf 91' lang='lat' dir='ltr'><strong>mali</strong></span> <span class='ocrx_word' id='word_1_510' title='bbox 3041 3424 3234 3490; x_wconf 85' lang='lat' dir='ltr'><strong>simus,</strong></span> <span class='ocrx_word' id='word_1_511' title='bbox 3289 3435 3404 3482; x_wconf 85' lang='lat' dir='ltr'><strong>tum</strong></span> 
     </span>
    </p>
   </div>
   <div class='ocr_carea' id='block_1_68' title="bbox 164 3477 1706 3584">
    <p class='ocr_par' dir='ltr' id='par_1_68' title="bbox 164 3477 1706 3557">
     <span class='ocr_line' id='line_1_71' title="bbox 164 3477 1706 3557; baseline 0.008 -28"><span class='ocrx_word' id='word_1_512' title='bbox 164 3477 383 3539; x_wconf 76' lang='grc' dir='ltr'>κακοῖς,</span> <span class='ocrx_word' id='word_1_513' title='bbox 402 3477 495 3529; x_wconf 80' lang='grc' dir='ltr'>καὶ</span> <span class='ocrx_word' id='word_1_514' title='bbox 506 3478 632 3542; x_wconf 82' lang='grc' dir='ltr'>τοὺς</span> <span class='ocrx_word' id='word_1_515' title='bbox 646 3478 945 3551; x_wconf 84' lang='grc' dir='ltr'>βρωμάτων</span> <span class='ocrx_word' id='word_1_516' title='bbox 956 3481 1256 3554; x_wconf 72' lang='grc' dir='ltr'>ἀπέχεσθαι</span> <span class='ocrx_word' id='word_1_517' title='bbox 1285 3486 1706 3557; x_wconf 83' lang='grc' dir='ltr'>προστάττοντας</span> 
     </span>
    </p>
   </div>
   <div class='ocr_carea' id='block_1_69' title="bbox 1867 3477 3409 3584">
    <p class='ocr_par' dir='ltr' id='par_1_69' title="bbox 1867 3506 3409 3584">
     <span class='ocr_line' id='line_1_72' title="bbox 1867 3506 3409 3584; baseline 0.011 -26"><span class='ocrx_word' id='word_1_518' title='bbox 1867 3506 1931 3574; x_wconf 75' lang='grc' dir='ltr'><strong>[υἱ</strong></span> <span class='ocrx_word' id='word_1_519' title='bbox 1966 3508 2289 3577; x_wconf 83' lang='lat' dir='ltr'><strong>praecipiunt</strong></span> <span class='ocrx_word' id='word_1_520' title='bbox 2333 3508 2608 3565; x_wconf 87' lang='lat' dir='ltr'><strong>abstinere</strong></span> <span class='ocrx_word' id='word_1_521' title='bbox 2650 3513 2808 3577; x_wconf 86' lang='lat' dir='ltr'><strong>cibis,</strong></span> <span class='ocrx_word' id='word_1_522' title='bbox 2858 3529 2996 3584; x_wconf 91' lang='lat' dir='ltr'><strong>quos</strong></span> <span class='ocrx_word' id='word_1_523' title='bbox 3042 3514 3186 3573; x_wconf 89' lang='lat' dir='ltr'><strong>Deus</strong></span> <span class='ocrx_word' id='word_1_524' title='bbox 3223 3524 3281 3572; x_wconf 90' lang='lat' dir='ltr'><strong>ut</strong></span> <span class='ocrx_word' id='word_1_525' title='bbox 3313 3535 3409 3574; x_wconf 69' lang='grc' dir='ltr'>διι-</span> 
     </span>
    </p>
   </div>
   <div class='ocr_carea' id='block_1_70' title="bbox 162 3566 1704 3675">
    <p class='ocr_par' dir='ltr' id='par_1_70' title="bbox 162 3566 1704 3648">
     <span class='ocr_line' id='line_1_73' title="bbox 162 3566 1704 3648; baseline 0.006 -25"><span class='ocrx_word' id='word_1_526' title='bbox 162 3566 203 3623; x_wconf 71' lang='grc' dir='ltr'>ἃ</span> <span class='ocrx_word' id='word_1_527' title='bbox 220 3570 248 3620; x_wconf 85' lang='grc' dir='ltr'>ὁ</span> <span class='ocrx_word' id='word_1_528' title='bbox 264 3567 396 3632; x_wconf 77' lang='grc' dir='ltr'>Θεὸς</span> <span class='ocrx_word' id='word_1_529' title='bbox 408 3566 620 3624; x_wconf 79' lang='grc' dir='ltr'>ἔκτισεν</span> <span class='ocrx_word' id='word_1_530' title='bbox 635 3572 714 3635; x_wconf 86' lang='grc' dir='ltr'><strong>είς</strong></span> <span class='ocrx_word' id='word_1_531' title='bbox 729 3572 1047 3644; x_wconf 77' lang='grc' dir='ltr'>μετάληψιν.</span> <span class='ocrx_word' id='word_1_532' title='bbox 1066 3575 1470 3648; x_wconf 73' lang='grc' dir='ltr'>Ἀναθεματίζω</span> <span class='ocrx_word' id='word_1_533' title='bbox 1482 3578 1608 3643; x_wconf 71' lang='grc' dir='ltr'>τοὺς</span> <span class='ocrx_word' id='word_1_534' title='bbox 1624 3581 1704 3632; x_wconf 83' lang='grc' dir='ltr'><strong>τοῖ</strong></span> 
     </span>
    </p>
   </div>
   <div class='ocr_carea' id='block_1_71' title="bbox 1864 3566 3406 3675">
    <p class='ocr_par' dir='ltr' id='par_1_71' title="bbox 1864 3600 3406 3675">
     <span class='ocr_line' id='line_1_74' title="bbox 1864 3600 3406 3675; baseline 0.01 -25"><span class='ocrx_word' id='word_1_535' title='bbox 1864 3607 2054 3651; x_wconf 88' lang='lat' dir='ltr'><strong>nantur</strong></span> <span class='ocrx_word' id='word_1_536' title='bbox 2079 3600 2303 3654; x_wconf 86' lang='lat' dir='ltr'><strong>creavit.</strong></span> <span class='ocrx_word' id='word_1_537' title='bbox 2335 3600 2750 3658; x_wconf 87' lang='lat' dir='ltr'><strong>Anathematizo</strong></span> <span class='ocrx_word' id='word_1_538' title='bbox 2780 3618 2874 3659; x_wconf 90' lang='lat' dir='ltr'><strong>eos</strong></span> <span class='ocrx_word' id='word_1_539' title='bbox 2898 3607 2990 3675; x_wconf 89' lang='lat' dir='ltr'><strong>qui</strong></span> <span class='ocrx_word' id='word_1_540' title='bbox 3025 3622 3083 3661; x_wconf 90' lang='lat' dir='ltr'><strong>se</strong></span> <span class='ocrx_word' id='word_1_541' title='bbox 3124 3623 3222 3663; x_wconf 89' lang='lat' dir='ltr'><strong>sua</strong></span> <span class='ocrx_word' id='word_1_542' title='bbox 3248 3612 3406 3669; x_wconf 85' lang='lat' dir='ltr'><strong>urina</strong></span> 
     </span>
    </p>
   </div>
   <div class='ocr_carea' id='block_1_72' title="bbox 163 3661 1705 3766">
    <p class='ocr_par' dir='ltr' id='par_1_72' title="bbox 163 3661 1705 3743">
     <span class='ocr_line' id='line_1_75' title="bbox 163 3661 1705 3743; baseline 0.006 -29"><span class='ocrx_word' id='word_1_543' title='bbox 163 3661 387 3726; x_wconf 76' lang='grc' dir='ltr'>οἰκείοις</span> <span class='ocrx_word' id='word_1_544' title='bbox 410 3661 590 3735; x_wconf 78' lang='grc' dir='ltr'>οὔροις</span> <span class='ocrx_word' id='word_1_545' title='bbox 616 3665 844 3729; x_wconf 75' lang='grc' dir='ltr'>ἑαυτοὺς</span> <span class='ocrx_word' id='word_1_546' title='bbox 873 3667 1205 3737; x_wconf 85' lang='grc' dir='ltr'>μιαίνοντας,</span> <span class='ocrx_word' id='word_1_547' title='bbox 1232 3670 1328 3723; x_wconf 74' lang='grc' dir='ltr'><strong>καὶ</strong></span> <span class='ocrx_word' id='word_1_548' title='bbox 1359 3669 1433 3742; x_wconf 83' lang='grc' dir='ltr'>μὴ</span> <span class='ocrx_word' id='word_1_549' title='bbox 1475 3670 1705 3743; x_wconf 68' lang='grc' dir='ltr'>ἀνεχομι</span> 
     </span>
    </p>
   </div>
   <div class='ocr_carea' id='block_1_73' title="bbox 1861 3661 3403 3766">
    <p class='ocr_par' dir='ltr' id='par_1_73' title="bbox 1861 3687 3403 3766">
     <span class='ocr_line' id='line_1_76' title="bbox 1861 3687 3403 3766; baseline 0.01 -25"><span class='ocrx_word' id='word_1_550' title='bbox 1861 3687 2150 3756; x_wconf 69' lang='lat' dir='ltr'><strong>sordidam,</strong></span> <span class='ocrx_word' id='word_1_551' title='bbox 2186 3705 2286 3745; x_wconf 91' lang='lat' dir='ltr'><strong>nec</strong></span> <span class='ocrx_word' id='word_1_552' title='bbox 2309 3692 2583 3747; x_wconf 88' lang='lat' dir='ltr'><strong>sustinent</strong></span> <span class='ocrx_word' id='word_1_553' title='bbox 2604 3710 2743 3765; x_wconf 88' lang='lat' dir='ltr'><strong>aqua</strong></span> <span class='ocrx_word' id='word_1_554' title='bbox 2773 3710 2902 3752; x_wconf 89' lang='lat' dir='ltr'><strong>suas</strong></span> <span class='ocrx_word' id='word_1_555' title='bbox 2930 3698 3120 3753; x_wconf 89' lang='lat' dir='ltr'><strong>sordes</strong></span> <span class='ocrx_word' id='word_1_556' title='bbox 3150 3699 3403 3766; x_wconf 86' lang='lat' dir='ltr'><strong>abluere,</strong></span> 
     </span>
    </p>
   </div>
   <div class='ocr_carea' id='block_1_74' title="bbox 163 3751 1705 3863">
    <p class='ocr_par' dir='ltr' id='par_1_74' title="bbox 163 3751 1705 3833">
     <span class='ocr_line' id='line_1_77' title="bbox 163 3751 1705 3833; baseline 0.006 -27"><span class='ocrx_word' id='word_1_557' title='bbox 163 3768 291 3816; x_wconf 91' lang='grc' dir='ltr'>νους</span> <span class='ocrx_word' id='word_1_558' title='bbox 318 3751 418 3817; x_wconf 81' lang='grc' dir='ltr'><strong>τὰς</strong></span> <span class='ocrx_word' id='word_1_559' title='bbox 458 3755 731 3826; x_wconf 80' lang='grc' dir='ltr'>ρυπαρίας</span> <span class='ocrx_word' id='word_1_560' title='bbox 765 3757 946 3810; x_wconf 75' lang='grc' dir='ltr'>αὐτῶν</span> <span class='ocrx_word' id='word_1_561' title='bbox 975 3757 1131 3814; x_wconf 78' lang='grc' dir='ltr'>ὕδατι</span> <span class='ocrx_word' id='word_1_562' title='bbox 1169 3758 1517 3827; x_wconf 85' lang='grc' dir='ltr'>ἀποπλύνειν,</span> <span class='ocrx_word' id='word_1_563' title='bbox 1545 3761 1630 3815; x_wconf 83' lang='grc' dir='ltr'><strong>ἵνα</strong></span> <span class='ocrx_word' id='word_1_564' title='bbox 1661 3779 1705 3833; x_wconf 85' lang='grc' dir='ltr'><strong>μ¹</strong></span> 
     </span>
    </p>
   </div>
   <div class='ocr_carea' id='block_1_75' title="bbox 1863 3751 3405 3863">
    <p class='ocr_par' dir='ltr' id='par_1_75' title="bbox 1863 3751 3405 3863">
     <span class='ocr_line' id='line_1_78' title="bbox 1863 3751 3405 3863; baseline 0.011 -31"><span class='ocrx_word' id='word_1_565' title='bbox 1863 3793 1926 3841; x_wconf 82' lang='grc' dir='ltr'><strong>ιο,</strong></span> <span class='ocrx_word' id='word_1_566' title='bbox 1957 3751 2231 3849; x_wconf 81' lang='lat' dir='ltr'><strong>inquiunt,</strong></span> <span class='ocrx_word' id='word_1_567' title='bbox 2268 3797 2408 3852; x_wconf 86' lang='lat' dir='ltr'><strong>aqua</strong></span> <span class='ocrx_word' id='word_1_568' title='bbox 2438 3751 2732 3853; x_wconf 75' lang='lat' dir='ltr'><strong>polluatur.</strong></span> <span class='ocrx_word' id='word_1_569' title='bbox 2759 3784 3172 3844; x_wconf 80' lang='lat' dir='ltr'><strong>Anathematizo</strong></span> <span class='ocrx_word' id='word_1_570' title='bbox 3194 3806 3289 3847; x_wconf 87' lang='lat' dir='ltr'><strong>eos</strong></span> <span class='ocrx_word' id='word_1_571' title='bbox 3309 3794 3405 3863; x_wconf 88' lang='lat' dir='ltr'><strong>qui</strong></span> 
     </span>
    </p>
   </div>
   <div class='ocr_carea' id='block_1_76' title="bbox 168 3843 1710 3949">
    <p class='ocr_par' dir='ltr' id='par_1_76' title="bbox 168 3843 1710 3924">
     <span class='ocr_line' id='line_1_79' title="bbox 168 3843 1710 3924; baseline 0.007 -29"><span class='ocrx_word' id='word_1_572' title='bbox 168 3843 425 3916; x_wconf 78' lang='grc' dir='ltr'>μολυνθῇ,</span> <span class='ocrx_word' id='word_1_573' title='bbox 445 3846 596 3913; x_wconf 79' lang='grc' dir='ltr'>φασὶ,</span> <span class='ocrx_word' id='word_1_574' title='bbox 629 3848 688 3899; x_wconf 78' lang='grc' dir='ltr'>τὸ</span> <span class='ocrx_word' id='word_1_575' title='bbox 708 3845 870 3919; x_wconf 77' lang='grc' dir='ltr'>ὕδωρ.</span> <span class='ocrx_word' id='word_1_576' title='bbox 903 3849 1304 3921; x_wconf 79' lang='grc' dir='ltr'>’Δναθεματίζω</span> <span class='ocrx_word' id='word_1_577' title='bbox 1320 3852 1445 3915; x_wconf 81' lang='grc' dir='ltr'>τοὺς</span> <span class='ocrx_word' id='word_1_578' title='bbox 1460 3850 1559 3922; x_wconf 85' lang='grc' dir='ltr'><strong>τὴν</strong></span> <span class='ocrx_word' id='word_1_579' title='bbox 1586 3869 1710 3924; x_wconf 65' lang='grc' dir='ltr'>παρέ</span> 
     </span>
    </p>
   </div>
   <div class='ocr_carea' id='block_1_77' title="bbox 1861 3843 3403 3949">
    <p class='ocr_par' dir='ltr' id='par_1_77' title="bbox 1861 3874 3403 3949">
     <span class='ocr_line' id='line_1_80' title="bbox 1861 3874 3403 3949; baseline 0.012 -27"><span class='ocrx_word' id='word_1_580' title='bbox 1861 3877 2047 3925; x_wconf 70' lang='lat' dir='ltr'><strong>taturze</strong></span> <span class='ocrx_word' id='word_1_581' title='bbox 2087 3874 2416 3928; x_wconf 87' lang='lat' dir='ltr'><strong>contrariam</strong></span> <span class='ocrx_word' id='word_1_582' title='bbox 2463 3876 2857 3946; x_wconf 90' lang='lat' dir='ltr'><strong>turpitudinem</strong></span> <span class='ocrx_word' id='word_1_583' title='bbox 2908 3888 3242 3949; x_wconf 90' lang='lat' dir='ltr'><strong>perpetrant,</strong></span> <span class='ocrx_word' id='word_1_584' title='bbox 3293 3899 3403 3940; x_wconf 91' lang='lat' dir='ltr'><strong>non</strong></span> 
     </span>
    </p>
   </div>
   <div class='ocr_carea' id='block_1_78' title="bbox 164 3934 1706 4044">
    <p class='ocr_par' dir='ltr' id='par_1_78' title="bbox 164 3934 1706 4017">
     <span class='ocr_line' id='line_1_81' title="bbox 164 3934 1706 4017; baseline 0.008 -28"><span class='ocrx_word' id='word_1_585' title='bbox 164 3934 328 4008; x_wconf 82' lang='grc' dir='ltr'>φύσιν</span> <span class='ocrx_word' id='word_1_586' title='bbox 356 3937 743 4009; x_wconf 83' lang='grc' dir='ltr'>ἀσχημοσύνην</span> <span class='ocrx_word' id='word_1_587' title='bbox 776 3943 1309 4015; x_wconf 76' lang='grc' dir='ltr'>κατεργαζομένους,</span> <span class='ocrx_word' id='word_1_588' title='bbox 1338 3945 1398 4001; x_wconf 87' lang='grc' dir='ltr'><strong>ού</strong></span> <span class='ocrx_word' id='word_1_589' title='bbox 1441 3946 1601 4017; x_wconf 80' lang='grc' dir='ltr'>μόνον</span> <span class='ocrx_word' id='word_1_590' title='bbox 1640 3948 1706 4001; x_wconf 83' lang='grc' dir='ltr'><strong>ἄν</strong></span> 
     </span>
    </p>
   </div>
   <div class='ocr_carea' id='block_1_79' title="bbox 1858 3934 3400 4044">
    <p class='ocr_par' dir='ltr' id='par_1_79' title="bbox 1858 3964 3400 4044">
     <span class='ocr_line' id='line_1_82' title="bbox 1858 3964 3400 4044; baseline 0.01 -28"><span class='ocrx_word' id='word_1_591' title='bbox 1858 3964 2012 4018; x_wconf 66' lang='grc' dir='ltr'>ιοιιιῐη</span> <span class='ocrx_word' id='word_1_592' title='bbox 2044 3966 2213 4031; x_wconf 84' lang='lat' dir='ltr'><strong>viros,</strong></span> <span class='ocrx_word' id='word_1_593' title='bbox 2232 3967 2327 4023; x_wconf 90' lang='lat' dir='ltr'><strong>sed</strong></span> <span class='ocrx_word' id='word_1_594' title='bbox 2355 3975 2409 4023; x_wconf 90' lang='lat' dir='ltr'><strong>et</strong></span> <span class='ocrx_word' id='word_1_595' title='bbox 2437 3967 2697 4038; x_wconf 81' lang='lat' dir='ltr'><strong>feminas;</strong></span> <span class='ocrx_word' id='word_1_596' title='bbox 2730 3973 2949 4042; x_wconf 87' lang='lat' dir='ltr'><strong>nuptias</strong></span> <span class='ocrx_word' id='word_1_597' title='bbox 2977 3990 3106 4029; x_wconf 85' lang='lat' dir='ltr'><strong>vero</strong></span> <span class='ocrx_word' id='word_1_598' title='bbox 3124 3975 3400 4044; x_wconf 65' lang='lat' dir='ltr'><strong>rrjiciunt,</strong></span> 
     </span>
    </p>
   </div>
   <div class='ocr_carea' id='block_1_80' title="bbox 160 4026 1702 4135">
    <p class='ocr_par' dir='ltr' id='par_1_80' title="bbox 160 4026 1702 4111">
     <span class='ocr_line' id='line_1_83' title="bbox 160 4026 1702 4111; baseline 0.007 -29"><span class='ocrx_word' id='word_1_599' title='bbox 160 4026 319 4098; x_wconf 82' lang='grc' dir='ltr'>δρας,</span> <span class='ocrx_word' id='word_1_600' title='bbox 352 4027 486 4082; x_wconf 88' lang='grc' dir='ltr'><strong>ἀλλά</strong></span> <span class='ocrx_word' id='word_1_601' title='bbox 512 4030 606 4084; x_wconf 78' lang='grc' dir='ltr'>καὶ</span> <span class='ocrx_word' id='word_1_602' title='bbox 638 4032 918 4098; x_wconf 80' lang='grc' dir='ltr'>γυναῖκας,</span> <span class='ocrx_word' id='word_1_603' title='bbox 953 4036 1045 4088; x_wconf 84' lang='grc' dir='ltr'>τὸν</span> <span class='ocrx_word' id='word_1_604' title='bbox 1068 4036 1126 4088; x_wconf 79' lang='grc' dir='ltr'>δὲ</span> <span class='ocrx_word' id='word_1_605' title='bbox 1162 4038 1339 4109; x_wconf 84' lang='grc' dir='ltr'>γάμον</span> <span class='ocrx_word' id='word_1_606' title='bbox 1364 4038 1702 4111; x_wconf 82' lang='grc' dir='ltr'>ἀποϐαλλομέ</span> 
     </span>
    </p>
   </div>
   <div class='ocr_carea' id='block_1_81' title="bbox 1856 4026 3398 4135">
    <p class='ocr_par' dir='ltr' id='par_1_81' title="bbox 1856 4057 3398 4135">
     <span class='ocr_line' id='line_1_84' title="bbox 1856 4057 3398 4135; baseline 0.009 -26"><span class='ocrx_word' id='word_1_607' title='bbox 1856 4064 1888 4110; x_wconf 67' lang='lat' dir='ltr'><strong>et</strong></span> <span class='ocrx_word' id='word_1_608' title='bbox 1928 4057 2163 4128; x_wconf 80' lang='lat' dir='ltr'><strong>legitima</strong></span> <span class='ocrx_word' id='word_1_609' title='bbox 2195 4074 2317 4113; x_wconf 91' lang='lat' dir='ltr'><strong>cum</strong></span> <span class='ocrx_word' id='word_1_610' title='bbox 2342 4061 2660 4117; x_wconf 89' lang='lat' dir='ltr'><strong>mulieribus</strong></span> <span class='ocrx_word' id='word_1_611' title='bbox 2683 4065 3080 4122; x_wconf 90' lang='lat' dir='ltr'><strong>consuetudine</strong></span> <span class='ocrx_word' id='word_1_612' title='bbox 3103 4069 3398 4135; x_wconf 86' lang='lat' dir='ltr'><strong>abstinent,</strong></span> 
     </span>
    </p>
   </div>
   <div class='ocr_carea' id='block_1_82' title="bbox 162 4120 1704 4233">
    <p class='ocr_par' dir='ltr' id='par_1_82' title="bbox 162 4120 1704 4233">
     <span class='ocr_line' id='line_1_85' title="bbox 162 4120 1704 4199; baseline 0.008 -25"><span class='ocrx_word' id='word_1_613' title='bbox 162 4134 309 4184; x_wconf 85' lang='grc' dir='ltr'>νους,</span> <span class='ocrx_word' id='word_1_614' title='bbox 336 4120 555 4191; x_wconf 77' lang='grc' dir='ltr'>καὶτῆς</span> <span class='ocrx_word' id='word_1_615' title='bbox 581 4124 971 4196; x_wconf 82' lang='grc' dir='ltr'>νενομισμένης</span> <span class='ocrx_word' id='word_1_616' title='bbox 994 4127 1130 4197; x_wconf 84' lang='grc' dir='ltr'>πρὸς</span> <span class='ocrx_word' id='word_1_617' title='bbox 1143 4128 1244 4192; x_wconf 83' lang='grc' dir='ltr'><strong>τάς</strong></span> <span class='ocrx_word' id='word_1_618' title='bbox 1261 4133 1525 4199; x_wconf 85' lang='grc' dir='ltr'>γυναῖκας</span> <span class='ocrx_word' id='word_1_619' title='bbox 1550 4148 1704 4185; x_wconf 88' lang='grc' dir='ltr'>συνου</span> 
     </span>
     <span class='ocr_line' id='line_1_86' title="bbox 169 4210 1580 4233; baseline 0 0"><span class='ocrx_word' id='word_1_620' title='bbox 169 4210 288 4233; x_wconf 55' lang='grc' dir='ltr'>,ιη</span> <span class='ocrx_word' id='word_1_621' title='bbox 333 4212 688 4233; x_wconf 26' lang='grc' dir='ltr'><strong>μημιγην,</strong></span> <span class='ocrx_word' id='word_1_622' title='bbox 742 4215 764 4231; x_wconf 82' lang='grc'><strong><em>.-</em></strong></span> <span class='ocrx_word' id='word_1_623' title='bbox 806 4232 825 4233; x_wconf 62' lang='lat'><strong>,,</strong></span> <span class='ocrx_word' id='word_1_624' title='bbox 918 4216 930 4233; x_wconf 90' lang='lat'>.</span> <span class='ocrx_word' id='word_1_625' title='bbox 1076 4218 1099 4233; x_wconf 80' lang='lat'><strong>..</strong></span> <span class='ocrx_word' id='word_1_626' title='bbox 1235 4222 1248 4233; x_wconf 91' lang='lat'><strong><em>.</em></strong></span> <span class='ocrx_word' id='word_1_627' title='bbox 1567 4223 1580 4233; x_wconf 91' lang='lat'><em>.</em></span> 
     </span>
    </p>
   </div>
   <div class='ocr_carea' id='block_1_83' title="bbox 1856 4120 3398 4233">
    <p class='ocr_par' dir='ltr' id='par_1_83' title="bbox 1856 4152 3398 4233">
     <span class='ocr_line' id='line_1_87' title="bbox 1856 4152 3398 4233; baseline 0.01 -28"><span class='ocrx_word' id='word_1_628' title='bbox 1856 4167 1903 4207; x_wconf 85' lang='lat' dir='ltr'><strong>te</strong></span> <span class='ocrx_word' id='word_1_629' title='bbox 1920 4152 2123 4209; x_wconf 90' lang='lat' dir='ltr'><strong>liberos</strong></span> <span class='ocrx_word' id='word_1_630' title='bbox 2140 4155 2460 4225; x_wconf 81' lang='lat' dir='ltr'><strong>suscipiant,</strong></span> <span class='ocrx_word' id='word_1_631' title='bbox 2478 4156 2750 4227; x_wconf 90' lang='lat' dir='ltr'><strong>inquiunt,</strong></span> <span class='ocrx_word' id='word_1_632' title='bbox 2764 4161 3084 4233; x_wconf 85' lang='lat' dir='ltr'><strong>animasque</strong></span> <span class='ocrx_word' id='word_1_633' title='bbox 3094 4162 3161 4217; x_wconf 89' lang='lat' dir='ltr'><strong>ad</strong></span> <span class='ocrx_word' id='word_1_634' title='bbox 3181 4178 3398 4220; x_wconf 64' lang='lat' dir='ltr'><strong>canum</strong></span> 
     </span>
    </p>
   </div>
   <div class='ocr_carea' id='block_1_84' title="bbox 164 4210 1706 4309">
    <p class='ocr_par' dir='ltr' id='par_1_84' title="bbox 164 4210 1706 4293">
     <span class='ocr_line' id='line_1_88' title="bbox 164 4210 1706 4293; baseline 0.01 -30"><span class='ocrx_word' id='word_1_635' title='bbox 164 4210 288 4276; x_wconf 87' lang='grc' dir='ltr'>σίας</span> <span class='ocrx_word' id='word_1_636' title='bbox 325 4212 713 4285; x_wconf 81' lang='grc' dir='ltr'>ἀπεχομένους,</span> <span class='ocrx_word' id='word_1_637' title='bbox 742 4215 829 4271; x_wconf 79' lang='grc' dir='ltr'><strong>ἵνα</strong></span> <span class='ocrx_word' id='word_1_638' title='bbox 871 4216 946 4288; x_wconf 78' lang='grc' dir='ltr'>μὴ</span> <span class='ocrx_word' id='word_1_639' title='bbox 974 4218 1421 4293; x_wconf 82' lang='grc' dir='ltr'>παιδοποιήσωσι,</span> <span class='ocrx_word' id='word_1_640' title='bbox 1458 4223 1613 4292; x_wconf 76' lang='grc' dir='ltr'>φασὶ,</span> <span class='ocrx_word' id='word_1_641' title='bbox 1642 4242 1706 4278; x_wconf 84' lang='grc' dir='ltr'><strong>κα</strong></span> 
     </span>
    </p>
   </div>
   <div class='ocr_carea' id='block_1_85' title="bbox 1322 4210 2864 4309">
    <p class='ocr_par' dir='ltr' id='par_1_85' title="bbox 1322 4223 2864 4309">
     <span class='ocr_line' id='line_1_89' title="bbox 1322 4223 2864 4309; baseline 0.01 -18"><span class='ocrx_word' id='word_1_642' title='bbox 1322 4238 1421 4286; x_wconf 69' lang='lat' dir='ltr'><strong>mo</strong></span> <span class='ocrx_word' id='word_1_643' title='bbox 1458 4223 1613 4292; x_wconf 57' lang='grc' dir='ltr'><strong>φασιν</strong></span> <span class='ocrx_word' id='word_1_644' title='bbox 1642 4225 1736 4278; x_wconf 62' lang='grc' dir='ltr'><strong>καὶ</strong></span> <span class='ocrx_word' id='word_1_645' title='bbox 1833 4243 2197 4301; x_wconf 84' lang='lat' dir='ltr'><strong>humanarum</strong></span> <span class='ocrx_word' id='word_1_646' title='bbox 2224 4248 2533 4304; x_wconf 88' lang='lat' dir='ltr'><strong>animarum</strong></span> <span class='ocrx_word' id='word_1_647' title='bbox 2573 4249 2864 4309; x_wconf 89' lang='lat' dir='ltr'><strong>deducant.</strong></span> 
     </span>
    </p>
   </div>
   <div class='ocr_carea' id='block_1_86' title="bbox 159 4303 1735 4389">
    <p class='ocr_par' dir='ltr' id='par_1_86' title="bbox 159 4303 1735 4389">
     <span class='ocr_line' id='line_1_90' title="bbox 159 4303 1735 4389; baseline 0.01 -34"><span class='ocrx_word' id='word_1_648' title='bbox 159 4303 343 4375; x_wconf 78' lang='grc' dir='ltr'>ψυχάς</span> <span class='ocrx_word' id='word_1_649' title='bbox 368 4307 447 4370; x_wconf 84' lang='grc' dir='ltr'>είς</span> <span class='ocrx_word' id='word_1_650' title='bbox 468 4307 557 4361; x_wconf 81' lang='grc' dir='ltr'><strong>τὸν</strong></span> <span class='ocrx_word' id='word_1_651' title='bbox 586 4306 843 4383; x_wconf 85' lang='grc' dir='ltr'>βόρϐορον</span> <span class='ocrx_word' id='word_1_652' title='bbox 868 4310 979 4363; x_wconf 87' lang='grc' dir='ltr'><strong>τῶν</strong></span> <span class='ocrx_word' id='word_1_653' title='bbox 1003 4312 1357 4384; x_wconf 86' lang='grc' dir='ltr'>ἀνθρωπίνων</span> <span class='ocrx_word' id='word_1_654' title='bbox 1384 4315 1574 4389; x_wconf 78' lang='grc' dir='ltr'>ψυχῶν</span> <span class='ocrx_word' id='word_1_655' title='bbox 1603 4335 1735 4373; x_wconf 90' lang='grc' dir='ltr'>κατ-</span> 
     </span>
    </p>
   </div>
   <div class='ocr_carea' id='block_1_87' title="bbox 238 4398 458 4455">
    <p class='ocr_par' dir='ltr' id='par_1_87' title="bbox 238 4398 458 4455">
     <span class='ocr_line' id='line_1_91' title="bbox 238 4398 458 4455; baseline 0.018 -4"><span class='ocrx_word' id='word_1_656' title='bbox 238 4398 458 4455; x_wconf 86' lang='grc' dir='ltr'>άγωσιν.</span> 
     </span>
    </p>
   </div>
   <div class='ocr_carea' id='block_1_88' title="bbox 161 4414 1703 4568">
    <p class='ocr_par' dir='ltr' id='par_1_88' title="bbox 161 4414 1703 4568">
     <span class='ocr_line' id='line_1_92' title="bbox 238 4414 458 4455; baseline 0.018 -4"><span class='ocrx_word' id='word_1_657' title='bbox 238 4414 273 4451; x_wconf 87' lang='grc' dir='ltr'>α</span> <span class='ocrx_word' id='word_1_658' title='bbox 309 4416 458 4455; x_wconf 86' lang='grc' dir='ltr'>ωσιν.</span> 
     </span>
     <span class='ocr_line' id='line_1_93' title="bbox 161 4414 1703 4568; baseline 0.01 -27"><span class='ocrx_word' id='word_1_659' title='bbox 161 4414 646 4562; x_wconf 59' lang='grc' dir='ltr'><strong>αγἰἷναθεματίξω</strong></span> <span class='ocrx_word' id='word_1_660' title='bbox 673 4494 766 4547; x_wconf 70' lang='grc' dir='ltr'>καὶ</span> <span class='ocrx_word' id='word_1_661' title='bbox 791 4495 1208 4568; x_wconf 78' lang='grc' dir='ltr'>καταθεματίζω</span> <span class='ocrx_word' id='word_1_662' title='bbox 1233 4498 1441 4564; x_wconf 82' lang='grc' dir='ltr'>πάντας</span> <span class='ocrx_word' id='word_1_663' title='bbox 1464 4502 1590 4564; x_wconf 80' lang='grc' dir='ltr'>τοὺς</span> <span class='ocrx_word' id='word_1_664' title='bbox 1608 4503 1703 4556; x_wconf 63' lang='grc' dir='ltr'>Μαι</span> 
     </span>
    </p>
   </div>
   <div class='ocr_carea' id='block_1_89' title="bbox 1856 4414 3398 4568">
    <p class='ocr_par' dir='ltr' id='par_1_89' title="bbox 1898 4487 3398 4567">
     <span class='ocr_line' id='line_1_94' title="bbox 1898 4487 3398 4567; baseline 0.009 -26"><span class='ocrx_word' id='word_1_665' title='bbox 1898 4487 1986 4543; x_wconf 89' lang='lat' dir='ltr'><strong>lll.</strong></span> <span class='ocrx_word' id='word_1_666' title='bbox 2028 4490 2383 4547; x_wconf 82' lang='lat' dir='ltr'><strong>Anathemate</strong></span> <span class='ocrx_word' id='word_1_667' title='bbox 2429 4500 2484 4548; x_wconf 89' lang='lat' dir='ltr'><strong>et</strong></span> <span class='ocrx_word' id='word_1_668' title='bbox 2528 4493 2888 4552; x_wconf 88' lang='lat' dir='ltr'><strong>catathemate</strong></span> <span class='ocrx_word' id='word_1_669' title='bbox 2934 4498 3178 4567; x_wconf 85' lang='lat' dir='ltr'><strong>percutio</strong></span> <span class='ocrx_word' id='word_1_670' title='bbox 3207 4513 3398 4556; x_wconf 75' lang='lat' dir='ltr'><strong>omnes</strong></span> 
     </span>
    </p>
   </div>
   <div class='ocr_carea' id='block_1_90' title="bbox 160 4580 1702 4665">
    <p class='ocr_par' dir='ltr' id='par_1_90' title="bbox 160 4582 1702 4665">
     <span class='ocr_line' id='line_1_95' title="bbox 160 4582 1702 4665; baseline 0.008 -30"><span class='ocrx_word' id='word_1_671' title='bbox 160 4582 422 4652; x_wconf 80' lang='grc' dir='ltr'>νιχαίους,</span> <span class='ocrx_word' id='word_1_672' title='bbox 456 4586 548 4638; x_wconf 72' lang='grc' dir='ltr'><strong>καὶ</strong></span> <span class='ocrx_word' id='word_1_673' title='bbox 593 4585 663 4639; x_wconf 82' lang='grc' dir='ltr'><strong>τά</strong></span> <span class='ocrx_word' id='word_1_674' title='bbox 703 4586 909 4641; x_wconf 83' lang='grc' dir='ltr'>τούτων</span> <span class='ocrx_word' id='word_1_675' title='bbox 953 4590 1280 4661; x_wconf 81' lang='grc' dir='ltr'>φρονήματα</span> <span class='ocrx_word' id='word_1_676' title='bbox 1328 4593 1422 4645; x_wconf 80' lang='grc' dir='ltr'>καὶ</span> <span class='ocrx_word' id='word_1_677' title='bbox 1465 4593 1702 4665; x_wconf 84' lang='grc' dir='ltr'>δόγματα</span> 
     </span>
    </p>
   </div>
   <div class='ocr_carea' id='block_1_91' title="bbox 1853 4580 3395 4665">
    <p class='ocr_par' dir='ltr' id='par_1_91' title="bbox 1853 4581 3395 4659">
     <span class='ocr_line' id='line_1_96' title="bbox 1853 4581 3395 4659; baseline 0.006 -23"><span class='ocrx_word' id='word_1_678' title='bbox 1853 4581 2176 4648; x_wconf 67' lang='lat' dir='ltr'><strong>lanichaeos,</strong></span> <span class='ocrx_word' id='word_1_679' title='bbox 2210 4599 2506 4656; x_wconf 88' lang='lat' dir='ltr'><strong>eorumque</strong></span> <span class='ocrx_word' id='word_1_680' title='bbox 2545 4588 2843 4643; x_wconf 88' lang='lat' dir='ltr'><strong>sententias</strong></span> <span class='ocrx_word' id='word_1_681' title='bbox 2884 4596 2936 4642; x_wconf 90' lang='lat' dir='ltr'><strong>et</strong></span> <span class='ocrx_word' id='word_1_682' title='bbox 2964 4588 3238 4659; x_wconf 77' lang='lat' dir='ltr'><strong>dogmata,</strong></span> <span class='ocrx_word' id='word_1_683' title='bbox 3269 4604 3395 4647; x_wconf 89' lang='lat' dir='ltr'><strong>cum</strong></span> 
     </span>
    </p>
   </div>
   <div class='ocr_carea' id='block_1_92' title="bbox 162 4672 1704 4754">
    <p class='ocr_par' dir='ltr' id='par_1_92' title="bbox 162 4672 1704 4754">
     <span class='ocr_line' id='line_1_97' title="bbox 162 4672 1704 4754; baseline 0.008 -29"><span class='ocrx_word' id='word_1_684' title='bbox 162 4672 262 4725; x_wconf 83' lang='grc' dir='ltr'>σὺν</span> <span class='ocrx_word' id='word_1_685' title='bbox 303 4672 494 4735; x_wconf 84' lang='grc' dir='ltr'>αὑταῖς</span> <span class='ocrx_word' id='word_1_686' title='bbox 530 4674 728 4745; x_wconf 76' lang='grc' dir='ltr'>ψυχαῖς</span> <span class='ocrx_word' id='word_1_687' title='bbox 768 4692 828 4729; x_wconf 87' lang='grc' dir='ltr'><strong>τε</strong></span> <span class='ocrx_word' id='word_1_688' title='bbox 858 4678 952 4731; x_wconf 75' lang='grc' dir='ltr'><strong>καὶ</strong></span> <span class='ocrx_word' id='word_1_689' title='bbox 981 4677 1216 4750; x_wconf 83' lang='grc' dir='ltr'>σώμασι,</span> <span class='ocrx_word' id='word_1_690' title='bbox 1240 4681 1333 4735; x_wconf 58' lang='grc' dir='ltr'><strong>καὶ⁵</strong></span> <span class='ocrx_word' id='word_1_691' title='bbox 1375 4680 1444 4737; x_wconf 83' lang='grc' dir='ltr'><strong>τά</strong></span> <span class='ocrx_word' id='word_1_692' title='bbox 1491 4682 1704 4754; x_wconf 80' lang='grc' dir='ltr'>μυσαρά</span> 
     </span>
    </p>
   </div>
   <div class='ocr_carea' id='block_1_93' title="bbox 1854 4672 3396 4754">
    <p class='ocr_par' dir='ltr' id='par_1_93' title="bbox 1856 4676 3396 4749">
     <span class='ocr_line' id='line_1_98' title="bbox 1856 4676 3396 4749; baseline 0.004 -18"><span class='ocrx_word' id='word_1_693' title='bbox 1856 4676 1968 4746; x_wconf 84' lang='lat' dir='ltr'><strong>psis</strong></span> <span class='ocrx_word' id='word_1_694' title='bbox 2008 4676 2294 4731; x_wconf 87' lang='lat' dir='ltr'><strong>animabus</strong></span> <span class='ocrx_word' id='word_1_695' title='bbox 2323 4684 2376 4731; x_wconf 89' lang='lat' dir='ltr'><strong>et</strong></span> <span class='ocrx_word' id='word_1_696' title='bbox 2405 4679 2747 4749; x_wconf 88' lang='lat' dir='ltr'><strong>corporibus,</strong></span> <span class='ocrx_word' id='word_1_697' title='bbox 2778 4687 2831 4735; x_wconf 85' lang='lat' dir='ltr'><strong>et</strong></span> <span class='ocrx_word' id='word_1_698' title='bbox 2870 4680 3254 4745; x_wconf 85' lang='lat' dir='ltr'><strong>abominanda,</strong></span> <span class='ocrx_word' id='word_1_699' title='bbox 3288 4682 3396 4737; x_wconf 80' lang='lat' dir='ltr'><strong>im-</strong></span> 
     </span>
    </p>
   </div>
   <div class='ocr_carea' id='block_1_94' title="bbox 158 4764 1700 4847">
    <p class='ocr_par' dir='ltr' id='par_1_94' title="bbox 158 4764 1700 4847">
     <span class='ocr_line' id='line_1_99' title="bbox 158 4764 1700 4847; baseline 0.006 -28"><span class='ocrx_word' id='word_1_700' title='bbox 158 4766 255 4820; x_wconf 76' lang='grc' dir='ltr'>καὶ</span> <span class='ocrx_word' id='word_1_701' title='bbox 285 4764 589 4837; x_wconf 85' lang='grc' dir='ltr'>ἀκάθαρτα,</span> <span class='ocrx_word' id='word_1_702' title='bbox 623 4769 718 4821; x_wconf 77' lang='grc' dir='ltr'><strong>καὶ</strong></span> <span class='ocrx_word' id='word_1_703' title='bbox 744 4770 998 4840; x_wconf 86' lang='grc' dir='ltr'>γοητείας</span> <span class='ocrx_word' id='word_1_704' title='bbox 1025 4771 1206 4845; x_wconf 80' lang='grc' dir='ltr'>πλήρη</span> <span class='ocrx_word' id='word_1_705' title='bbox 1239 4776 1532 4847; x_wconf 81' lang='grc' dir='ltr'>μυστήρια,</span> <span class='ocrx_word' id='word_1_706' title='bbox 1557 4777 1650 4830; x_wconf 79' lang='grc' dir='ltr'>καὶ</span> <span class='ocrx_word' id='word_1_707' title='bbox 1671 4793 1700 4829; x_wconf 91' lang='grc' dir='ltr'><strong>τ</strong></span> 
     </span>
    </p>
   </div>
   <div class='ocr_carea' id='block_1_95' title="bbox 1848 4764 3390 4847">
    <p class='ocr_par' dir='ltr' id='par_1_95' title="bbox 1848 4768 3390 4842">
     <span class='ocr_line' id='line_1_100' title="bbox 1848 4768 3390 4842; baseline 0.005 -20"><span class='ocrx_word' id='word_1_708' title='bbox 1848 4784 1966 4823; x_wconf 68' lang='lat' dir='ltr'><strong>iura</strong></span> <span class='ocrx_word' id='word_1_709' title='bbox 2012 4768 2520 4841; x_wconf 68' lang='lat' dir='ltr'><strong>praestigiarumque</strong></span> <span class='ocrx_word' id='word_1_710' title='bbox 2563 4770 2721 4841; x_wconf 90' lang='lat' dir='ltr'><strong>plena</strong></span> <span class='ocrx_word' id='word_1_711' title='bbox 2750 4771 3025 4842; x_wconf 84' lang='lat' dir='ltr'><strong>mysteria,</strong></span> <span class='ocrx_word' id='word_1_712' title='bbox 3057 4779 3111 4827; x_wconf 89' lang='lat' dir='ltr'><strong>et</strong></span> <span class='ocrx_word' id='word_1_713' title='bbox 3138 4781 3390 4831; x_wconf 80' lang='lat' dir='ltr'><strong>vocatum</strong></span> 
     </span>
    </p>
   </div>
   <div class='ocr_carea' id='block_1_96' title="bbox 158 4856 1700 4936">
    <p class='ocr_par' dir='ltr' id='par_1_96' title="bbox 158 4856 1698 4931">
     <span class='ocr_line' id='line_1_101' title="bbox 158 4856 1698 4931; baseline 0.008 -23"><span class='ocrx_word' id='word_1_714' title='bbox 158 4856 493 4927; x_wconf 82' lang='grc' dir='ltr'>καλούμενον</span> <span class='ocrx_word' id='word_1_715' title='bbox 535 4856 712 4911; x_wconf 78' lang='grc' dir='ltr'>αὐτῶν</span> <span class='ocrx_word' id='word_1_716' title='bbox 759 4859 940 4931; x_wconf 85' lang='grc' dir='ltr'>Βῆμα,</span> <span class='ocrx_word' id='word_1_717' title='bbox 980 4863 1075 4916; x_wconf 54' lang='grc' dir='ltr'><strong>καί⁵</strong></span> <span class='ocrx_word' id='word_1_718' title='bbox 1118 4864 1303 4917; x_wconf 86' lang='grc' dir='ltr'>πάντα</span> <span class='ocrx_word' id='word_1_719' title='bbox 1343 4865 1443 4921; x_wconf 75' lang='grc' dir='ltr'><strong>ὅσα</strong></span> <span class='ocrx_word' id='word_1_720' title='bbox 1487 4866 1698 4921; x_wconf 77' lang='grc' dir='ltr'>τελοῦσι</span> 
     </span>
    </p>
   </div>
   <div class='ocr_carea' id='block_1_97' title="bbox 1852 4856 3394 4936">
    <p class='ocr_par' dir='ltr' id='par_1_97' title="bbox 1853 4860 3394 4936">
     <span class='ocr_line' id='line_1_102' title="bbox 1853 4860 3394 4936; baseline 0.006 -22"><span class='ocrx_word' id='word_1_721' title='bbox 1853 4862 2046 4916; x_wconf 92' lang='lat' dir='ltr'><strong>llorum</strong></span> <span class='ocrx_word' id='word_1_722' title='bbox 2075 4860 2271 4929; x_wconf 88' lang='lat' dir='ltr'><strong>Bema;</strong></span> <span class='ocrx_word' id='word_1_723' title='bbox 2304 4864 2596 4933; x_wconf 88' lang='lat' dir='ltr'><strong>omniaque</strong></span> <span class='ocrx_word' id='word_1_724' title='bbox 2624 4878 2744 4933; x_wconf 69' lang='lat' dir='ltr'><strong>qua:</strong></span> <span class='ocrx_word' id='word_1_725' title='bbox 2782 4863 2945 4933; x_wconf 90' lang='lat' dir='ltr'><strong>impie</strong></span> <span class='ocrx_word' id='word_1_726' title='bbox 2974 4874 3394 4936; x_wconf 75' lang='lat' dir='ltr'><strong>peragunt,qutn</strong></span> 
     </span>
    </p>
   </div>
   <div class='ocr_carea' id='block_1_98' title="bbox 156 4946 1698 5029">
    <p class='ocr_par' dir='ltr' id='par_1_98' title="bbox 156 4946 1698 5029">
     <span class='ocr_line' id='line_1_103' title="bbox 156 4946 1698 5029; baseline 0.007 -27"><span class='ocrx_word' id='word_1_727' title='bbox 156 4947 355 5009; x_wconf 78' lang='grc' dir='ltr'>ἀθέως,</span> <span class='ocrx_word' id='word_1_728' title='bbox 385 4946 421 5001; x_wconf 76' lang='grc' dir='ltr'>ἃ</span> <span class='ocrx_word' id='word_1_729' title='bbox 454 4950 574 5010; x_wconf 84' lang='grc' dir='ltr'>ταῖς</span> <span class='ocrx_word' id='word_1_730' title='bbox 618 4948 999 5020; x_wconf 84' lang='grc' dir='ltr'>Μανιχαῖκαῖς,</span> <span class='ocrx_word' id='word_1_731' title='bbox 1035 4953 1232 5024; x_wconf 80' lang='grc' dir='ltr'>μᾶλλον</span> <span class='ocrx_word' id='word_1_732' title='bbox 1266 4955 1322 5010; x_wconf 84' lang='grc' dir='ltr'>δὲ</span> <span class='ocrx_word' id='word_1_733' title='bbox 1356 4963 1698 5029; x_wconf 82' lang='grc' dir='ltr'>γοητευτικαῖ</span> 
     </span>
    </p>
   </div>
   <div class='ocr_carea' id='block_1_99' title="bbox 1848 4946 3390 5029">
    <p class='ocr_par' dir='ltr' id='par_1_99' title="bbox 1854 4952 3390 5027">
     <span class='ocr_line' id='line_1_104' title="bbox 1854 4952 3390 5027; baseline 0.007 -21"><span class='ocrx_word' id='word_1_734' title='bbox 1854 4969 1885 5006; x_wconf 91' lang='lat' dir='ltr'><strong>n</strong></span> <span class='ocrx_word' id='word_1_735' title='bbox 1918 4952 2290 5019; x_wconf 84' lang='lat' dir='ltr'><strong>Manichaicis,</strong></span> <span class='ocrx_word' id='word_1_736' title='bbox 2322 4955 2494 5025; x_wconf 78' lang='lat' dir='ltr'><strong>magis</strong></span> <span class='ocrx_word' id='word_1_737' title='bbox 2524 4961 2703 5009; x_wconf 88' lang='lat' dir='ltr'><strong>autem</strong></span> <span class='ocrx_word' id='word_1_738' title='bbox 2731 4955 3164 5027; x_wconf 71' lang='lat' dir='ltr'><strong>praestigiatoriis</strong></span> <span class='ocrx_word' id='word_1_739' title='bbox 3201 4968 3390 5016; x_wconf 87' lang='lat' dir='ltr'><strong>eorum</strong></span> 
     </span>
    </p>
   </div>
   <div class='ocr_carea' id='block_1_100' title="bbox 157 5036 1699 5119">
    <p class='ocr_par' dir='ltr' id='par_1_100' title="bbox 157 5036 1699 5117">
     <span class='ocr_line' id='line_1_105' title="bbox 157 5036 1699 5117; baseline 0.008 -25"><span class='ocrx_word' id='word_1_740' title='bbox 157 5036 340 5092; x_wconf 85' lang='grc' dir='ltr'>αὐτῶν</span> <span class='ocrx_word' id='word_1_741' title='bbox 387 5037 697 5109; x_wconf 77' lang='grc' dir='ltr'>περιέχεται</span> <span class='ocrx_word' id='word_1_742' title='bbox 735 5040 977 5109; x_wconf 83' lang='grc' dir='ltr'>βιϐλίοις.</span> <span class='ocrx_word' id='word_1_743' title='bbox 1011 5045 1413 5117; x_wconf 79' lang='grc' dir='ltr'>Ἀναθεματίζω</span> <span class='ocrx_word' id='word_1_744' title='bbox 1457 5050 1632 5104; x_wconf 87' lang='grc' dir='ltr'>πάντα</span> <span class='ocrx_word' id='word_1_745' title='bbox 1659 5069 1699 5104; x_wconf 78' lang='grc' dir='ltr'><strong>τι</strong></span> 
     </span>
    </p>
   </div>
   <div class='ocr_carea' id='block_1_101' title="bbox 1850 5036 3392 5119">
    <p class='ocr_par' dir='ltr' id='par_1_101' title="bbox 1850 5045 3392 5119">
     <span class='ocr_line' id='line_1_106' title="bbox 1850 5045 3392 5119; baseline 0.003 -19"><span class='ocrx_word' id='word_1_746' title='bbox 1850 5046 1983 5102; x_wconf 87' lang='lat' dir='ltr'><strong>ibris</strong></span> <span class='ocrx_word' id='word_1_747' title='bbox 2024 5047 2388 5102; x_wconf 88' lang='lat' dir='ltr'><strong>continentur.</strong></span> <span class='ocrx_word' id='word_1_748' title='bbox 2419 5045 2834 5100; x_wconf 84' lang='lat' dir='ltr'><strong>Anathemalizo</strong></span> <span class='ocrx_word' id='word_1_749' title='bbox 2874 5062 3064 5103; x_wconf 85' lang='lat' dir='ltr'><strong>omnes</strong></span> <span class='ocrx_word' id='word_1_750' title='bbox 3106 5048 3392 5119; x_wconf 79' lang='lat' dir='ltr'><strong>Opiniones</strong></span> 
     </span>
    </p>
   </div>
   <div class='ocr_carea' id='block_1_102' title="bbox 156 5131 1698 5209">
    <p class='ocr_par' dir='ltr' id='par_1_102' title="bbox 156 5131 1695 5205">
     <span class='ocr_line' id='line_1_107' title="bbox 156 5131 1695 5205; baseline 0.01 -24"><span class='ocrx_word' id='word_1_751' title='bbox 156 5132 404 5202; x_wconf 75' lang='grc' dir='ltr'>δόγματα</span> <span class='ocrx_word' id='word_1_752' title='bbox 432 5131 525 5184; x_wconf 78' lang='grc' dir='ltr'>καὶ</span> <span class='ocrx_word' id='word_1_753' title='bbox 555 5132 956 5203; x_wconf 83' lang='grc' dir='ltr'>συγγράμματα</span> <span class='ocrx_word' id='word_1_754' title='bbox 983 5137 1077 5191; x_wconf 89' lang='grc' dir='ltr'><strong>τοῦ</strong></span> <span class='ocrx_word' id='word_1_755' title='bbox 1098 5138 1391 5205; x_wconf 88' lang='grc' dir='ltr'>Μάνεντος,</span> <span class='ocrx_word' id='word_1_756' title='bbox 1413 5143 1506 5197; x_wconf 80' lang='grc' dir='ltr'><strong>καὶ</strong></span> <span class='ocrx_word' id='word_1_757' title='bbox 1532 5143 1593 5196; x_wconf 84' lang='grc' dir='ltr'>τὸ</span> <span class='ocrx_word' id='word_1_758' title='bbox 1620 5144 1695 5196; x_wconf 90' lang='grc' dir='ltr'><strong>τῶ</strong></span> 
     </span>
    </p>
   </div>
   <div class='ocr_carea' id='block_1_103' title="bbox 1845 5131 3387 5209">
    <p class='ocr_par' dir='ltr' id='par_1_103' title="bbox 1845 5136 3387 5209">
     <span class='ocr_line' id='line_1_108' title="bbox 1845 5136 3387 5209; baseline -0.003 -16"><span class='ocrx_word' id='word_1_759' title='bbox 1845 5153 1891 5193; x_wconf 83' lang='lat' dir='ltr'><strong>tc</strong></span> <span class='ocrx_word' id='word_1_760' title='bbox 1940 5139 2108 5194; x_wconf 90' lang='lat' dir='ltr'><strong>libros</strong></span> <span class='ocrx_word' id='word_1_761' title='bbox 2155 5138 2403 5204; x_wconf 83' lang='lat' dir='ltr'><strong>Manetis,</strong></span> <span class='ocrx_word' id='word_1_762' title='bbox 2435 5147 2597 5209; x_wconf 89' lang='lat' dir='ltr'><strong>atque</strong></span> <span class='ocrx_word' id='word_1_763' title='bbox 2627 5136 2990 5206; x_wconf 72' lang='lat' dir='ltr'><strong>Epistolarum</strong></span> <span class='ocrx_word' id='word_1_764' title='bbox 3044 5139 3189 5193; x_wconf 90' lang='lat' dir='ltr'><strong>illius</strong></span> <span class='ocrx_word' id='word_1_765' title='bbox 3232 5141 3387 5194; x_wconf 66' lang='lat' dir='ltr'><strong>volu.</strong></span> 
     </span>
    </p>
   </div>
   <div class='ocr_carea' id='block_1_104' title="bbox 171 5222 1713 5307">
    <p class='ocr_par' dir='ltr' id='par_1_104' title="bbox 171 5222 1713 5307">
     <span class='ocr_line' id='line_1_109' title="bbox 171 5222 1713 5307; baseline 0.008 -29"><span class='ocrx_word' id='word_1_766' title='bbox 171 5222 544 5278; x_wconf 74' lang='grc' dir='ltr'>Ἐπιστολῶν</span> <span class='ocrx_word' id='word_1_767' title='bbox 571 5224 735 5278; x_wconf 78' lang='grc' dir='ltr'>αὑτοῦ</span> <span class='ocrx_word' id='word_1_768' title='bbox 766 5225 987 5295; x_wconf 87' lang='grc' dir='ltr'>βιϐλίον,</span> <span class='ocrx_word' id='word_1_769' title='bbox 1017 5231 1110 5283; x_wconf 77' lang='grc' dir='ltr'>καὶ</span> <span class='ocrx_word' id='word_1_770' title='bbox 1131 5232 1310 5297; x_wconf 86' lang='grc' dir='ltr'>πάσας</span> <span class='ocrx_word' id='word_1_771' title='bbox 1336 5234 1432 5298; x_wconf 82' lang='grc' dir='ltr'>τὰς</span> <span class='ocrx_word' id='word_1_772' title='bbox 1459 5236 1713 5307; x_wconf 75' lang='grc' dir='ltr'>Μανιχαῖ‹</span> 
     </span>
    </p>
   </div>
   <div class='ocr_carea' id='block_1_105' title="bbox 1846 5222 3388 5307">
    <p class='ocr_par' dir='ltr' id='par_1_105' title="bbox 1846 5229 3388 5301">
     <span class='ocr_line' id='line_1_110' title="bbox 1846 5229 3388 5301; baseline -0.003 -16"><span class='ocrx_word' id='word_1_773' title='bbox 1846 5246 1972 5295; x_wconf 84' lang='lat' dir='ltr'><strong>neu,</strong></span> <span class='ocrx_word' id='word_1_774' title='bbox 2005 5238 2310 5301; x_wconf 86' lang='lat' dir='ltr'><strong>cunctaque</strong></span> <span class='ocrx_word' id='word_1_775' title='bbox 2341 5229 2542 5299; x_wconf 90' lang='lat' dir='ltr'><strong>scripta</strong></span> <span class='ocrx_word' id='word_1_776' title='bbox 2574 5229 2906 5287; x_wconf 84' lang='lat' dir='ltr'><strong>Manichaica</strong></span> <span class='ocrx_word' id='word_1_777' title='bbox 2942 5250 2956 5287; x_wconf 88' lang='lat'><strong>:</strong></span> <span class='ocrx_word' id='word_1_778' title='bbox 2988 5231 3155 5285; x_wconf 86' lang='lat' dir='ltr'><strong>veluti</strong></span> <span class='ocrx_word' id='word_1_779' title='bbox 3194 5234 3388 5286; x_wconf 65' lang='lat' dir='ltr'><strong>morti.</strong></span> 
     </span>
    </p>
   </div>
   <div class='ocr_carea' id='block_1_106' title="bbox 156 5310 1698 5399">
    <p class='ocr_par' dir='ltr' id='par_1_106' title="bbox 156 5310 1698 5399">
     <span class='ocr_line' id='line_1_111' title="bbox 156 5310 1698 5399; baseline 0.013 -36"><span class='ocrx_word' id='word_1_780' title='bbox 156 5314 261 5377; x_wconf 78' lang='grc' dir='ltr'>κὰς</span> <span class='ocrx_word' id='word_1_781' title='bbox 307 5313 546 5383; x_wconf 84' lang='grc' dir='ltr'>βίϐλους·</span> <span class='ocrx_word' id='word_1_782' title='bbox 592 5310 703 5371; x_wconf 73' lang='grc' dir='ltr'>οἷον</span> <span class='ocrx_word' id='word_1_783' title='bbox 751 5318 811 5371; x_wconf 78' lang='grc' dir='ltr'>τὸ</span> <span class='ocrx_word' id='word_1_784' title='bbox 854 5321 1168 5392; x_wconf 83' lang='grc' dir='ltr'>νεκροποιδν</span> <span class='ocrx_word' id='word_1_785' title='bbox 1211 5325 1358 5397; x_wconf 84' lang='grc' dir='ltr'>αύτῷ</span> <span class='ocrx_word' id='word_1_786' title='bbox 1390 5326 1501 5399; x_wconf 80' lang='grc'><strong>(75)</strong></span> <span class='ocrx_word' id='word_1_787' title='bbox 1533 5330 1698 5397; x_wconf 69' lang='lat' dir='ltr'><strong>Ebur</strong></span> 
     </span>
    </p>
   </div>
   <div class='ocr_carea' id='block_1_107' title="bbox 1846 5310 3388 5399">
    <p class='ocr_par' dir='ltr' id='par_1_107' title="bbox 1846 5321 3388 5396">
     <span class='ocr_line' id='line_1_112' title="bbox 1846 5321 3388 5396; baseline 0.001 -20"><span class='ocrx_word' id='word_1_788' title='bbox 1846 5322 1999 5377; x_wconf 75' lang='lat' dir='ltr'><strong>&#39;erum</strong></span> <span class='ocrx_word' id='word_1_789' title='bbox 2040 5338 2229 5378; x_wconf 89' lang='lat' dir='ltr'><strong>eorum</strong></span> <span class='ocrx_word' id='word_1_790' title='bbox 2272 5321 2611 5392; x_wconf 82' lang='lat' dir='ltr'><strong>Evangelium</strong></span> <span class='ocrx_word' id='word_1_791' title='bbox 2642 5364 2656 5388; x_wconf 87' lang='lat'><strong>,</strong></span> <span class='ocrx_word' id='word_1_792' title='bbox 2686 5323 2830 5392; x_wconf 89' lang='lat' dir='ltr'><strong>quod</strong></span> <span class='ocrx_word' id='word_1_793' title='bbox 2859 5324 3030 5377; x_wconf 74' lang='lat' dir='ltr'><strong>vivum</strong></span> <span class='ocrx_word' id='word_1_794' title='bbox 3071 5324 3388 5396; x_wconf 78' lang='lat' dir='ltr'><strong>appellant;</strong></span> 
     </span>
    </p>
   </div>
   <div class='ocr_carea' id='block_1_108' title="bbox 155 5405 1697 5491">
    <p class='ocr_par' dir='ltr' id='par_1_108' title="bbox 155 5405 1697 5491">
     <span class='ocr_line' id='line_1_113' title="bbox 155 5405 1697 5491; baseline 0.01 -33"><span class='ocrx_word' id='word_1_795' title='bbox 155 5405 379 5476; x_wconf 75' lang='grc' dir='ltr'>τέλιον,</span> <span class='ocrx_word' id='word_1_796' title='bbox 406 5407 543 5478; x_wconf 84' lang='grc' dir='ltr'>ὅπερ</span> <span class='ocrx_word' id='word_1_797' title='bbox 587 5405 700 5470; x_wconf 67' lang='lat' dir='ltr'><strong>{Evr</strong></span> <span class='ocrx_word' id='word_1_798' title='bbox 738 5409 991 5467; x_wconf 72' lang='grc' dir='ltr'>καλοῦσι’</span> <span class='ocrx_word' id='word_1_799' title='bbox 1042 5415 1136 5468; x_wconf 75' lang='grc' dir='ltr'><strong>καὶ</strong></span> <span class='ocrx_word' id='word_1_800' title='bbox 1176 5415 1268 5471; x_wconf 78' lang='grc' dir='ltr'><strong>τὸν</strong></span> <span class='ocrx_word' id='word_1_801' title='bbox 1314 5418 1584 5491; x_wconf 77' lang='grc' dir='ltr'>θησαυρὸν</span> <span class='ocrx_word' id='word_1_802' title='bbox 1629 5426 1697 5473; x_wconf 60' lang='grc' dir='ltr'>τοέ</span> 
     </span>
    </p>
   </div>
   <div class='ocr_carea' id='block_1_109' title="bbox 1844 5405 3386 5491">
    <p class='ocr_par' dir='ltr' id='par_1_109' title="bbox 1844 5413 3386 5485">
     <span class='ocr_line' id='line_1_114' title="bbox 1844 5413 3386 5485; baseline 0.003 -18"><span class='ocrx_word' id='word_1_803' title='bbox 1844 5430 1888 5468; x_wconf 83' lang='lat' dir='ltr'><strong>tc</strong></span> <span class='ocrx_word' id='word_1_804' title='bbox 1916 5413 2255 5469; x_wconf 88' lang='lat' dir='ltr'><strong>Thesaurum</strong></span> <span class='ocrx_word' id='word_1_805' title='bbox 2288 5414 2502 5479; x_wconf 91' lang='lat' dir='ltr'><strong>mortis,</strong></span> <span class='ocrx_word' id='word_1_806' title='bbox 2534 5430 2694 5485; x_wconf 88' lang='lat' dir='ltr'><strong>quem</strong></span> <span class='ocrx_word' id='word_1_807' title='bbox 2723 5415 2912 5470; x_wconf 89' lang='lat' dir='ltr'><strong>dicunt</strong></span> <span class='ocrx_word' id='word_1_808' title='bbox 2946 5415 3270 5470; x_wconf 76' lang='lat' dir='ltr'><strong>Thesaurum</strong></span> <span class='ocrx_word' id='word_1_809' title='bbox 3311 5418 3386 5471; x_wconf 74' lang='lat' dir='ltr'><strong>vi-</strong></span> 
     </span>
    </p>
   </div>
   <div class='ocr_carea' id='block_1_110' title="bbox 158 5496 1700 5583">
    <p class='ocr_par' dir='ltr' id='par_1_110' title="bbox 158 5496 1700 5583">
     <span class='ocr_line' id='line_1_115' title="bbox 158 5496 1700 5583; baseline 0.012 -34"><span class='ocrx_word' id='word_1_810' title='bbox 158 5496 409 5565; x_wconf 86' lang='grc' dir='ltr'>θανάτου,</span> <span class='ocrx_word' id='word_1_811' title='bbox 432 5498 491 5552; x_wconf 81' lang='grc' dir='ltr'><strong>ὃν</strong></span> <span class='ocrx_word' id='word_1_812' title='bbox 517 5498 733 5568; x_wconf 69' lang='grc' dir='ltr'>λέγουσι</span> <span class='ocrx_word' id='word_1_813' title='bbox 758 5504 1071 5573; x_wconf 78' lang='grc' dir='ltr'><strong>Θησαυρὸν</strong></span> <span class='ocrx_word' id='word_1_814' title='bbox 1092 5505 1239 5576; x_wconf 80' lang='grc' dir='ltr'>ζωῆς</span> <span class='ocrx_word' id='word_1_815' title='bbox 1256 5526 1270 5540; x_wconf 92' lang='grc'><strong>·</strong></span> <span class='ocrx_word' id='word_1_816' title='bbox 1297 5512 1389 5563; x_wconf 76' lang='grc' dir='ltr'>καὶ</span> <span class='ocrx_word' id='word_1_817' title='bbox 1415 5510 1514 5583; x_wconf 83' lang='grc' dir='ltr'><strong>τὴν</strong></span> <span class='ocrx_word' id='word_1_818' title='bbox 1541 5512 1700 5567; x_wconf 87' lang='grc' dir='ltr'>καλου</span> 
     </span>
    </p>
   </div>
   <div class='ocr_carea' id='block_1_111' title="bbox 1845 5496 3387 5583">
    <p class='ocr_par' dir='ltr' id='par_1_111' title="bbox 1849 5506 3387 5579">
     <span class='ocr_line' id='line_1_116' title="bbox 1849 5506 3387 5579; baseline 0.003 -19"><span class='ocrx_word' id='word_1_819' title='bbox 1849 5523 1922 5569; x_wconf 76' lang='lat'><strong>0&#39;;</strong></span> <span class='ocrx_word' id='word_1_820' title='bbox 1952 5516 2006 5562; x_wconf 90' lang='lat' dir='ltr'><strong>et</strong></span> <span class='ocrx_word' id='word_1_821' title='bbox 2035 5506 2229 5561; x_wconf 87' lang='lat' dir='ltr'><strong>librum</strong></span> <span class='ocrx_word' id='word_1_822' title='bbox 2263 5507 2424 5563; x_wconf 88' lang='lat' dir='ltr'><strong>titulo</strong></span> <span class='ocrx_word' id='word_1_823' title='bbox 2456 5506 2849 5578; x_wconf 74' lang='lat' dir='ltr'><strong>Mysteriorum,</strong></span> <span class='ocrx_word' id='word_1_824' title='bbox 2885 5509 2940 5563; x_wconf 89' lang='lat' dir='ltr'><strong>in</strong></span> <span class='ocrx_word' id='word_1_825' title='bbox 2971 5522 3079 5579; x_wconf 91' lang='lat' dir='ltr'><strong>quo</strong></span> <span class='ocrx_word' id='word_1_826' title='bbox 3119 5508 3289 5578; x_wconf 78' lang='lat' dir='ltr'><strong>legem</strong></span> <span class='ocrx_word' id='word_1_827' title='bbox 3322 5525 3387 5567; x_wconf 85' lang='lat' dir='ltr'><strong>ac</strong></span> 
     </span>
    </p>
   </div>
   <div class='ocr_carea' id='block_1_112' title="bbox 162 5588 1704 5677">
    <p class='ocr_par' dir='ltr' id='par_1_112' title="bbox 162 5588 1704 5677">
     <span class='ocr_line' id='line_1_117' title="bbox 162 5588 1704 5677; baseline 0.013 -37"><span class='ocrx_word' id='word_1_828' title='bbox 162 5588 329 5662; x_wconf 80' lang='grc' dir='ltr'>μένην</span> <span class='ocrx_word' id='word_1_829' title='bbox 361 5593 721 5661; x_wconf 77' lang='grc' dir='ltr'>Μυστηρίων</span> <span class='ocrx_word' id='word_1_830' title='bbox 753 5594 952 5667; x_wconf 90' lang='grc' dir='ltr'>βίϐλον,</span> <span class='ocrx_word' id='word_1_831' title='bbox 980 5598 1039 5651; x_wconf 74' lang='grc' dir='ltr'><strong>ὲν</strong></span> <span class='ocrx_word' id='word_1_832' title='bbox 1126 5600 1451 5671; x_wconf 79' lang='grc' dir='ltr'>ἀνατρέπειν</span> <span class='ocrx_word' id='word_1_833' title='bbox 1488 5604 1704 5677; x_wconf 80' lang='grc' dir='ltr'>πειρῶν-</span> 
     </span>
    </p>
   </div>
   <div class='ocr_carea' id='block_1_113' title="bbox 1842 5588 3384 5677">
    <p class='ocr_par' dir='ltr' id='par_1_113' title="bbox 1842 5598 3384 5677">
     <span class='ocr_line' id='line_1_118' title="bbox 1842 5598 3384 5677; baseline 0.003 -24"><span class='ocrx_word' id='word_1_834' title='bbox 1842 5598 2114 5671; x_wconf 68' lang='grc' dir='ltr'>)νοριιειεε</span> <span class='ocrx_word' id='word_1_835' title='bbox 2141 5608 2385 5657; x_wconf 82' lang='lat' dir='ltr'><strong>evertere</strong></span> <span class='ocrx_word' id='word_1_836' title='bbox 2410 5602 2692 5670; x_wconf 90' lang='lat' dir='ltr'><strong>nituntur;</strong></span> <span class='ocrx_word' id='word_1_837' title='bbox 2723 5609 2776 5656; x_wconf 92' lang='lat' dir='ltr'><strong>et</strong></span> <span class='ocrx_word' id='word_1_838' title='bbox 2812 5601 3007 5657; x_wconf 86' lang='lat' dir='ltr'><strong>librum</strong></span> <span class='ocrx_word' id='word_1_839' title='bbox 3043 5602 3384 5677; x_wconf 78' lang='lat' dir='ltr'><strong>Apocrypho-</strong></span> 
     </span>
    </p>
   </div>
   <div class='ocr_carea' id='block_1_114' title="bbox 232 5765 1181 5841">
    <p class='ocr_par' dir='ltr' id='par_1_114' title="bbox 232 5765 1181 5841">
     <span class='ocr_line' id='line_1_119' title="bbox 232 5765 1181 5841; baseline 0.008 -19"><span class='ocrx_word' id='word_1_840' title='bbox 232 5765 346 5838; x_wconf 74' lang='lat'><strong>(73}</strong></span> <span class='ocrx_word' id='word_1_841' title='bbox 383 5767 570 5836; x_wconf 79' lang='grc' dir='ltr'><strong>Αὐτῷ.</strong></span> <span class='ocrx_word' id='word_1_842' title='bbox 600 5767 730 5841; x_wconf 71' lang='lat' dir='ltr'><strong>Leg.</strong></span> <span class='ocrx_word' id='word_1_843' title='bbox 757 5770 953 5828; x_wconf 76' lang='grc' dir='ltr'>αὐτῶν.</span> <span class='ocrx_word' id='word_1_844' title='bbox 978 5770 1181 5831; x_wconf 69' lang='lat' dir='ltr'><strong>Corn.</strong></span> 
     </span>
    </p>
   </div>
  </div>
