3904 6360
530 324 668 381 146⁸7

1393 326 1451 383 S‘.
1493 324 1885 382 CLEMENTIS
1924 323 1944 378 I
1982 322 2149 381 ROM.
2191 325 2391 386 PONT.
2427 325 2656 386 OPERA
2692 327 2919 387 DUBIA.

3639 327 3763 384 ηδε

524 445 667 500 rum,
696 446 751 495 et
805 436 971 493 aium
1012 438 1557 503 Commentariorum;
1592 439 1720 494 item
1768 435 1838 497 ab
1877 399 1993 490 Ada
2040 445 2095 492 et

2207 455 2284 491 ται
2323 438 2485 511 νόμον
2511 440 2605 495 καὶ
2630 441 2914 513 προφήτας
2934 455 2949 470 ο
2981 437 3075 493 καὶ
3098 438 3194 511 τὴν
3216 439 3325 493 τῶν
3365 438 3764 506 Ἀποκρύφωνο

524 528 817 584 Adimanto
854 529 1224 599 conscriptum
1270 530 1533 587 adversus
1582 529 1821 600 Moysem
1863 527 2099 597 prophe-

526 628 722 691 tasque
756 621 927 687 alios;
961 635 1060 674 nec
1109 636 1220 676 non
1272 622 1472 676 librum
1521 620 1713 691 Agapii
1745 616 2097 690 Heptalogum

526 714 767 777 nomine,
795 711 1213 782 Aristocritique
1241 711 1390 783 Opus
1432 713 1576 783 quod
1614 711 2010 780 Theosophiam,
2042 706 2098 763 id

525 814 630 871 est,
662 804 756 860 Dei
782 803 1103 874 sapientiam
1136 805 1448 875 inscripsit;
1478 806 1532 860 in
1563 819 1671 874 quo
1691 801 1979 860 ostendere
2005 815 2099 857 co-

525 909 688 953 natur
712 896 1077 962 Juilaismum,
1108 898 1507 968 paganismum,
1539 895 2023 951 Christianismum
2043 901 2099 951 et

525 989 979 1056 Manicbaismum
1026 1005 1193 1044 unum
1238 1004 1361 1045 esse
1402 987 1656 1058 idemque
1683 986 1906 1056 dogma;
1934 994 2100 1054 utque

522 1081 825 1152 probabilia
847 1081 1099 1138 videatur
1131 1081 1335 1147 dicere,
1368 1079 1638 1136 Manetem
1666 1093 1883 1150 quoque
1921 1076 2100 1147 arguit

522 1180 781 1243 tanquam
827 1173 1053 1228 malum.
1098 1173 1405 1229 Anathema
1447 1179 1501 1229 et
1544 1172 1852 1227 catathema
1877 1169 2098 1241 profero

522 1254 787 1321 adversus
839 1279 1030 1320 omnes
1077 1264 1428 1333 Manichaeos,
1459 1280 1649 1320 omnes
1679 1278 1870 1318 eorum
1901 1262 2096 1327 libros,

519 1369 713 1409 omnes
744 1368 956 1424 preces,
976 1354 1088 1408 imo
1112 1355 1441 1426 praestigias,
1473 1368 1665 1410 omnes
1686 1369 1877 1410 eorum
1906 1352 2097 1417 duces,

520 1445 834 1515 magistros,
868 1446 1175 1515 episcopos,
1198 1446 1549 1517 presbyteros
1568 1488 1583 1513 ,
1618 1446 1845 1508 electos,
1871 1444 2096 1508 electas,

522 1536 824 1597 auditores,
856 1535 1183 1606 discipulos,
1214 1551 1338 1591 cum
1377 1536 1664 1591 animabus
1680 1542 1734 1591 et
1752 1533 2096 1605 corporibus,

522 1627 799 1697 impiaque
837 1628 1153 1683 traditione.
1186 1628 1603 1683 Anathematizo
1632 1634 1839 1698 patrem
1869 1625 2100 1682 Manetis

520 1717 822 1785 Pateeium,
857 1726 916 1774 ut
936 1720 1251 1775 mendacem
1274 1728 1326 1775 et
1344 1721 1608 1775 mendacii
1627 1727 1874 1790 patrem;
1910 1716 2098 1773 itidem

2198 532 2290 588 καὶ
2314 534 2414 605 τὴν
2440 533 2546 586 τῶν
2594 531 3222 603 Ἀπομνημονευμάτων
3238 551 3255 563 ·
3280 533 3377 586 καὶ
3404 531 3509 602 τὴν
3538 547 3772 601 γεγραμ-

2202 623 2369 695 μένην
2407 625 2547 695 Ἀδᾳη
2579 625 2673 678 καὶ
2712 624 3061 695 Ἀδειμάντῳ,
3091 624 3230 677 κατὰ
3243 621 3522 685 Μωῦσέως
3554 622 3650 675 καὶ
3664 621 3772 674 ιτῶν

2197 715 2371 770 ἄλλων
2418 717 2712 788 προφητῶν
2729 733 2741 747 ’
2792 717 2885 771 καὶ
2930 717 3030 786 τὴν
3074 715 3367 786 λεγομένην
3411 711 3777 778 Ἑπτάλοτω·

2211 808 2471 875 Ἀγαπίου
2487 825 2500 838 ⁸
2530 810 2623 863 καὶ
2648 807 2749 879 τὴν
2774 807 3174 878 Ἀριστοκρίτου
3200 806 3399 877 βίϐλον,
3417 808 3484 875 ῆν
3514 802 3777 871 ἐνέγραψε

2202 898 2556 967 Θεοσοφίαν,
2583 898 2642 951 ὲν
2737 899 2991 967 πειρᾶται
3015 894 3285 950 δεικνύναι
3314 895 3405 948 τὸν
3448 892 3780 963 Ἰουδαϊσμὸν

2196 988 2412 1043 καὶτὸν
2454 988 2799 1061 Ἑλληνισμὸν
2841 989 2934 1042 καὶ
2972 988 3063 1040 τὸν
3096 986 3526 1059 Χριστιανισμὸν
3571 986 3667 1037 καὶ⁵
3694 985 3781 1038 τὸν

2196 1078 2577 1150 Μανιχαῖσμὺν
2606 1078 2665 1132 ἒν
2694 1073 2834 1132 εἶναι
2866 1079 2960 1132 καὶ
2986 1077 3048 1131 τὸ
3076 1077 3208 1135 αὐτὸ
3232 1077 3430 1147 δόγμα,
3456 1076 3557 1129 καὶ
3589 1076 3675 1129 ἵνα
3696 1093 3782 1128 πι-

2200 1172 2337 1227 Θανὰ
2382 1171 2507 1247 δόξῃ
2542 1172 2738 1241 λέγειν,
2770 1171 3107 1226 καθάπτεται
3148 1173 3243 1226 καὶ
3273 1170 3367 1225 τοῦ
3398 1170 3685 1232 Μάνεντος
3709 1169 3779 1234 ὡς

2199 1264 2459 1337 πονηροῦ.
2498 1263 2901 1334 Ἀναθεματίζω
2951 1263 3047 1316 καὶ
3101 1262 3521 1334 καταθεματίζω
3580 1262 3781 1325 πάντας

2197 1358 2325 1420 τοὺς
2354 1357 2710 1427 Μανιχαίους,
2741 1356 2837 1409 καὶ
2882 1356 3062 1408 πᾶσαν
3105 1353 3283 1407 αὐτῶν
3322 1353 3528 1423 βίϐλον,
3560 1354 3660 1409 καὶ
3688 1355 3783 1407 πᾶ-

2201 1462 2300 1500 σαν
2327 1445 2512 1517 εὐχὴν,
2546 1444 2743 1516 μᾶλλον
2769 1445 2825 1497 δὲ
2855 1444 3132 1514 γοητείαν,
3163 1445 3257 1497 καὶ
3286 1443 3499 1505 πάντας
3528 1444 3661 1505 τοὺς
3689 1443 3781 1512 ἁρ-

2198 1538 2402 1609 χηγοὺς
2430 1537 2628 1602 αὐτῶν,
2660 1537 2755 1590 καὶ
2783 1536 3153 1600 διδασκάλους,
3183 1536 3275 1589 καὶ⁸
3302 1534 3668 1596 ἐπισκόπους,
3698 1537 3785 1595 καὶ

2200 1630 2621 1701 πρεσϐυτέρους,
2682 1628 2778 1683 καὶ
2832 1627 3140 1690 ἐκλεκτοὺς,
3201 1627 3295 1680 καὶ
3347 1625 3642 1689 ὲκλεκτὰς,
3699 1627 3787 1679 καὶ

2199 1722 2503 1793 ἀκροατὰς..
2522 1722 2616 1774 καὶ
2652 1720 2920 1793 μαθητὰς,
2958 1720 3093 1791 μετὰ
3122 1720 3230 1772 τῶν
3259 1718 3448 1789 ψυχῶν
3477 1718 3669 1771 αὐτῶν
3699 1721 3786 1771 καὶ

522 1811 698 1879 ipsius
715 1818 943 1866 matrem
961 1810 1275 1875 Carossam,
1297 1817 1351 1865 et
1380 1811 1688 1875 llieracem,
1727 1808 2093 1875 Heraclidem,

2207 1814 2487 1885 σωμάτων,
2518 1814 2612 1867 καὶ
2652 1813 2754 1884 τῆς
2796 1812 2957 1866 ἀθέου
2988 1811 3358 1883 παραδόσεως.
3373 1809 3787 1880 ’Ᾱναθεματξζω

522 1902 894 1971 Aphthonium
916 1945 931 1967 ,
964 1904 1054 1973 qui
1098 1905 1519 1958 commentarios
1548 1919 1609 1957 ac
1639 1902 2011 1973 espositiones
2039 1900 2098 1955 in

523 1991 672 2046 illius
704 1992 874 2047 libros
891 1993 1360 2061 conscripserunt;
1380 2000 1433 2047 et
1458 1993 1695 2058 reliquos
1711 1993 1830 2062 ejus
1856 1991 2099 2061 discipu-

522 2083 604 2139 los
621 2099 831 2148 omnes,
868 2082 1169 2147 Sisjnnium
1200 2083 1431 2140 Manetis
1448 2085 1671 2139 insaniae
1694 2098 2093 2146 successorem,

522 2175 791 2231 Thomam
821 2178 911 2245 qui
932 2174 1153 2230 Thomze
1169 2175 1374 2229 dictum
1398 2177 1746 2246 Evangelium
1767 2178 2095 2247 composuit,

520 2269 750 2330 Budam,
774 2266 1235 2331 Herman,Adam,
1285 2268 1636 2322 Adimantum
1663 2310 1677 2333 ,
1708 2268 1971 2333 Zaruam,
2001 2270 2101 2325 Ga-

519 2358 814 2421 briabium,
833 2356 1117 2427 Agapium.
1139 2357 1427 2422 Hilarium,
1450 2358 1783 2430 Olympium,
1803 2361 2100 2416 Aristocri—

521 2463 658 2516 tum,
681 2451 993 2516 Salmzeum,
1013 2451 1274 2520 lnnaeum,
1301 2453 1545 2524 Paapim,
1572 2455 1842 2522 Barmam;
1873 2465 2102 2526 praeter-

521 2559 696 2613 eaque
751 2559 845 2597 eos
890 2544 983 2613 qui
1037 2544 1242 2600 ultimis
1272 2544 1488 2600 demum
1521 2547 1861 2615 temporibus
1906 2546 2100 2602 haeresi

521 2635 1142 2710 prmiuerunt,Paulum
1191 2637 1564 2707 Joannemque
1610 2637 1887 2692 Callinicae
1935 2638 2097 2705 ﬁlios,

522 2724 940 2781 Constantinum
972 2729 1063 2797 qui
1096 2738 1148 2783 et
1181 2726 1455 2791 Silvanus,
1479 2726 1785 2782 Simeonem
1819 2728 1912 2798 qui
1942 2738 1994 2785 et
2011 2729 2103 2785 Ti-

523 2825 633 2881 tus,
657 2817 951 2873 Genesium
975 2820 1067 2889 qui
1091 2831 1144 2873 et
1161 2819 1502 2885 Timotheus,
1532 2819 1872 2883 Zachariam,
1893 2836 2104 2879 merce-

522 2912 763 2975 narium,
795 2910 1091 2982 .Iosephum
1139 2912 1232 2984 qui
1262 2919 1315 2967 et
1344 2910 1771 2981 Epaphroditus,
1823 2911 2101 2969 Baannem

523 3018 805 3072 spurcum,
837 3003 1085 3074 Sergium
1119 3006 1209 3075 qui
1244 3014 1296 3059 et
1328 3004 1633 3075 Tychicus;
1664 3004 1894 3075 ejusque
1930 3006 2101 3061 disci-

522 3096 682 3167 pulos
710 3096 914 3165 pariter
950 3104 1004 3151 et
1049 3098 1276 3151 comites
1305 3097 1594 3162 vocitatos,
1628 3096 1965 3159 Michaelem,
1995 3097 2101 3152 Ca-

2197 1908 2289 1961 τὸν
2315 1908 2525 1979 πατέρα
2553 1906 2849 1969 Μάνεντος,
2880 1906 3164 1967 Πατέκιον,
3194 1898 3281 1956 οἷα
3301 1902 3545 1973 ψευστὴν
3578 1903 3678 1955 καὶ
3702 1900 3786 1954 τοῦ

2196 1998 2421 2069 ψευδοῦς
2452 2000 2685 2071 πατέρα,
2716 1999 2811 2053 καὶ⁹
2856 1998 2955 2069 τὴν
3003 1996 3169 2051 αὐτοῦ
3220 1996 3434 2067 μητέρα
3469 1996 3785 2066 Κάροσσαν,

2199 2095 2293 2148 καὶ
2331 2095 2573 2164 Ἰέρακα,
2620 2093 2714 2146 καὶ
2749 2091 3128 2164 Ἡρακλείδην,
3177 2092 3270 2143 καὶ
3310 2088 3622 2158 Ἀφθὸνιον,
3669 2088 3789 2148 70-3.;

2202 2187 2688 2258 ύπομνηματιστὰς
2718 2188 2811 2239 καὶ
2840 2186 3111 2257 ἐξηγητὰς
3138 2184 3246 2237 τῶν
3274 2183 3467 2238 τούτου
3503 2200 3789 2254 συγγραμ-

2205 2277 2407 2348 μάτων,
2453 2278 2547 2330 καὶ
2590 2277 2719 2338 τοὺς
2760 2275 2981 2338 λοιποὺς
3022 2274 3186 2329 αὑτοῦ
3227 2274 3479 2345 μαθητὰς
3528 2274 3788 2337 ἅπαντας,

2203 2371 2462 2423 Σισίννιον
2505 2367 2596 2421 τὸν
2643 2367 2885 2438 διάδοχον
2932 2368 3033 2438 τῆς
3077 2366 3269 2420 τούτου
3321 2367 3543 2437 μανίας,
3593 2367 3790 2437 Θωμᾶν

2201 2462 2292 2515 τὸν
2339 2460 2736 2531 συνταξάμενον
2774 2458 2836 2512 τὸ
2875 2461 2995 2513 κατ’
3028 2460 3191 2513 αὑτὸν
3228 2458 3522 2529 λεγόμενον
3550 2457 3793 2524 Εὐαγγέ-

2200 2556 2333 2618 λιον,
2365 2555 2586 2618 Βουδᾶν,
2624 2549 2855 2626 Ἑρμᾶν,
2889 2553 3080 2624 Ἀδάμ,
3116 2553 3482 2622 Ἀδείμαντον,
3521 2551 3790 2622 Ζαρούαν,

2202 2647 2548 2718 Γαϐριάϐιον,
2592 2646 2869 2714 Ἀγάπιον,
2895 2642 3143 2715 Ἰλάριον,
3190 2643 3510 2713 Ὀλύμπιον,
3552 2643 3792 2713 Ἀριστό-

2203 2757 2408 2810 κριτον,
2460 2737 2754 2809 Σαλμαὶον,
2801 2737 3040 2801 Ἰνναῖον,
3090 2734 3331 2800 Πάαπιν,
3382 2734 3655 2805 Βαραίαν,
3703 2734 3795 2788 καὶ

2204 2831 2427 2903 προσέτι
2455 2832 2581 2895 τοὺς
2609 2830 2860 2902 ἐσχάτοις
2889 2828 3114 2899 ὕστερον
3142 2828 3357 2898 χρόνοις
3384 2828 3800 2898 προστατήσαν-

2201 2939 2305 2986 τας
2328 2922 2425 2994 τῆς
2455 2922 2717 2993 αἱρέσεως
2743 2919 2955 2975 Παῦλον
2983 2920 3079 2973 καὶ
3118 2918 3369 2989 Ἰωάννην
3396 2919 3527 2981 τοὺς
3545 2916 3797 2970 Καλλινί-

2205 3030 2310 3083 κης
2354 3013 2570 3078 παῖδας,
2621 3013 3027 3066 Κωνσταντῐνον
3074 3009 3167 3063 τὸν
3215 3011 3309 3063 καὶ
3351 3008 3664 3068 Σιλουανὺν,
3692 3008 3795 3059 Xo-

2211 3104 2390 3174 μεῶνα
2432 3103 2526 3157 τὸν
2574 3104 2667 3157 καὶ
2717 3103 2895 3165 Τῖτον,
2932 3099 3178 3156 Γενέσιον
3225 3101 3315 3153 τὸν
3367 3100 3463 3153 καὶ
3508 3098 3793 3169 Τιμόθεον,

522 3186 831 3247 nacarium,
866 3184 1151 3250 Joannem,
1188 3187 1549 3252 Theodotum,
1583 3185 1840 3242 Basilium
1867 3196 1919 3243 et
1948 3187 2101 3243 Zosi-

2207 3162 2499 3267 ὲαχαρίαν,
2531 3195 2623 3248 τὸν
2674 3162 3179 3266 μισθωτδν,’ῐωσὴφ
3206 3192 3295 3245 τὸν
3322 3192 3420 3244 καὶ
3461 3162 3793 3261 Ἐπαφρόδι-

523 3294 713 3343 mum;
745 3293 1000 3347 quorum,
1046 3279 1275 3344 scilicet,
1324 3281 1635 3349 superiores
1668 3279 1860 3350 gradu,
1895 3278 2106 3333 Notarii

523 3370 846 3440 nuncupati,
880 3370 1323 3427 abominabilium
1351 3372 1630 3441 orgiorum
1668 3372 1781 3425 sive
1822 3386 2103 3426 sacrorum

525 3478 713 3518 curam
756 3469 1128 3533 susceperant.
1161 3462 1366 3519 Prmter
1394 3464 1494 3519 hos
1518 3471 1701 3518 autem
1730 3463 2099 3517 anathemati-

525 3570 591 3610 zo
622 3555 1102 3611 sceleratissimum
1131 3553 1417 3621 Carbeam,
1442 3563 1496 3612 et
1524 3571 1721 3626 genere
1752 3555 1973 3625 quidem
1999 3555 2105 3627 ipsi

523 3647 762 3709 aﬂinem,
803 3647 857 3699 in
888 3645 994 3699 ﬁlia
1024 3662 1155 3701 vero
1182 3662 1445 3717 generum
1469 3646 1929 3718 Chrysocherem.

2203 3305 2315 3354 τον,
2347 3288 2591 3359 Βαάννην
2618 3287 2709 3341 τὸν
2740 3286 3005 3359 ῥυπαρὸν,
3036 3285 3261 3357 Σέργιον
3289 3284 3380 3337 τὸν
3409 3284 3508 3335 καὶ
3540 3282 3792 3352 Τυχικδν,

2204 3374 2301 3427 καὶ
2341 3375 2468 3437 τοὺς
2508 3374 2700 3427 τούτου
2734 3373 2983 3445 μαθητὰς
3012 3373 3140 3436 τοὺς
3168 3373 3264 3426 καὶ
3296 3372 3675 3442 συνεκδήμους
3702 3372 3797 3424 αύ-

2205 3462 2301 3519 τοῦ
2353 3464 2723 3537 καλουμένους
2775 3464 3022 3536 Μιχαὴλ,
3083 3463 3457 3535 Κανακάριον,
3522 3463 3791 3533 Ἰωάννην,

2207 3554 2479 3620 Θεόδοτον,
2508 3556 2784 3610 Βασίλειον
2828 3558 2923 3610 καὶ
2968 3555 3239 3627 Ζώσιμον,
3260 3549 3335 3611 ὧν
3375 3557 3428 3608 οί
3465 3554 3630 3627 δῆθεν
3668 3572 3797 3626 προ-

2207 3646 2594 3720 ϐαθμιώτεροι,
2655 3649 2894 3720 νοτάριοι
2949 3648 3059 3721 (74)
3112 3648 3635 3719 ητονομαζὸμενοι,
3690 3648 3788 3717 τὴν

523 3738 633 3791 τῶν
692 3737 988 3808 βδελυκτῶν
1055 3739 1254 3808 ὀργίων
1322 3737 1706 3810 ἐνεχειρίζοντο
1763 3737 2095 3808 ἐπιμέλειαν.
2131 3739 2277 3811 Πρὸς
2306 3740 2362 3793 δὲ
2394 3741 2604 3804 τούτοις
2648 3739 3026 3812 άναθεματίζω
3066 3740 3158 3795 τὸν
3195 3739 3604 3811 τρισαλιτήριον
3649 3741 3798 3811 Καρ-

525 3832 675 3892 ϐέαν,
706 3831 799 3883 καὶ
828 3830 917 3887 τὸν
948 3831 1011 3883 ἐκ
1039 3830 1227 3898 γένους
1257 3831 1352 3900 μὲν
1385 3830 1534 3901 αύτῷ
1563 3829 1800 3899 ἀνεψιὸν,
1832 3830 1924 3884 ἐπὶ
1954 3832 2106 3886 παιδὶ
2128 3832 2184 3884 δὲ
2215 3831 2465 3905 γαμϐρὸν
2493 3833 2858 3906 Χρυσόχειρα.

600 3920 688 3976 1V.
728 3921 1032 3975 Anathema
1086 3920 1506 3975 Manichaeorum
1558 3937 1677 3992 quae
1714 3922 1973 3979 dicuntur
2000 3922 2103 3978 Ec-

526 4015 741 4089 clesiis;
793 4020 920 4067 sunt
965 4020 1145 4069 autem
1188 4013 1270 4067 bze
1307 4031 1320 4069 :
1357 4013 1689 4081 Macedonia,
1722 4016 1835 4071 sive
1873 4016 2103 4073 Cibossa

526 4109 585 4169 in
614 4105 870 4169 Colonia;
902 4103 1107 4158 Achaia
1142 4105 1259 4173 (seu
1291 4102 1616 4167 Mananalis,
1647 4103 1957 4177 Laodicea),
1989 4106 2105 4161 sive

526 4198 725 4268 Argais
775 4212 896 4266 (luze
939 4197 994 4249 in
1026 4191 1221 4265 Lycia;
1248 4197 1674 4260 Colossensium,
1696 4211 1792 4251 seu
1818 4195 2104 4267 Cynocho—

527 4291 792 4352 ritarum;
825 4285 1209 4356 Ephesiorum,
1246 4286 1361 4341 sive
1388 4303 1509 4357 quae
1538 4286 1882 4357 Mopsuestia:
1912 4294 2025 4351 est;
2050 4295 2106 4342 et

528 4380 775 4435 Ecclesia
819 4377 1270 4448 Philippensium.
1302 4377 1606 4433 Anathema
1642 4379 1967 4449 negantibus
1999 4376 2105 4432 Pa-

2289 3924 2474 3981 ’Λνάθε
2483 3943 2559 3997 μα
2590 3930 2712 3990 ταῖς
2740 3926 3060 3997 λεγομέναις
3088 3926 3197 3980 τῶν
3221 3927 3540 3998 Μανιχαίων
3571 3926 3798 3998 Ἐκκλη-

2208 4019 2366 4082 σίαις.
2399 4019 2469 4072 Αἵ
2492 4019 2635 4083 τινές
2664 4021 2803 4073 εἰσιν
2831 4013 2991 4074 αὗται
3009 4036 3023 4049 ’
3071 4019 3136 4072 Ἠ
3163 4019 3497 4082 Μακεδονία,
3528 4021 3650 4090 ἦτοι
3679 4022 3714 4091 ἡ
3742 4020 3800 4073 ἐν

2206 4111 2483 4182 Κολωνεία
2526 4110 2773 4165 Κίϐοσσα
2795 4128 2809 4143 ο
2840 4114 2874 4182 ἡ
2920 4111 3111 4181 Ἀχαΐα
3141 4110 3274 4182 (75),
3306 4112 3426 4181 ἢτοι
3451 4113 3486 4183 ἡ
3518 4110 3667 4164 κατὰ
3692 4112 3797 4164 Δυ-

2207 4202 2330 4256 κίαν
2369 4202 2617 4273 Ἀργαῑςο
2650 4204 2684 4273 ὴ
2716 4201 3093 4266 Κολοσσαέων,
3125 4203 3243 4273 ἦτοι
3278 4204 3313 4273 ἡ
3346 4202 3795 4274 Κυνοχωρητῶνσ

2206 4295 2241 4364 ἡ
2287 4294 2568 4363 Ἐφεσίων,
2599 4294 2716 4365 ἦτοι
2744 4294 2868 4367 ἡηὲν
2898 4294 3276 4367 Μοψουηστίᾳ,
3307 4293 3402 4347 καὶ
3447 4296 3483 4364 ἡ
3532 4294 3803 4364 him-irq-

2211 4385 2359 4438 σίων.
2394 4384 2664 4456 Ἀνάθεμα
2692 4387 2804 4449 τοῖς
2834 4385 2908 4458 μὴ
2936 4384 3150 4454 λέγουσι
3178 4384 3399 4456 Πατέρα
3426 4387 3801 4459 παντοκράτο-

527 4480 665 4528 trem
690 4471 1119 4541 omnipotentem
1143 4470 1402 4527 factorem
1434 4471 1557 4525 οωιί
1589 4478 1643 4526 et
1667 4478 1845 4536 terrae,
1878 4478 2106 4526 cuncto-

2213 4493 2283 4547 ρα
2328 4476 2558 4548 ποιητὴν
2596 4476 2829 4548 ούρανοῦ
2862 4478 2957 4532 καὶ
2982 4477 3089 4548 γῆς
3117 4478 3213 4531 καὶ
3238 4476 3345 4529 τῶν
3368 4478 3428 4530 ὲν
3451 4477 3644 4540 αὐτοῖς
3674 4480 3803 4551 ὀρα-

530 4580 762 4635 rumque
801 4564 858 4618 in
890 4564 1001 4620 illis
1033 4565 1329 4620 visibilium
1360 4579 1424 4619 ac
1460 4563 1839 4629 invisibilium,
1874 4562 2105 4619 dicenti-

530 4652 637 4709 bus
664 4669 793 4709 vero
827 4656 1004 4709 solum
1048 4651 1265 4708 Patrem
1311 4654 1612 4717 caelestem,
1642 4653 1736 4724 qui
1782 4652 1979 4708 habeat
2024 4666 2109 4707 so-

532 4747 641 4803 lam
674 4744 843 4801 futuri
874 4745 1421 4816 saaculi‘potestatem,
1442 4752 1697 4815 tanquam
1732 4759 1971 4814 praesens
2000 4758 2105 4799 sm-

530 4837 717 4892 culum
740 4846 904 4907 atque
932 4838 1223 4893 universus
1249 4837 1398 4892 orbis
1429 4838 1498 4892 ab
1520 4852 1584 4891 eo
1616 4851 1726 4896 non
1751 4838 1879 4900 sint,
1914 4836 2009 4890 sed
2040 4834 2108 4890 ab

530 4931 583 4987 ei
616 4933 892 4985 contrario
912 4930 1056 4984 man
1077 4928 1262 4984 mundi
1294 4930 1561 5001 principe.
1585 4928 1887 4985 Anathema
1918 4927 1986 4982 iis
2014 4926 2109 4997 qui

532 5021 867 5077 contumelia
929 5020 1151 5092 quidem
1210 5020 1452 5076 alliciunt
1513 5028 1759 5077 sanctam
1822 5018 2108 5089 Deiparam

534 5114 783 5178 Mariam,
811 5112 1071 5168 simulant
1097 5118 1279 5167 autem
1322 5127 1442 5168 eam
1490 5111 1783 5185 honorare,
1813 5125 2020 5181 proque
2047 5124 2111 5164 ea

533 5207 846 5278 intelligunt
911 5219 1207 5274 supernam
1266 5196 1627 5271 Hierusalem,
1674 5205 1730 5260 in
1783 5219 1970 5274 quam,
2026 5203 2112 5258 in-

536 5302 755 5366 quiunt,
787 5295 1012 5351 intravit
1042 5310 1107 5349 ac
1132 5311 1162 5351 e
1190 5309 1298 5365 qua
1328 5310 1583 5367 egressus
1607 5302 1692 5351 est
1709 5293 1973 5349 Dominus
1997 5310 2013 5360 ;
2045 5292 2111 5347 iis

534 5389 700 5445 etiam
747 5389 842 5461 qui
890 5386 1259 5443 venerandam
1302 5402 1524 5444 crucem
1570 5385 1859 5448 infamant,
1904 5384 2115 5455 ﬁngunt

538 5496 669 5537 vero
701 5484 846 5537 illam
878 5483 1081 5546 colere,
1114 5489 1169 5536 at
1200 5496 1297 5552 pro
1338 5497 1399 5537 ea
1446 5480 1760 5551 intelligunt
1805 5478 2110 5542 Christum,

538 5576 656 5647 qui,
683 5575 958 5647 inquiunt,
989 5591 1187 5631 manus
1208 5574 1529 5642 extendens,
1558 5572 1741 5630 crucis
1770 5570 1997 5643 ﬁguram
2019 5570 2116 5627 de-

612 5735 726 5809 (74)
764 5733 1051 5809 Νρζάρρρι,
1084 5753 1135 5789 κ.
1172 5752 1221 5792 τ.
1256 5734 1306 5791 λ.
1360 5734 1489 5807 Leg.
1538 5735 1682 5793 Petri
1722 5730 1893 5791 Siculi
1928 5729 2114 5787 Bisto-

539 5803 697 5879 n'a‘m,
728 5822 781 5878 p.
814 5803 900 5861 72.
950 5805 1086 5861 Cor.

2206 4567 2315 4622 τῶν
2365 4584 2424 4621 τε
2467 4568 2686 4623 πάντων
2737 4570 2833 4624 καὶ
2878 4569 3147 4641 ἀοράτων,
3183 4568 3320 4623 ἀλλὰ
3367 4570 3530 4640 μόνον
3580 4572 3801 4643 Πατέρα

2212 4658 2555 4730 ἐπουράνιον,
2592 4658 2783 4731 ἔχοντα
2833 4660 3001 4731 μόνην
3041 4659 3139 4731 τὴν
3182 4658 3280 4713 τοῦ
3326 4660 3616 4731 μέλλοντος
3652 4660 3800 4725 ἐξου-

2211 4750 2352 4813 σίαν,
2374 4749 2451 4814 ὡς
2477 4749 2573 4804 τοῦ
2599 4751 2865 4822 παρόντος
2896 4750 3091 4815 αἰῶνος
3119 4750 3212 4804 καὶ
3237 4750 3332 4804 τοῦ
3358 4751 3569 4823 κόσμου
3600 4753 3799 4816 παντὸς

2212 4840 2310 4911 οὐχ
2339 4840 2430 4894 ὑπ’
2458 4839 2624 4899 αὐτοῦ
2657 4841 2984 4912 γενομένων,
3005 4840 3141 4895 am
3172 4841 3278 4895 ὑπὸ
3304 4840 3400 4895 τοῦ
3432 4842 3687 4896 ἐναντίου
3716 4842 3803 4895 αό-

2209 4932 2289 5003 τῷ
2318 4931 2413 4986 τοῦ
2446 4931 2684 5003 πονηροῦ
2724 4933 3185 5005 κοσμοκράτορος.
3205 4933 3478 5004 ’Δνάθεμα
3500 4936 3621 4998 τοῖς
3649 4934 3801 5005 ὑϐρί-

2212 5022 2364 5088 ζουσι
2398 5023 2497 5094 μὲν
2525 5024 2625 5095 τὴν
2655 5024 2818 5093 άγίαν
2843 5024 3103 5079 Θεοτόκον
3131 5026 3373 5097 Μαρίαν,
3396 5025 3803 5097 προσποιουμέ-

2211 5134 2323 5180 νοις
2376 5117 2434 5170 δὲ
2476 5119 2642 5189 τιμᾷν
2692 5118 2882 5190 αὐτὴν,
2915 5118 3010 5172 καί¹
3049 5117 3261 5173 νοοῦσιν
3302 5120 3426 5173 ἀντὶ
3465 5119 3683 5192 ταύτης
3706 5120 3802 5191 τὴν

2213 5211 2324 5268 ἄνω
2366 5208 2739 5282 Ἰερουσαλὴμ,
2771 5212 2850 5274 είς
2881 5210 2968 5283 ἢν,
3012 5212 3167 5282 φασὶ,
3200 5210 3414 5283 εἰσῆλθε
3447 5211 3549 5265 καὶ
3581 5213 3802 5284 ἐξῆλθεν

2212 5302 2241 5354 ὸ
2271 5301 2473 5371 Κύριος
2496 5317 2510 5330 °
2544 5302 2638 5355 καὶ
2685 5304 2797 5365 τοῖς
2837 5300 3184 5373 δυσφημοῦσι
3232 5302 3331 5372 μὲν
3371 5301 3466 5356 τὸν
3502 5301 3802 5373 σεϐάσμιον

2217 5392 2467 5463 σταυρὸν,
2514 5392 2958 5464 ὑποκρινομένοις
3009 5392 3066 5447 δὲ
3125 5391 3374 5447 σέϐεσθαι
3426 5391 3650 5458 τοῦτον,
3711 5392 3803 5445 καὶ

2214 5481 2424 5537 νοοῦσιν
2469 5484 2586 5539 ἀντ’
2620 5483 2786 5538 αὐτοῦ
2831 5485 2923 5538 τὸν
2955 5484 3208 5557 Χριστὸν,
3241 5486 3301 5548 ὃς
3330 5484 3607 5549 ἐκτείνας,
3643 5482 3801 5554 φασὶ,

2214 5577 2311 5641 τὰς
2343 5581 2529 5649 χεῖρας
2563 5579 2653 5631 τὸν
2697 5578 2985 5650 σταυρικὺν
3028 5577 3194 5632 τύπον
3224 5576 3486 5648 διέγραψε
3510 5593 3527 5609 ο
3561 5577 3662 5630 καὶ
3692 5580 3802 5639 τοῖς

2285 5732 2399 5806 (7_5)
2449 5732 2511 5788 Ἠ
2550 5733 2765 5806 Ἀχαία,
2800 5751 2853 5806 κ.
2887 5751 2936 5788 τ.
2974 5734 3020 5788 λ.
3054 5733 3180 5806 Leg.
3213 5732 3359 5790 Petr.
3392 5732 3509 5789 Sic.
3542 5747 3603 5804 p.
3636 5730 3709 5787 Η
3746 5739 3800 5785 et

2218 5802 2306 5864 66.
2338 5802 2516 5862 LOcus
2548 5804 2793 5861 mutilus.
2825 5802 2900 5860 lo.
