3848 6256
161 383 303 439 1469

1228 378 1777 436 RECOGNITIONES.
1790 408 1852 419 ——
1870 374 2219 442 APPENDIX.

3178 380 3310 436 “70

158 492 650 562 ἀποστρεφομένοις
683 491 779 561 μὲν
801 488 893 543 τοῦ
929 490 1105 560 τιμίου
1141 490 1364 559 αἵματος
1391 492 1485 545 καὶ
1510 491 1691 561 σώμα-

1797 493 2051 563 signavit;
2081 492 2147 546 iis
2172 504 2387 560 quoque
2414 489 2506 559 qui
2541 488 2818 545 fastidiunt
2856 490 3065 560 quidem
3093 495 3306 560 pretiosi

157 598 250 641 τος
290 580 383 632 τοῦ
429 580 661 649 Χριστοῦ
698 579 989 644 κοινωνίαν,
1019 578 1365 647 ἀποδέχεσθαι
1402 578 1458 631 δὲ
1496 579 1693 650 ταύτην

160 670 663 740 σχηματιζομένοις,
690 670 780 722 καὶ
810 668 1013 722 νοοῦσιν
1039 669 1158 721 ἀντὶ
1198 668 1395 737 ταύτης
1419 667 1487 721 τά
1524 669 1693 737 ῥήμα-

155 777 225 812 τα
254 760 354 829 τῆς
371 760 465 811 τοῦ
489 758 717 828 Χριστοῦ
740 758 1091 824 διδασκαλίας,
1110 752 1203 820 ὧν,
1224 758 1371 825 φασὶ,
1395 757 1694 825 μεταδιδοὺς

156 852 269 912 τοῖς
303 849 617 910 ἀποστόλοις
645 848 821 915 ἐλεγεο
852 846 1085 911 Λάϐετε,
1118 845 1347 915 φάγετε,
1380 848 1539 899 πίετε
1559 864 1572 876 ·
1603 848 1695 901 κα)⁸

160 938 583 1008 μυσαττομένοις
629 937 724 1006 μὲν
764 937 823 990 τὸ
852 936 1147 1005 βάπτισμα,
1177 935 1606 1005 ὑποκρινομένοις
1638 935 1693 987 δὲ

154 1026 315 1079 τοῦτο
360 1028 486 1098 περὶ
532 1026 718 1080 πολλοῦ
759 1024 1015 1089 τίθεσθαι,
1050 1026 1140 1077 καὶ
1179 1023 1351 1077 νοοῦσι
1396 1025 1507 1076 ἀντ’
1535 1024 1694 1077 αὐτοῦ

153 1117 245 1169 τὸν
296 1117 530 1187 Χριστὸν
573 1117 661 1169 τὸν
711 1116 948 1182 λέγοντα,
989 1113 1167 1183 φασὶν,
1216 1114 1295 1165 ὅτι
1329 1112 1462 1181 Ἐγώ
1488 1115 1600 1180 ειμι
1630 1111 1694 1164 τὸ

154 1206 314 1273 ὕδωρ
346 1207 412 1260 τὸ
445 1205 582 1266 ζῶνο
617 1206 709 1260 καὶ
734 1208 841 1267 τοῖς
863 1203 1271 1273 ὲκτρεπομένοις
1298 1203 1391 1272 μὲν
1412 1202 1506 1273 τὴν
1535 1201 1695 1255 καθο-

154 1295 314 1366 λικὴν
348 1286 696 1364 Ἐκκλησίαν,
714 1295 875 1363 τιμᾷν
897 1293 951 1345 δὲ
980 1293 1189 1358 λέγουσι
1215 1290 1412 1359 ταύτην
1440 1291 1531 1343 καὶ
1554 1289 1697 1344 νοοῦ-

156 1401 239 1441 σιν
282 1384 399 1436 ἀντ’
426 1383 592 1453 αὐτῆς
632 1383 699 1434 τά
729 1395 785 1430 τε
807 1381 910 1433 ἴδια
956 1381 1196 1450 συνέδρια
1228 1382 1318 1433 καὶ
1351 1382 1697 1451 συνακτήρια,

154 1474 250 1525 καὶ
280 1473 526 1539 Ἰωάννην
544 1470 649 1539 (76)
666 1470 752 1522 τὸν
769 1470 985 1539 ἀδελφὸν
1003 1470 1206 1521 Παύλου
1219 1469 1313 1527 τοῦ
1331 1470 1425 1539 τῆς
1445 1468 1699 1540 αἱρέσεως

152 1563 334 1623 αὐτῶν
363 1560 624 1631 ἀρχηγοῦ.

236 1650 509 1720 Ἀνάθεμα
536 1650 709 1702 τοίνυν
739 1649 868 1701 πᾶσι
900 1652 1009 1711 τοῖς
1032 1648 1353 1720 εἰρημένοις,
1386 1649 1475 1701 καὶ
1500 1649 1609 1710 τοῖς
1633 1647 1699 1701 τὰ

150 1742 314 1811 ὅμοια
344 1738 596 1810 φρονοῦσι
619 1755 631 1769 ο
659 1740 750 1791 καὶ
778 1738 1221 1807 ἀποϐαλλομένοις
1249 1739 1343 1806 μὲν
1363 1738 1458 1798 τὰς
1486 1736 1700 1805 Ἐκκλη-

1790 582 2066 651 sanguinis
2089 589 2142 635 et
2161 580 2402 649 corporis
2428 579 2626 634 Christi
2652 581 3097 649 communionem,
3120 597 3312 651 appro-

1791 670 1918 725 bare
1948 678 2121 724 autem
2146 684 2261 723 eam
2291 668 2620 737 contingunt,
2664 676 2716 723 et
2762 670 2878 723 loco
2926 670 3074 725 illius
3114 672 3310 726 intelli-

1789 767 1920 830 gunt
1948 760 2107 814 verba
2125 758 2323 813 Christi
2342 758 2617 821 doctrinae,
2640 772 2775 827 quas,
2802 760 3067 827 inquiunt,
3096 761 3312 816 tradens

1792 851 2067 919 apostolis,
2098 850 2230 904 dixit
2263 868 2276 902 :
2308 848 2554 914 Accipite,
2594 848 2916 911 manducata,
2940 849 3093 903 bibite
3120 866 3138 902 :
3163 850 3313 904 simi-

1792 940 1913 994 liter
1942 940 2006 993 iis
2029 939 2117 1007 qui
2148 938 2359 1006 quidem
2390 938 2652 1005 baptisma
2681 937 3028 1001 detestantur,
3064 939 3314 993 simulant

1792 1035 1970 1080 tamen
1992 1028 2117 1080 illud
2148 1027 2361 1096 plurimi
2392 1026 2582 1090 facere,
2618 1034 2774 1095 atque
2803 1042 2899 1095 pro
2926 1041 2989 1080 eo
3016 1027 3314 1095 intelligunt

1792 1117 2082 1180 Christum,
2108 1117 2219 1186 qui,
2249 1118 2512 1185 inquiunt,
2537 1117 2698 1171 dixit:
2719 1116 2827 1185 Ego
2858 1134 2972 1170 sum
3002 1134 3136 1186 aqua
3164 1119 3315 1181 viva;

1793 1215 1904 1264 tum
1942 1206 2007 1261 iis
2034 1206 2125 1276 qui
2160 1206 2450 1261 Ecclesiam
2475 1205 2686 1275 quidem
2715 1203 3035 1260 catholicam
3066 1222 3317 1261 aversan-

1794 1304 1902 1360 tur,
1928 1311 2043 1350 eam
2066 1310 2191 1350 vero
2216 1297 2269 1348 in
2297 1297 2467 1363 pretio
2496 1297 2690 1350 habere
2717 1296 2885 1359 aiunt,
2910 1295 3317 1365 intelliguntque

1795 1402 1891 1455 pro
1937 1387 2027 1440 illa
2072 1401 2363 1440 consessus
2392 1402 2518 1441 suos
2549 1392 2707 1455 atque
2732 1395 3049 1449 conventus,
3073 1394 3125 1441 et
3155 1385 3317 1441 Joan-

1796 1491 1917 1532 nem
1936 1474 2152 1529 fratrem
2181 1474 2333 1529 Pauli
2359 1476 2622 1531 haareseos
2654 1477 2864 1529 illorum
2895 1475 3067 1530 ducis.

1865 1648 1928 1704 γ.
1970 1650 2259 1705 Anathema
2307 1666 2434 1720 ergo
2467 1652 2710 1705 omnibus
2757 1652 2934 1712 dictis,
2979 1650 3103 1704 item
3136 1650 3199 1703 iis
3226 1649 3318 1718 qui

1799 1738 1993 1793 similia
2045 1741 2359 1808 opinantur;
2392 1751 2442 1794 et
2467 1739 2892 1795 Christianorum
2921 1743 3054 1810 quos
3086 1740 3184 1808 ipsi
3212 1739 3320 1820 Ro-

152 1832 273 1893 σίας
304 1830 415 1882 τῶν
442 1828 790 1898 Χριστιανῶν,
816 1827 906 1890 οῦς
935 1829 1083 1881 αὐτοὶ
1111 1827 1329 1881 καλοῦσι
1372 1826 1688 1895 Ῥωμαίουςο

1797 1845 1981 1883 manos
2006 1838 2213 1893 vocant,
2248 1830 2514 1885 Ecclesias
2544 1831 2827 1898 rejiciunt;
2859 1838 3086 1898 suntque
3132 1812 3319 1885 contu-

149 1923 247 1974 καὶ
280 1920 558 1990 ὑϐρίζουσι
593 1920 687 1989 μὲν
715 1919 810 1988 τὴν
856 1918 1007 1984 ἁγίαν
1055 1917 1304 1969 Θεοτόκον
1344 1917 1575 1987 Μαρίαν,
1604 1918 1694 1968 καὶ

148 2012 241 2074 τὸν
266 2012 447 2080 τίμιον
477 2009 715 2079 σταυρὸν,
738 2010 827 2061 καὶ
849 2007 944 2069 τὰς
972 2007 1117 2079 ίεράς
1146 2008 1374 2069 εἰκόνας,
1396 2008 1483 2059 καὶ⁸
1503 2006 1561 2057 τὸ
1591 2023 1692 2057 σω-

148 2103 339 2172 τήριον
385 2100 660 2169 βάπτισμα
677 2115 690 2129 ·
720 2099 810 2150 καὶ
836 2096 1316 2167 ἀποστρεφομένοις
1351 2095 1445 2165 μὲν
1470 2096 1565 2163 τὴν
1587 2094 1693 2148 τῶν

150 2193 311 2245 θείων
362 2189 665 2261 μυστηρίων
714 2187 1030 2258 μετάληψιν,
1081 2187 1334 2257 όμφαλοῖς
1379 2186 1434 2237 δὲ
1485 2184 1692 2255 βρεφῶν

150 2282 514 2354 κεκαυμένοις
553 2282 631 2342 είς
669 2278 945 2348 κάθαρσιν,
980 2277 1171 2347 μᾶλλον
1198 2278 1254 2331 δὲ
1285 2275 1547 2346 μολυσμὸν
1589 2275 1691 2344 ψυ-

148 2374 284 2444 χῶν,
341 2369 715 2441 κεχρημένοις,
744 2369 837 2421 καὶ
855 2368 924 2420 τά
950 2368 1053 2421 ίδια
1083 2366 1337 2437 βρώματα
1361 2366 1563 2429 τούτοις
1592 2383 1691 2421 κα-

146 2458 825 2535 ταμιαίνουσιν.“Δνάθεμα
868 2460 979 2520 τοῖς
1019 2459 1083 2527 τῇ
1130 2456 1321 2527 βρώσει
1361 2456 1467 2508 τῶν
1512 2455 1691 2525 θνησι-

151 2556 329 2626 μαίων
360 2549 759 2622 μολυνομένοιςο
787 2548 878 2600 καὶ
905 2551 1013 2608 τοῖς
1044 2547 1218 2599 πᾶσαν
1252 2546 1346 2615 μὲν
1376 2544 1696 2615 ἐκτρεπομό-

147 2663 263 2707 νοις
284 2640 669 2713 Χριστιανικὴν
698 2638 959 2707 νηστείαν,
996 2637 1134 2689 κατά
1176 2636 1232 2689 δὲ
1269 2636 1358 2688 τὸν
1385 2635 1567 2705 καιρὸν
1596 2634 1695 2702 τῆς

146 2736 417 2803 δοκούσης
463 2732 641 2792 αὐτοῖς
671 2728 1136 2800 Τεσσαρακοστῆς,
1164 2727 1322 2796 τυροῦ
1368 2743 1426 2778 τε
1472 2726 1562 2777 καὶ
1598 2724 1696 2791 γά-

147 2825 352 2885 λακτος
393 2823 827 2891 ὲμφορουμᾴνοις.
854 2817 1117 2885 ’Λνάθεμα
1153 2819 1261 2877 τοῖς
1298 2812 1693 2884 ἀρνουμένοιςῆ

146 2915 430 2969 νοθεύουσι
474 2910 543 2971 τά
589 2910 821 2979 τέσσαρα
866 2907 957 2959 τοῦ
996 2906 1226 2977 Χριστοῦ
1257 2903 1571 2972 Εὑαγγέλια,
1604 2902 1696 2953 καὶ

144 3006 247 3067 τὰς
292 3001 390 3054 τοῦ
440 2999 588 3066 ἁγίου
632 2997 838 3050 Παύλου
885 2994 977 3049 τοῦ
1026 2996 1313 3048 ἀποστόλου
1354 2993 1691 3055 Ἐπιστολάς·

1790 1921 1995 1973 meliosi
2043 1921 2095 1972 in
2143 1928 2381 1974 sanctam
2414 1919 2501 1973 Dei
2530 1921 2837 1989 genitricem
2870 1919 3106 1982 Mariam,
3137 1921 3192 1972 in
3231 1936 3321 1973 ve-

1789 2010 2077 2063 nerandam
2123 2023 2356 2072 crucem,
2389 2023 2571 2063 sacras
2614 2010 2891 2078 imagines,
2928 2018 2980 2063 et
3024 2011 3317 2063 salutarem

1789 2099 2151 2167 baptismum;
2197 2098 2426 2167 denique
2472 2099 2823 2167 sumptionem
2872 2099 3083 2167 quidem
3114 2098 3322 2152 divino.

1790 2204 1905 2241 rum
1938 2189 2309 2257 mysteriorum
2357 2190 2605 2252 oderunt,
2634 2191 2901 2243 umbilicis
2941 2198 3115 2243 autem
3145 2188 3321 2243 infan—

1790 2279 1919 2331 tium
1954 2279 2246 2332 combustis
2288 2287 2511 2331 utuntur
2555 2278 2621 2331 ad
2669 2279 2965 2332 animarum
2994 2278 3321 2347 puriﬁcatio-

1790 2384 1933 2429 nem.
1967 2384 2058 2423 seu
2106 2368 2282 2437 potius
2325 2369 2802 2437 inquinamentum,
2838 2376 2995 2437 atque
3024 2382 3150 2422 suos
3174 2367 3325 2454 cibos

1790 2457 1856 2511 iis
1893 2465 2269 2525 conspurcant.
2316 2456 2609 2510 Anathema
2656 2457 2721 2511 iis
2767 2456 2857 2525 qui
2887 2472 2983 2511 esu
3014 2456 3329 2509 morticino.

1791 2564 1909 2602 rum
1961 2564 2017 2603 se
2062 2549 2343 2617 polluunt;
2392 2549 2589 2616 quique
2633 2562 2789 2600 omne
2819 2547 3031 2615 quidem
3061 2547 3325 2600 Christia-

1791 2652 1918 2693 num
1976 2636 2235 2704 jejunium
2291 2644 2568 2704 respuunt,
2608 2644 2844 2704 tempore
2896 2650 3021 2689 vero
3070 2635 3136 2688 ab
3191 2636 3326 2703 ipsis

1792 2726 2105 2783 existimata
2126 2723 2574 2793 Quadragesimae,
2591 2739 2748 2779 caseo
2773 2731 2825 2778 et
2853 2724 2988 2777 lacte
3010 2738 3068 2777 se
3089 2724 3321 2792 explent.

1793 2819 2087 2872 Anathema
2116 2820 2182 2873 iis
2212 2820 2303 2887 qui
2335 2827 2427 2873 aut
2457 2827 2673 2888 negant,
2705 2826 2795 2871 aut
2823 2824 3173 2884 corrumpunt
3191 2831 3325 2885 qua-

1795 2919 1916 2963 tuor
1954 2910 2151 2963 Christi
2193 2908 2515 2978 Evangelia,
2569 2908 2846 2975 sanctique
2891 2907 3118 2975 apostoli
3168 2904 3322 2960 Pauli

1795 2997 2091 3066 Epistolas;
2125 3000 2321 3067 quique
2362 2998 2480 3051 loco
2523 2997 2736 3065 quidem
2776 3005 3089 3049 cunctorum
3119 2995 3326 3064 Opiﬁeis

147 3094 244 3148 καὶ
272 3090 400 3145 ἀντὶ
434 3090 528 3159 μὲν
554 3086 644 3139 τοῦ
680 3085 1000 3156 δημιουργοῦ
1026 3084 1130 3137 τῶν
1159 3084 1404 3136 ἁπάντων
1431 3081 1581 3145 Θεοῦ,
1611 3098 1696 3133 σε-

1797 3088 1910 3153 Dei,
1940 3088 2121 3142 colunt
2147 3103 2267 3144 eum
2296 3088 2387 3155 qui
2423 3087 2671 3156 princeps
2698 3087 2859 3155 hujus
2886 3086 3069 3139 mundi
3091 3084 3323 3151 dicitur;

146 3181 405 3251 δομένοις
434 3176 522 3227 τὸν
548 3174 832 3244 λεγομένον
859 3176 1090 3253 ἄρχοντα
1129 3173 1221 3226 τοῦ
1257 3173 1454 3242 κόσμου
1478 3172 1694 3224 τούτου*

146 3274 269 3326 ἀντὶ
315 3271 377 3322 δὲ
419 3265 510 3318 τοῦ
549 3266 840 3317 ἀποστόλου
873 3265 1099 3328 Παύλου,
1122 3266 1209 3317 τὸν
1240 3265 1338 3332 τῆς
1374 3262 1699 3332 Καλλινίκης

146 3363 264 3415 υἱὸν
316 3356 527 3410 Παῦλον
558 3355 772 3424 τιμῶσι,
799 3355 890 3409 καὶ
935 3356 1058 3417 τοὺς
1107 3355 1204 3425 μὲν
1247 3354 1509 3423 τέσσαρας
1540 3351 1697 3405 αὐτοῦ

148 3446 405 3521 μαθητὰς
433 3446 508 3506 είς
542 3444 705 3497 τύπον
733 3444 837 3495 τῶν
872 3443 1207 3511 Εὑαγγελίων
1237 3443 1556 3511 δεχομένοις,
1589 3444 1700 3503 τοῖς

142 3542 203 3593 δὲ
230 3538 444 3607 ἑτέροις
469 3534 608 3603 τρισὶ
632 3535 691 3587 τὸ
717 3534 813 3602 τῆς
839 3534 1058 3603 Τριάδος
1078 3531 1485 3602 ἐπιφημίζουσιν
1511 3531 1695 3598 ὄνομα.

156 3629 440 3694 Ἀνάθεμα
467 3628 573 3685 τοῖς
618 3624 1091 3693 συμφθειρομὲνοις
1122 3624 1314 3689 ἀδελφῇ
1348 3621 1440 3671 καὶ
1472 3618 1701 3687 πενθερᾷ

143 3722 245 3774 καὶ
278 3718 495 3783 νύμφη
529 3714 619 3764 καὶ
650 3717 755 3773 τοῖς
783 3711 918 3763 κατὰ
950 3712 1044 3779 τὴν
1073 3710 1289 3779 πρώτην
1316 3708 1409 3763 τοῦ
1444 3708 1700 3763 Ἰαννουα-

143 3814 270 3883 ρίου
311 3804 497 3876 μηνὸς,
531 3804 607 3863 εἰς
637 3802 823 3871 ἑορτὴν
849 3798 1017 3869 δῆθεν
1038 3798 1457 3869 ἀθροιζομένοις,
1488 3796 1620 3866 μετά
1645 3796 1700 3848 δὲ

144 3902 250 3971 τὴν
298 3890 583 3960 ἑσπερινὴν
627 3890 790 3959 μέθην
833 3888 1240 3947 ἀποσϐεννύουσι
1272 3887 1345 3947 τά
1369 3887 1538 3954 φῶτα,
1570 3903 1699 3955 σαρ-

146 3988 331 4048 κικῶς
354 3999 410 4034 τε
438 3980 675 4048 ἀλλήλοις
698 3979 1142 4047 ὲνασελγαίνουσι,
1170 3978 1258 4039 καὶ
1291 3978 1548 4046 μηδεμιᾶς
1569 3974 1701 4035 ὅλως

149 4054 493 4149 φειδομένως
530 4070 735 4138 φύσεως
756 4069 786 4138 ἦ
820 4068 1121 4137 συγγενείας
1141 4068 1172 4137 ἢ
1192 4067 1418 4135 ἡλικίας.
1439 4066 1618 4118 Ἀνάθε
1627 4081 1700 4133 μα

146 4172 266 4231 τοῖς
300 4161 565 4234 μηδέποτε
588 4158 651 4209 δι’
687 4158 843 4227 ὅρκου
873 4156 1231 4227 ἀληθεύουσιν,
1257 4155 1367 4208 ἀλλ’
1397 4154 1700 4223 ἐξεπίτηδες

150 4261 241 4314 ἀεὶ
286 4249 630 4324 ψευδομένοις
670 4250 759 4299 καὶ
807 4246 1132 4316 ἐπιορκοῦσι,
1167 4245 1305 4303 κατά
1330 4247 1433 4314 τὴν¹
1462 4243 1553 4296 τοῦ
1585 4260 1699 4313 τρι-

152 4343 469 4415 καταράτου
523 4338 787 4399 Μάνεντος
838 4336 1189 4399 διδασκαλίαν,
1244 4334 1380 4389 οὕτω
1430 4334 1695 4400 λέγοντος·

150 4439 273 4492 Ούκ
304 4409 422 4500 ἐιμι
450 4428 783 4494 ἄσπλαγχνος
811 4425 995 4494 ὥσπερ
1022 4427 1049 4479 ό
1076 4423 1319 4494 Χριστὸς,
1338 4423 1453 4473 οὐδὲ
1479 4423 1702 4491 ἀρνήσο-
1732 4409 1774 4462 D

154 4544 258 4599 μαι
308 4522 401 4574 τὸν
433 4516 791 4589 ἀρνησάμενόν
823 4531 888 4584 με
928 4514 1221 4584 ἔμπροσθεν
1249 4511 1353 4563 τῶν
1388 4511 1706 4580 ἀνθρώπων,

149 4600 295 4670 ἀλλά
330 4610 422 4662 καὶ
466 4607 553 4667 τὸν
595 4604 911 4673 ψευδόμενον
943 4602 1029 4655 διά
1052 4604 1146 4672 τὴν
1186 4602 1383 4664 οἰκείαν
1415 4602 1697 4671 σωτηρίαν,

152 4710 254 4761 καὶ
284 4704 379 4755 τὸν
404 4699 487 4751 διὰ
519 4697 675 4765 φόϐον
704 4695 1024 4765 ἀρνούμενον
1052 4694 1145 4764 τὴν
1181 4694 1311 4745 ίδίαν
1343 4692 1537 4755 πίστιν,
1569 4692 1700 4761 μετά

153 4797 339 4869 χαρᾶς
377 4786 882 4862 προσδέξομαιεἙάν
913 4786 968 4837 δὲ
1008 4785 1079 4854 μὴ
1105 4784 1162 4846 ἐξ
1189 4783 1313 4852 ὅλης
1338 4781 1508 4851 ψυχῆς
1534 4781 1701 4845 ταῦτα

154 4882 348 4958 φρονῶ
378 4880 470 4932 καὶ
514 4878 671 4943 λέγω,
700 4875 806 4943 ἐγὼ
830 4878 857 4927 ό
883 4876 1044 4935 δεῖνα,
1072 4873 1202 4925 ἀλλά
1232 4872 1345 4941 μεθ’
1378 4872 1703 4942 ὑποκρίσεως

155 4974 396 5042 ἐποίησα
437 4968 558 5029 τοὺς
598 4965 980 5035 προκειμένους
1010 4962 1489 5030 ἀναθεματισμοὺς,
1517 4963 1705 5014 ἀνάθε-

159 5067 241 5137 μά
276 5080 365 5133 μοι
396 5059 479 5127 εἴη
514 5058 605 5108 καὶ
633 5056 927 5123 κατάθεμα,
950 5054 1009 5105 ἐν
1035 5069 1092 5103 τε
1120 5050 1196 5119 τῷ
1224 5049 1314 5102 νῦν
1342 5050 1513 5111 αίῶνι,
1534 5052 1623 5103 καὶ
1648 5054 1703 5104 ὲν

166 5156 237 5226 ιῷ
274 5150 533 5223 μέλλοντι,
567 5147 657 5207 καὶ
686 5142 1029 5213 κατακριθείη
1073 5141 1165 5192 καὶ
1210 5139 1450 5199 ἀπόλοιτο
1487 5142 1521 5210 ἡ
1565 5140 1703 5216 ψυχή

160 5262 292 5318 μου,
329 5240 420 5293 καὶ
450 5235 706 5307 διηνεκῶς
735 5231 1123 5303 ταρταρωθείη.

174 5322 179 5329 ’
232 5332 422 5386 Ταῦτα
442 5328 531 5380 τοῦ
556 5324 972 5397 προσερχομένου
1012 5320 1249 5385 λέγοντος
1281 5319 1362 5370 ἐπ’
1393 5320 1703 5389 ἐκκλησίας,

158 5422 427 5491 ποιοῦμεν
480 5417 635 5469 αὐτὸν
686 5412 1013 5484 Χριστιανὸν,
1046 5409 1139 5459 εἴτ’
1177 5405 1263 5459 οὖν
1305 5408 1582 5478 ἡγούμεθα
1633 5411 1707 5472 ὼς

161 5516 499 5586 ἀϐάπτιστον
528 5504 857 5579 Χριστιανὸν,
881 5494 962 5561 οἷα
996 5496 1149 5566 τυχόν
1180 5499 1287 5561 ἐστι
1320 5497 1383 5549 τὰ
1423 5498 1538 5569 τῶν
1575 5500 1706 5569 xm-

270 5663 382 5734 (76)
421 5661 523 5714 Kal
561 5660 763 5714 Ἰιιτίνν.
792 5654 940 5715 Forte
978 5646 1174 5717 aliquid
1209 5649 1364 5703 deest.
1398 5647 1541 5702 Vide
1565 5648 1690 5705 Pctr

1801 5669 1872 5713 0.,
1906 5665 1958 5714 ι).
1986 5647 2068 5702 50.
2095 5645 2168 5701 In.

1800 3180 1916 3233 loco
1954 3194 2080 3232 vero
2115 3178 2340 3246 apostoli
2387 3176 2562 3239 Pauli,‘
2591 3175 2812 3229 Paulum
2846 3176 3008 3237 [ilium
3056 3175 3326 3227 Callinicae

1797 3266 2080 3327 honorant,
2123 3272 2175 3317 et
2207 3280 2326 3317 cum
2373 3273 2603 3332 quatuor
2643 3264 2758 3330 ejus
2785 3263 3074 3329 discipulos
3106 3262 3158 3313 in
3190 3264 3327 3329 ﬁgu-

1797 3370 1910 3408 ram
1930 3363 2160 3422 quatuor
2179 3353 2581 3421 Evangeliorum
2612 3352 2931 3419 suscipiunt,
2962 3359 3073 3403 tum
3103 3359 3326 3405 caeteros

1797 3448 1906 3495 tres
1935 3440 2212 3494 Trinitatis
2240 3440 2454 3493 nomine
2484 3440 2795 3507 insigniunt.
2821 3438 3113 3492 Anathema
3138 3439 3203 3492 iis
3232 3441 3327 3507 qui

1797 3530 2155 3585 concumbunt
2206 3543 2326 3581 cum
2375 3543 2580 3590 sorore,
2611 3534 2663 3580 et
2711 3542 2888 3590 socru,
2927 3536 2980 3581 et
3024 3543 3196 3589 nuru;
3228 3541 3331 3581 nec

1796 3635 1903 3673 non
1941 3620 2007 3673 iis
2034 3620 2122 3688 qui
2154 3618 2325 3687 primo
2367 3618 2564 3671 mensis
2613 3615 2853 3670 Januarii
2901 3618 2987 3672 die
3029 3619 3096 3672 ad
3132 3619 3325 3677 festum

1797 3709 2123 3778 congregati,
2155 3713 2273 3777 post
2314 3707 2671 3774 vespertinam
2722 3707 3080 3759 temulentiam
3118 3708 3329 3768 exstin-.

1796 3807 1964 3870 guunt
1991 3799 2210 3859 lumina,
2237 3804 2289 3851 et
2314 3798 2455 3849 inter
2482 3812 2539 3851 se
2565 3811 2726 3849 carne
2769 3796 3075 3859 lasciviunt,
3104 3812 3203 3849 nec
3231 3798 3327 3853 ulli

1797 3888 2015 3943 omnino
2065 3892 2291 3958 parcunt
2339 3885 2511 3945 sexui,
2544 3883 2945 3953 pr0pinquitati,
2992 3884 3154 3939 aetati.
3184 3883 3328 3945 Ana-

1752 4009 1773 4033 κ
1796 3978 1975 4033 thema
2021 3976 2086 4035 iis
2133 3976 2223 4044 qui
2272 3988 2542 4043 nunquam
2570 3974 2624 4026 in
2651 3974 2955 4041 juramento
2982 3988 3105 4033 vera
3135 3973 3326 4042 praedi-

1798 4074 1944 4131 cant,
1977 4067 2068 4120 sed
2097 4065 2162 4121 de
2192 4065 2455 4123 industria
2487 4079 2695 4132 semper
2722 4065 3051 4117 mentiuntur
3086 4078 3148 4115 ac
3178 4065 3326 4132 peje-

1798 4164 1940 4220 rant,
1969 4157 2119 4223 juxta
2158 4156 2453 4210 doctrinam
2485 4153 2711 4213 maxime
2738 4152 3050 4213 exsecrandi
3080 4153 3325 4217 Manetis,

1797 4246 1888 4314 qui
1940 4246 2017 4299 sic
2066 4244 2299 4313 loquitur
2334 4262 2347 4297 :
2384 4241 2500 4294 Non
2552 4257 2670 4295 sum
2725 4242 3127 4305 immisericors,
3185 4243 3329 4299 sicut

1799 4333 2064 4395 Christus,
2098 4346 2194 4386 nec
2220 4332 2421 4401 negabo
2447 4345 2569 4384 eum
2591 4331 2685 4399 qui
2704 4346 2789 4386 me
2811 4346 2995 4388 coram
3018 4332 3327 4393 hominibus

1803 4424 2105 4493 negaverit;
2136 4422 2374 4490 quinum
2401 4435 2521 4473 eum
2564 4422 2653 4489 qui
2694 4423 2920 4491 propriae
2952 4423 3140 4483 salutis
3164 4437 3325 4477 causa

1803 4514 2059 4573 mentitus
2088 4513 2265 4577 fuerit,
2294 4526 2520 4581 eumque
2548 4513 2640 4581 qui
2672 4526 2765 4579 per
2786 4512 3030 4565 timorem
3058 4513 3327 4581 negaverit

1802 4620 1953 4661 suam
1982 4604 2163 4669 fidem,
2181 4618 2302 4667 cum
2323 4604 2518 4673 gaudio
2544 4599 2978 4677 recipiam.Quod
3008 4599 3054 4655 si
3084 4601 3195 4654 hinc
3214 4609 3329 4655 toto

1801 4709 1866 4748 ex
1897 4692 2081 4747 animo,
2114 4708 2220 4745 non
2264 4693 2434 4751 sentio
2462 4707 2524 4747 ac
2552 4692 2692 4754 dico,
2726 4705 2823 4759 ego
2856 4690 2962 4753 ille,
2995 4705 3176 4744 verum
3203 4704 3327 4743 cum

1802 4780 2138 4836 simulatione
2169 4780 2483 4853 praepositos.
2525 4779 2996 4831 anathematismos
3043 4776 3162 4841 feci,
3196 4777 3326 4834 mihi

1802 4873 1871 4927 sit
1897 4871 2175 4924 anathema
2202 4876 2254 4922 et
2280 4868 2595 4932 catathema,
2613 4875 2721 4919 tam
2745 4868 2799 4920 in
2824 4868 2924 4920 boc
2943 4866 3136 4920 saeculo
3164 4880 3322 4933 quam

1802 4963 1857 5015 in
1888 4961 2083 5023 futuro,
2118 4961 2397 5025 animaque
2427 4972 2548 5012 mea
2571 4958 2952 5011 condemnetur
2979 4970 3041 5009 ac
3068 4962 3325 5030 pereatet

1805 5051 2065 5131 perpetim
2086 5051 2142 5113 in.
2165 5048 2388 5111 Tartaro
2416 5047 2693 5118 puniatur,

1872 5312 1962 5366 Ἦ.
2001 5309 2122 5364 Haec
2143 5309 2357 5364 dicente
2391 5320 2454 5360 eo
2500 5305 2598 5373 qui
2621 5306 2829 5360 accedit
2863 5317 3043 5358 coram
3073 5299 3328 5363 ecclesia,

1806 5402 2030 5454 facimus
2057 5415 2175 5453 cum
2206 5395 2589 5479 Cbristianpm,
2620 5394 2730 5447 sive
2762 5393 3015 5445 habemus
3044 5404 3142 5455 pro
3170 5387 3331 5441 Chri-

1803 5491 1976 5546 stiano
2002 5488 2232 5543 nondum
2258 5476 2541 5559 baptizata,
2568 5484 2755 5551 quales
2784 5481 2891 5536 fere
2919 5486 3044 5536 sunt
3072 5476 3340 5537 Christis‘

2906 5692 3002 5712 ά..-
3019 5700 3031 5707 .
