3904 6356
554 356 682 413 1471
1410 350 1468 407 S.
1506 348 1895 407 CLEMENTIS
1930 349 1947 403 1
1982 346 2116 404 ιιοΜ

2222 349 2385 406 ‘ONT.
2428 346 2656 404 OPERA
2674 349 2916 405 ‘DUBIA.
3656 347 3782 401 ΝΤΞ

550 484 745 523 norum
778 468 930 540 pueri
959 468 1051 538 qui
1083 465 1392 536 baptizandi
1419 476 1582 521 sunt:
1609 465 1846 521 secunda
1874 479 2004 518 vero
2031 462 2116 519 die

2222 464 2448 518 στιανῶν
2480 464 2669 519 παιδία
2697 463 2767 517 τὰ
2797 462 3055 535 μέλλοντα
3086 460 3439 531 βαπτίζεσθαι
3465 478 3479 491 ·
3502 461 3571 530 τῇ
3600 458 3657 512 δὲ
3681 460 3786 514 δευ-

548 563 969 618 adnumeramus
1010 560 1435 624 catechumenis,
1486 559 1905 629 pronuntiantes
1947 571 2113 625 super

2222 558 2351 629 τέρᾳ
2392 556 2575 629 ἡμέρᾳ
2620 560 2733 620 τοῖς
2772 554 3196 626 κατηχουμένοις
3227 550 3690 626 συναριθμοῦμεν,
3719 551 3791 605 λέ-

546 669 670 709 eum
701 653 1026 716 orationem,
1069 665 1230 721 quam
1263 665 1427 720 super
1457 664 1654 721 pueros
1686 648 2112 703 catechumenos

2222 665 2403 717 γοντες
2423 650 2510 701 ἐπ’
2540 647 2687 719 αὐτῷ
2708 648 2805 718 τὴν
2838 648 3000 717 εὐχὴν
3029 647 3094 717 ἢν
3123 647 3215 699 ἐπὶ
3231 646 3335 699 τῶν
3367 646 3789 715 κατηχουμένων

548 747 786 801 solemus
832 744 1054 799 dicere:
1090 745 1212 799 dein
1245 743 1493 813 sequenti
1536 741 1623 795 die
1664 741 1918 811 precibus
1955 754 2116 795 exon-

2222 740 2421 793 παίδων
2449 741 2627 810 φαμέν
2650 757 2662 771 ·
2697 738 2790 793 καὶ
2820 741 2884 809 τῇ
2917 738 3043 806 ἑξῆς
3074 738 3333 809 χρώμεθα
3360 740 3482 800 ταῖς
3506 736 3623 789 τῶν
3652 735 3792 807 ὲξορο

546 838 841 893 eismorum
872 839 1077 892 utimur
1107 857 1119 891 :
1151 838 1341 908 sicque
1371 836 1562 891 ordine
1615 833 1927 904 peragimus
1973 847 2110 886 cun-

2222 831 2429 902 κισμῶν
2470 832 2679 901 εὐχαῖς·
2736 831 2828 885 καὶ
2879 829 3049 893 οὕτως
3091 829 3395 893 ἀκολούθως
3442 826 3793 898 ἐπιτελοῦμεν

546 938 663 984 ctos
694 928 951 997 baptismi
980 932 1138 984 ritus.

2226 924 2401 978 πάντα
2422 924 2491 977 τά
2518 924 2610 978 ἐπὶ
2634 922 2714 995 τῷ
2742 921 3074 994 βαπτίσματι
3102 922 3479 993 νενομισμένα.

1293 1080 1404 1153 (1v.
1439 1082 1522 1135 Ad
1547 1080 1639 1136 lib.
1674 1098 1727 1148 ν,
1752 1099 1870 1153 cap.
1895 1082 1982 1138 ao.
2016 1081 2101 1154 (ea:
2127 1078 2283 1136 codd.
2315 1078 2443 1149 Reg.
2478 1078 2603 1143 919,
2628 1076 2790 1143 i769,
2819 1077 3008 1150 2256).

613 1219 824 1291 Jupiter
865 1220 1144 1276 adinvenit
1203 1229 1375 1275 artem
1428 1220 1860 1292 navigatoriam;
1906 1220 2111 1291 Neptu-

544 1327 670 1376 nus,
702 1313 1174 1384 gubernatoriam;
1204 1310 1507 1377 Vulcanus,
1550 1312 1827 1377 fabrilem;
1860 1312 2113 1369 Escula-

545 1404 690 1473 pius,
720 1402 1016 1469 medicam;
1047 1402 1258 1472 Apollo,
1292 1405 1593 1470 musicam;
1631 1403 1889 1470 Minerva,
1934 1410 2114 1459 texto—

546 1496 717 1559 riam;
768 1494 957 1560 Diana,
1008 1496 1344 1560 venatieam;
1392 1494 1554 1562 Juno,
1596 1497 1885 1561 vestitum;
1924 1495 2110 1561 Ceres,

548 1588 978 1657 agriculturam;
1010 1586 1320 1652 Phtenices,
1370 1589 1614 1652 litteras;
1659 1586 1948 1652 Homerus,
1986 1602 2114 1657 poe-

543 1676 649 1731 sim
675 1693 689 1741 ;
720 1676 867 1731 Zeno
896 1677 1130 1743 Eleates,
1159 1677 1496 1733 dialecticam
1521 1694 1534 1743 ;
1565 1676 1737 1733 Corax
1764 1674 2111 1748 Syracusius,

542 1767 902 1834 rhetoricam;
931 1770 1212 1833 Aristaaus,
1234 1784 1395 1839 apum
1419 1766 1691 1833 fructum;
1724 1765 2113 1839 Triptolemus,

544 1858 804 1914 frumenti
836 1862 1157 1926 sementim;
1185 1860 1350 1915 Solon
1380 1859 1731 1915 Atheniensis
1754 1868 1807 1915 et
1835 1859 2133 1931 Lycurgus

546 1948 843 2022 Spartiata,
880 1952 1055 2023 leges;
1102 1951 1441 2017 Palamedes,
1478 1954 1939 2009 constructionem
1972 1954 2117 2008 litte-

542 2058 753 2107 rarum,
785 2059 1064 2108 numeros,
1108 2059 1394 2100 mensuras
1442 2054 1496 2100 et
1548 2047 1820 2117 pondera;
1852 2044 2113 2118 Egyptii,

542 2136 931 2204 geometriam;
962 2135 1255 2199 Chaldezei,
1286 2137 1635 2206 astrologiam
1677 2144 1731 2192 et
1759 2137 2115 2203 genethlialo-

544 2225 686 2295 giam
713 2242 727 2290 ;
753 2224 961 2282 Arabes
992 2241 1056 2280 ac
1087 2225 1347 2298 Phryges,
1380 2226 1702 2297 augurium;
1736 2227 1872 2283 Medi
1904 2236 1957 2283 et
1985 2227 2117 2284 Per-

544 2333 640 2382 sae,
674 2319 926 2388 magiam,
957 2318 1262 2387 praestigias
1306 2329 1469 2390 atque
1493 2320 1850 2386 veneficium;
1882 2319 2117 2392 Tyrrhe-

543 2410 623 2474 ni,
653 2410 817 2464 urbes
852 2410 1024 2465 muris
1056 2409 1297 2479 cingere.

616 2501 777 2566 Nota,
809 2502 1029 2571 quinam
1060 2502 1372 2556 exstiterint
1416 2501 1618 2555 artium
1665 2510 1718 2556 et
1764 2502 2115 2558 scientiarum

544 2604 819 2649 auctores.
859 2594 1098 2664 Apelles,
1144 2593 1441 2659 herbariae;
1487 2592 1897 2662 Demosthenes,
1936 2595 2119 2649 rheto-

543 2687 707 2753 ricae;
740 2686 1095 2757 Papinianus,
1127 2686 1611 2756 jurisprudentiae;
1644 2686 1875 2743 Antinus
1901 2687 1984 2742 vel
2014 2689 2119 2741 An-

543 2782 714 2853 tylus,
745 2779 1123 2835 fabricationis
1175 2780 1522 2844 laueearum;
1551 2777 1858 2850 Eurynous,
1895 2782 2117 2851 sagitta-

550 2874 647 2928 rize
667 2890 680 2938 ;
708 2870 1087 2943 Eurydamnus
1102 2870 1423 2934 Messenius,
1441 2870 1619 2927 bellici
1644 2872 1918 2937 thoracis;
1949 2872 2118 2927 Evan-

548 2965 668 3027 der,
694 2979 867 3020 ocreae
888 2972 943 3020 et
962 2964 1168 3035 clypei;
1199 2962 1501 3034 Oppianus,
1535 2964 1877 3035 piscatoriae;
1908 2964 2119 3035 Tripto-

547 3056 744 3119 lemus,
763 3056 991 3111 sationis
1014 3055 1179 3110 tritici
1204 3072 1219 3121 ;
1250 3053 1586 3127 Pamphilus,
1603 3057 1862 3126 picturae;
1888 3056 2114 3129 Typhis,
2144 3087 2187 3146 ο

547 3148 809 3213 nauticae;
857 3148 1057 3219 Argus,
1088 3148 1512 3204 constructionis
1560 3149 1801 3214 navium,
1832 3164 1862 3202 a
1912 3164 2020 3220 quo
2060 3156 2116 3204 et

546 3238 914 3311 Argonautae;
946 3238 1321 3305 Archimedes,
1354 3239 1701 3295 mechanicas.

2284 1215 2335 1271 1.
2388 1214 2445 1269 '0
2477 1214 2611 1278 Ζεὺς
2641 1213 2835 1286 ἐφεῦρε
2867 1214 3192 1287 πλευστικήν
3222 1213 3353 1287 (77)·
3384 1214 3681 1279 Ποσειδῶν,
3702 1234 3791 1269 κυ-

2215 1306 2543 1379 ϐερνητικήν
2569 1324 2581 1337 ·
2618 1307 2958 1377 Ἥφαιστος,
3010 1307 3397 1377 χαλκευτικήν·
3445 1308 3790 1379 Ἃσκληπιὸς,

2217 1399 2497 1472 ἰατρικήν·
2542 1398 2833 1461 Ἀπόλλων,
2863 1399 3156 1470 μουσικήν·
3201 1398 3417 1467 Ἀθηνᾶ,
3455 1401 3789 1471 ὑφαντικὴν·

2217 1493 2498 1564 ⁸Ἄρτεμις,
2534 1492 2903 1563 κυνηγετικὴν
2927 1507 2940 1520 ·
2966 1491 3135 1561 Ἦρα,
3168 1490 3479 1560 στολισμόν·
3512 1495 3796 1563 Δημήτηρ,

2214 1584 2519 1655 γεωργίαν·
2566 1584 2829 1651 Φοίνικες,
2861 1582 3200 1654 γράμματα·
3244 1583 3507 1653 Ὅμηρος,
3556 1582 3791 1653 ποίησιν·

2215 1676 2398 1746 Ζήνων
2439 1677 2467 1730 ὁ
2512 1675 2791 1747 Ἐλεάτης,
2824 1674 3194 1744 διαλεκτικήν·
3231 1674 3415 1746 Κόραξ
3453 1674 3481 1725 ό
3523 1674 3795 1743 Συρακού-

2217 1784 2349 1831 σιος,
2382 1769 2707 1839 ῥητορικήν·
2755 1769 3072 1839 Ἀρισταῖος,
3107 1765 3373 1838 μελισσῶν
3406 1766 3653 1838 καρπόν·
3679 1767 3798 1837 Τρι-

2215 1858 2499 1929 πτόλεμος,
2538 1860 2683 1912 σίτου
2735 1860 2965 1932 σπόρον·
3020 1860 3195 1912 Σόλων
3244 1858 3273 1910 ό
3314 1858 3597 1929 Ἀθηναῖος
3643 1859 3737 1911 καὶ
3771 1862 3796 1911 ό

2216 1950 2568 2022 Σπαρτιάτης
2595 1949 2928 2023 Λυκοῦργος,
2943 1950 3169 2023 νόμους·
3200 1953 3229 2004 ὁ
3256 1950 3613 2022 Παλαμήδης,
3636 1966 3799 2021 γραμ-

2220 2042 2404 2114 μάτων
2436 2042 2705 2110 σύνταξιν,
2739 2043 3029 2115 ἀριθμοὺς,
3065 2044 3235 2115 μέτρα
3259 2044 3354 2097 καὶ
3380 2041 3686 2113 σταθμούς·
3709 2044 3798 2095 Αί-

2214 2133 2455 2202 γύπτιοι,
2488 2136 2854 2208 γεωμετρίαν·
2888 2136 3162 2203 Χαλδαῖοι,
3194 2135 3553 2207 ἀστρολογίαν
3587 2136 3684 2187 καὶ
3710 2152 3797 2203 γε-

2216 2226 2613 2296 νεθλιαλογίαν·
2655 2227 2890 2299 Ἄραϐες
2942 2228 3038 2281 καὶ
3095 2226 3326 2300 Φρύγες,
3376 2226 3797 2281 οἰωνοσκοπίαν·

2216 2318 2388 2390 Μῆδοι
2421 2320 2515 2372 καὶ
2533 2317 2761 2389 Πέρσαι,
2789 2319 3017 2391 μαγείαν
3048 2320 3141 2371 καὶ
3172 2318 3424 2389 γοητείαν
3452 2320 3550 2371 καὶ
3582 2336 3797 2390 φαρμασ-

2218 2412 2398 2465 κείαν·
2432 2412 2727 2484 Τυρρηνοὶ,
2755 2413 3008 2484 τειχίζειν
3036 2412 3235 2476 πόλεις.

2284 2504 2338 2558 2.
2381 2505 2712 2577 Σημείωσαι,
2742 2506 2885 2568 τίνες
2907 2504 3189 2573 γεγόνασιν
3210 2504 3444 2575 ἀρχηγοὶ
3469 2503 3680 2574 τεχνῶν
3704 2504 3795 2556 καὶ

2217 2594 2534 2666 ἐπιστημῶν
2557 2611 2571 2625 ·
2615 2594 2900 2665 Ἀπελλῆς,
2943 2594 3258 2665 βοτανικῆς·
3293 2592 3665 2665 Δημοσθένης,
3701 2598 3796 2664 ρη·

2215 2687 2466 2759 τορικῆς·
2503 2686 2853 2750 Παπινιανδς,
2886 2684 3237 2756 νομοθεσίας·
3285 2685 3524 2747 Ἂντίνος
3558 2684 3653 2755 (al.
3687 2684 3789 2737 Ἀνι

2215 2778 2414 2847 τύλος),
2449 2777 2794 2847 λογχοποιίας
2824 2776 2917 2848 (al.
2948 2776 3301 2847 λοχοποιίας)·
3332 2776 3624 2848 Εὐρύνοος,
3655 2774 3796 2841 τοξι-

2217 2869 2321 2940 κῆς
2352 2869 2445 2940 (al.
2479 2867 2811 2940 τοξοσύνης)·
2846 2868 3196 2941 Εὑρύδαμνος
3227 2870 3519 2940 Μεσηνιος,
3556 2868 3797 2941 θώρακος

2219 2961 2538 3033 πολεμικοῦ·
2589 2960 2878 3032 Εὔανδρος,
2930 2962 3188 3033 κνημῖδος
3237 2963 3332 3016 καὶ
3380 2962 3639 3027 ἀσπίδος·
3675 2963 3796 3015 ὐπ-

2222 3054 2429 3125 πιανδς,
2491 3053 2826 3124 ἁλιευτικῆς·
2887 3055 3275 3126 Τριπτόλεμος,
3343 3058 3552 3127 σπορᾶς
3611 3056 3793 3108 σίτου·

2218 3146 2521 3217 Πάμφιλος,
2565 3146 2951 3219 ζωγραφικῆς·
2998 3146 3190 3217 Τίφυς,
3241 3148 3534 3217 ναυτικῆς·
3572 3148 3793 3219 Ἄργος.

2217 3237 2542 3310 ναυπηγίας,
2572 3236 2633 3303 ἐξ
2657 3229 2718 3291 οὗ
2747 3239 2841 3292 καὶ
2892 3238 3264 3311 Ἀργοναῦται·
3308 3240 3667 3313 Ἀρχιμήδης,
3691 3256 3792 3311 μη-

2218 3330 2466 3401 χανικῆς.

1849 3479 1917 3539 v.
1946 3480 2029 3536 Ad
2060 3482 2154 3541 lib.
2178 3499 2238 3551 ι,
2265 3501 2382 3554 cap.
2416 3484 2504 3541 to.

619 3615 688 3670 Et
731 3621 886 3687 pater
924 3633 939 3671 :
972 3612 1219 3687 Ignosce,
1272 3613 1470 3685 inquit,
1521 3614 1640 3671 fili:
1673 3615 1914 3671 nondum
1969 3617 2114 3671 enim

542 3694 713 3766 \isutn
741 3709 970 3762 multum
1019 3709 1075 3761 in
1120 3707 1207 3763 his
1236 3706 1410 3763 habeo
1445 3724 1458 3761 :
1491 3721 1617 3760 nam
1648 3715 1701 3762 et
1730 3707 1970 3762 hesterni
2001 3721 2117 3762 ser-

552 3815 744 3855 mones
765 3799 844 3852 tui
873 3796 1098 3853 veritate
1124 3798 1242 3868 ipsa
1267 3798 1654 3853 concluserunt
1680 3813 1786 3862 me,
1817 3804 1875 3851 ut
1898 3797 1996 3851 tibi
2026 3812 2118 3852 ac-

2289 3618 2399 3672 Καὶ
2431 3621 2459 3672 ό
2492 3621 2698 3693 πατήρ·
2730 3620 3009 3691 Σόγγνωθί
3042 3641 3150 3695 μοι,
3172 3616 3218 3677 ὧ
3239 3623 3458 3679 τέκνον·
3482 3625 3659 3697 οἱμὲν
3690 3628 3791 3701 γὰρ

2219 3710 2347 3781 χθές
2378 3729 2469 3765 σου
2506 3712 2652 3782 λόγοι
2680 3714 2897 3786 ἀληθεῖς
2924 3716 3073 3779 ὄντες
3106 3717 3514 3786 συνελογίσαντό
3548 3736 3640 3790 μοι
3670 3739 3790 3773 om.

2220 3802 2405 3856 θέσθαι
2458 3820 2571 3857 σοι·
2605 3807 2638 3875 ἠ
2690 3804 2747 3859 δὲ
2792 3805 2900 3878 ἐμὴ
2936 3808 3237 3880 συνείδησις
3271 3812 3446 3883 μικρά
3493 3828 3560 3883 με
3606 3812 3789 3887 ὥσπερ

552 3891 928 3960 quiescerem;
960 3888 1016 3942 in
1042 3888 1377 3943 conscientia
1405 3894 1588 3943 tamen
1634 3903 1752 3943 mea
1802 3896 1930 3943 sunt
1958 3886 2115 3957 quasi

2222 3896 2452 3966 πυρετοῦ
2495 3896 2759 3969 ἔλλειμμα
2790 3899 2925 3970 πρὸς
2954 3900 3209 3955 ἀπιστίαν
3238 3902 3445 3974 βραχέα
3475 3886 3786 3976 βασανίζει·

551 3982 796 4052 quaedam
827 3980 1069 4049 reliquiae
1097 3978 1349 4044 febrium,
1388 3995 1507 4050 qua:
1533 3980 1811 4049 paululum
1841 3996 1926 4035 me
1955 3995 1986 4034 a
2013 3979 2115 4036 fide

2222 3988 2436 4042 σύνοιδα
2462 3990 2572 4061 γὰρ
2599 3989 2819 4063 ἐμαυτῷ
2846 3991 2914 4045 τά
2939 3992 3045 4063 τῆς
3082 3992 3334 4062 γενέσεως
3353 3998 3530 4050 πάντα
3553 4016 3642 4069 μοι
3662 4001 3791 4054 ἀπο-

552 4071 708 4140 quasi
759 4085 790 4125 a
841 4072 1074 4127 sanitate
1111 4069 1431 4136 retrahunt;
1470 4070 1778 4127 discrucior
1820 4072 1964 4126 enim
1993 4072 2116 4143 quia

2222 4080 2547 4135 τελεσθέντα.
2584 4081 2755 4151 Κάγὼ
2801 4083 3218 4157 ἀπεκρινάμην·
3253 4088 3554 4159 Συννόησόν
3604 4108 3713 4162 μοι,
3747 4085 3789 4144 ὦ

552 4161 670 4218 scio
695 4161 863 4215 multa
894 4160 1050 4226 mihi,
1091 4160 1203 4215 imo
1233 4174 1373 4231 pene
1397 4161 1580 4215 omnia
1616 4161 1883 4218 accidisse
1921 4177 2116 4218 secun-

2222 4172 2415 4245 πάτερ,
2449 4173 2566 4227 οἵαν
2616 4174 2775 4245 φύσιν
2824 4174 2935 4247 ἔχει
2978 4176 3040 4230 τὸ
3091 4178 3337 4251 μάθημα,
3369 4178 3430 4245 ἐξ
3459 4175 3535 4235 ὧν
3566 4160 3678 4251 ἐγώ
3711 4200 3789 4237 σοι

552 4252 681 4308 dum
715 4253 975 4323 genesim.
1004 4251 1070 4306 Et
1116 4266 1217 4324 ego
1262 4253 1519 4323 respondi
1546 4271 1559 4309 :
1588 4252 1728 4308 Audi
1755 4269 1907 4325 ergo,
1938 4261 2112 4325 pater,

2222 4263 2591 4335 συμϐουλεύω.
2625 4266 3004 4339 Μαθηματικῷ
3050 4270 3356 4341 συμϐαλὼν,
3405 4274 3527 4327 είπὲ
3578 4278 3787 4350 πρῶτον

552 4360 675 4420 qua:
695 4347 767 4402 sit
786 4345 1057 4425 mathesis
1071 4353 1286 4411 natura,
1311 4355 1365 4402 et
1396 4345 1560 4402 facito
1588 4347 1886 4404 secundum
1910 4361 1974 4402 ea
1996 4363 2115 4417 quae

2222 4356 2368 4427 αὑτῷ
2399 4357 2477 4411 ὅτι
2508 4357 2633 4410 τάδε
2669 4374 2757 4428 μοι
2790 4358 2965 4428 φαῦλα
2999 4361 3055 4413 ὲν
3087 4362 3222 4433 τῷδε
3244 4364 3320 4435 τῷ
3338 4366 3514 4439 χρόνῳ
3532 4345 3785 4437 γέγονεν·

552 4437 678 4494 dico
711 4435 970 4494 tibi.Vide
996 4438 1461 4505 mathematicum,
1490 4445 1544 4494 et
1574 4438 1663 4494 dic
1691 4439 1741 4494 ei
1771 4439 1968 4509 primo,
1987 4439 2115 4510 quia

2222 4449 2282 4502 ἐκ
2310 4449 2456 4514 τίνος
2481 4450 2588 4522 ἀρα
2620 4468 2707 4521 μοι
2739 4451 2846 4505 τῶν
2878 4453 3122 4527 ἀστέρων
3154 4456 3344 4525 γέγονε
3365 4435 3558 4531 μαθεῖν
3577 4435 3781 4534 ῆθελον.

552 4528 683 4581 talia
706 4527 951 4597 quaadam
973 4527 1106 4582 mihi
1128 4529 1441 4585 acciderunt
1469 4529 1609 4583 mala
1633 4528 1687 4583 in
1718 4528 1810 4587 illo
1837 4537 2114 4600 tempore;

2222 4542 2326 4595 Καὶ
2354 4541 2468 4613 ἐρεῖ
2492 4543 2573 4595 ὃτι
2599 4544 2725 4607 τοὺς
2752 4544 2977 4616 χρόνους
3006 4549 3295 4612 κακοποιὸς
3324 4527 3783 4629 διεδέξατο-Ἄρης

556 4619 699 4675 unde
724 4635 883 4691 ergo,
914 4627 1008 4674 aut
1045 4620 1349 4691 quomodo,
1389 4629 1481 4675 aut
1522 4637 1619 4691 per
1646 4635 1785 4692 quas
1813 4621 1942 4676 mihi
1976 4620 2116 4676 acci-

2222 4629 2252 4701 ἢ
2292 4631 2497 4701 Κρόνος
2526 4630 2559 4703 ἢ
2591 4613 2800 4686 τούτων
2825 4651 2909 4697 τις
2939 4635 3441 4705 ἀποκαταστατικὸς
3467 4613 3718 4710 έγένετοί

555 4710 736 4769 derint
778 4710 984 4775 stellas,
1012 4710 1223 4766 discere
1266 4711 1412 4767 volo.
1444 4710 1811 4782 Respondebit
1860 4712 1959 4767 tibi
2002 4712 2116 4768 sine

2222 4720 2308 4775 τὸν
2339 4723 2579 4777 ἐνιαυτὸν
2596 4723 2782 4779 τοῦτόν
2812 4741 2895 4789 τις
2922 4726 3293 4801 ὲπεθεὼρησεν
3324 4732 3390 4785 ὲκ
3420 4710 3781 4807 τετραγώνου,

556 4802 743 4865 dubio,
776 4804 905 4873 quia
936 4813 1179 4874 tempora
1211 4811 1305 4858 tua
1342 4805 1650 4860 malitiosus
1680 4806 1922 4875 suscepit
1952 4804 2115 4870 Mars,

557 4904 650 4951 aut
693 4894 997 4961 Saturnus;
1052 4906 1145 4951 aut
1193 4898 1391 4968 aliquis
1428 4914 1617 4954 eorum
1662 4900 2117 4970 apocatastaticus

559 4989 693 5052 fuit;
727 4993 819 5043 aut
845 4987 1044 5060 aliquis
1084 5004 1286 5043 annum
1313 4997 1465 5044 tuum
1497 4991 1708 5060 aSpexit
1737 5006 1804 5045 ex
1830 4991 2114 5055 diametro,

556 5087 651 5134 aut
678 5079 1026 5148 conjunctus,
1054 5088 1146 5134 aut
1178 5081 1233 5134 in
1280 5088 1500 5147 centro;
1548 5082 1631 5137 vel
1671 5082 1775 5135 alia
1804 5081 1901 5137 his'
1918 5082 2118 5137 similia

556 5173 905 5243 respondebit
936 5193 949 5227 :
981 5172 1188 5228 addens
1228 5174 1354 5243 quia
1390 5175 1445 5229 in
1493 5175 1579 5229 his
1618 5175 1873 5231 omnibus
1920 5175 2117 5245 aliquis

557 5272 650 5318 aut
675 5264 972 5335 asyndetus
1000 5263 1103 5317 fuit
1127 5280 1252 5319 cum
1288 5266 1452 5330 malo,
1486 5275 1581 5320 aut
1611 5267 1922 5332 invisibilis,
1954 5267 2116 5321 autin

556 5356 853 5422 schemate,
875 5364 970 5410 aut
994 5364 1147 5411 extra
1176 5357 1446 5424 heresim,
1472 5365 1566 5413 aut
1590 5359 1867 5424 deficiens,
1898 5367 1991 5414 aut
2008 5374 2117 5415 non

557 5448 899 5515 contingens,
927 5456 1020 5503 aut
1051 5448 1105 5503 in
1128 5451 1379 5506 obscuris
1402 5450 1607 5516 stellis;
1628 5457 1685 5506 et
1713 5451 1880 5506 multa
1903 5452 2006 5505 alia
2033 5452 2118 5509 his

558 5540 780 5608 similia,
810 5545 1107 5600 secundum
1159 5547 1398 5603 rationes
1449 5548 1702 5617 proprias
1750 5550 2113 5620 respondebit,

555 5640 612 5691 et
654 5634 721 5690 de
769 5636 998 5707 singulis
1046 5638 1363 5711 assignabit.
1394 5637 1524 5694 Post
1569 5640 1715 5695 hunc
1761 5642 1924 5698 alium
1972 5643 2118 5700 adito

632 5790 745 5862 (77)
780 5792 1180 5863 Πλευστικήν.
1210 5790 1373 5854 Forte
1400 5794 1717 5865 πλαστικήν.

2215 4812 2250 4885 ἢ
2282 4812 2594 4886 διαμέτρου,
2628 4815 2661 4887 ἢ
2694 4814 2884 4883 συνὼν,
2918 4816 2950 4889 ἢ
2985 4824 3421 4893 κεκεντρωμένος
3452 4826 3485 4898 ἦ
3521 4832 3676 4901 παρά
3706 4834 3783 4886 αῖ.

2218 4923 2386 4978 ρεσιν,
2419 4910 2567 4981 όμῶς
2610 4909 2703 4963 καὶ
2746 4908 2879 4962 ἀλλα
2914 4911 3078 4981 μυρία
3107 4915 3281 4966 εἰπεῖν
3312 4915 3422 4987 ἔχει
3445 4936 3459 4947 ·
3496 4921 3637 4993 πρὸς
3666 4925 3783 4976 τού-

2214 5017 2325 5064 τοις
2356 5001 2435 5067 δὲ,
2468 5002 2501 5073 ἢ
2534 5003 2863 5071 ἀγαθοποιός
2894 5005 3049 5076 κακῷ
3094 5007 3353 5073 ἀσύνετος
3397 5008 3488 5083 ἦν,
3523 5014 3554 5084 ἢ
3602 5016 3785 5071 ἀνεπιε-

2216 5094 2503 5166 θεώρητος,
2532 5096 2565 5168 ἢ
2598 5098 2655 5150 έν
2688 5099 3001 5170 σχήματι,ἢ
3038 5100 3185 5173 παρά
3215 5102 3442 5175 αἵρεσιν,
3464 5107 3499 5177 ἢ
3529 5108 3589 5160 ὲν
3613 5110 3782 5163 ἐκλεί-

2214 5186 2391 5259 ψει,ῆ
2445 5188 2926 5263 ἀνεπισύναφος,ἢ
2975 5194 3032 5245 ὲν
3079 5194 3347 5266 ἀμαυροῖς
3390 5198 3646 5270 ἀστροῖς·
3695 5205 3784 5256 καὶ

2215 5280 2363 5350 ὁμῶς
2408 5280 2615 5334 πολλῶν
2650 5284 2969 5354 προφάσεων
2999 5285 3193 5351 οὐσῶν,
3228 5289 3363 5359 πρὸς
3390 5288 3427 5342 ἀ
3458 5291 3662 5361 ἤκουσε
3692 5292 3785 5356 τὰς

2214 5372 2509 5439 ἀποδείξεις
2541 5378 2839 5448 παρασχεῖν
2875 5377 3006 5449 ἔχει.
3036 5379 3189 5433 Μετὰ
3221 5380 3406 5434 τοῦτον
3428 5378 3528 5437 οὖν
3560 5384 3654 5437 τὸν
3687 5402 3785 5456 μα-

2214 5466 2512 5537 θηματικὸν
2544 5469 2715 5541 ἑτέρῳ
2747 5468 3078 5541 προσελθὼν,
3110 5470 3177 5524 τά
3207 5472 3423 5528 ἐναντία
3473 5478 3597 5531 είπέ
3619 5494 3634 5508 ·
3668 5479 3783 5533 Ὅτι

2214 5558 2330 5611 τόδε
2365 5575 2453 5629 μοι
2480 5558 2542 5611 τὸ
2574 5559 2775 5628 ἀγαθὸν
2806 5561 2863 5614 ὲν
2894 5561 3029 5632 τῷδε
3060 5561 3139 5634 τῷ
3164 5564 3340 5635 χρόνῳ
3372 5567 3598 5637 γέγονε·
3637 5572 3702 5625 σὺ
3731 5571 3785 5623 δὲ

2214 5651 2307 5706 τὸν
2342 5651 2527 5725 χρόνον
2558 5653 2647 5707 τὸν
2679 5652 2837 5709 αὐτὸν
2858 5654 2980 5725 λέγε
2999 5672 3013 5687 ·
3047 5657 3265 5713 ἀπαίτει
3308 5658 3365 5713 δὲ
3408 5662 3474 5715 ἐκ
3504 5662 3653 5728 τίνος
3684 5664 3786 5737 ἀρα
