3848 6260
133 327 275 382 N75

1220 316 1773 376 RECOGNITIONES.
1804 347 1872 359 —
1899 316 2253 376 APPENDIX.

3151 329 3287 386 MM

125 438 222 509 τῆς
247 433 514 504 γενέσεως
549 434 704 491 τοῦτο
738 435 938 505 γέγονεν
973 434 1065 489 καὶ
1094 434 1257 505 ὅμως,
1288 433 1361 497 ὡς
1389 436 1649 504 προεῖπον,

1762 431 2215 496 mathematicum.
2244 440 2297 488 et
2322 431 2485 489 dicito
2512 436 2781 491 contraria
2802 456 2815 494 :
2833 436 2967 505 Quia
2998 442 3128 497 illud
3155 446 3287 503 mihi

124 527 256 597 εχει,
294 525 387 579 σοῦ
436 527 924 597 καταψευσαμένου,
954 525 1111 587 αὐτὸς
1140 526 1201 577 ἐκ
1226 523 1425 577 πολλῶν
1458 524 1661 593 σχημά-

122 635 230 671 των
273 616 334 670 ἓν
377 635 432 670 τι
471 618 646 689 εὑρεῖν
678 618 855 688 σχῆμα
876 656 892 683 ,
924 616 1016 669 καὶ
1054 614 1314 685 δεύτερον,
1346 612 1438 666 καὶ
1462 613 1658 683 τρίτον,

122 708 216 760 καὶ
258 707 477 761 πλείονα
498 746 513 771 ,
555 709 628 771 ὡς
673 708 799 760 αὐτὸ
839 706 1130 777 ἑνεργῆσαν
1150 744 1165 769 ,
1211 704 1327 756 ὅθεν
1373 702 1441 755 τὰ
1485 701 1660 770 ἀγαθά

121 800 235 869 ἐρεῖ
259 800 613 869 γεγενῆσθαισ
645 799 897 852 ἀδύνατον
938 797 1044 866 γὰρ
1072 797 1128 847 ἐν
1160 794 1307 866 πάσῃ
1335 791 1538 861 γενέσει
1568 794 1659 846 ἀν-

122 888 373 958 θρώπων,
414 891 487 961 μὴ
536 890 593 942 ὲν
640 891 784 962 πάσῃ
826 889 941 959 ὥρᾳ
984 888 1089 940 τῶν
1119 886 1377 957 ἀστέρων,
1408 887 1530 949 τοὺς
1564 888 1659 957 μὲν

116 978 298 1040 καλῶς
349 980 580 1044 κεῖσθαι,
611 982 733 1043 τοὺς
777 979 831 1031 δὲ
874 978 1088 1040 κακῶς
1123 976 1316 1040 κύκλος
1361 977 1467 1048 γάρ
1515 978 1657 1030 ἐστιν

119 1070 378 1140 ίσομερὴς
423 1070 696 1132 ποικίλος,
742 1068 992 1139 ἀπείρους
1036 1068 1172 1137 ἔχων
1207 1067 1304 1130 τὰς
1344 1066 1653 1137 προφάσεις,

114 1156 249 1226 πρὸς
280 1158 349 1219 ἃς
390 1158 615 1219 ἕκαστος
646 1159 811 1211 εἰπεῖν
841 1158 950 1227 ἔχει
981 1156 1008 1209 ὃ
1040 1154 1175 1209 ϐέλει
1198 1172 1211 1186 ”
1244 1155 1302 1208 ὃν
1330 1155 1433 1226 γὰρ
1463 1154 1655 1226 τρόπον

110 1246 201 1297 ἐπὶ
252 1246 364 1300 τῶν
410 1246 574 1311 λοξῶν
619 1248 837 1317 ὀνείρων
879 1246 1043 1299 ἐνίοτε
1078 1244 1224 1299 οὐδὲν
1258 1245 1496 1315 νοοῦμεν,
1522 1245 1655 1296 ἀπο-

112 1333 321 1387 σάντων
352 1337 410 1389 δὲ
445 1337 772 1407 οἰκειοτάτην
803 1334 1171 1405 προσφέρομεν
1195 1335 1433 1387 ἐπίλυσιν
1451 1349 1466 1364 '
1487 1332 1654 1396 οὕτως

109 1425 200 1477 καὶ
249 1425 314 1478 τὸ
367 1426 621 1496 μάθημα⁶
656 1423 759 1494 πρὸ
802 1423 895 1475 τοῦ
943 1440 994 1477 τι
1041 1423 1472 1493 ἀποτελεσθῆναι,
1504 1423 1654 1475 οὐδὲν

110 1516 278 1583 σαφὲς
310 1516 441 1581 ἡμῖν
467 1510 695 1582 μηνῦσαι
735 1512 981 1566 δύναται·
1020 1513 1152 1583 μετά
1181 1514 1237 1566 δὲ
1261 1514 1356 1583 τὴν
1385 1513 1476 1565 τοῦ
1507 1530 1654 1582 γενο-

107 1603 268 1671 μένου
299 1601 559 1671 ἱστορίαν,
583 1602 700 1653 τότε
739 1602 993 1673 πρόδηλος
1019 1605 1052 1672 ἡ
1085 1602 1183 1672 τῆς
1212 1602 1480 1665 ἐκϐάσεως
1509 1602 1652 1656 αἰτία

103 1691 355 1757 φαίνεται
372 1706 387 1720 ·
424 1690 675 1753 πολλάκις
704 1692 797 1760 μὲν
827 1688 917 1745 οὖν
944 1692 991 1744 οἱ
1017 1691 1362 1761 προλέγοντες
1384 1692 1646 1754 πταίουσι,

101 1781 193 1832 καὶ
238 1778 383 1850 μετὰ
429 1780 526 1849 τὴν
572 1780 785 1833 ἔκϐασιν
816 1781 1033 1859 ξαυτοὺς
1067 1781 1376 1852 μέμφονται,
1409 1782 1647 1851 λέγοντες

99 1868 179 1921 ὅτι
207 1869 334 1922 τόδε
366 1864 436 1939 ἧν
462 1869 523 1920 τὸ
549 1870 791 1941 ποιῆσαν,
823 1871 915 1923 καὶ
943 1871 1040 1923 οὐκ
1070 1871 1293 1941 εἴδομεν.
1328 1869 1400 1923 Τὸ
1432 1871 1528 1942 μὲν
1554 1869 1646 1925 οὖν

98 1958 191 2013 καὶ
239 1958 375 2020 τοὺς
421 1957 559 2010 πάνυ
609 1959 964 2029 ἐπιστήμονας
996 1959 1220 2023 πταίειν,
1249 1960 1448 2028 γίνεται
1474 1960 1559 2013 διὰ
1587 1962 1645 2015 τὸ

101 2049 173 2119 μὴ
222 2048 450 2114 εἰδέναι,
486 2047 561 2111 ὡς
601 2049 723 2118 χθὲς
763 2048 915 2118 ἔφην,
950 2052 1074 2101 ποῖα
1118 2049 1327 2113 πάντως
1363 2050 1462 2119 τῆς
1499 2052 1646 2118 γενέ-

98 2154 236 2200 σεως
270 2137 423 2190 αἴτια
456 2137 565 2209 (78)
592 2138 811 2204 γίνεται,
830 2140 952 2190 ποῖα
982 2137 1036 2191 δὲ
1061 2140 1121 2191 οὐ
1151 2140 1377 2203 πάντως,
1407 2141 1495 2193 καὶ
1520 2146 1643 2195 ποῖα

95 2229 322 2290 πάντως
353 2229 571 2297 ποιῆσαι
602 2227 979 2297 ἐπιθυμοῦμεν,
1011 2228 1072 2281 οὺ
1116 2229 1325 2291 πάντως
1364 2230 1419 2283 δὲ
1465 2230 1644 2283 ποιοῦ-

97 2336 227 2389 μεν·
267 2321 354 2371 ὅτι
387 2320 481 2387 ἥδε
512 2320 544 2388 ὴ
574 2318 716 2369 αίτία
746 2320 877 2387 ἡμῖν
916 2320 1026 2381 τοῖς
1077 2320 1364 2390 μυστήριον
1400 2322 1640 2391 μεμαθη-

94 2410 233 2473 κόσι,
270 2410 454 2478 σαφής
495 2410 636 2459 ἔστιν
658 2423 670 2434 ·
701 2408 780 2459 ὅτι
818 2406 1089 2478 ἐλεύθερον
1127 2407 1333 2477 ἔχοντες
1371 2409 1639 2479 λογισμὸν,

91 2500 263 2552 ἐνίοτε
303 2498 516 2566 ἐπέχειν
559 2497 758 2567 ταύτην
803 2496 1222 2567 βουλευσάμενοι,
1254 2500 1637 2569 νενικήκαμενο

89 2590 135 2643 οἱ
167 2591 227 2643 δὲ
261 2588 580 2658 ἀστρολόγοι
608 2587 761 2641 τοῦτο
788 2588 914 2641 αὐτὸ
951 2586 1010 2640 τὺ
1051 2590 1356 2659 μυστήριον,
1385 2592 1509 2661 περὶ
1539 2592 1642 2645 πά-

90 2698 189 2751 σης
218 2677 598 2750 προαιρέσεως
625 2677 1019 2747 ἀποφηνάμενοι
1048 2678 1104 2744 ἐξ
1121 2679 1308 2749 ἀρχῆς,
1329 2680 1639 2744 πταίσαντες

85 2773 211 2832 τοὺς
244 2768 629 2838 κλιμακτῆρας
659 2767 964 2837 ἐπενόησαν,
999 2770 1077 2830 είς
1118 2769 1411 2840 ἀδηλότητα
1456 2770 1637 2822 ποιού-

1758 519 1883 573 boni
1913 521 2136 592 contigit
2176 523 2229 576 in
2262 522 2356 576 illo
2396 531 2664 594 tempore;
2712 535 2924 597 tempus
2965 539 3139 587 autem
3186 533 3290 589 hoc

1757 607 1898 673 idem
1920 608 2081 662 dicito
2117 612 2214 664 :"et
2254 611 2465 680 require
2490 628 2555 667 ex
2585 614 2781 682 quibus
2808 618 3049 685 partibus
3079 622 3290 690 genesis

1757 697 1858 752 hoc
1885 697 1983 753 tibi
2010 700 2246 753 evenerit
2275 700 2435 767 boui;
2467 711 2521 757 et
2550 712 2808 773 tempora,
2839 713 2897 759 ut
2920 708 3051 773 dixi,
3097 713 3285 767 eadem

1755 803 1874 857 quae
1900 788 1966 843 de
1992 790 2147 844 malis
2165 790 2612 861 interrogaveras,
2638 797 2905 851 custodito
2935 817 2947 851 :
2972 814 3200 871 cumque
3231 813 3287 858 tu

1757 874 2005 932 fefelleris
2049 879 2114 934 de
2164 881 2516 949 temporibus,
2551 882 2673 938 vide
2703 892 2899 952 quanta
2928 888 3021 941 tibi
3057 890 3289 949 inveniet

1755 967 2045 1031 schemata,
2075 983 2171 1038 per
2197 985 2315 1038 quae
2342 971 2589 1025 ostendat
2616 974 2760 1041 quod
2791 974 2886 1029 tibi
2928 976 2983 1029 in
3024 979 3130 1034 illis
3158 983 3289 1050 ipsis

1756 1058 2083 1127 temporibus
2148 1060 2360 1115 evenire
2407 1062 2690 1115 debuerint
2734 1063 2872 1118 bona
2906 1083 2921 1120 :
2959 1066 3289 1136 impossibile

1752 1150 1895 1203 enim
1938 1157 2021 1205 est
2065 1151 2338 1204 hominum
2381 1151 2616 1221 genesim
2659 1155 3038 1220 tractantibus,
3079 1174 3185 1212 non
3231 1161 3288 1216 in

1751 1240 1899 1294 omni
1935 1254 2094 1309 quam
2138 1239 2323 1293 dicunt
2352 1240 2567 1309 regione
2593 1242 2871 1297 stellarum
2901 1259 3113 1314 semper
3141 1248 3290 1303 inve—

1751 1333 1868 1387 nire
1895 1332 2153 1400 quasdam
2190 1331 2325 1386 bene
2350 1332 2554 1400 positas
2580 1335 2785 1397 stellas,
2811 1342 2865 1390 et
2887 1338 3144 1405 quasdam
3175 1354 3290 1391 ma-

1749 1423 1799 1477 le
1824 1439 1837 1477 :
1865 1422 2098 1476 circulus
2125 1422 2269 1475 enim
2298 1428 2380 1475 est
2406 1422 2683 1491 aequaliter
2707 1439 2773 1478 ex
2802 1426 2953 1479 omni
2994 1435 3142 1495 parte
3176 1430 3291 1481 col-

1749 1510 1917 1566 lectus
1944 1511 2232 1566 secundum
2266 1511 2565 1576 mathesim,
2599 1513 2840 1569 diversas
2869 1522 2921 1568 et
2946 1516 3122 1570 varias
3150 1519 3290 1570 acci-

1748 1601 1898 1669 piens
1926 1616 2140 1665 causas,
2164 1616 2230 1655 ex
2250 1602 2445 1671 quibus
2472 1604 2808 1659 occasionem
2830 1606 3045 1674 capiant
3068 1607 3285 1662 dicendi

1747 1693 1887 1761 quod
1913 1693 2119 1746 volunt.
2157 1691 2308 1745 Sicut
2335 1693 2476 1747 enim
2504 1693 2617 1748 ﬁeri
2640 1696 2776 1749 solet
2803 1695 2894 1748 ubi
2920 1696 3127 1749 somnia
3148 1696 3285 1749 obli-

1747 1795 1852 1849 qua
1896 1781 2128 1835 viderint
2173 1780 2435 1846 homines,
2463 1789 2517 1835 et
2565 1782 2701 1837 nihil
2749 1783 2882 1838 certi
2936 1783 3280 1853 intelligunt;

1746 1884 1867 1924 cum
1914 1870 2107 1938 aliquis
2152 1873 2450 1926 occurrerit
2497 1872 2674 1926 exitus
2716 1887 2916 1938 rerum,
2946 1881 3077 1927 tunc
3119 1874 3186 1927 ad
3218 1889 3283 1929 ea

1744 1974 1861 2028 quae
1894 1959 2183 2014 acciderint
2212 1967 2394 2028 aptant
2419 1960 2580 2014 etiam
2611 1963 2803 2016 somnii
2825 1963 2999 2016 visum
3026 1978 3040 2027 ;
3084 1963 3156 2017 ita
3197 1970 3283 2017 est

1742 2058 1795 2103 et
1820 2048 2075 2103 mathesis
2106 2067 2120 2104 :
2156 2056 2439 2119 antequam
2469 2050 2671 2119 aliquid
2699 2050 2964 2125 ﬁathcerti
2994 2053 3129 2106 nihil
3151 2068 3281 2121 pro-

1742 2138 2054 2202 nuntiatur;
2089 2146 2275 2206 postea
2304 2153 2431 2194 vero
2464 2154 2625 2208 quam
2657 2141 2857 2209 aliquid
2884 2142 3159 2207 acciderit,
3201 2144 3280 2197 rei

1736 2226 1847 2295 jam
1875 2233 2035 2295 gesta:
2055 2228 2313 2297 colligunt
2328 2243 2538 2283 causas.
2556 2228 2797 2299 Denique
2828 2231 3135 2300 frequenter
3154 2248 3279 2285 cum

1739 2316 2054 2378 erraverint,
2086 2324 2138 2371 et
2184 2317 2339 2371 aliter
2383 2333 2471 2372 res
2520 2318 2795 2385 acciderit,
2831 2322 3149 2389 semetipsos
3194 2324 3277 2376 in-

1740 2413 1980 2474 crepant,
1997 2405 2236 2461 dicentes
2262 2407 2385 2476 quia
2411 2407 2502 2461 illa
2530 2407 2629 2462 fuit
2654 2409 2805 2462 stella
2831 2425 2949 2479 quae
2976 2410 3273 2480 impedivit,

1739 2512 1857 2567 qua:
1904 2498 2155 2561 occurrit,
2186 2506 2239 2553 et
2265 2514 2373 2554 non
2402 2501 2666 2566 vidimus;
2708 2502 3012 2571 ignorantes
3037 2503 3161 2572 quia
3188 2520 3276 2558 er-

1738 2602 1829 2642 ror
1854 2602 2039 2642 eorum
2073 2603 2181 2641 non
2213 2605 2279 2643 ex
2308 2591 2441 2643 artis
2473 2590 2856 2659 imprudentia,
2885 2590 2977 2645 sed
3018 2606 3083 2645 ex
3112 2594 3275 2647 totius

1736 2691 1911 2732 causa:
1929 2678 2353 2739 inconvenientia
2376 2684 2687 2738 descendit:
2717 2683 2965 2754 ignorant
2988 2685 3127 2739 enim
3152 2700 3272 2754 qua;

1736 2769 1863 2831 sint,
1889 2785 2004 2839 quas
2033 2768 2206 2825 facere
2227 2771 2441 2839 quidem
2462 2775 2927 2843 concupiscamus,
2958 2788 3064 2827 non
3090 2784 3270 2830 tamen

88 2878 240 2931 μενοι
294 2860 396 2927 τὴν
440 2857 765 2927 προαίρεσιν,
790 2856 864 2920 ὼς
908 2857 1029 2927 χθὲς
1070 2857 1437 2928 ἀπεδείξαμεν.
1467 2860 1536 2912 Σὺ
1580 2861 1637 2912 δὲ

1747 2857 2105 2928 indulgeamus
2146 2862 2615 2930 concupiscentiis.
2652 2861 2762 2917 Nos
2798 2871 2975 2917 autem
3017 2864 3112 2933 qui
3154 2880 3274 2935 my-

83 2950 174 3001 τοῦ
210 2946 409 3000 λοιποῦ
443 2945 574 3016 πρὸς
603 2944 769 2998 ταῦτα
803 2945 857 2998 εἴ
886 2963 937 2998 τι
981 2946 1120 3016 ἔχεις
1143 2947 1330 3009 εἰπεῖν,
1360 2948 1503 3015 λέγε.
1528 2948 1637 3000 Καὶ

1747 2947 1887 3000 sterii
1911 2947 2072 3016 hujus
2101 2949 2385 3005 didicimus
2414 2950 2698 3014 rationem,
2721 2952 2921 3006 scimus
2944 2960 2996 3005 et
3027 2966 3268 3016 causam;

80 3040 299 3111 ὀμόσας
328 3034 438 3107 (79)
475 3038 795 3107 ἀπεκρίνατο
818 3074 832 3099 ,
870 3036 1026 3107 μηδὲν
1053 3036 1249 3091 τούτων
1292 3037 1637 3111 ἀληθέστερον

1747 3036 1860 3104 quia
1892 3037 2189 3093 libertatem
2217 3040 2477 3095 habentes
2503 3040 2730 3103 arbitrii,
2762 3041 3028 3095 interdum
3062 3056 3265 3095 concu«

82 3126 224 3183 εἶναι
253 3122 335 3181 ὧν
367 3123 543 3188 εἶπας.

82 3219 463 3273 humanorum
504 3223 773 3285 gestorum
813 3214 1047 3271 incertus
1074 3224 1158 3271 est
1189 3216 1396 3281 exitus;
1428 3216 1554 3286 quia
1581 3217 1637 3271 in
1658 3217 1901 3274 libertate
1928 3219 2120 3289 pendet
2150 3220 2375 3274 arbitrii.
2432 3219 2563 3273 Nam
2612 3220 3104 3290 concupiscentiam
3146 3222 3268 3289 qui-

81 3308 234 3372 dem,
258 3320 431 3375 quam
460 3310 707 3369 operatur
734 3303 965 3373 maligna
994 3306 1183 3369 virtus,
1203 3311 1377 3375 poteSt
1403 3303 1641 3360 indicare
1667 3307 2075 3363 mathematicus
2121 3328 2134 3363 :
2183 3309 2276 3363 sed
2324 3310 2370 3363 si
2416 3310 2862 3379 concupiscentiae
2912 3309 3072 3378 hujus
3112 3319 3267 3366 actus

80 3401 165 3454 vel
215 3400 410 3454 exitus
457 3394 660 3462 impleri
710 3396 899 3463 possit,
925 3411 1025 3449 nec
1064 3412 1161 3461 ne,
1194 3399 1317 3473 quia
1354 3399 1407 3452 in
1435 3399 1639 3453 arbitrii
1664 3399 1908 3455 libertate
1937 3409 2039 3462 est,
2080 3401 2207 3455 sciri
2235 3409 2358 3453 ante
2383 3400 2626 3454 eﬂ‘ectum
2657 3403 2734 3455 rei
2777 3416 2809 3455 a
2862 3402 3011 3456 nullo
3057 3411 3262 3473 potest:

78 3499 133 3546 et
177 3491 303 3542 hoc
347 3491 434 3538 est
476 3483 617 3552 quod
664 3483 971 3553 ignorantes
1016 3489 1271 3558 astrologi
1315 3486 1635 3542 invenerunt
1701 3490 1825 3553 sibi,
1888 3499 1946 3542 ut
1995 3490 2329 3542 climacteras
2370 3490 2630 3555 dicerent,
2674 3490 2753 3545 rei
2799 3492 3006 3546 scilicet
3046 3492 3263 3548 incertae

76 3577 363 3648 perfugia,
391 3572 530 3626 sicut
552 3572 803 3627 hesterno
832 3577 1139 3645 plenissime
1169 3575 1518 3632 ostendimus.
1550 3577 1631 3630 Ad
1664 3577 1777 3632 haec
1826 3579 1872 3633 si
1921 3579 2047 3648 quid
2096 3578 2189 3632 tibi
2230 3577 2513 3635 dicendum
2547 3580 2781 3649 videtur,
2812 3581 2995 3639 dicito.
3056 3582 3121 3637 Et
3168 3600 3262 3654 pa-

76 3683 161 3729 ter
198 3692 213 3727 :
251 3667 407 3724 Nihil
437 3666 632 3730 verius,
664 3667 855 3737 inquit,
886 3668 981 3735 ﬁli,
1010 3669 1112 3738 his
1156 3684 1275 3741 qua:
1315 3675 1629 3737 prosecutus
1656 3685 1735 3725 es.

147 3845 271 3918 ('18)
314 3841 503 3896 Αῐτια.
533 3837 615 3892 Al.
648 3839 810 3893 αἰτία.

1798 3841 1908 3915 (79)
1943 3843 2050 3898 Καὶ
2076 3844 2243 3912 ὀμόσ.
2273 3844 2355 3901 Al.
2388 3844 2479 3901 ml.
2503 3842 2531 3894 ὁ
2558 3846 2754 3921 πατὴρ.

1736 3126 2011 3195 piscentiis
2047 3130 2381 3194 obsistimus,
2430 3130 2697 3185 interdum
2728 3130 2970 3185 cedimus
3005 3149 3019 3186 :
3051 3138 3104 3185 et
3148 3131 3268 3185 ideo
3356 3166 3359 3175 ι
