4062 6432
1616 486 2432 620 ELENCHUS

578 784 1106 859 AUCTORUM
1158 783 1271 856 ET
1317 781 1702 856 OPEBUM
1753 781 1977 865 QUE
2027 780 2113 853 IN
2166 778 2353 853 HOC
2400 776 2665 851 τοΜο
2716 778 2763 849 Ι.
2813 776 3499 853 CONTINENTUR

1322 1368 1390 1427 S.
1455 1366 1808 1428 CLEMENS
1852 1366 1873 1426 Ι
1917 1363 2300 1428 PONTIFEX
2358 1362 2746 1425 ROMANUS.

332 1504 579 1567 Senum
607 1518 887 1567 GENUINA.
3638 1497 3751 1558 199

410 1608 676 1686 Epistola
706 1608 728 1669 Ι
748 1614 824 1672 ad
844 1608 1208 1673 Corinthios.
3632 1602 3752 1664 329

407 1716 675 1794 Epistola
704 1716 783 1778 ll.

408 1823 692 1902 Epistolze
720 1829 849 1886 dua}
890 1828 965 1886 ad
1008 1827 1268 1901 virgines
1300 1822 1564 1904 (Syriace
1594 1832 1650 1882 et
1682 1820 1939 1900 Latine),
1974 1824 2292 1897 interprete
2319 1818 2394 1881 Ι).
2436 1820 2529 1883 Cl.
2574 1818 2927 1891 Villecourt,

531 1932 599 1998 S.
642 1931 726 1994 R.
760 1932 837 1995 Ε.
875 1935 1165 1993 cardinali
3632 1923 3751 1986 349

333 2037 577 2100 SCRIP’I‘A
613 2056 783 2100 DUBIA

412 2144 880 2209 Constitutiones
908 2150 1271 2225 apostolicae.
3633 2138 3754 2202 509

409 2254 900 2329 Recognitiones.

3593 2246 3746 2308 1157

1860 2648 2185 2712 LECTORI
2201 2699 2214 2713 .

422 2812 733 2873 Prodeunt
777 2815 1046 2891 feliciter,
1081 2815 1309 2874 erudite
1347 2810 1579 2888 Lector,
1627 2815 1752 2874 haec
1785 2814 1969 2872 nostri
2025 2811 2349 2873 Clementis
2377 2808 2587 2887 Opera,
2623 2813 2748 2872 sive
2792 2814 3077 2888 genuina,
3129 2816 3255 2872 sive
3304 2815 3417 2888 ipsi
3448 2814 3752 2887 supposita

330 2921 405 2979 ab
478 2922 757 2979 omnibus
814 2920 1185 2996 antiquitatis
1230 2922 1645 2981 ecclesiasticae
1690 2923 1971 2980 studiosis
2017 2924 2166 2979 tanti
2211 2922 2504 2981 facienda.
2564 2917 2701 2979 Haec
2731 2937 2861 2996 qum
2892 2928 3084 2995 antea,
3136 2922 3233 2980 hic
3264 2923 3389 2980 illic
3419 2936 3647 2995 sparsa,
3693 2919 3754 2977 in

333 3028 827 3087 bibliothecarum
878 3030 1113 3103 angulis
1154 3030 1577 3089 delitescebant
1615 3038 1672 3087 et
1713 3046 1860 3105 pene
1903 3030 2208 3102 sigillatim
2239 3030 2469 3103 sepulta
2504 3029 2801 3103 jacebant,
2838 3045 2946 3087 nos
2979 3029 3153 3103 primi
3194 3032 3255 3088 in
3287 3045 3474 3088 unum
3504 3027 3750 3101 collegi-

337 3148 470 3190 mus
514 3141 569 3191 et
619 3150 775 3192 nova
823 3136 955 3191 luce
1000 3135 1385 3197 donavimus.
1435 3131 1691 3193 Grandis
1733 3137 1973 3209 quidem
2018 3136 2201 3208 labor,
2256 3136 2359 3193 sed
2408 3136 2525 3209 cui,
2580 3142 2878 3194 annuente
2928 3131 3069 3209 Deo,
3106 3152 3226 3195 non
3282 3138 3540 3210 impares
3574 3134 3756 3192 fuisse

331 3240 718 3301 conﬁdimus.
760 3238 895 3301 Haec
928 3244 1100 3301 nobis
1148 3244 1224 3302 sit
1254 3261 1478 3303 merces
1524 3260 1633 3301 nos
1663 3245 1733 3302 de
1760 3244 2044 3317 religione
2078 3240 2413 3302 Christiana
2443 3244 2593 3301 bene
2642 3242 2884 3302 meritos
2934 3244 3197 3303 fatearis.
3248 3240 3390 3302 Vale
3433 3250 3491 3300 et
3539 3241 3757 3300 nostris

330 3347 642 3405 conatibus
670 3349 830 3407 fave.
