4062 6420
491 341 567 408 35

1640 339 1741 404 AD
1788 340 1849 403 S.
1893 330 2368 403 CLEMENTEM
2414 338 2434 400 l
2481 333 2732 404 PAPAM

3808 332 3889 402 36

494 489 629 540 sunt
661 477 975 560 quisquam
1029 474 1279 538 transire
1324 476 1394 537 ad
1442 493 1572 551 nos;
1606 493 1756 554 quos
1787 484 1844 538 et
1875 475 2037 555 ipsos
2067 475 2323 536 mundos
2360 474 2843 556 appellavit,cum
2874 477 2953 538 ait
2987 495 3002 536 :
3040 475 3322 539 Oceanus
3353 475 3889 539 intransmeabitis

492 577 578 631 est
609 568 988 639 hominibus,
1013 575 1067 629 et
1098 566 1206 647 qui
1239 572 1410 628 trans
1440 567 1637 644 ipsum
1683 575 1822 627 sunt
1870 565 2112 638 mundi,
2145 570 2253 644 qui
2280 564 2376 626 his
2408 565 2598 627 eidem
2645 566 3054 627 dominatoris
3090 563 3205 628 Dei
3234 566 3743 646 disputationibus
3770 583 3889 646 gu-

496 656 804 721 bernatur.
838 655 1167 736 Paucisque
1197 655 1661 735 interjectis.....
1696 653 1778 717 Ex
1814 656 1906 718 his
1939 665 2135 716 tamen
2168 673 2300 736 quae
2347 655 2624 718 Clemens
2675 656 2838 716 visus
2868 665 2956 719 est
2992 655 3257 718 indicare
3291 675 3427 718 cum
3460 655 3604 717 dicit
3636 675 3648 716 :
3685 653 3882 717 Ocea-

490 765 608 811 nus
637 752 744 828 qui
774 745 1296 809 intransmeubiiis
1327 753 1416 807 est
1436 745 1863 817 hominibus,et
1893 746 1956 807 hi
1987 746 2200 806 muudi
2225 746 2335 824 qui
2353 754 2485 825 post
2515 747 2725 825 ipsum
2746 755 2888 807 sunt
2915 767 2933 806 :
2959 746 3059 822 qui
3084 754 3217 824 post
3238 745 3430 826 ipsum
3465 755 3602 806 sunt
3636 744 3888 806 mundos

497 836 804 917 pluraliter
829 834 1166 910 nominans,
1207 853 1360 910 quos
1390 843 1447 895 et
1479 833 1690 896 eadem
1741 833 1846 896 Dei
1897 833 2264 916 providentia
2307 835 2404 913 agi
2453 837 2696 914 regique
2747 834 3065 913 signiﬁcat,
3100 835 3332 896 semina
3390 835 3658 916 quaedam
3716 834 3889 896 nobis

496 924 839 1005 bujusmoili
873 923 1281 1002 intelligentia)
1311 923 1542 985 videtur
1571 941 1914 1004 aspergere,
1949 943 2065 1004 quo
2099 931 2341 1003 putetur
2393 924 2587 984 omnis
2637 923 2880 1004 quidem
2910 923 3265 986 universitas
3318 943 3526 986 eorum
3572 942 3704 1003 qum
3749 931 3890 986 sunt

491 1023 669 1095 atque
726 1012 1076 1093 subsistunt,
1138 1013 1467 1076 caelestium
1530 1022 1587 1073 et
1644 1013 2186 1093 supercmlestium,
2252 1023 2627 1074 terrenorum
2687 1013 3204 1092 infernorumque,
3269 1034 3422 1076 unus
3481 1026 3538 1077 et
3592 1014 3890 1094 perfectus

495 1104 754 1166 mundus
825 1102 1192 1182 generaliter
1264 1100 1380 1162 dici
1441 1119 1453 1163 :

496 1191 679 1272 Epist.
754 1195 809 1272 l,
865 1211 997 1272 cap.
1063 1191 1160 1252 2η.

1520 1102 1673 1162 intra
1732 1121 1906 1182 quem
1967 1101 2054 1162 vel
2113 1121 2146 1162 a
2203 1121 2320 1182 quo
2381 1103 2447 1178 (si
2511 1103 2612 1183 qui
2673 1102 2753 1163 illi
2818 1114 2972 1175 sunt)
3045 1103 3286 1185 putandi
3341 1112 3486 1164 sunt
3563 1102 3882 1164 contineri.

1367 1269 1532 1345 lusa,
1569 1277 1634 1333 iu
1664 1271 2003 1348 Ezechiel.,
2040 1291 2170 1353 cap.
2206 1271 2265 1344 8,
2303 1280 2440 1333 tem.
2477 1270 2578 1351 Ill,
2615 1291 2744 1351 pag.
2778 1271 2920 1352 422,
2960 1274 3036 1336 Α.

580 1381 720 1447 Φησῖ
751 1378 804 1436 δὲ
836 1382 862 1435 ὁ
899 1381 1126 1454 Κλγξμης
1165 1398 1177 1413 ·
1215 1382 1252 1434 ’-
1283 1382 1469 1444 κεανὸς
1528 1381 1788 1457 ὰπὲρατος
1828 1382 2147 1456 ἀνθρώποις,

2318 1379 2470 1441 Dicit
2501 1398 2739 1460 quoque
2769 1380 3082 1443 Clemens:
3110 1379 3390 1444 Oceanus
3414 1381 3892 1461 intpcrmeubilis

495 1471 580 1525 καὶ
638 1471 684 1524 οἱ
729 1469 846 1540 μετ’
905 1469 1060 1525 αὗτὸν
1122 1470 1312 1543 κόσμοι
1377 1471 1654 1531 τοσαύταις
1714 1467 1996 1549 διαταγαῖς
2058 1478 2148 1526 του
2231 1470 2294 1532 hc

2260 1471 2602 1545 zominibus,
2627 1477 2682 1530 et
2713 1471 2823 1549 qui
2849 1478 2978 1549 post
3008 1488 3147 1532 eum
3177 1473 3413 1552 mundi,
3433 1474 3620 1534 tantis
3646 1472 3894 1534 Domini

2231 1559 2728 1621 ordinationibus
2753 1562 3194 1634 gubernantur.
3220 1559 3405 1642 Epist.
3443 1563 3500 1634 l,
3536 1579 3661 1642 cap.
3700 1561 3798 1622 20.

1017 1658 1188 1736 lusu,
1223 1658 1288 1720 in
1313 1655 1521 1731 Joan.,
1559 1667 1699 1716 tom.
1737 1654 1841 1731 1x,
1877 1667 2028 1736 part.
2061 1673 2126 1729 ιι,
2163 1676 2293 1738 pag.
2333 1656 2462 1732 143,
2497 1656 2642 1719 edit.
2679 1657 2854 1718 liuet.
2888 1657 3126 1739 Colum,
3159 1660 3333 1721 “585.

499 1560 768 1615 Δεσπότου
801 1558 1142 1622 διοικοῦνται,

581 1757 995 1836 Μεμαρτύρηται
1028 1754 1196 1813 δὲκαὶ
1246 1759 1389 1838 παρὰ
1440 1769 1558 1821 τοῖς
1604 1754 1824 1829 ἔθνεσιν,
1867 1754 1947 1811 ὅτι
2007 1756 2144 1814 πολ-

2317 1755 2593 1819 Relatnm
2617 1767 2814 1818 autem
2835 1766 3014 1838 atque
3031 1767 3306 1820 testatum
3325 1759 3478 1840 apud
3501 1760 3755 1838 gentiles
3772 1768 3885 1832 est,

497 1845 579 1902 λοί
609 1869 746 1910 τινες
789 1844 1052 1922 λοιμικῶν
1107 1843 1496 1920 ὶνσκηψάντων
1546 1845 1869 1919 νοσημάτων
1931 1845 2145 1910 ἑαυτοὺς
2235 1866 2287 1907 m

2260 1846 2451 1907 nultos
2474 1865 2606 1907 cum
2634 1845 2984 1925 pestilentes
3011 1847 3202 1908 morbi
3226 1858 3667 1925 grassarentur,
3701 1867 3766 1910 se
3797 1848 3889 1929 ip-

495 1936 690 2015 σφάνια
733 1935 863 2014 ὑπὲρ
906 1942 997 1992 τοῦ
1042 1943 1218 1991 κοινοῦ
1262 1932 1666 2016 παραδεδώκασι
1702 1954 1717 1970 ·
1772 1934 1861 1990 καὶ
1920 1934 2146 2014 παραδε-

495 2045 655 2106 χεται
709 2024 853 2085 ταῦθ’
899 2024 1066 2091 οὕτως
1116 2023 1388 2104 γεγοδίναι
1455 2024 1548 2082 οὒκ
1599 2022 1810 2103 ἀλόγως
1860 2027 2147 2089 πιστεύσας

493 2127 617 2179 ταῖς
645 2117 902 2196 ἱστορίαις
959 2117 986 2173 ὁ
1020 2117 1208 2178 πιστὸς
1264 2113 1518 2191 Κλήμης,
1565 2113 1668 2170 ὑπὸ
1702 2110 1911 2170 Παύλου
1941 2137 2148 2192 μαρτυ-

488 2206 763 2284 ρούμενος,
796 2203 1049 2284 λίγοντος
1077 2221 1092 2238 ⁸
1133 2205 1282 2260 Μετᾶ
1318 2202 1654 2283 Κλήμεντος,
1689 2226 1744 2265 κ.
1778 2225 1831 2263 τ.
1868 2202 1922 2266 λ,

751 2533 947 2608 Βοιμο
983 2534 1294 2607 interprete.

537 2619 724 2700 Hujus
745 2621 1070 2684 Clementis
1106 2619 1359 2700 epistola
1391 2617 1574 2680 habe-

500 2728 597 2775 tur
623 2713 697 2775 ad
728 2714 1074 2776 Corinthios
1103 2712 1570 2794 scripta,praeci-

497 2825 609 2888 pua
663 2809 839 2888 plane
893 2816 951 2868 et
1000 2806 1168 2870 valde
1230 2803 1568 2868 mirabilis:

489 2918 666 2986 quam
691 2899 848 2961 velut
872 2919 940 2961 ex
994 2917 1248 2980 persona
1293 2898 1575 2962 Romanae

491 2993 775 3056 Ecclesiae
807 2994 1077 3074 dictavit,
1113 3012 1245 3055 cum
1282 2993 1572 3055 dissensio

488 3089 642 3165 apud
703 3087 1045 3148 Corinthios
1101 3087 1311 3148 fuisset
1342 3094 1567 3148 exorta.

491 3181 682 3251 Quam
705 3180 1018 3262 epistolam
1063 3180 1122 3242 in
1152 3180 1424 3262 plurimis
1455 3178 1570 3242 Ec-

493 3271 691 3335 clesiis
724 3272 959 3354 publice
992 3274 1197 3352 legi,et
1219 3282 1485 3334 veterum
1511 3286 1571 3338 et

495 3366 716 3427 nostris
748 3369 920 3428 etiam
988 3367 1359 3448 temporibus
1388 3385 1570 3426 cons-

491 3469 596 3524 tat.
656 3459 875 3523 Verum
932 3463 1007 3523 de
1065 3459 1359 3522 seditione
1418 3459 1570 3521 facta

489 3555 645 3637 apud
679 3555 1019 3619 Corinthios
1074 3574 1141 3616 ac
1197 3554 1572 3616 dissensione

490 3647 705 3730 plebis,
739 3648 905 3710 testis
935 3646 1103 3710 valde
1150 3647 1343 3710 fidelis
1375 3644 1565 3725 Hege—

491 3743 699 3824 sippus
733 3742 979 3806 indicat.

757 3929 950 4001 Ruﬁno
983 3931 1293 4004 interprete.

568 4013 846 4078 Clemens
878 4016 940 4078 in
967 4015 1218 4098 epistola
1240 4035 1414 4098 quam
1448 4014 1564 4079 Co-

490 4107 732 4170 rinthiis
753 4109 983 4185 scribit,
1020 4107 1291 4172 meminit
1323 4109 1565 4190 Episto-

491 4204 563 4264 ιω
617 4201 787 4266 Pauli
835 4202 910 4266 ad
955 4201 1262 4278 Hebraeos,
1296 4212 1356 4265 et
1383 4201 1571 4266 utitur

495 4296 629 4377 ejus
674 4296 1056 4360 testimoniis.
1110 4293 1285 4360 Unde
1315 4302 1566 4368 constat,

497 4389 660 4470 quod
711 4391 1032 4474 Apostolus
1101 4399 1383 4469 tanquam
1443 4391 1568 4453 He-

499 4483 676 4548 braeis
698 4483 1052 4548 mittendam
1080 4486 1273 4567 patrio
1293 4501 1424 4546 eam
1449 4501 1578 4548 ser-

500 4598 678 4643 mone
738 4579 1188 4662 conscripserit,
1223 4587 1284 4642 et
1329 4587 1394 4642 ut
1435 4578 1573 4660 qni-

499 4673 633 4739 dam
665 4675 926 4750 tradunt,
967 4673 1205 4735 .Lucam
1237 4669 1572 4751 evangelis-

500 4784 647 4855 tam,
673 4773 775 4836 alii
797 4781 996 4836 autem
1033 4773 1192 4834 hunc
1221 4771 1417 4852 ipsum
1449 4768 1576 4832 Cle-

499 4878 757 4930 mentem
770 4865 1226 4944 interpretatum
1242 4861 1575 4934 esse.Quod

498 4971 560 5025 et
591 4961 780 5040 magis
811 4977 1014 5022 verum
1045 4967 1157 5038 est,
1190 4956 1329 5038 quia
1353 4966 1412 5017 et
1458 4965 1575 5037 sty-

496 5055 588 5117 lus
620 5054 749 5136 ipse
778 5053 1045 5135 epistola
1075 5051 1406 5115 Clementis
1438 5068 1571 5110 cum

499 5148 610 5210 hac
639 5147 983 5215 concordat.
1041 5155 1099 5207 et
1147 5162 1362 5207 sensus
1387 5143 1570 5205 nimi-

497 5261 627 5304 rum
660 5242 980 5319 utriusque
1010 5238 1328 5320 Scripturaa
1382 5238 1572 5320 pluri-

499 5355 656 5398 mam
687 5335 1143 5398 similitudinem
1204 5333 1423 5396 t‘erunt.
1459 5333 1569 5398 Di-

496 5430 654 5492 citur
684 5440 880 5491 tamen
906 5445 1041 5490 esse
1070 5436 1130 5489 et
1151 5427 1266 5491 alia
1295 5427 1569 5490 Clemen-

490 5521 565 5584 tis
594 5521 866 5604 epistola,
909 5523 1074 5601 cujus
1127 5542 1236 5586 nos
1293 5522 1562 5587 notitiam

490 5633 611 5678 non
641 5616 1006 5698 accepimus.

2237 2311 2367 2374 cap.
2400 2293 2501 2356 55.

2155 2429 2254 2491 ιγ.

1659 2531 1967 2602 Eventus,
1991 2533 2281 2600 marceat,
2316 2534 2726 2606 lib.tll,cap.t6.

1739 2622 1936 2679 Τούτου
1997 2620 2062 2690 δὴ
2136 2624 2225 2678 οὖν
2268 2632 2360 2682 τοῦ
2416 2622 2725 2697 Κλήμεντος

1657 2713 2066 2794 ὁμολογουμινη
2123 2716 2218 2791 μία
2278 2715 2535 2782 ἑπιστολή
2580 2714 2728 2794 clpe-

1657 2830 1768 2889 ται³
1807 2808 2019 2887 μεγάλη
2055 2831 2112 2866 τε
2169 2811 2257 2867 καὶ
2314 2809 2598 2885 θαυμασία,
2661 2808 2725 2875 ἢν

1658 2907 1731 2968 ὡς
1788 2905 1894 2961 ἀπὸ
1941 2905 2038 2973 τῆς
2073 2905 2346 2981 Ῥωμαίων
2406 2902 2727 2972 Ἐκκὸησίας

1657 3005 1724 3076 τῇ
1786 3000 2068 3078 Κορινθίων
2131 2998 2513 3073 διετυπώσατο,
2592 2999 2726 3055 στά-

1662 3115 1793 3156 σεως
1850 3092 2097 3160 τηνικάδε
2145 3095 2282 3150 κατὰ
2342 3096 2439 3162 την
2474 3095 2726 3172 Κόρινθον

1659 3187 1974 3266 γενομένης.
2013 3189 2222 3255 Ταύτην
2266 3185 2319 3244 δὲ
2353 3189 2439 3244 καὶ
2484 3186 2538 3242 ἰν
2569 3185 2724 3243 πλεί-

1659 3303 1808 3341 σταις
1842 3281 2187 3348 Ἐκκλησὶαις
2210 3281 2294 3338 ἐπί
2327 3291 2416 3339 τοὺ
2446 3279 2625 3337 κοί.νοῦ
2654 3278 2728 3336 δε-

1656 3373 2083 3453 δημοσιευμένην
2135 3375 2299 3434 πάλαι
2369 3398 2425 3432 τε
2477 3377 2566 3431 καὶ
2609 3373 2726 3430 καθ’

1655 3471 1798 3546 ἡμᾶς
1831 3470 2016 3534 αὖτοὺς
2049 3469 2315 3548 ἔγνωμεν,
2381 3471 2479 3527 Καὶ
2529 3467 2611 3525 ὅτι
2667 3490 2728 3546 γε

1653 3565 1788 3620 κατὰ
1832 3565 1922 3620 τὸν
1954 3560 2306 3639 δηλούμενον,
2353 3563 2419 3620 τὰ
2462 3561 2556 3628 τῆς
2619 3569 2727 3617 Κο-

1649 3659 1854 3737 ρινθίων
1911 3659 2162 3724 κεκίνητο
2231 3657 2495 3730 στάσεως,
2577 3651 2727 3720 ἀξιό-

1650 3773 1828 3832 χρεως
1861 3751 2060 3830 μάρτυς
2092 3752 2120 3806 ὃ
2149 3749 2521 3828 Ἠγήσιππος,
2569 3745 2730 3825 Lege

1647 3843 2070 3920 Nlcnrnonmr,
2103 3837 2209 3901 lib.
2241 3854 2326 3915 in,
2361 3856 2491 3919 cap.
2530 3837 2628 3901 16.

1743 3936 1910 4004 lusu,
1940 3933 2100 4004 ἰωὴ,
2132 3933 2232 3992 lib.
2266 3945 2354 4001 ιιι,
2386 3947 2515 4006 cap.
2545 3931 2637 3991 38.

1731 4032 1834 4082 Τοῦ
1864 4020 2178 4096 Κλήμεντος
2234 4019 2286 4076 ἰν
2343 4025 2412 4096 τῇ
2441 4016 2729 4095 ἀνωμολο-

1650 4114 1865 4192 γημὶνη
1895 4114 2041 4193 παρὰ
2066 4119 2254 4190 πᾶσιν,
2289 4112 2358 4180 ἦν
2410 4111 2471 4168 ὲκ
2511 4111 2729 4190 προσώ-

1649 4231 1756 4267 που
1805 4209 1904 4277 τῆς
1959 4207 2240 4285 Ῥωμαίων
2287 4205 2615 4274 Ἐκχλησίας

1655 4301 1935 4382 Κορινθίων
1967 4299 2354 4365 διετυπώσατο.
2389 4301 2478 4358 Ἐν
2536 4301 2573 4376 ᾗ
2626 4304 2729 4368 τῆς

1655 4399 1787 4478 πρὸς
1821 4393 2091 4476 Ἐϐραίους
2122 4393 2298 4454 πολλᾶ
2337 4396 2581 4469 νοήματα
2614 4415 2727 4452 πα-

1657 4490 1850 4570 ραθεὶς,
1898 4487 2003 4556 ἤδη
2034 4486 2089 4545 Si
2118 4489 2207 4546 καὶ
2231 4487 2495 4554 αὐτολεξει
2539 4489 2727 4565 ῥητοῖς

1657 4604 1792 4640 τισιν
1825 4579 1877 4648 ιε
1910 4581 2074 4648 αὐτῆς
2125 4582 2492 4663 χρησάμενος,
2557 4579 2728 4660 capi-

1658 4697 1826 4733 στατα
1857 4675 2176 4755 παρίστησιν
2197 4674 2280 4733 ὅτι
2312 4675 2393 4752 μὴ
2424 4675 2540 4732 νὶον
2567 4674 2733 4754 ὑπάρ-

1658 4791 1749 4851 χει
1778 4791 1842 4827 το
1885 4771 2231 4850 σύγγραμμα,
2285 4767 2453 4828 ’Ὅθεν
2513 4768 2730 4833 εἰκότως

1660 4863 1854 4941 ἔδοξεν,
1910 4867 2035 4922 αὐτὸ
2064 4879 2184 4929 τοῖς
2241 4863 2457 4928 λοιποῖς
2493 4863 2728 4941 ἐγκατα-

1658 4953 1918 5035 λεχθῆναι
1976 4955 2254 5034 γράμμασι
2302 4954 2395 5012 τοῦ
2458 4953 2731 5011 Ἀποστά-

1659 5048 1775 5130 λου,
1811 5047 2071 5128 Ἑϐραίοις
2121 5048 2336 5129 γὰρδιὰ
2364 5055 2467 5118 τῆς
2507 5049 2729 5127 πατρίου

1657 5141 1903 5224 γϐὠττης
1937 5143 2216 5224 ἐγγράφως
2249 5142 2594 5220 ὡμιληκότος
2635 5149 2729 5198 τοῦ

1659 5237 1888 5310 Παύλου,
1955 5241 2003 5294 οἱ
2047 5237 2144 5314 μὲν
2202 5240 2291 5295 τὸν
2350 5235 2730 5314 εὖαγγελιστήν

1657 5337 1888 5407 Λουκᾶν,
1921 5334 1969 5387 οἱ
1999 5330 2054 5387 δὲ
2083 5331 2175 5387 τὸν
2229 5329 2516 5405 Κλήμεντα
2545 5338 2728 5388 τοῦτον

1651 5426 2190 5505 αὒτὸν,έρμηνεῦσαι
2212 5423 2428 5505 λὶγουσι
2459 5425 2557 5492 τὴν
2588 5445 2724 5501 γρα-

1648 5523 1774 5602 φήν.
1818 5503 1903 5577 ’“ο⁷
1925 5523 2016 5578 καὶ
2044 5518 2250 5597 μᾶλλον
2283 5503 2377 5588 εἴη
2409 5521 2472 5575 ἃν
2503 5518 2721 5598 ἀληθὲτῖ

1648 5624 1727 5692 τῷ
1755 5618 1849 5673 τὸν
1878 5613 2067 5693 ὅμοιον
2094 5620 2194 5686 τῆς
2255 5615 2500 5697 φράσεως
2544 5636 2727 5696 χαρα-

1487 5695 1490 5698 ’
1567 5733 1569 5736 ‘
1647 5717 1818 5792 κτῆρα
1847 5711 1946 5778 τὴν
1972 5733 2031 5768 τι
2087 5717 2181 5772 τοῦ
2236 5695 2547 5788 Κλήμεντος
2580 5695 2729 5767 επισ-

1643 5805 1869 5888 στολὴν,
1944 5807 2032 5864 καὶ
2087 5808 2186 5878 τὴν
2264 5808 2396 5886 πρὸς
2459 5806 2730 5888 Ἐϐραίους

2232 1955 2331 1997 sos
2365 1943 2426 1996 ut
2459 1935 2732 1997 victimas
2768 1955 2872 2014 pro
2907 1941 3094 2018 patria
3141 1937 3463 2001 tradidisse
3498 1958 3511 1999 :
3558 1950 3732 2020 atque
3760 1940 3887 2000 haec

2231 2026 2316 2088 ita
2339 2025 2610 2087 evenisse
2643 2024 2902 2085 admittit
2931 2045 3048 2087 non
3070 2027 3200 2088 sine
3226 2045 3427 2102 causa,
3463 2029 3729 2090 historiis
3748 2047 3888 2090 cre-

2233 2115 2383 2176 dens
2404 2115 2684 2177 Clemens
2712 2113 2812 2175 ille
2837 2114 3164 2188 ﬁdelis,cui
3187 2116 3591 2178 testimonium
3617 2116 3894 2198 perhibet

2234 2204 2452 2269 Paulus
2508 2204 2715 2266 dicens
2771 2222 2783 2265 :

2853 2205 3004 2265 Cum
3066 2205 3394 2286 Clemente,
3426 2217 3539 2269 etc.
3575 2205 3760 2288 Epist.
3826 2210 3888 2284 t,

3089 2536 3292 2597 Valerio
3319 2540 3624 2612 interprete.

2892 2619 3081 2702 Hujus
3111 2624 3288 2702 igitur
3315 2624 3639 2687 Clementis
3695 2633 3892 2686 exstat

2814 2715 3064 2795 epistola
3093 2735 3212 2778 uno
3266 2735 3566 2779 consensu
3618 2723 3888 2798 recepta,

2815 2810 3028 2871 eximia
3059 2829 3304 2891 prorsus
3357 2821 3533 2892 atque
3568 2811 3886 2886 mirabilis,

2814 2921 2990 2983 quam
3020 2905 3263 2965 nomine
3285 2903 3567 2969 Ecclesia:
3604 2906 3893 2966 Romanae

2813 2998 2883 3058 ad
2901 2995 3678 3061 CorinthiorumEcclesiam
3703 2999 3896 3078 scrip-

2812 3091 2910 3166 sit,
2971 3111 3102 3152 cum
3166 3094 3320 3173 apud
3380 3111 3480 3152 eos
3510 3092 3701 3171 gravis
3730 3101 3897 3153 esset

2813 3196 3016 3248 exorta
3046 3187 3362 3249 dissensio.
3394 3185 3559 3249 Hanc
3589 3188 3644 3246 in
3680 3186 3898 3266 pleris-

2813 3299 2928 3360 quc
2952 3279 3239 3341 Ecclesiis
3269 3290 3324 3342 et
3380 3292 3584 3341 nostra
3621 3291 3673 3340 et
3711 3298 3898 3360 supe-

2812 3373 2958 3433 riori
3029 3373 3318 3434 memoria
3387 3372 3580 3450 palam
3650 3371 3896 3433 recitari

2815 3466 3196 3527 consuevisse
3230 3466 3651 3547 comperimus.
3702 3463 3896 3527 Porro

2817 3560 3141 3640 supradicti
3233 3561 3555 3624 Clementis
3617 3570 3898 3640 tempore

2816 3654 3174 3718 seditionem
3210 3655 3366 3716 inter
3385 3654 3725 3716 Corinthios
3754 3670 3897 3717 esse

2811 3757 3170 3811 commotam
3200 3748 3702 3830 locupletissimus
3725 3748 3901 3809 testis

2813 3851 2904 3906 est
2931 3841 3326 3924 Hegesippus.

3086 3936 3295 3996 Valerio
3322 3938 3626 4009 interprete.

2858 4020 3186 4087 Clementis
3207 4019 3680 4102 illa(epistola)ab
3698 4020 3903 4082 omni—

2813 4115 2926 4178 bus
2950 4125 3216 4197 recepta,
3259 4134 3433 4196 quam
3461 4113 3742 4176 Ecclesiae
3764 4114 3898 4178 Ro-

2814 4229 3007 4273 manae
3027 4211 3272 4274 nomine
3323 4209 3399 4271 ad
3441 4207 3900 4272 Corinthiorum

2814 4305 3144 4369 Ecclesiam
3178 4303 3444 4385 scripsit.
3489 4305 3557 4366 In
3603 4319 3722 4384 qua
3752 4320 3898 4363 cum

2813 4399 3030 4461 multas
3052 4397 3274 4460 inserat
3290 4395 3616 4459 sententias
3638 4395 3904 4456 desum-

2815 4501 2946 4573 ptas
2966 4510 3036 4553 ex
3061 4490 3328 4571 Epistula
3345 4490 3418 4551 ad
3443 4488 3750 4568 Hebraea,
3777 4488 3899 4550 iis-

2813 4584 3074 4668 demque
3095 4583 3397 4646 interdum
3420 4582 3618 4646 vcrbis
3666 4588 3897 4658 utatur,

2816 4675 2963 4738 satis
3019 4675 3246 4737 indicat
3300 4693 3450 4755 opus
3483 4671 3627 4735 illud
3659 4688 3902 4748 nequa-

2815 4787 2991 4852 quam
3038 4787 3254 4830 recens
3298 4785 3453 4832 esse.
3489 4763 3900 4842 Quamobrem

2816 4882 2951 4926 cum
2968 4859 3486 4942 reliquisApostoli
3509 4859 3748 4939 scriptis
3774 4875 3906 4918 non

2816 4957 2948 5019 sine
2979 4974 3156 5018 causa
3187 4956 3301 5017 hoc
3327 4957 3502 5016 etiam
3525 4950 3902 5015 recensitum

2813 5049 3222 5113 videtur.Cum
3242 5049 3402 5111 enim
3418 5044 3781 5110 adHebrteos
3800 5062 3907 5124 pa-

2815 5145 2929 5208 trio
2954 5162 3236 5205 sermone
3266 5141 3605 5223 scripsisset
3648 5138 3900 5214 Paulus,

2815 5237 3140 5300 aliiLucam
3161 5233 3579 5315 evangelistam
3595 5231 3911 5313 ,aliihunc

2814 5327 2890 5388 de
2952 5346 3066 5407 quo
3140 5325 3439 5405 loquimur
3493 5319 3904 5402 Clementem,

2813 5419 3144 5502 Epistolam
3182 5418 3340 5480 illam
3375 5433 3507 5477 esse
3538 5415 3913 5494 interpreta-

2814 5521 2938 5574 tum
2965 5512 3187 5574 ferunt.
3236 5507 3405 5581 Quod
3427 5507 3674 5590 quidem
3699 5505 3917 5567 verius

2812 5609 3210 5683 videtur,cum
3227 5603 3556 5685 prmsertim
3569 5599 3875 5665 etClemen
3889 5643 3923 5655 -

2815 5705 2917 5785 tis,
2949 5711 3008 5764 et
3037 5699 3140 5763 illa
3191 5705 3266 5760 ad
3328 5694 3611 5758 Hebraios
3638 5692 3922 5774 Epistula

2822 5799 3098 5865 eumdem
3161 5791 3424 5856 habeant
3455 5790 3712 5873 stylum,
3788 5806 3926 5852 nec
