4062 6416
380 322 457 393 39
1526 326 1629 394 AD
1667 321 2237 390 accensurum
2284 322 2310 383 I
2351 317 2607 384 PAPAM
3699 307 3781 372 4o

380 486 476 531 σας
528 468 558 522 ὃ
616 466 1005 546 προειρημένος
1050 466 1249 547 φοῖνιξ,
1304 470 1391 524 καὶ
1457 466 1657 529 τέλειος
1721 465 1839 524 οἷος
1895 467 1963 539 ἦν
2007 458 2151 520 δΛΙ

2123 458 2458 537 Paucisque
2480 454 2814 535 intenectis
2848 474 2863 517 :
2896 453 3108 547 Postea
3159 448 3399 547 phoenix
3454 444 3777 547 praedictus

384 533 669 634 πρότερος,
714 533 894 635 ponii
946 533 1258 635 γενόμενος,
1316 558 1596 614 ἀνίπταται
1657 566 1896 623 τοιοῦτος
1920 533 2028 622 ⁷είς
2115 570 2150 630 Ρ

2115 533 2452 630 plumescit,
2483 533 3277 639 perfectusquequalis‘erat
3311 538 3499 620 prior,
3535 533 3777 619 phoenix

378 629 554 721 ἀέρα,
586 629 738 709 ἆτος.
784 648 871 703 καὶ
960 629 1357 717 έτετνελευτήκει
1440 649 1775 728 σαφεστάτην
1831 650 2029 729 νεκρῶν
2112 629 2151 702 ft

2112 629 2326 719 factus,
2361 639 2423 701 in
2444 655 2582 700 aera
2606 634 2741 697 talis
2767 632 2983 706 avolat,
3009 629 3206 707 qualis
3236 636 3366 691 erat
3396 646 3533 689 cum
3568 643 3774 688 more-

380 733 668 794 ἀνάστασιν
699 737 997 816 ἂνθρώποις
1027 735 1311 802 ἕπιδείξας,
1524 724 1534 728 ⁷
1927 724 1936 729 ⁷
2113 752 2151 795 rt

2113 744 2299 811 retur,
2320 725 2841 807 ,evidentissimam
2887 728 3258 816 mortuorum
3284 724 3769 816 resurrectonem

2114 805 2461 886 hominibus
2499 821 2829 879 ostentans.
2864 809 3052 893 Epist.
3076 810 3137 887 1,
3172 825 3304 891 cap.
3333 805 3439 870 25.

1147 1021 1532 1101 EPIPHANIUS,
1569 1025 1816 1089 Advers.
1849 1022 2304 1104 Carpocrasios,
2341 1015 2691 1092 Haeresi27,
2725 1029 2893 1076 num.
2927 1013 2987 1077 6.

464 1128 619 1209 Λέγει
650 1129 751 1211 γὰρ
781 1128 836 1187 έν
887 1134 985 1207 μιᾷ
1040 1136 1148 1186 τῶν
1203 1130 1498 1188 ιπιστολῶν
1532 1136 1687 1191 αὐτοῦ
1720 1152 1735 1169 ⁶
1778 1132 2032 1212 Ἀναχω-

2196 1128 2350 1190 Dicit
2382 1126 2540 1188 enim
2588 1119 2919 1204 (Clemens)
2968 1119 3030 1180 in
3074 1136 3193 1180 una
3214 1116 3597 1199 epistolarum
3623 1129 3764 1212 sua-

382 1219 483 1298 ρῶ,
525 1218 738 1295 ἄπειμι,
796 1219 1101 1290 ἐνσταθήτω
1159 1223 1187 1277 ὁ
1241 1219 1370 1286 λαὸς
1400 1229 1493 1279 τοῦ
1524 1229 1654 1280 Θεοῦ
1684 1240 1696 1253 '
1728 1224 1832 1280 τισὶ
1876 1233 2031 1282 τοῦτο
2117 1236 2151 1281 Γ

2117 1236 2248 1281 rum
2285 1235 2299 1280 :
2335 1201 2778 1295 Recedo,'abco,
2804 1213 2991 1273 instet
3023 1207 3282 1298 papulus
3311 1207 3468 1287 Dei;
3503 1201 3764 1298 nonnul-

379 1292 755 1382 συμϐουλεῦων
797 1324 811 1340 ⁸
872 1307 1094 1389 εὕρομεν
1148 1310 1248 1388 γὰρ
1306 1308 1359 1366 ’έν
1414 1332 1549 1369 τισιν
1612 1312 2026 1388 ὑπομνηματισ-
2115 1308 2151 1371 li

2115 1308 2188 1371 lis
2244 1304 2521 1367 videlicet
2569 1292 2684 1365 hoc
2740 1299 2915 1363 modo
2962 1297 3281 1389 consulens
3318 1319 3330 1355 :
3366 1314 3501 1357 nam
3535 1295 3598 1389 in
3624 1292 3761 1374 qui-

378 1408 509 1471 μοῐς
549 1406 706 1458 τοῦτο
750 1383 1081 1478 malum».
1163 1383 1172 1388 ’
1221 1383 1231 1387 ⁷
1718 1383 1727 1388 ’
1833 1383 1841 1387 1
2110 1398 2147 1460 b

2110 1398 2364 1460 busdam
2421 1390 2873 1457 commentariis
2933 1389 3013 1454 ita
3061 1388 3349 1469 scriptum
3406 1383 3762 1467 reperimus.

2109 1486 2296 1570 Epist.
2342 1488 2396 1563 1,
2431 1502 2561 1566 cap.
2586 1482 2687 1545 54,

1292 1592 1459 1675 lusu,
1495 1594 1752 1658 Advers.
1786 1595 2139 1678 Ebionaeos,
2171 1592 2398 1658 Πιονθεί
2419 1593 2518 1667 30,
2554 1608 2721 1653 num.
2754 1588 2851 1650 15.

466 1701 630 1764 Αὖτὸς
665 1699 895 1777 Κλήμης
948 1701 1135 1763 αὐτοὺς
1195 1702 1329 1758 κατὰ
1388 1704 1558 1759 πάντα
1592 1702 1810 1783 ἐλέγχει
1837 1704 1926 1784 ἀφ’
1957 1707 2032 1762 ὧν

2196 1702 2477 1775 Clemens
2529 1698 2657 1780 ipse
2688 1693 2967 1758 omnibus
3007 1691 3147 1784 illos
3179 1689 3539 1767 (Ebioneeos)
3574 1687 3766 1784 modis

379 1786 607 1868 ἔγραψεν
666 1789 964 1847 ἓπιστολὼν
1022 1789 1337 1869 ἕγκυκλίων,
1412 1799 1520 1848 τὼν
1578 1792 1632 1849 έν
1853 1779 2028 1872 ἁγιαις
2113 1811 2151 1854 1³η

2113 1792 2418 1873 redarguit
2451 1789 2521 1853 iis
2546 1779 2814 1868 epistolis
2839 1782 3390 1873 circularibus,quac
3417 1784 3494 1873 a_b
3518 1800 3587 1843 eo
3613 1779 3760 1873 scri-

378 1875 725 1944 Ἐκκλησίαις
758 1879 1294 1961 ἀναγινωσκομένων,
1330 1880 1409 1937 ὅτι
1455 1881 1618 1941 ἄλλον
1667 1882 1788 1963 ἔχει
1849 1870 2029 1963 χοιρα-
2056 1876 2092 1928 Β
2116 1902 2151 1965 p

2116 1892 2229 1965 ptze
2260 1870 2318 1943 in
2353 1876 2751 1941 sacrosanctis
2781 1872 3065 1937 Ecclesiis
3090 1871 3395 1965 leguntur.
3433 1870 3765 1965 Ex__quibu_s

376 1971 546 2045 κτῆρα
606 1970 639 2036 ἡ
706 1968 894 2025 ἑαυτοῦ
956 1970 1129 2032 πίστις
1198 1959 1288 2027 καὶ.
1327 1974 1353 2026 ὁ
1400 1972 1580 2050 λόγος,
1629 1959 1771 2049 παρὰ
1814 1959 2030 2030 cca-{31:0

2114 1959 2368 2046 constat,
2400 1969 2575 2048 longe
2607 1965 2680 2027 ab
2708 1966 2779 2025 iis
2810 1983 2943 2045 quae
2977 1967 3033 2023 in
3070 1963 3447 2025 Circuilibus
3489 1960 3606 2022 illis
3653 1959 3764 2021 sub

376 2056 574 2113 τούτων
606 2059 680 2120 εἰς
738 2057 907 2133 ὄνομα
966 2063 1124 2118 αὐτοῦ
1172 2060 1227 2115 ἐν
1277 2074 1397 2125 ταῖς
1458 2060 1727 2138 Περιόδοις
1786 2067 2027 2118 νενοθευ-
2114 2081 2151 2141 θ(

2114 2062 2244 2142 ejus
2270 2059 2512 2121 nomine
2534 2054 2868 2118 adulterina
2891 2050 3309 2126 exstant,illius
3340 2050 3515 2112 ﬁdem
3540 2069 3607 2112 ac
3632 2068 3763 2111 ser-

372 2144 506 2220 μένα
541 2162 555 2175 ⁶
610 2148 766 2213 αὐτὸς
826 2149 926 2227 γὰρ
978 2150 1260 2228 παρθενίαν
1314 2149 1568 2226 διδάσκει,
1630 2154 1718 2207 καὶ
1762 2153 1909 2208 αὗτοὶ
1967 2151 2025 2208 οὗ
2108 2170 2151 2211 Ir

2108 2140 2347 2211 nionem
2377 2143 3035 2211 abhorruisse.Etenim
3072 2142 3465 2220 virginitatem
3490 2140 3767 2202 Clemens

371 2232 622 2315 δέχονται
660 2252 674 2267 '
712 2237 871 2299 αὐτὸς
929 2239 1028 2317 γὰρ
1091 2238 1415 2317 ἐγκωμιάζει
1448 2238 1656 2317 Ἠλίαν,
1704 2242 1791 2297 καὶ
1841 2240 2019 2321 Δαέἣδ,
2108 2259 2151 2301 et

2108 2239 2367 2313 edocuit,
2398 2248 2455 2299 et
2487 2239 2579 2299 isti
2610 2235 2931 2316 repudiant
2969 2253 2982 2296 :
3011 2233 3108 2295 ille
3142 2231 3354 2293 Eliam.
3392 2230 3672 2321 Davidem
3707 2237 3767 2290 et

372 2326 461 2380 καὶ
506 2328 774 2407 Σαμψὼν,
827 2328 917 2384 καὶ
961 2329 1166 2393 πάντας
1211 2332 1330 2394 τοὺς
1388 2332 1685 2410 προφήτας,
1742 2333 1828 2398 οὒς
1881 2319 2022 2387 οὗτοι
2107 2332 2148 2394 S

2107 2332 2501 2410 Sampsonem
2562 2342 2893 2406 omnesque
2971 2322 3294 2406 prophetas
3354 2319 3763 2401 commendat,

370 2412 762 2490 βδιλύττονται,
2108 2438 2151 2499 τι

2108 2436 2257 2499 quos
2289 2417 2350 2479 bi
2372 2416 2769 2479 detestantur.

2009 2516 2139 2583 VII.

776 2612 1191 2692 Himermws,
1224 2616 1333 2679 lib.
1368 2617 1453 2680 De
1480 2619 1629 2680 viris
1660 2618 2027 2699 illustribus,
2061 2636 2191 2698 cap.
2231 2619 2330 2691 15,
2365 2634 2500 2679 cum
2534 2624 2733 2678 vetere
2765 2613 2969 2675 Graeco
3006 2612 3355 2691 interprete.

458 2721 713 2798 Κλήμης,
747 2726 867 2796 περὶ
929 2726 991 2781 οὖ
1041 2723 1246 2789 Παῦλος
1304 2725 1330 2782 ὁ
1380 2724 1706 2791 Ἀπόστολος
1737 2728 1868 2805 πρὸς
1920 2734 2026 2781 Φι-

2182 2724 2568 2801 Clemens,de
2586 2743 2702 2803 quo
2729 2720 3035 2803 apostolus
3072 2718 3289 2780 Paulus
3311 2716 3381 2778 ad
3407 2714 3763 2797 Philippen-

373 2810 691 2880 λιππησίους
748 2815 992 2895 γράφων,
1052 2814 1249 2894 λέγει’
1314 2817 1459 2873 Μετὰ
1531 2818 1617 2874 καὶ
1682 2816 2021 2891 Κλήμεντος,
2102 2834 2151 2877 St

2104 2834 2199 2877 ses
2226 2820 2333 2893 (Iv,
2372 2814 2426 2884 3)
2458 2814 2730 2878 scribens
2762 2814 2881 2874 ait:
2935 2813 3085 2873 Cum
3122 2808 3429 2871 Clemente
3457 2816 3513 2867 et
3534 2812 3767 2867 caeteris

370 2901 519 2977 κτλ.,
546 2902 793 2980 τέταρτος
827 2906 966 2978 μετὰ
998 2904 1196 2984 Πέτρον
1230 2897 1445 2981 Ῥώμης
1507 2907 1801 2971 ὶπίσκοπος
1840 2926 1851 2937 ·
1901 2905 2023 2962 δεύ-
2106 2922 2151 2966 οι

2106 2903 2598 2984 cooperatoribus
2619 2904 3064 2983 meis,quorum
3085 2900 3333 2961 nomina
3370 2899 3599 2977 scripta
3623 2903 3765 2958 sunt

372 2991 521 3070 τέρος
555 2993 655 3071 γὰρ
688 2999 848 3075 Δῖνος
908 2992 1139 3072 ἐγένετο,
1200 2997 1372 3072 τρίτος
1419 2994 1808 3075 Ἀνὲγιιλητος,
1864 2996 1907 3050 εί
1937 2995 2024 3051 καὶ
2104 2995 2151 3055 it

2104 2995 2169 3055 in
2188 2993 2347 3055 libro
2370 2995 2780 3074 vittezquartus
2798 2990 3184 3072 postPetrum
3205 2987 3759 3067 Romaeepiscopus:

372 3080 561 3138 πολλοὶ
615 3090 722 3139 τῶν
768 3074 1044 3159 Ῥωμαίων
1105 3084 1564 3166 ὁπολαμϐάνουσι,
1616 3074 1855 3166 δεύτερον
1888 3086 2023 3160 μετὰ
2104 3084 2151 3144 si

2104 3082 2405 3165 siquidem
2441 3083 2740 3145 secundus
2771 3080 2952 3143 Linus
2978 3081 3114 3161 fuit,
3152 3080 3361 3141 tertius
3393 3077 3717 3141 Anacletus
3744 3099 3761 3149 ;

374 3172 466 3227 τὸν
493 3171 792 3231 ἀπόστολον
825 3173 1021 3251 Πέτρον
1065 3178 1381 3253 γεγενῆσθαι
1448 3165 1752 3251 Κλήμεντά.
1793 3165 2016 3254 ἾΕγρα-
2039 3188 2079 3239 C
2105 3180 2151 3235 ta

2105 3172 2339 3235 tametsi
2358 3172 2627 3255 plerique
2646 3172 2992 3235 Latinorum
3007 3168 3359 3251 ,secundum
3382 3166 3765 3247 postPetrum

377 3267 475 3336 ψεν
507 3262 565 3318 ἑκ
623 3263 911 3341 προσώπου
963 3268 1060 3331 τῆς
1106 3263 1428 3332 Ἐκκλησίας
1481 3258 1694 3341 Ῥώμης
1744 3267 1875 3344 πρὸς
1924 3265 2023 3331 τὴν
2108 3281 2151 3343 3]

2108 3263 2443 3344 apostolum
2499 3272 2705 3344 putent
2759 3262 2940 3323 fuisse
2971 3261 3366 3324 Clementem.
3412 3257 3662 3337 Scripsit
3692 3274 3767 3316 ex

369 3354 426 3408 ὶν
484 3352 718 3430 Κορίνθῳ
777 3351 1103 3419 Ἐκκλησίαν
1152 3354 1443 3422 επιστολὴν
1502 3358 1639 3411 πάνυ
1682 3354 2016 3431 θαυμαστὴν,

371 3440 489 3509 ἥτις
522 3441 577 3499 ἐν
609 3456 857 3523 φανεροῖς
914 3442 1099 3507 τόποις
1160 3441 1391 3520 δημοσίᾳ
1448 3444 1892 3523 ἀναγινώσκεται,
1946 3452 2023 3519 τῷ

373 3522 680 3611 χαρακτῆρι
751 3536 851 3599 τῆς
915 3534 1048 3611 πρὸς
1109 3522 1380 3610 Ἐϐραίους
1440 3522 1763 3601 Ἐπιστολῆς
1815 3533 2023 3591 Παύλου

372 3620 690 3702 συνᾴδουσα,
748 3622 807 3678 οὐ
864 3622 1025 3698 μόνον
1083 3624 1369 3704 νοήμασιν,
1402 3622 1539 3680 ἀλλὰ
1565 3626 1651 3681 καὶ
1682 3623 1886 3703 λόγοις.
1926 3626 2022 3682 Καὶ

372 3708 558 3774 ἁπλῶς
617 3711 846 3790 μεγίστη
893 3711 1031 3769 ἐστὶν
1080 3713 1134 3769 ἐν
1182 3715 1405 3793 ἑκάτερᾳ
1461 3716 1740 3789 ὁμοίωσις.
1796 3713 2021 3791 Φέρεται

373 3802 463 3858 καὶ
522 3800 675 3879 ἑτέρα
732 3800 784 3867 ἐξ
835 3802 1099 3879 ὀνόματος
1144 3804 1305 3860 αὑτοῦ
1360 3804 1503 3860 εἶναι
1562 3801 1844 3878 ἐπιστολὴ,
1902 3801 2020 3871 ἥτις

372 3890 517 3969 παρὰ
557 3891 773 3947 πάντων
832 3889 1306 3967 ἀποδοκιμάζεται.
1364 3896 1464 3951 Καὶ
1520 3890 1771 3970 διάλογος
1824 3890 2023 3965 Πέτρου

368 3978 461 4038 καὶ
515 3976 777 4046 Ἀπίωνος
840 4003 1027 4059 μακρῳ
1084 3980 1230 4060 λὸγῳ
1274 3982 1627 4062 συνταγεῖσα,
1678 3980 1861 4048 ἥντινα
1915 3980 2021 4038 Εὔ-

369 4066 545 4133 σέόιος
610 4070 804 4128 εὐθύνει
862 4070 917 4127 έν
988 4077 1065 4146 τῷ
1132 4073 1293 4151 τρίτῳ
1360 4077 1461 4140 τῆς
1535 4071 2019 4140 Ἐκκλησιαστικῆς

370 4161 603 4239 ἱστορίας
660 4161 873 4241 τεύχει.
924 4161 1152 4235 Τελευτᾷ
1208 4169 1286 4237 τῷ
1339 4163 1497 4242 τρίτῳ
1544 4162 1769 4235 ἐνιαὺτῷ
1811 4171 2018 4240 Τραϊα-

372 4253 485 4330 νοῦ,
518 4251 605 4305 καὶ
635 4250 733 4319 τὴν
761 4250 948 4308 τούτου
978 4252 1201 4328 μνήμην
1230 4250 1359 4332 ἄχρι
1389 4254 1621 4333 τήμερον
1651 4252 1705 4309 ἰν
1734 4259 1803 4327 τῇ
1838 4242 2018 4330 Ῥώμῃ

370 4336 785 4416 οἰκοδομηθεῖσα
806 4338 1066 4408 ἐκκλησία
1096 4339 1372 4420 φυλάττει,

2108 3371 2362 3434 persona
2384 3354 2670 3416 Romanae
2689 3351 2971 3416 Ecclesiae
2986 3349 3060 3411 ad
3082 3348 3407 3411 Ecclesiam
3429 3346 3769 3409 Corinthio-

2106 3460 2237 3505 rum
2262 3442 2432 3505 valde
2456 3441 2665 3504 utilem
2691 3441 3166 3523 epistolam,quae
3188 3447 3246 3500 et
3266 3438 3327 3498 in
3351 3436 3653 3499 nonnullis
3676 3436 3766 3497 lo-

2106 3536 2194 3595 cis
2225 3531 2463 3613 publice
2496 3532 2735 3611 legitur,
2800 3547 2931 3610 quae
2989 3529 3131 3589 mihi
3163 3527 3404 3589 videtur
3433 3528 3763 3590 characteri

2105 3622 2553 3703 Epistolaz,quae
2567 3619 2677 3681 sub
2701 3618 2869 3682 Pauli
2890 3618 3133 3680 nomine
3154 3618 3225 3680 ad
3247 3616 3529 3679 Hebraeos
3548 3617 3759 3691 fertur,

2106 3708 2576 3774 convenire.Sed
2600 3717 2659 3771 et
2682 3708 2887 3770 multis
2910 3707 2987 3770 de
3010 3708 3216 3770 eadem
3243 3706 3647 3789 epistola.non
3670 3726 3767 3769 so-

2106 3802 2230 3863 lum
2254 3800 2669 3875 sensibus,sed
2697 3800 2865 3879 juxta
2885 3798 3200 3861 verborum
3226 3816 3463 3879 quoque
3487 3796 3766 3860 ordinem

2104 3886 2651 3952 abutitur.0mnino
2675 3888 2914 3967 grandis
2938 3888 2998 3951 in
3016 3895 3265 3969 utraque
3291 3887 3622 3950 similitudo
3650 3895 3762 3949 est.

2102 3981 2315 4041 Fertur
2345 3986 2403 4041 et
2434 3978 2697 4040 secunda
2731 3978 2859 4058 ejus
2891 3978 3135 4039 nomine
3157 3978 3571 4059 cpistola,quas
3600 3995 3634 4038 a
3657 3996 3765 4038 ve-

2104 4066 2331 4131 teribus
2370 4066 2749 4148 reprobatur.
2802 4067 2874 4128 Et
2896 4068 3214 4149 disputatio
3237 4066 3399 4129 Petri
3430 4076 3489 4130 et
3514 4067 3770 4149 Apionis

2104 4158 2279 4236 longo
2305 4175 2585 4220 sermone
2613 4157 3160 4239 conscripta,quam
3188 4156 3485 4219 Eusebius
3506 4158 3568 4218 in
3593 4159 3767 4221 tertio

2104 4248 2395 4312 Historia:
2444 4249 2871 4310 ecclesiastica:
2919 4248 3221 4311 volumine
3276 4248 3561 4328 coarguit.
3608 4245 3774 4312 Obiit

2104 4336 2282 4400 tertio
2313 4336 2559 4416 Trojani
2607 4354 2788 4414 anno,
2825 4345 2885 4398 et
2931 4338 3197 4399 nominis
3255 4342 3382 4415 ejus
3416 4336 3769 4400 memoriam

2102 4446 2291 4511 usque
2320 4429 2505 4490 hodie
2534 4425 2738 4489 Romae
2772 4435 3075 4491 exstructa
3105 4428 3363 4492 ecclesia
3394 4428 3673 4491 custodit.

1379 4521 1547 4602 IDEM,
1581 4518 1687 4581 lib.
1721 4536 1741 4581 ι
1776 4520 2010 4583 advers.
2040 4520 2462 4594 Iovinianum,
2497 4535 2632 4598 cap.
2666 4522 2728 4579 7.

452 4605 543 4670 Ad
576 4606 689 4671 hos
719 4607 1081 4690 (eunuchos)
1112 4616 1170 4673 et
1199 4607 1477 4673 Clemens
1502 4625 1815 4672 successor
1834 4609 2084 4691 apostoli
2104 4608 2285 4684 Petri,
2313 4610 2485 4688 cujus
2512 4608 2730 4670 Paulus
2754 4607 3057 4688 apostolus
3083 4606 3355 4670 meminit
3380 4607 3767 4691 Philip.lv,3)

375 4697 588 4761 scribit
617 4698 925 4780 epistolas,
958 4717 1323 4781 omnemque
1352 4717 1509 4781 pene
1539 4716 1882 4761 sermonem
1914 4697 2194 4761 suumde
2220 4696 2578 4777 virginitatis
2605 4697 2865 4778 puritate
2896 4698 3201 4761 contexuit

1406 4788 1574 4865 IDEM,
1606 4788 1714 4851 lib.
1746 4805 1843 4851 xiv
1877 4792 2208 4853 Comment.
2238 4791 2305 4851 in
2334 4787 2460 4850 Isa.
2492 4804 2596 4868 ιιι,
2633 4788 2733 4850 13.

450 4877 729 4942 Clemens
762 4878 849 4941 vir
879 4877 1264 4961 apostolicus,
1297 4879 1397 4958 qui
1448 4886 1580 4959 post
1633 4876 1872 4940 Petrum
1927 4880 2089 4943 rexit
2133 4877 2491 4958 Ecclesiam,
2547 4875 2755 4940 scribit
2785 4876 2859 4939 ad
2894 4877 3232 4940 Corinthios
3278 4899 3291 4942 :
3325 4878 3639 4959 Scriptum
3666 4881 3775 4964 De,-

371 4969 669 5034 Dominus
695 4967 872 5032 Jesus
896 4967 1199 5046 Christus,
1244 4984 1371 5031 non
1420 4973 1591 5031 venit
1635 4970 1703 5031 in
1723 4969 2028 5048 jactantia
2075 4969 2391 5051 superbire,
2448 4983 2585 5030 cum
2630 4967 2823 5047 possit
2872 4968 3105 5050 omnia,
3157 4968 3266 5031 sed
3296 4969 3362 5031 in
3392 4969 3770 5046 humilitate,

375 5057 560 5142 Epist.
596 5060 656 5138 1,
685 5076 819 5141 cap.
861 5059 963 5124 16.

1247 5148 1414 5226 lusu,
1445 5146 1549 5212 lib.
1584 5165 1601 5210 ι
1630 5147 1968 5211 Comment.
2000 5152 2066 5209 in
2094 5147 2297 5230 Epist.
2332 5145 2415 5208 ad
2445 5142 2703 5226 Ephes,
2738 5161 2802 5209 ιι.
2838 5150 2899 5206 2.

452 5236 788 5311 Quaerimus
818 5254 1055 5319 quoque
1086 5235 1229 5318 quid
1259 5238 1375 5301 sit:
1410 5235 1485 5299 In
1514 5237 1725 5318 quibus
1772 5237 2107 5319 aliquando
2159 5234 2518 5300 ambulastis
2552 5234 2897 5325 secundum
2948 5236 3231 5301 saeculum
3276 5243 3495 5306 mundi
3537 5244 3719 5325 huius
3756 5273 3772 5315 :

371 5336 717 5393 utrumnam
748 5334 811 5390 et
837 5326 999 5389 aliud
1002 5327 1306 5417 saeculum
1338 5328 1435 5405 sit,
1470 5328 1625 5409 quod
1646 5346 1767 5417 non
1798 5329 2093 5410 pertineat
2121 5327 2197 5390 ad
2226 5325 2518 5417 mundum
2549 5323 2752 5401 istum,
2794 5326 2899 5388 sed
2932 5326 3004 5389 ad
3042 5329 3297 5394 mundos
3329 5332 3501 5416 alios,
3537 5323 3777 5417 de'qui-

376 5418 491 5484 bus
519 5425 582 5484 et
608 5416 888 5483 Clemens
911 5417 969 5479 in
998 5415 1265 5501 Epistola
1289 5435 1397 5481 sua
1420 5417 1665 5507 scribit:
1701 5416 2002 5492 Oceanus,
2031 5425 2087 5481 et
2117 5416 2333 5481 mundi
2361 5415 2468 5497 qui
2498 5419 2672 5507 trans
2705 5419 2908 5497 ipsum
2936 5426 3100 5486 sunt.
3132 5420 3324 5502 Epist.
3365 5424 3425 5507 1,
3455 5415 3587 5507 cap.
3613 5415 3719 5489 2D.

1539 5506 1711 5586 lusu,
1745 5509 1924 5593 ibid.,
1951 5508 2057 5575 lib.
2092 5524 2156 5583 ιι,
2188 5506 2262 5569 ad
2283 5524 2418 5589 cap.
2452 5520 2533 5579 ιν,
2573 5504 2629 5565 1.

453 5595 636 5687 Cujus
664 5601 749 5664 rei
784 5608 845 5665 et
875 5598 1153 5687 Clemens
1200 5600 1273 5664 ad
1321 5598 1667 5679 Corinthios
1700 5601 1869 5673 testis
1900 5608 1990 5669 est
2024 5617 2039 5664 ε
2076 5597 2400 5663 Vinculum
2450 5593 2778 5657 Charilaus
2828 5603 2947 5669 Dei
2986 5603 3124 5687 quis
3167 5606 3393 5687 ροιενέι
3422 5622 3724 5672 enarrare
3746 5612 3778 5671 σῖ

369 5666 662 5764 epam,
695 5698 829 5765 cap.
861 5666 967 5745 49"
