  <div class='ocr_page' id='page_1' title='image "/cluster/home/n/w/nwhite01/storage/ocr_20150623/1:no.1/coo.31924054872803/031.png"; bbox 0 0 4062 6430; ppageno 0'>
   <div class='ocr_carea' id='block_1_1' title="bbox 431 375 505 440">
    <p class='ocr_par' dir='ltr' id='par_1_1' title="bbox 431 375 505 440">
     <span class='ocr_line' id='line_1_1' title="bbox 431 375 505 440; baseline -0.041 0"><span class='ocrx_word' id='word_1_1' title='bbox 431 375 505 440; x_wconf 78' lang='grc'><strong><em>47</em></strong></span> 
     </span>
    </p>
   </div>
   <div class='ocr_carea' id='block_1_2' title="bbox 1563 357 2657 430">
    <p class='ocr_par' dir='ltr' id='par_1_2' title="bbox 1563 357 2657 430">
     <span class='ocr_line' id='line_1_2' title="bbox 1563 357 2657 430; baseline -0.002 0"><span class='ocrx_word' id='word_1_2' title='bbox 1563 361 1666 430; x_wconf 81' lang='lat' dir='ltr'><strong><em>AD</em></strong></span> <span class='ocrx_word' id='word_1_3' title='bbox 1706 362 1770 429; x_wconf 91' lang='lat' dir='ltr'><strong><em>S.</em></strong></span> <span class='ocrx_word' id='word_1_4' title='bbox 1811 357 2286 426; x_wconf 81' lang='lat' dir='ltr'><strong><em>CLEMENTEM</em></strong></span> <span class='ocrx_word' id='word_1_5' title='bbox 2333 362 2358 424; x_wconf 95' lang='grc' dir='ltr'><strong>Ι</strong></span> <span class='ocrx_word' id='word_1_6' title='bbox 2401 360 2657 428; x_wconf 76' lang='grc' dir='ltr'><strong>ΡΑΡΑΜ</strong></span> 
     </span>
    </p>
   </div>
   <div class='ocr_carea' id='block_1_3' title="bbox 3727 356 3807 425">
    <p class='ocr_par' dir='ltr' id='par_1_3' title="bbox 3727 356 3807 425">
     <span class='ocr_line' id='line_1_3' title="bbox 3727 356 3807 425; baseline -0.038 0"><span class='ocrx_word' id='word_1_7' title='bbox 3727 356 3807 425; x_wconf 72' lang='grc'><strong><em>48</em></strong></span> 
     </span>
    </p>
   </div>
   <div class='ocr_carea' id='block_1_4' title="bbox 440 494 3813 590">
    <p class='ocr_par' dir='ltr' id='par_1_4' title="bbox 440 494 3813 590">
     <span class='ocr_line' id='line_1_4' title="bbox 440 494 3813 590; baseline -0.004 -19"><span class='ocrx_word' id='word_1_8' title='bbox 440 509 612 590; x_wconf 75' lang='lat' dir='ltr'><strong><em>nymi</em></strong></span> <span class='ocrx_word' id='word_1_9' title='bbox 669 507 1014 569; x_wconf 74' lang='lat' dir='ltr'><strong><em>versionem</em></strong></span> <span class='ocrx_word' id='word_1_10' title='bbox 1065 499 1352 590; x_wconf 76' lang='lat' dir='ltr'><strong><em>Latinam</em></strong></span> <span class='ocrx_word' id='word_1_11' title='bbox 1395 494 1682 590; x_wconf 66' lang='lat' dir='ltr'><strong><em>incidere</em></strong></span> <span class='ocrx_word' id='word_1_12' title='bbox 1740 497 2083 590; x_wconf 68' lang='lat' dir='ltr'><strong><em>contigerit,</em></strong></span> <span class='ocrx_word' id='word_1_13' title='bbox 2105 518 2144 557; x_wconf 73' lang='grc' dir='ltr'><strong>Α</strong></span> <span class='ocrx_word' id='word_1_14' title='bbox 2166 513 2293 590; x_wconf 79' lang='lat' dir='ltr'><strong><em>cem</em></strong></span> <span class='ocrx_word' id='word_1_15' title='bbox 2319 495 2595 578; x_wconf 84' lang='lat' dir='ltr'><strong><em>Operum</em></strong></span> <span class='ocrx_word' id='word_1_16' title='bbox 2614 498 2959 581; x_wconf 77' lang='lat' dir='ltr'><strong><em>Fulgentii;</em></strong></span> <span class='ocrx_word' id='word_1_17' title='bbox 2987 507 3164 579; x_wconf 86' lang='lat' dir='ltr'><strong><em>atque</em></strong></span> <span class='ocrx_word' id='word_1_18' title='bbox 3183 505 3425 562; x_wconf 81' lang='lat' dir='ltr'><strong><em>utinam</em></strong></span> <span class='ocrx_word' id='word_1_19' title='bbox 3457 498 3522 562; x_wconf 84' lang='lat' dir='ltr'><strong><em>id</em></strong></span> <span class='ocrx_word' id='word_1_20' title='bbox 3541 497 3813 590; x_wconf 74' lang='lat' dir='ltr'><strong><em>aliquan-</em></strong></span> 
     </span>
    </p>
   </div>
   <div class='ocr_carea' id='block_1_5' title="bbox 447 585 2088 680">
    <p class='ocr_par' dir='ltr' id='par_1_5' title="bbox 447 585 2088 680">
     <span class='ocr_line' id='line_1_5' title="bbox 447 585 2088 680; baseline -0.008 -20"><span class='ocrx_word' id='word_1_21' title='bbox 447 585 632 680; x_wconf 74' lang='lat' dir='ltr'><strong><em>quam</em></strong></span> <span class='ocrx_word' id='word_1_22' title='bbox 682 600 749 658; x_wconf 86' lang='lat' dir='ltr'><strong><em>in</em></strong></span> <span class='ocrx_word' id='word_1_23' title='bbox 804 592 1185 657; x_wconf 72' lang='lat' dir='ltr'><strong><em>bibliothecis</em></strong></span> <span class='ocrx_word' id='word_1_24' title='bbox 1214 587 1448 650; x_wconf 82' lang='lat' dir='ltr'><strong><em>alicubi</em></strong></span> <span class='ocrx_word' id='word_1_25' title='bbox 1476 587 1686 680; x_wconf 70' lang='lat' dir='ltr'><strong><em>latere,</em></strong></span> <span class='ocrx_word' id='word_1_26' title='bbox 1721 603 1887 680; x_wconf 69' lang='lat' dir='ltr'><strong><em>spem</em></strong></span> <span class='ocrx_word' id='word_1_27' title='bbox 1914 585 2088 647; x_wconf 79' lang='lat' dir='ltr'><strong><em>nobis</em></strong></span> 
     </span>
    </p>
   </div>
   <div class='ocr_carea' id='block_1_6' title="bbox 437 675 2089 770">
    <p class='ocr_par' dir='ltr' id='par_1_6' title="bbox 437 675 2089 770">
     <span class='ocr_line' id='line_1_6' title="bbox 437 675 2089 770; baseline -0.012 -16"><span class='ocrx_word' id='word_1_28' title='bbox 437 675 587 770; x_wconf 73' lang='lat' dir='ltr'><strong><em>facit</em></strong></span> <span class='ocrx_word' id='word_1_29' title='bbox 608 691 916 769; x_wconf 81' lang='lat' dir='ltr'><strong><em>catalogus</em></strong></span> <span class='ocrx_word' id='word_1_30' title='bbox 931 684 1200 746; x_wconf 79' lang='lat' dir='ltr'><strong><em>codicum</em></strong></span> <span class='ocrx_word' id='word_1_31' title='bbox 1213 681 1477 770; x_wconf 69' lang='lat' dir='ltr'><strong><em>fratrum</em></strong></span> <span class='ocrx_word' id='word_1_32' title='bbox 1491 675 2089 770; x_wconf 41' lang='lat' dir='ltr'><strong><em>hobieiwiurn,_quem</em></strong></span> 
     </span>
    </p>
   </div>
   <div class='ocr_carea' id='block_1_7' title="bbox 438 763 2087 850">
    <p class='ocr_par' dir='ltr' id='par_1_7' title="bbox 438 763 2087 850">
     <span class='ocr_line' id='line_1_7' title="bbox 438 763 2087 850; baseline -0.011 -8"><span class='ocrx_word' id='word_1_33' title='bbox 438 763 608 842; x_wconf 73' lang='lat' dir='ltr'><strong><em>domi</em></strong></span> <span class='ocrx_word' id='word_1_34' title='bbox 637 763 924 840; x_wconf 62' lang='lat' dir='ltr'><strong><em>habeiiius</em></strong></span> <span class='ocrx_word' id='word_1_35' title='bbox 944 773 1241 850; x_wconf 83' lang='lat' dir='ltr'><strong><em>scriptum</em></strong></span> <span class='ocrx_word' id='word_1_36' title='bbox 1272 772 1414 828; x_wconf 88' lang='lat' dir='ltr'><strong><em>ante</em></strong></span> <span class='ocrx_word' id='word_1_37' title='bbox 1443 765 1562 828; x_wconf 79' lang='grc'><strong><em>400</em></strong></span> <span class='ocrx_word' id='word_1_38' title='bbox 1583 781 1802 843; x_wconf 84' lang='lat' dir='ltr'><strong><em>annos,</em></strong></span> <span class='ocrx_word' id='word_1_39' title='bbox 1832 765 1915 825; x_wconf 82' lang='lat' dir='ltr'><strong><em>ad</em></strong></span> <span class='ocrx_word' id='word_1_40' title='bbox 1957 763 2087 825; x_wconf 87' lang='lat' dir='ltr'><strong><em>cal-</em></strong></span> 
     </span>
    </p>
   </div>
   <div class='ocr_carea' id='block_1_8' title="bbox 2168 588 3814 672">
    <p class='ocr_par' dir='ltr' id='par_1_8' title="bbox 2168 588 3814 672">
     <span class='ocr_line' id='line_1_8' title="bbox 2168 588 3814 672; baseline 0.001 -24"><span class='ocrx_word' id='word_1_41' title='bbox 2168 588 2247 649; x_wconf 89' lang='lat' dir='ltr'><strong><em>do</em></strong></span> <span class='ocrx_word' id='word_1_42' title='bbox 2267 591 2518 664; x_wconf 81' lang='lat' dir='ltr'><strong><em>eveniat,</em></strong></span> <span class='ocrx_word' id='word_1_43' title='bbox 2569 599 2621 652; x_wconf 91' lang='lat' dir='ltr'><strong><em>et</em></strong></span> <span class='ocrx_word' id='word_1_44' title='bbox 2664 609 2797 672; x_wconf 84' lang='lat' dir='ltr'><strong><em>spes</em></strong></span> <span class='ocrx_word' id='word_1_45' title='bbox 2827 599 3050 654; x_wconf 66' lang='lat' dir='ltr'><strong><em>nostra</em></strong></span> <span class='ocrx_word' id='word_1_46' title='bbox 3079 607 3202 653; x_wconf 79' lang='lat' dir='ltr'><strong><em>non</em></strong></span> <span class='ocrx_word' id='word_1_47' title='bbox 3222 592 3439 653; x_wconf 77' lang='lat' dir='ltr'><strong><em>inanes</em></strong></span> <span class='ocrx_word' id='word_1_48' title='bbox 3469 588 3814 668; x_wconf 83' lang='lat' dir='ltr'><strong><em>deprehen-</em></strong></span> 
     </span>
    </p>
   </div>
   <div class='ocr_carea' id='block_1_9' title="bbox 2170 677 2448 740">
    <p class='ocr_par' dir='ltr' id='par_1_9' title="bbox 2170 677 2448 740">
     <span class='ocr_line' id='line_1_9' title="bbox 2170 677 2448 740; baseline 0.007 -2"><span class='ocrx_word' id='word_1_49' title='bbox 2170 677 2406 739; x_wconf 76' lang='lat' dir='ltr'><strong><em>dantur</em></strong></span> <span class='ocrx_word' id='word_1_50' title='bbox 2435 684 2448 740; x_wconf 81' lang='grc' dir='ltr'>ι</span> 
     </span>
    </p>
   </div>
   <div class='ocr_carea' id='block_1_10' title="bbox 925 985 3342 1070">
    <p class='ocr_par' dir='ltr' id='par_1_10' title="bbox 925 985 3342 1070">
     <span class='ocr_line' id='line_1_10' title="bbox 925 985 3342 1070; baseline -0 -15"><span class='ocrx_word' id='word_1_51' title='bbox 925 995 1015 1055; x_wconf 80' lang='lat' dir='ltr'><strong><em>Ex</em></strong></span> <span class='ocrx_word' id='word_1_52' title='bbox 1045 985 1336 1070; x_wconf 83' lang='lat' dir='ltr'><strong><em>epistolla</em></strong></span> <span class='ocrx_word' id='word_1_53' title='bbox 1367 985 1603 1070; x_wconf 80' lang='lat' dir='ltr'><strong><em>Gallica</em></strong></span> <span class='ocrx_word' id='word_1_54' title='bbox 1633 986 1814 1070; x_wconf 83' lang='lat' dir='ltr'><strong><em>V._A.</em></strong></span> <span class='ocrx_word' id='word_1_55' title='bbox 1847 985 2215 1070; x_wconf 76' lang='lat' dir='ltr'><strong><em>Hieronymi</em></strong></span> <span class='ocrx_word' id='word_1_56' title='bbox 2245 987 2535 1070; x_wconf 85' lang='lat' dir='ltr'><strong><em>Bignonii</em></strong></span> <span class='ocrx_word' id='word_1_57' title='bbox 2564 988 3004 1070; x_wconf 14' lang='lat' dir='ltr'><strong><em>adgﬂugonem</em></strong></span> <span class='ocrx_word' id='word_1_58' title='bbox 3030 992 3342 1068; x_wconf 88' lang='lat' dir='ltr'><strong><em>Grotium,</em></strong></span> 
     </span>
    </p>
   </div>
   <div class='ocr_carea' id='block_1_11' title="bbox 1535 1065 2732 1148">
    <p class='ocr_par' dir='ltr' id='par_1_11' title="bbox 1535 1065 2732 1148">
     <span class='ocr_line' id='line_1_11' title="bbox 1535 1065 2732 1148; baseline 0.003 -21"><span class='ocrx_word' id='word_1_59' title='bbox 1535 1066 1678 1128; x_wconf 87' lang='lat' dir='ltr'><strong><em>data</em></strong></span> <span class='ocrx_word' id='word_1_60' title='bbox 1709 1065 1971 1128; x_wconf 79' lang='lat' dir='ltr'><strong><em>Lutetiae</em></strong></span> <span class='ocrx_word' id='word_1_61' title='bbox 1997 1081 2056 1128; x_wconf 90' lang='lat' dir='ltr'><strong><em>a.</em></strong></span> <span class='ocrx_word' id='word_1_62' title='bbox 2089 1065 2150 1130; x_wconf 87' lang='lat' dir='ltr'><strong><em>d.</em></strong></span> <span class='ocrx_word' id='word_1_63' title='bbox 2188 1067 2224 1132; x_wconf 86' lang='lat'><strong>7</strong></span> <span class='ocrx_word' id='word_1_64' title='bbox 2253 1065 2523 1148; x_wconf 81' lang='lat' dir='ltr'><strong><em>Augusti</em></strong></span> <span class='ocrx_word' id='word_1_65' title='bbox 2556 1067 2732 1132; x_wconf 76' lang='lat'><strong><em>1633.</em></strong></span> 
     </span>
    </p>
   </div>
   <div class='ocr_carea' id='block_1_12' title="bbox 527 1172 2084 1261">
    <p class='ocr_par' dir='ltr' id='par_1_12' title="bbox 527 1172 2084 1261">
     <span class='ocr_line' id='line_1_12' title="bbox 527 1172 2084 1261; baseline -0.012 -13"><span class='ocrx_word' id='word_1_66' title='bbox 527 1185 719 1247; x_wconf 84' lang='lat' dir='ltr'><strong><em>Velim</em></strong></span> <span class='ocrx_word' id='word_1_67' title='bbox 745 1183 900 1245; x_wconf 91' lang='lat' dir='ltr'><strong><em>scire</em></strong></span> <span class='ocrx_word' id='word_1_68' title='bbox 924 1178 1225 1261; x_wconf 85' lang='lat' dir='ltr'><strong><em>quodnam</em></strong></span> <span class='ocrx_word' id='word_1_69' title='bbox 1257 1174 1334 1235; x_wconf 89' lang='lat' dir='ltr'><strong><em>sit</em></strong></span> <span class='ocrx_word' id='word_1_70' title='bbox 1359 1181 1520 1233; x_wconf 88' lang='lat' dir='ltr'><strong><em>tuum</em></strong></span> <span class='ocrx_word' id='word_1_71' title='bbox 1539 1173 1830 1251; x_wconf 86' lang='lat' dir='ltr'><strong><em>judicium</em></strong></span> <span class='ocrx_word' id='word_1_72' title='bbox 1857 1172 1931 1233; x_wconf 93' lang='lat' dir='ltr'><strong><em>de</em></strong></span> <span class='ocrx_word' id='word_1_73' title='bbox 1954 1173 2084 1252; x_wconf 90' lang='lat' dir='ltr'><strong><em>epi-</em></strong></span> 
     </span>
    </p>
   </div>
   <div class='ocr_carea' id='block_1_13' title="bbox 441 1261 2082 1349">
    <p class='ocr_par' dir='ltr' id='par_1_13' title="bbox 441 1261 2082 1349">
     <span class='ocr_line' id='line_1_13' title="bbox 441 1261 2082 1349; baseline -0.011 -10"><span class='ocrx_word' id='word_1_74' title='bbox 441 1276 591 1338; x_wconf 88' lang='lat' dir='ltr'><strong><em>stola</em></strong></span> <span class='ocrx_word' id='word_1_75' title='bbox 615 1271 938 1337; x_wconf 86' lang='lat' dir='ltr'><strong><em>Clementis</em></strong></span> <span class='ocrx_word' id='word_1_76' title='bbox 965 1285 1157 1349; x_wconf 85' lang='lat' dir='ltr'><strong><em>nuper</em></strong></span> <span class='ocrx_word' id='word_1_77' title='bbox 1183 1265 1244 1325; x_wconf 90' lang='lat' dir='ltr'><strong><em>iu</em></strong></span> <span class='ocrx_word' id='word_1_78' title='bbox 1271 1261 1484 1341; x_wconf 78' lang='lat' dir='ltr'><strong><em>Anglia</em></strong></span> <span class='ocrx_word' id='word_1_79' title='bbox 1503 1262 1684 1324; x_wconf 91' lang='lat' dir='ltr'><strong><em>edita.</em></strong></span> <span class='ocrx_word' id='word_1_80' title='bbox 1708 1261 1883 1323; x_wconf 87' lang='lat' dir='ltr'><strong><em>Fides</em></strong></span> <span class='ocrx_word' id='word_1_81' title='bbox 1911 1262 2082 1322; x_wconf 91' lang='lat' dir='ltr'><strong><em>codi-</em></strong></span> 
     </span>
    </p>
   </div>
   <div class='ocr_carea' id='block_1_14' title="bbox 442 1351 2086 1442">
    <p class='ocr_par' dir='ltr' id='par_1_14' title="bbox 442 1351 2086 1442">
     <span class='ocr_line' id='line_1_14' title="bbox 442 1351 2086 1442; baseline -0.011 -13"><span class='ocrx_word' id='word_1_82' title='bbox 442 1367 530 1428; x_wconf 84' lang='lat' dir='ltr'><strong><em>cis</em></strong></span> <span class='ocrx_word' id='word_1_83' title='bbox 558 1361 974 1442; x_wconf 89' lang='lat' dir='ltr'><strong><em>manuscripti,</em></strong></span> <span class='ocrx_word' id='word_1_84' title='bbox 996 1358 1100 1438; x_wconf 88' lang='lat' dir='ltr'><strong><em>qui</em></strong></span> <span class='ocrx_word' id='word_1_85' title='bbox 1123 1375 1194 1417; x_wconf 79' lang='lat' dir='ltr'><strong><em>ex</em></strong></span> <span class='ocrx_word' id='word_1_86' title='bbox 1216 1354 1463 1416; x_wconf 82' lang='lat' dir='ltr'><strong><em>Oriente</em></strong></span> <span class='ocrx_word' id='word_1_87' title='bbox 1485 1351 1765 1442; x_wconf 85' lang='lat' dir='ltr'><strong><em>advectus</em></strong></span> <span class='ocrx_word' id='word_1_88' title='bbox 1786 1351 2004 1442; x_wconf 88' lang='lat' dir='ltr'><strong><em>dicitur</em></strong></span> <span class='ocrx_word' id='word_1_89' title='bbox 2026 1360 2086 1442; x_wconf 85' lang='lat' dir='ltr'><strong><em>et</em></strong></span> 
     </span>
    </p>
   </div>
   <div class='ocr_carea' id='block_1_15' title="bbox 441 1439 2084 1528">
    <p class='ocr_par' dir='ltr' id='par_1_15' title="bbox 441 1439 2084 1528">
     <span class='ocr_line' id='line_1_15' title="bbox 441 1439 2084 1528; baseline -0.011 -11"><span class='ocrx_word' id='word_1_90' title='bbox 441 1459 515 1516; x_wconf 82' lang='grc' dir='ltr'><strong><em>Μ.</em></strong></span> <span class='ocrx_word' id='word_1_91' title='bbox 544 1439 1011 1528; x_wconf 62' lang='grc' dir='ltr'><strong><em>Βτὶιειηιιὶωἰνθεί</em></strong></span> <span class='ocrx_word' id='word_1_92' title='bbox 1042 1439 1646 1523; x_wconf 84' lang='lat' dir='ltr'><strong><em>donatus,sinceritas</em></strong></span> <span class='ocrx_word' id='word_1_93' title='bbox 1668 1441 1905 1502; x_wconf 89' lang='lat' dir='ltr'><strong><em>Patricii</em></strong></span> <span class='ocrx_word' id='word_1_94' title='bbox 1928 1440 2084 1502; x_wconf 85' lang='lat' dir='ltr'><strong><em>Junii</em></strong></span> 
     </span>
    </p>
   </div>
   <div class='ocr_carea' id='block_1_16' title="bbox 441 1529 2085 1625">
    <p class='ocr_par' dir='ltr' id='par_1_16' title="bbox 441 1529 2085 1625">
     <span class='ocr_line' id='line_1_16' title="bbox 441 1529 2085 1625; baseline -0.011 -18"><span class='ocrx_word' id='word_1_95' title='bbox 441 1545 542 1625; x_wconf 90' lang='lat' dir='ltr'><strong><em>qui</em></strong></span> <span class='ocrx_word' id='word_1_96' title='bbox 567 1563 698 1606; x_wconf 87' lang='lat' dir='ltr'><strong><em>eam</em></strong></span> <span class='ocrx_word' id='word_1_97' title='bbox 725 1534 1276 1625; x_wconf 74' lang='lat' dir='ltr'><strong><em>edidit,testimoni_a</em></strong></span> <span class='ocrx_word' id='word_1_98' title='bbox 1295 1551 1326 1592; x_wconf 87' lang='lat' dir='ltr'><strong><em>e</em></strong></span> <span class='ocrx_word' id='word_1_99' title='bbox 1342 1529 1646 1625; x_wconf 71' lang='lat' dir='ltr'><strong><em>veteril‘us</em></strong></span> <span class='ocrx_word' id='word_1_100' title='bbox 1663 1547 1732 1591; x_wconf 86' lang='lat' dir='ltr'><strong><em>ex</em></strong></span> <span class='ocrx_word' id='word_1_101' title='bbox 1748 1548 1818 1591; x_wconf 91' lang='lat' dir='ltr'><strong><em>ea</em></strong></span> <span class='ocrx_word' id='word_1_102' title='bbox 1833 1529 2085 1625; x_wconf 77' lang='lat' dir='ltr'><strong><em>epistola</em></strong></span> 
     </span>
    </p>
   </div>
   <div class='ocr_carea' id='block_1_17' title="bbox 436 1620 2080 1714">
    <p class='ocr_par' dir='ltr' id='par_1_17' title="bbox 436 1620 2080 1714">
     <span class='ocr_line' id='line_1_17' title="bbox 436 1620 2080 1714; baseline -0.011 -17"><span class='ocrx_word' id='word_1_103' title='bbox 436 1620 955 1714; x_wconf 71' lang='lat' dir='ltr'><strong><em>deprompta,qu.e</em></strong></span> <span class='ocrx_word' id='word_1_104' title='bbox 971 1627 1033 1687; x_wconf 93' lang='lat' dir='ltr'><strong><em>in</em></strong></span> <span class='ocrx_word' id='word_1_105' title='bbox 1053 1627 1163 1714; x_wconf 87' lang='lat' dir='ltr'><strong><em>hac</em></strong></span> <span class='ocrx_word' id='word_1_106' title='bbox 1179 1622 1502 1714; x_wconf 82' lang='lat' dir='ltr'><strong><em>etiamnum</em></strong></span> <span class='ocrx_word' id='word_1_107' title='bbox 1513 1620 2080 1714; x_wconf 79' lang='lat' dir='ltr'><strong><em>leguntur,primum</em></strong></span> 
     </span>
    </p>
   </div>
   <div class='ocr_carea' id='block_1_18' title="bbox 437 1707 2078 1788">
    <p class='ocr_par' dir='ltr' id='par_1_18' title="bbox 437 1707 2078 1788">
     <span class='ocr_line' id='line_1_18' title="bbox 437 1707 2078 1788; baseline -0.009 -6"><span class='ocrx_word' id='word_1_108' title='bbox 437 1707 634 1784; x_wconf 72' lang='lat' dir='ltr'><strong><em>veram</em></strong></span> <span class='ocrx_word' id='word_1_109' title='bbox 660 1707 724 1782; x_wconf 70' lang='lat' dir='ltr'><strong><em>ut</em></strong></span> <span class='ocrx_word' id='word_1_110' title='bbox 753 1707 1067 1781; x_wconf 85' lang='lat' dir='ltr'><strong><em>crederem</em></strong></span> <span class='ocrx_word' id='word_1_111' title='bbox 1082 1709 1411 1776; x_wconf 80' lang='lat' dir='ltr'><strong><em>Clementis</em></strong></span> <span class='ocrx_word' id='word_1_112' title='bbox 1433 1707 1744 1788; x_wconf 83' lang='lat' dir='ltr'><strong><em>epistolam</em></strong></span> <span class='ocrx_word' id='word_1_113' title='bbox 1770 1727 1865 1768; x_wconf 93' lang='lat' dir='ltr'><strong><em>me</em></strong></span> <span class='ocrx_word' id='word_1_114' title='bbox 1886 1707 2078 1769; x_wconf 90' lang='lat' dir='ltr'><strong><em>addu-</em></strong></span> 
     </span>
    </p>
   </div>
   <div class='ocr_carea' id='block_1_19' title="bbox 437 1798 2084 1886">
    <p class='ocr_par' dir='ltr' id='par_1_19' title="bbox 437 1798 2084 1886">
     <span class='ocr_line' id='line_1_19' title="bbox 437 1798 2084 1886; baseline -0.009 -12"><span class='ocrx_word' id='word_1_115' title='bbox 437 1820 676 1875; x_wconf 90' lang='lat' dir='ltr'><strong><em>xerunt.</em></strong></span> <span class='ocrx_word' id='word_1_116' title='bbox 711 1813 923 1874; x_wconf 85' lang='lat' dir='ltr'><strong><em>Postea</em></strong></span> <span class='ocrx_word' id='word_1_117' title='bbox 950 1804 1079 1886; x_wconf 83' lang='lat' dir='ltr'><strong><em>styli</em></strong></span> <span class='ocrx_word' id='word_1_118' title='bbox 1113 1801 1380 1884; x_wconf 85' lang='lat' dir='ltr'><strong><em>quaedam</em></strong></span> <span class='ocrx_word' id='word_1_119' title='bbox 1414 1798 1562 1859; x_wconf 87' lang='lat' dir='ltr'><strong><em>ratio</em></strong></span> <span class='ocrx_word' id='word_1_120' title='bbox 1610 1807 1670 1858; x_wconf 90' lang='lat' dir='ltr'><strong><em>et</em></strong></span> <span class='ocrx_word' id='word_1_121' title='bbox 1715 1799 1984 1879; x_wconf 83' lang='lat' dir='ltr'><strong><em>spiritus,</em></strong></span> <span class='ocrx_word' id='word_1_122' title='bbox 2017 1808 2084 1859; x_wconf 89' lang='lat' dir='ltr'><strong><em>ut</em></strong></span> 
     </span>
    </p>
   </div>
   <div class='ocr_carea' id='block_1_20' title="bbox 438 1886 2086 1980">
    <p class='ocr_par' dir='ltr' id='par_1_20' title="bbox 438 1886 2086 1980">
     <span class='ocr_line' id='line_1_20' title="bbox 438 1886 2086 1980; baseline -0.01 -16"><span class='ocrx_word' id='word_1_123' title='bbox 438 1905 517 1963; x_wconf 89' lang='lat' dir='ltr'><strong><em>ita</em></strong></span> <span class='ocrx_word' id='word_1_124' title='bbox 547 1901 769 1980; x_wconf 89' lang='lat' dir='ltr'><strong><em>dicam,</em></strong></span> <span class='ocrx_word' id='word_1_125' title='bbox 802 1895 1008 1958; x_wconf 72' lang='lat' dir='ltr'><strong><em>saeculi</em></strong></span> <span class='ocrx_word' id='word_1_126' title='bbox 1036 1895 1118 1954; x_wconf 91' lang='lat' dir='ltr'><strong><em>ita</em></strong></span> <span class='ocrx_word' id='word_1_127' title='bbox 1146 1891 1202 1952; x_wconf 93' lang='lat' dir='ltr'><strong><em>ei</em></strong></span> <span class='ocrx_word' id='word_1_128' title='bbox 1251 1893 1450 1951; x_wconf 85' lang='lat' dir='ltr'><strong><em>inesse</em></strong></span> <span class='ocrx_word' id='word_1_129' title='bbox 1481 1886 1860 1980; x_wconf 76' lang='lat' dir='ltr'><strong><em>videbantur,</em></strong></span> <span class='ocrx_word' id='word_1_130' title='bbox 1897 1898 1959 1948; x_wconf 90' lang='lat' dir='ltr'><strong><em>ut</em></strong></span> <span class='ocrx_word' id='word_1_131' title='bbox 1988 1887 2086 1980; x_wconf 77' lang='lat' dir='ltr'><strong><em>vix</em></strong></span> 
     </span>
    </p>
   </div>
   <div class='ocr_carea' id='block_1_21' title="bbox 439 1976 2084 2057">
    <p class='ocr_par' dir='ltr' id='par_1_21' title="bbox 439 1976 2084 2057">
     <span class='ocr_line' id='line_1_21' title="bbox 439 1976 2084 2057; baseline -0.01 -4"><span class='ocrx_word' id='word_1_132' title='bbox 439 1976 935 2052; x_wconf 36' lang='lat' dir='ltr'><strong><em>dubitandi-esset</em></strong></span> <span class='ocrx_word' id='word_1_133' title='bbox 957 1985 1146 2046; x_wconf 91' lang='lat' dir='ltr'><strong><em>locus.</em></strong></span> <span class='ocrx_word' id='word_1_134' title='bbox 1169 1976 1622 2052; x_wconf 89' lang='lat' dir='ltr'><strong><em>Attamen,dum</em></strong></span> <span class='ocrx_word' id='word_1_135' title='bbox 1651 1995 1779 2039; x_wconf 90' lang='lat' dir='ltr'><strong><em>eam</em></strong></span> <span class='ocrx_word' id='word_1_136' title='bbox 1813 1980 1965 2057; x_wconf 88' lang='lat' dir='ltr'><strong><em>lego,</em></strong></span> <span class='ocrx_word' id='word_1_137' title='bbox 1993 1977 2084 2038; x_wconf 85' lang='lat' dir='ltr'><strong><em>fa-</em></strong></span> 
     </span>
    </p>
   </div>
   <div class='ocr_carea' id='block_1_22' title="bbox 2165 1174 3814 1259">
    <p class='ocr_par' dir='ltr' id='par_1_22' title="bbox 2165 1174 3814 1259">
     <span class='ocr_line' id='line_1_22' title="bbox 2165 1174 3814 1259; baseline 0 -25"><span class='ocrx_word' id='word_1_138' title='bbox 2165 1174 2328 1237; x_wconf 89' lang='lat' dir='ltr'><strong><em>ximo</em></strong></span> <span class='ocrx_word' id='word_1_139' title='bbox 2349 1175 2749 1255; x_wconf 82' lang='lat' dir='ltr'><strong><em>apostolorum</em></strong></span> <span class='ocrx_word' id='word_1_140' title='bbox 2778 1177 3070 1258; x_wconf 87' lang='lat' dir='ltr'><strong><em>discipulo</em></strong></span> <span class='ocrx_word' id='word_1_141' title='bbox 3095 1198 3110 1259; x_wconf 86' lang='lat'><strong>;</strong></span> <span class='ocrx_word' id='word_1_142' title='bbox 3137 1178 3408 1258; x_wconf 79' lang='lat' dir='ltr'><strong><em>quamvis</em></strong></span> <span class='ocrx_word' id='word_1_143' title='bbox 3429 1178 3526 1258; x_wconf 87' lang='lat' dir='ltr'><strong><em>qui</em></strong></span> <span class='ocrx_word' id='word_1_144' title='bbox 3553 1193 3690 1237; x_wconf 90' lang='lat' dir='ltr'><strong><em>eum</em></strong></span> <span class='ocrx_word' id='word_1_145' title='bbox 3715 1192 3814 1235; x_wconf 84' lang='lat' dir='ltr'><strong><em>se-</em></strong></span> 
     </span>
    </p>
   </div>
   <div class='ocr_carea' id='block_1_23' title="bbox 2164 1264 3815 1343">
    <p class='ocr_par' dir='ltr' id='par_1_23' title="bbox 2164 1264 3815 1343">
     <span class='ocr_line' id='line_1_23' title="bbox 2164 1264 3815 1343; baseline 0 -19"><span class='ocrx_word' id='word_1_146' title='bbox 2164 1265 2284 1325; x_wconf 87' lang='lat' dir='ltr'><strong><em>cuti</em></strong></span> <span class='ocrx_word' id='word_1_147' title='bbox 2307 1273 2466 1339; x_wconf 89' lang='lat' dir='ltr'><strong><em>sunt,</em></strong></span> <span class='ocrx_word' id='word_1_148' title='bbox 2493 1283 2562 1325; x_wconf 92' lang='lat' dir='ltr'><strong><em>eo</em></strong></span> <span class='ocrx_word' id='word_1_149' title='bbox 2589 1276 2936 1343; x_wconf 88' lang='lat' dir='ltr'><strong><em>argumento</em></strong></span> <span class='ocrx_word' id='word_1_150' title='bbox 2968 1267 3062 1328; x_wconf 89' lang='lat' dir='ltr'><strong><em>usi</em></strong></span> <span class='ocrx_word' id='word_1_151' title='bbox 3089 1267 3227 1341; x_wconf 89' lang='lat' dir='ltr'><strong><em>sint,</em></strong></span> <span class='ocrx_word' id='word_1_152' title='bbox 3250 1266 3357 1328; x_wconf 87' lang='lat' dir='ltr'><strong><em>sed</em></strong></span> <span class='ocrx_word' id='word_1_153' title='bbox 3384 1274 3592 1328; x_wconf 89' lang='lat' dir='ltr'><strong><em>contra</em></strong></span> <span class='ocrx_word' id='word_1_154' title='bbox 3614 1264 3815 1327; x_wconf 87' lang='lat' dir='ltr'><strong><em>ethni-</em></strong></span> 
     </span>
    </p>
   </div>
   <div class='ocr_carea' id='block_1_24' title="bbox 2162 1352 3815 1436">
    <p class='ocr_par' dir='ltr' id='par_1_24' title="bbox 2162 1352 3815 1436">
     <span class='ocr_line' id='line_1_24' title="bbox 2162 1352 3815 1436; baseline -0.001 -23"><span class='ocrx_word' id='word_1_155' title='bbox 2162 1371 2265 1413; x_wconf 86' lang='lat' dir='ltr'><strong><em>cos</em></strong></span> <span class='ocrx_word' id='word_1_156' title='bbox 2297 1361 2356 1414; x_wconf 90' lang='lat' dir='ltr'><strong><em>et</em></strong></span> <span class='ocrx_word' id='word_1_157' title='bbox 2388 1353 2799 1434; x_wconf 85' lang='lat' dir='ltr'><strong><em>philosophos,</em></strong></span> <span class='ocrx_word' id='word_1_158' title='bbox 2834 1356 3020 1435; x_wconf 89' lang='lat' dir='ltr'><strong><em>inque</em></strong></span> <span class='ocrx_word' id='word_1_159' title='bbox 3070 1355 3308 1436; x_wconf 86' lang='lat' dir='ltr'><strong><em>scriptis</em></strong></span> <span class='ocrx_word' id='word_1_160' title='bbox 3354 1354 3503 1416; x_wconf 88' lang='lat' dir='ltr'><strong><em>alius</em></strong></span> <span class='ocrx_word' id='word_1_161' title='bbox 3551 1352 3815 1433; x_wconf 78' lang='lat' dir='ltr'><strong><em>generis,</em></strong></span> 
     </span>
    </p>
   </div>
   <div class='ocr_carea' id='block_1_25' title="bbox 2165 1443 3814 1524">
    <p class='ocr_par' dir='ltr' id='par_1_25' title="bbox 2165 1443 3814 1524">
     <span class='ocr_line' id='line_1_25' title="bbox 2165 1443 3814 1524; baseline 0 -22"><span class='ocrx_word' id='word_1_162' title='bbox 2165 1460 2341 1523; x_wconf 90' lang='lat' dir='ltr'><strong><em>quam</em></strong></span> <span class='ocrx_word' id='word_1_163' title='bbox 2374 1451 2464 1503; x_wconf 92' lang='lat' dir='ltr'><strong><em>est</em></strong></span> <span class='ocrx_word' id='word_1_164' title='bbox 2494 1443 2744 1523; x_wconf 88' lang='lat' dir='ltr'><strong><em>epistola</em></strong></span> <span class='ocrx_word' id='word_1_165' title='bbox 2767 1445 2837 1506; x_wconf 88' lang='lat' dir='ltr'><strong><em>ad</em></strong></span> <span class='ocrx_word' id='word_1_166' title='bbox 2870 1443 3199 1506; x_wconf 90' lang='lat' dir='ltr'><strong><em>Ecclesiam</em></strong></span> <span class='ocrx_word' id='word_1_167' title='bbox 3233 1445 3618 1524; x_wconf 88' lang='lat' dir='ltr'><strong><em>apostolicam</em></strong></span> <span class='ocrx_word' id='word_1_168' title='bbox 3651 1445 3814 1520; x_wconf 89' lang='lat' dir='ltr'><strong><em>data,</em></strong></span> 
     </span>
    </p>
   </div>
   <div class='ocr_carea' id='block_1_26' title="bbox 2166 1531 3814 1614">
    <p class='ocr_par' dir='ltr' id='par_1_26' title="bbox 2166 1531 3814 1614">
     <span class='ocr_line' id='line_1_26' title="bbox 2166 1531 3814 1614; baseline 0.001 -23"><span class='ocrx_word' id='word_1_169' title='bbox 2166 1549 2418 1612; x_wconf 62' lang='lat' dir='ltr'><strong><em>qumque</em></strong></span> <span class='ocrx_word' id='word_1_170' title='bbox 2449 1531 2794 1612; x_wconf 87' lang='lat' dir='ltr'><strong><em>aliquandiu</em></strong></span> <span class='ocrx_word' id='word_1_171' title='bbox 2850 1552 2956 1614; x_wconf 85' lang='lat' dir='ltr'><strong><em>pro</em></strong></span> <span class='ocrx_word' id='word_1_172' title='bbox 2990 1534 3275 1595; x_wconf 89' lang='lat' dir='ltr'><strong><em>canonica</em></strong></span> <span class='ocrx_word' id='word_1_173' title='bbox 3311 1532 3516 1595; x_wconf 86' lang='lat' dir='ltr'><strong><em>habita</em></strong></span> <span class='ocrx_word' id='word_1_174' title='bbox 3545 1541 3655 1595; x_wconf 86' lang='lat' dir='ltr'><strong><em>est.</em></strong></span> <span class='ocrx_word' id='word_1_175' title='bbox 3690 1531 3814 1595; x_wconf 89' lang='lat' dir='ltr'><strong><em>Oc—</em></strong></span> 
     </span>
    </p>
   </div>
   <div class='ocr_carea' id='block_1_27' title="bbox 2165 1621 3812 1704">
    <p class='ocr_par' dir='ltr' id='par_1_27' title="bbox 2165 1621 3812 1704">
     <span class='ocr_line' id='line_1_27' title="bbox 2165 1621 3812 1704; baseline 0.002 -25"><span class='ocrx_word' id='word_1_176' title='bbox 2165 1621 2349 1682; x_wconf 89' lang='lat' dir='ltr'><strong><em>currit</em></strong></span> <span class='ocrx_word' id='word_1_177' title='bbox 2382 1621 2559 1682; x_wconf 89' lang='lat' dir='ltr'><strong><em>etiam</em></strong></span> <span class='ocrx_word' id='word_1_178' title='bbox 2608 1622 2795 1697; x_wconf 92' lang='lat' dir='ltr'><strong><em>locus,</em></strong></span> <span class='ocrx_word' id='word_1_179' title='bbox 2833 1623 2890 1684; x_wconf 91' lang='lat' dir='ltr'><strong><em>in</em></strong></span> <span class='ocrx_word' id='word_1_180' title='bbox 2937 1643 3054 1704; x_wconf 92' lang='lat' dir='ltr'><strong><em>quo</em></strong></span> <span class='ocrx_word' id='word_1_181' title='bbox 3098 1623 3435 1685; x_wconf 84' lang='lat' dir='ltr'><strong><em>oblationes</em></strong></span> <span class='ocrx_word' id='word_1_182' title='bbox 3489 1622 3608 1684; x_wconf 85' lang='lat' dir='ltr'><strong><em>vult</em></strong></span> <span class='ocrx_word' id='word_1_183' title='bbox 3660 1622 3812 1696; x_wconf 91' lang='lat' dir='ltr'><strong><em>loco,</em></strong></span> 
     </span>
    </p>
   </div>
   <div class='ocr_carea' id='block_1_28' title="bbox 2169 1711 3812 1794">
    <p class='ocr_par' dir='ltr' id='par_1_28' title="bbox 2169 1711 3812 1794">
     <span class='ocr_line' id='line_1_28' title="bbox 2169 1711 3812 1794; baseline 0 -24"><span class='ocrx_word' id='word_1_184' title='bbox 2169 1718 2437 1790; x_wconf 91' lang='lat' dir='ltr'><strong><em>tempore</em></strong></span> <span class='ocrx_word' id='word_1_185' title='bbox 2451 1711 2686 1772; x_wconf 86' lang='lat' dir='ltr'><strong><em>ethoris</em></strong></span> <span class='ocrx_word' id='word_1_186' title='bbox 2699 1714 2879 1774; x_wconf 90' lang='lat' dir='ltr'><strong><em>certis</em></strong></span> <span class='ocrx_word' id='word_1_187' title='bbox 2891 1713 3338 1794; x_wconf 70' lang='lat' dir='ltr'><strong><em>oﬂ‘erri.pag.52</em></strong></span> <span class='ocrx_word' id='word_1_188' title='bbox 3353 1723 3414 1775; x_wconf 91' lang='lat' dir='ltr'><strong><em>et</em></strong></span> <span class='ocrx_word' id='word_1_189' title='bbox 3425 1711 3812 1780; x_wconf 82' lang='lat' dir='ltr'><strong><em>53.nbietiam</em></strong></span> 
     </span>
    </p>
   </div>
   <div class='ocr_carea' id='block_1_29' title="bbox 2166 1799 3812 1884">
    <p class='ocr_par' dir='ltr' id='par_1_29' title="bbox 2166 1799 3812 1884">
     <span class='ocr_line' id='line_1_29' title="bbox 2166 1799 3812 1884; baseline 0.001 -25"><span class='ocrx_word' id='word_1_190' title='bbox 2166 1799 2382 1878; x_wconf 81' lang='lat' dir='ltr'><strong><em>legitur</em></strong></span> <span class='ocrx_word' id='word_1_191' title='bbox 2412 1799 2618 1862; x_wconf 79' lang='lat' dir='ltr'><strong><em>vocula</em></strong></span> <span class='ocrx_word' id='word_1_192' title='bbox 2648 1799 2861 1879; x_wconf 79' lang='lat' dir='ltr'><strong><em>laicus,</em></strong></span> <span class='ocrx_word' id='word_1_193' title='bbox 2896 1821 3028 1884; x_wconf 71' lang='lat' dir='ltr'><strong><em>quae</em></strong></span> <span class='ocrx_word' id='word_1_194' title='bbox 3061 1803 3206 1865; x_wconf 89' lang='lat' dir='ltr'><strong><em>mihi</em></strong></span> <span class='ocrx_word' id='word_1_195' title='bbox 3238 1811 3522 1882; x_wconf 88' lang='lat' dir='ltr'><strong><em>suspecta</em></strong></span> <span class='ocrx_word' id='word_1_196' title='bbox 3551 1809 3661 1863; x_wconf 90' lang='lat' dir='ltr'><strong><em>est.</em></strong></span> <span class='ocrx_word' id='word_1_197' title='bbox 3697 1802 3812 1860; x_wconf 85' lang='lat' dir='ltr'><strong><em>Pa-</em></strong></span> 
     </span>
    </p>
   </div>
   <div class='ocr_carea' id='block_1_30' title="bbox 2165 1887 3813 1972">
    <p class='ocr_par' dir='ltr' id='par_1_30' title="bbox 2165 1887 3813 1972">
     <span class='ocr_line' id='line_1_30' title="bbox 2165 1887 3813 1972; baseline 0.008 -24"><span class='ocrx_word' id='word_1_198' title='bbox 2165 1889 2302 1968; x_wconf 86' lang='lat' dir='ltr'><strong><em>gina</em></strong></span> <span class='ocrx_word' id='word_1_199' title='bbox 2325 1888 2504 1950; x_wconf 89' lang='lat' dir='ltr'><strong><em>etiam</em></strong></span> <span class='ocrx_word' id='word_1_200' title='bbox 2530 1889 2607 1952; x_wconf 77' lang='lat'><strong><em>62</em></strong></span> <span class='ocrx_word' id='word_1_201' title='bbox 2625 1887 2951 1954; x_wconf 88' lang='lat' dir='ltr'><strong><em>Ecclesiam</em></strong></span> <span class='ocrx_word' id='word_1_202' title='bbox 2977 1893 3346 1954; x_wconf 89' lang='lat' dir='ltr'><strong><em>Corinthiam</em></strong></span> <span class='ocrx_word' id='word_1_203' title='bbox 3371 1894 3600 1972; x_wconf 76' lang='grc' dir='ltr'><strong><em>ἀρχαίαν</em></strong></span> <span class='ocrx_word' id='word_1_204' title='bbox 3625 1898 3813 1962; x_wconf 69' lang='lat' dir='ltr'><strong><em>vocal.</em></strong></span> 
     </span>
    </p>
   </div>
   <div class='ocr_carea' id='block_1_31' title="bbox 2167 1981 3815 2066">
    <p class='ocr_par' dir='ltr' id='par_1_31' title="bbox 2167 1981 3815 2066">
     <span class='ocr_line' id='line_1_31' title="bbox 2167 1981 3815 2066; baseline 0.001 -24"><span class='ocrx_word' id='word_1_205' title='bbox 2167 1983 2326 2063; x_wconf 90' lang='lat' dir='ltr'><strong><em>quod</em></strong></span> <span class='ocrx_word' id='word_1_206' title='bbox 2353 1982 2444 2042; x_wconf 86' lang='lat' dir='ltr'><strong><em>vix</em></strong></span> <span class='ocrx_word' id='word_1_207' title='bbox 2475 1981 2772 2045; x_wconf 76' lang='lat' dir='ltr'><strong><em>Clementi</em></strong></span> <span class='ocrx_word' id='word_1_208' title='bbox 2794 1986 3114 2047; x_wconf 86' lang='lat' dir='ltr'><strong><em>convenire</em></strong></span> <span class='ocrx_word' id='word_1_209' title='bbox 3138 1995 3335 2065; x_wconf 83' lang='lat' dir='ltr'><strong><em>queat.</em></strong></span> <span class='ocrx_word' id='word_1_210' title='bbox 3359 1985 3651 2066; x_wconf 89' lang='lat' dir='ltr'><strong><em>Denique,</em></strong></span> <span class='ocrx_word' id='word_1_211' title='bbox 3678 2000 3815 2045; x_wconf 91' lang='lat' dir='ltr'><strong><em>cum</em></strong></span> 
     </span>
    </p>
   </div>
   <div class='ocr_carea' id='block_1_32' title="bbox 440 2067 3815 2158">
    <p class='ocr_par' dir='ltr' id='par_1_32' title="bbox 440 2067 3815 2158">
     <span class='ocr_line' id='line_1_32' title="bbox 440 2067 3815 2158; baseline -0.003 -16"><span class='ocrx_word' id='word_1_212' title='bbox 440 2089 569 2142; x_wconf 88' lang='lat' dir='ltr'><strong><em>teor</em></strong></span> <span class='ocrx_word' id='word_1_213' title='bbox 594 2074 1026 2158; x_wconf 68' lang='lat' dir='ltr'><strong><em>mihiquaadam</em></strong></span> <span class='ocrx_word' id='word_1_214' title='bbox 1051 2073 1114 2134; x_wconf 91' lang='lat' dir='ltr'><strong><em>in</em></strong></span> <span class='ocrx_word' id='word_1_215' title='bbox 1130 2089 1201 2133; x_wconf 91' lang='lat' dir='ltr'><strong><em>ea</em></strong></span> <span class='ocrx_word' id='word_1_216' title='bbox 1218 2068 1746 2158; x_wconf 82' lang='lat' dir='ltr'><strong><em>occurrereastylo</em></strong></span> <span class='ocrx_word' id='word_1_217' title='bbox 1767 2067 2087 2158; x_wconf 81' lang='lat' dir='ltr'><strong><em>apostolico</em></strong></span> <span class='ocrx_word' id='word_1_218' title='bbox 2169 2069 2458 2150; x_wconf 88' lang='lat' dir='ltr'><strong><em>scriptum</em></strong></span> <span class='ocrx_word' id='word_1_219' title='bbox 2488 2072 2816 2150; x_wconf 84' lang='lat' dir='ltr'><strong><em>genuinum</em></strong></span> <span class='ocrx_word' id='word_1_220' title='bbox 2871 2093 3172 2148; x_wconf 88' lang='lat' dir='ltr'><strong><em>censeam,</em></strong></span> <span class='ocrx_word' id='word_1_221' title='bbox 3211 2073 3571 2136; x_wconf 85' lang='lat' dir='ltr'><strong><em>crediderim</em></strong></span> <span class='ocrx_word' id='word_1_222' title='bbox 3618 2081 3815 2133; x_wconf 86' lang='lat' dir='ltr'><strong><em>tamen</em></strong></span> 
     </span>
    </p>
   </div>
   <div class='ocr_carea' id='block_1_33' title="bbox 436 2156 3828 2256">
    <p class='ocr_par' dir='ltr' id='par_1_33' title="bbox 436 2156 3828 2256">
     <span class='ocr_line' id='line_1_33' title="bbox 436 2156 3828 2256; baseline -0.004 -24"><span class='ocrx_word' id='word_1_223' title='bbox 436 2170 652 2233; x_wconf 82' lang='lat' dir='ltr'><strong><em>aliena.</em></strong></span> <span class='ocrx_word' id='word_1_224' title='bbox 681 2156 890 2233; x_wconf 80' lang='lat' dir='ltr'><strong><em>Insunt</em></strong></span> <span class='ocrx_word' id='word_1_225' title='bbox 913 2161 1326 2240; x_wconf 82' lang='lat' dir='ltr'><strong><em>frequentiora</em></strong></span> <span class='ocrx_word' id='word_1_226' title='bbox 1347 2156 1632 2254; x_wconf 77' lang='lat' dir='ltr'><strong><em>epitheta,</em></strong></span> <span class='ocrx_word' id='word_1_227' title='bbox 1657 2157 2088 2256; x_wconf 74' lang='lat' dir='ltr'><strong><em>ampliﬁcandi-</em></strong></span> <span class='ocrx_word' id='word_1_228' title='bbox 2111 2207 2149 2256; x_wconf 71' lang='grc' dir='ltr'>Β</span> <span class='ocrx_word' id='word_1_229' title='bbox 2173 2159 2374 2242; x_wconf 86' lang='lat' dir='ltr'><strong><em>plures</em></strong></span> <span class='ocrx_word' id='word_1_230' title='bbox 2397 2159 2693 2256; x_wconf 79' lang='lat' dir='ltr'><strong><em>clausulas</em></strong></span> <span class='ocrx_word' id='word_1_231' title='bbox 2711 2170 2769 2221; x_wconf 91' lang='lat' dir='ltr'><strong><em>et</em></strong></span> <span class='ocrx_word' id='word_1_232' title='bbox 2799 2181 2974 2224; x_wconf 87' lang='lat' dir='ltr'><strong><em>voces</em></strong></span> <span class='ocrx_word' id='word_1_233' title='bbox 3008 2163 3062 2256; x_wconf 83' lang='lat' dir='ltr'><strong><em>ei</em></strong></span> <span class='ocrx_word' id='word_1_234' title='bbox 3087 2162 3322 2256; x_wconf 82' lang='lat' dir='ltr'><strong><em>additas</em></strong></span> <span class='ocrx_word' id='word_1_235' title='bbox 3334 2161 3415 2256; x_wconf 69' lang='lat' dir='ltr'><strong><em>ab</em></strong></span> <span class='ocrx_word' id='word_1_236' title='bbox 3450 2161 3523 2256; x_wconf 79' lang='lat' dir='ltr'><strong><em>iis</em></strong></span> <span class='ocrx_word' id='word_1_237' title='bbox 3546 2179 3595 2256; x_wconf 74' lang='lat' dir='ltr'><strong><em>a_</em></strong></span> <span class='ocrx_word' id='word_1_238' title='bbox 3611 2159 3828 2241; x_wconf 88' lang='lat' dir='ltr'><strong><em>quibus</em></strong></span> 
     </span>
    </p>
   </div>
   <div class='ocr_carea' id='block_1_34' title="bbox 440 2245 3830 2341">
    <p class='ocr_par' dir='ltr' id='par_1_34' title="bbox 440 2245 3830 2341">
     <span class='ocr_line' id='line_1_34' title="bbox 440 2245 3830 2341; baseline -0.004 -18"><span class='ocrx_word' id='word_1_239' title='bbox 440 2279 557 2341; x_wconf 91' lang='lat' dir='ltr'><strong><em>que</em></strong></span> <span class='ocrx_word' id='word_1_240' title='bbox 588 2257 885 2336; x_wconf 67' lang='lat' dir='ltr'><strong><em>formulae,</em></strong></span> <span class='ocrx_word' id='word_1_241' title='bbox 920 2271 1052 2334; x_wconf 86' lang='lat' dir='ltr'><strong><em>quae</em></strong></span> <span class='ocrx_word' id='word_1_242' title='bbox 1082 2267 1270 2312; x_wconf 67' lang='lat' dir='ltr'><strong><em>aevum</em></strong></span> <span class='ocrx_word' id='word_1_243' title='bbox 1321 2245 1644 2341; x_wconf 78' lang='lat' dir='ltr'><strong><em>posterius,</em></strong></span> <span class='ocrx_word' id='word_1_244' title='bbox 1671 2245 2089 2341; x_wconf 84' lang='lat' dir='ltr'><strong><em>Liturgiasque</em></strong></span> <span class='ocrx_word' id='word_1_245' title='bbox 2111 2245 2148 2256; x_wconf 81' lang='grc'><strong>”</strong></span> <span class='ocrx_word' id='word_1_246' title='bbox 2174 2257 2382 2341; x_wconf 82' lang='lat' dir='ltr'><strong><em>postea</em></strong></span> <span class='ocrx_word' id='word_1_247' title='bbox 2406 2249 2700 2341; x_wconf 79' lang='lat' dir='ltr'><strong><em>exscripta</em></strong></span> <span class='ocrx_word' id='word_1_248' title='bbox 2725 2259 2850 2326; x_wconf 85' lang='lat' dir='ltr'><strong><em>est;</em></strong></span> <span class='ocrx_word' id='word_1_249' title='bbox 2881 2251 3036 2341; x_wconf 87' lang='lat' dir='ltr'><strong><em>quod</em></strong></span> <span class='ocrx_word' id='word_1_250' title='bbox 3063 2252 3243 2314; x_wconf 87' lang='lat' dir='ltr'><strong><em>etiam</em></strong></span> <span class='ocrx_word' id='word_1_251' title='bbox 3272 2251 3406 2312; x_wconf 91' lang='lat' dir='ltr'><strong><em>aliis</em></strong></span> <span class='ocrx_word' id='word_1_252' title='bbox 3429 2249 3798 2341; x_wconf 79' lang='lat' dir='ltr'><strong><em>ejusdeman</em></strong></span> <span class='ocrx_word' id='word_1_253' title='bbox 3817 2275 3830 2284; x_wconf 88' lang='lat'><strong>-</strong></span> 
     </span>
    </p>
   </div>
   <div class='ocr_carea' id='block_1_35' title="bbox 438 2335 3826 2426">
    <p class='ocr_par' dir='ltr' id='par_1_35' title="bbox 438 2335 3826 2426">
     <span class='ocr_line' id='line_1_35' title="bbox 438 2335 3826 2426; baseline -0.003 -15"><span class='ocrx_word' id='word_1_254' title='bbox 438 2335 498 2411; x_wconf 76' lang='lat' dir='ltr'><strong><em>et</em></strong></span> <span class='ocrx_word' id='word_1_255' title='bbox 525 2335 887 2426; x_wconf 84' lang='lat' dir='ltr'><strong><em>Euchologia</em></strong></span> <span class='ocrx_word' id='word_1_256' title='bbox 933 2343 1274 2406; x_wconf 69' lang='lat' dir='ltr'><strong><em>Graecorum</em></strong></span> <span class='ocrx_word' id='word_1_257' title='bbox 1309 2351 1523 2415; x_wconf 88' lang='lat' dir='ltr'><strong><em>sapere</em></strong></span> <span class='ocrx_word' id='word_1_258' title='bbox 1552 2335 1852 2397; x_wconf 87' lang='lat' dir='ltr'><strong><em>videntur.</em></strong></span> <span class='ocrx_word' id='word_1_259' title='bbox 1887 2339 2088 2426; x_wconf 87' lang='lat' dir='ltr'><strong><em>Argu-</em></strong></span> <span class='ocrx_word' id='word_1_260' title='bbox 2178 2338 2464 2420; x_wconf 75' lang='lat' dir='ltr'><strong><em>tiquitatis</em></strong></span> <span class='ocrx_word' id='word_1_261' title='bbox 2495 2339 2756 2420; x_wconf 89' lang='lat' dir='ltr'><strong><em>scriptis,</em></strong></span> <span class='ocrx_word' id='word_1_262' title='bbox 2783 2340 3016 2421; x_wconf 85' lang='lat' dir='ltr'><strong><em>ipsique</em></strong></span> <span class='ocrx_word' id='word_1_263' title='bbox 3046 2341 3197 2401; x_wconf 90' lang='lat' dir='ltr'><strong><em>adeo</em></strong></span> <span class='ocrx_word' id='word_1_264' title='bbox 3233 2341 3523 2403; x_wconf 88' lang='lat' dir='ltr'><strong><em>Clementi</em></strong></span> <span class='ocrx_word' id='word_1_265' title='bbox 3557 2339 3826 2416; x_wconf 83' lang='lat' dir='ltr'><strong><em>contigit.</em></strong></span> 
     </span>
    </p>
   </div>
   <div class='ocr_carea' id='block_1_36' title="bbox 438 2425 3828 2515">
    <p class='ocr_par' dir='ltr' id='par_1_36' title="bbox 438 2425 3828 2515">
     <span class='ocr_line' id='line_1_36' title="bbox 438 2425 3828 2515; baseline -0.004 -13"><span class='ocrx_word' id='word_1_266' title='bbox 438 2447 705 2502; x_wconf 89' lang='lat' dir='ltr'><strong><em>mentum</em></strong></span> <span class='ocrx_word' id='word_1_267' title='bbox 739 2456 772 2498; x_wconf 93' lang='lat' dir='ltr'><strong><em>e</em></strong></span> <span class='ocrx_word' id='word_1_268' title='bbox 808 2425 1104 2515; x_wconf 66' lang='lat' dir='ltr'><strong><em>phoenice</em></strong></span> <span class='ocrx_word' id='word_1_269' title='bbox 1161 2429 1434 2504; x_wconf 89' lang='lat' dir='ltr'><strong><em>ductum,</em></strong></span> <span class='ocrx_word' id='word_1_270' title='bbox 1467 2426 1721 2515; x_wconf 83' lang='lat' dir='ltr'><strong><em>ejusque</em></strong></span> <span class='ocrx_word' id='word_1_271' title='bbox 1770 2425 2092 2505; x_wconf 88' lang='lat' dir='ltr'><strong><em>descriptio</em></strong></span> <span class='ocrx_word' id='word_1_272' title='bbox 2175 2427 2462 2492; x_wconf 87' lang='lat' dir='ltr'><strong><em>Libenter</em></strong></span> <span class='ocrx_word' id='word_1_273' title='bbox 2482 2429 2809 2492; x_wconf 83' lang='lat' dir='ltr'><strong><em>audiverim</em></strong></span> <span class='ocrx_word' id='word_1_274' title='bbox 2841 2432 2986 2508; x_wconf 92' lang='lat' dir='ltr'><strong><em>quid</em></strong></span> <span class='ocrx_word' id='word_1_275' title='bbox 3018 2431 3092 2493; x_wconf 91' lang='lat' dir='ltr'><strong><em>de</em></strong></span> <span class='ocrx_word' id='word_1_276' title='bbox 3128 2450 3194 2492; x_wconf 90' lang='lat' dir='ltr'><strong><em>re</em></strong></span> <span class='ocrx_word' id='word_1_277' title='bbox 3212 2432 3435 2493; x_wconf 85' lang='lat' dir='ltr'><strong><em>sentias</em></strong></span> <span class='ocrx_word' id='word_1_278' title='bbox 3468 2441 3551 2508; x_wconf 89' lang='lat' dir='ltr'><strong><em>tu,</em></strong></span> <span class='ocrx_word' id='word_1_279' title='bbox 3581 2431 3678 2492; x_wconf 88' lang='lat' dir='ltr'><strong><em>cui</em></strong></span> <span class='ocrx_word' id='word_1_280' title='bbox 3711 2448 3828 2490; x_wconf 87' lang='lat' dir='ltr'><strong><em>non</em></strong></span> 
     </span>
    </p>
   </div>
   <div class='ocr_carea' id='block_1_37' title="bbox 435 2513 2090 2606">
    <p class='ocr_par' dir='ltr' id='par_1_37' title="bbox 435 2513 2090 2606">
     <span class='ocr_line' id='line_1_37' title="bbox 435 2513 2090 2606; baseline -0.01 -14"><span class='ocrx_word' id='word_1_281' title='bbox 435 2529 659 2606; x_wconf 86' lang='lat' dir='ltr'><strong><em>aliena,</em></strong></span> <span class='ocrx_word' id='word_1_282' title='bbox 685 2513 1082 2603; x_wconf 85' lang='lat' dir='ltr'><strong><em>meoquidem</em></strong></span> <span class='ocrx_word' id='word_1_283' title='bbox 1099 2515 1352 2600; x_wconf 90' lang='lat' dir='ltr'><strong><em>judicio,</em></strong></span> <span class='ocrx_word' id='word_1_284' title='bbox 1378 2522 1517 2574; x_wconf 86' lang='lat' dir='ltr'><strong><em>sunt</em></strong></span> <span class='ocrx_word' id='word_1_285' title='bbox 1541 2513 1926 2590; x_wconf 86' lang='lat' dir='ltr'><strong><em>aClemente,</em></strong></span> <span class='ocrx_word' id='word_1_286' title='bbox 1948 2531 2090 2594; x_wconf 91' lang='lat' dir='ltr'><strong><em>pro-</em></strong></span> 
     </span>
    </p>
   </div>
   <div class='ocr_carea' id='block_1_38' title="bbox 2177 2517 3740 2602">
    <p class='ocr_par' dir='ltr' id='par_1_38' title="bbox 2177 2517 3740 2602">
     <span class='ocr_line' id='line_1_38' title="bbox 2177 2517 3740 2602; baseline -0.001 -22"><span class='ocrx_word' id='word_1_287' title='bbox 2177 2517 2375 2598; x_wconf 86' lang='lat' dir='ltr'><strong><em>facile,</em></strong></span> <span class='ocrx_word' id='word_1_288' title='bbox 2407 2517 2480 2579; x_wconf 88' lang='lat' dir='ltr'><strong><em>ad</em></strong></span> <span class='ocrx_word' id='word_1_289' title='bbox 2516 2519 2655 2581; x_wconf 88' lang='lat' dir='ltr'><strong><em>talia</em></strong></span> <span class='ocrx_word' id='word_1_290' title='bbox 2683 2521 2920 2600; x_wconf 80' lang='lat' dir='ltr'><strong><em>egregie</em></strong></span> <span class='ocrx_word' id='word_1_291' title='bbox 2953 2522 3228 2602; x_wconf 86' lang='lat' dir='ltr'><strong><em>sapienti,</em></strong></span> <span class='ocrx_word' id='word_1_292' title='bbox 3267 2521 3495 2600; x_wconf 89' lang='lat' dir='ltr'><strong><em>imponi</em></strong></span> <span class='ocrx_word' id='word_1_293' title='bbox 3544 2529 3740 2602; x_wconf 88' lang='lat' dir='ltr'><strong><em>queat.</em></strong></span> 
     </span>
    </p>
   </div>
   <div class='ocr_carea' id='block_1_39' title="bbox 543 2720 3702 2818">
    <p class='ocr_par' dir='ltr' id='par_1_39' title="bbox 543 2720 3702 2818">
     <span class='ocr_line' id='line_1_39' title="bbox 543 2720 3702 2818; baseline -0.003 -19"><span class='ocrx_word' id='word_1_294' title='bbox 543 2738 730 2816; x_wconf 84' lang='lat' dir='ltr'><strong><em>Hugo</em></strong></span> <span class='ocrx_word' id='word_1_295' title='bbox 760 2728 1016 2798; x_wconf 88' lang='lat' dir='ltr'><strong><em>Grotius</em></strong></span> <span class='ocrx_word' id='word_1_296' title='bbox 1045 2723 1293 2806; x_wconf 85' lang='lat' dir='ltr'><strong><em>epistol.</em></strong></span> <span class='ocrx_word' id='word_1_297' title='bbox 1323 2722 1404 2786; x_wconf 87' lang='lat' dir='ltr'><strong><em>ad</em></strong></span> <span class='ocrx_word' id='word_1_298' title='bbox 1431 2721 1642 2818; x_wconf 68' lang='lat' dir='ltr'><strong><em>Gallos</em></strong></span> <span class='ocrx_word' id='word_1_299' title='bbox 1669 2734 1826 2818; x_wconf 61' lang='lat' dir='ltr'><strong><em>cmv,</em></strong></span> <span class='ocrx_word' id='word_1_300' title='bbox 1854 2720 2426 2818; x_wconf 57' lang='lat' dir='ltr'><strong><em>ademptissimum</em></strong></span> <span class='ocrx_word' id='word_1_301' title='bbox 2456 2722 2664 2818; x_wconf 81' lang='lat' dir='ltr'><strong><em>virum</em></strong></span> <span class='ocrx_word' id='word_1_302' title='bbox 2694 2723 3151 2818; x_wconf 75' lang='lat' dir='ltr'><strong><em>Hieronymum</em></strong></span> <span class='ocrx_word' id='word_1_303' title='bbox 3198 2726 3602 2808; x_wconf 85' lang='lat' dir='ltr'><strong><em>Bignonium,</em></strong></span> <span class='ocrx_word' id='word_1_304' title='bbox 3637 2727 3702 2790; x_wconf 90' lang='lat' dir='ltr'><strong><em>in</em></strong></span> 
     </span>
    </p>
   </div>
   <div class='ocr_carea' id='block_1_40' title="bbox 1237 2803 3050 2888">
    <p class='ocr_par' dir='ltr' id='par_1_40' title="bbox 1237 2803 3050 2888">
     <span class='ocr_line' id='line_1_40' title="bbox 1237 2803 3050 2888; baseline 0.003 -21"><span class='ocrx_word' id='word_1_305' title='bbox 1237 2819 1534 2885; x_wconf 86' lang='lat' dir='ltr'><strong><em>supremo</em></strong></span> <span class='ocrx_word' id='word_1_306' title='bbox 1577 2803 1810 2866; x_wconf 86' lang='lat' dir='ltr'><strong><em>Senatu</em></strong></span> <span class='ocrx_word' id='word_1_307' title='bbox 1852 2803 2275 2867; x_wconf 77' lang='lat' dir='ltr'><strong><em>Pariensiensi</em></strong></span> <span class='ocrx_word' id='word_1_308' title='bbox 2315 2803 2704 2867; x_wconf 76' lang='lat' dir='ltr'><strong><em>Advocatum</em></strong></span> <span class='ocrx_word' id='word_1_309' title='bbox 2753 2803 3050 2888; x_wconf 77' lang='lat' dir='ltr'><strong><em>Regium.</em></strong></span> 
     </span>
    </p>
   </div>
   <div class='ocr_carea' id='block_1_41' title="bbox 537 2908 2097 3005">
    <p class='ocr_par' dir='ltr' id='par_1_41' title="bbox 537 2908 2097 3005">
     <span class='ocr_line' id='line_1_41' title="bbox 537 2908 2097 3005; baseline -0.014 -16"><span class='ocrx_word' id='word_1_310' title='bbox 537 2923 860 3005; x_wconf 87' lang='lat' dir='ltr'><strong><em>Epistolam</em></strong></span> <span class='ocrx_word' id='word_1_311' title='bbox 882 2937 1013 2999; x_wconf 83' lang='lat' dir='ltr'><strong><em>quae</em></strong></span> <span class='ocrx_word' id='word_1_312' title='bbox 1034 2913 1355 3005; x_wconf 81' lang='lat' dir='ltr'><strong><em>Clementis</em></strong></span> <span class='ocrx_word' id='word_1_313' title='bbox 1371 2914 1441 3005; x_wconf 84' lang='lat' dir='ltr'><strong><em>ad</em></strong></span> <span class='ocrx_word' id='word_1_314' title='bbox 1465 2908 2097 3005; x_wconf 42' lang='lat' dir='ltr'><strong><em>Corinthiosinscribif</em></strong></span> 
     </span>
    </p>
   </div>
   <div class='ocr_carea' id='block_1_42' title="bbox 452 2999 2092 3092">
    <p class='ocr_par' dir='ltr' id='par_1_42' title="bbox 452 2999 2092 3092">
     <span class='ocr_line' id='line_1_42' title="bbox 452 2999 2092 3092; baseline -0.011 -14"><span class='ocrx_word' id='word_1_315' title='bbox 452 2999 692 3092; x_wconf 36' lang='lat' dir='ltr'><strong><em>tui-{vir</em></strong></span> <span class='ocrx_word' id='word_1_316' title='bbox 740 3009 1131 3091; x_wconf 84' lang='lat' dir='ltr'><strong><em>amplissime,</em></strong></span> <span class='ocrx_word' id='word_1_317' title='bbox 1160 3003 1234 3065; x_wconf 87' lang='lat' dir='ltr'><strong><em>ab</em></strong></span> <span class='ocrx_word' id='word_1_318' title='bbox 1283 3003 1495 3079; x_wconf 90' lang='lat' dir='ltr'><strong><em>Anglis</em></strong></span> <span class='ocrx_word' id='word_1_319' title='bbox 1543 3001 1895 3092; x_wconf 84' lang='lat' dir='ltr'><strong><em>promissam</em></strong></span> <span class='ocrx_word' id='word_1_320' title='bbox 1949 2999 2092 3062; x_wconf 91' lang='lat' dir='ltr'><strong><em>mihi</em></strong></span> 
     </span>
    </p>
   </div>
   <div class='ocr_carea' id='block_1_43' title="bbox 443 3091 2092 3187">
    <p class='ocr_par' dir='ltr' id='par_1_43' title="bbox 443 3091 2092 3187">
     <span class='ocr_line' id='line_1_43' title="bbox 443 3091 2092 3187; baseline -0.012 -19"><span class='ocrx_word' id='word_1_321' title='bbox 443 3108 568 3187; x_wconf 83' lang='lat' dir='ltr'><strong><em>jam</em></strong></span> <span class='ocrx_word' id='word_1_322' title='bbox 594 3103 852 3184; x_wconf 88' lang='lat' dir='ltr'><strong><em>pridem,</em></strong></span> <span class='ocrx_word' id='word_1_323' title='bbox 883 3117 1017 3160; x_wconf 89' lang='lat' dir='ltr'><strong><em>cum</em></strong></span> <span class='ocrx_word' id='word_1_324' title='bbox 1042 3094 1368 3170; x_wconf 84' lang='lat' dir='ltr'><strong><em>Hamburgi</em></strong></span> <span class='ocrx_word' id='word_1_325' title='bbox 1387 3095 1606 3187; x_wconf 49' lang='lat' dir='ltr'><strong><em>frustra</em></strong></span> <span class='ocrx_word' id='word_1_326' title='bbox 1630 3091 1731 3187; x_wconf 78' lang='lat' dir='ltr'><strong><em>diu</em></strong></span> <span class='ocrx_word' id='word_1_327' title='bbox 1761 3097 2092 3187; x_wconf 84' lang='lat' dir='ltr'><strong><em>exspectas-</em></strong></span> 
     </span>
    </p>
   </div>
   <div class='ocr_carea' id='block_1_44' title="bbox 449 3180 2092 3271">
    <p class='ocr_par' dir='ltr' id='par_1_44' title="bbox 449 3180 2092 3271">
     <span class='ocr_line' id='line_1_44' title="bbox 449 3180 2092 3271; baseline -0.011 -15"><span class='ocrx_word' id='word_1_328' title='bbox 449 3180 789 3271; x_wconf 50' lang='lat' dir='ltr'><strong><em>sem,_nunc</em></strong></span> <span class='ocrx_word' id='word_1_329' title='bbox 821 3193 1092 3262; x_wconf 89' lang='lat' dir='ltr'><strong><em>demum,</em></strong></span> <span class='ocrx_word' id='word_1_330' title='bbox 1125 3193 1433 3266; x_wconf 86' lang='lat' dir='ltr'><strong><em>postquam</em></strong></span> <span class='ocrx_word' id='word_1_331' title='bbox 1463 3181 1910 3271; x_wconf 84' lang='lat' dir='ltr'><strong><em>Francofurtum</em></strong></span> <span class='ocrx_word' id='word_1_332' title='bbox 1935 3180 2092 3254; x_wconf 90' lang='lat' dir='ltr'><strong><em>veni,</em></strong></span> 
     </span>
    </p>
   </div>
   <div class='ocr_carea' id='block_1_45' title="bbox 450 3269 2093 3351">
    <p class='ocr_par' dir='ltr' id='par_1_45' title="bbox 450 3269 2093 3351">
     <span class='ocr_line' id='line_1_45' title="bbox 450 3269 2093 3351; baseline -0.01 -5"><span class='ocrx_word' id='word_1_333' title='bbox 450 3285 565 3346; x_wconf 92' lang='lat' dir='ltr'><strong><em>viri</em></strong></span> <span class='ocrx_word' id='word_1_334' title='bbox 585 3269 864 3351; x_wconf 84' lang='lat' dir='ltr'><strong><em>maximi.</em></strong></span> <span class='ocrx_word' id='word_1_335' title='bbox 898 3285 1226 3342; x_wconf 76' lang='lat' dir='ltr'><strong><em>Succorum</em></strong></span> <span class='ocrx_word' id='word_1_336' title='bbox 1257 3273 1405 3351; x_wconf 83' lang='lat' dir='ltr'><strong><em>regii</em></strong></span> <span class='ocrx_word' id='word_1_337' title='bbox 1435 3269 1770 3333; x_wconf 90' lang='lat' dir='ltr'><strong><em>cancellarii</em></strong></span> <span class='ocrx_word' id='word_1_338' title='bbox 1799 3279 2029 3342; x_wconf 89' lang='lat' dir='ltr'><strong><em>vocatu,</em></strong></span> <span class='ocrx_word' id='word_1_339' title='bbox 2060 3287 2093 3329; x_wconf 89' lang='lat' dir='ltr'><strong><em>a</em></strong></span> 
     </span>
    </p>
   </div>
   <div class='ocr_carea' id='block_1_46' title="bbox 444 3360 2090 3449">
    <p class='ocr_par' dir='ltr' id='par_1_46' title="bbox 444 3360 2090 3449">
     <span class='ocr_line' id='line_1_46' title="bbox 444 3360 2090 3449; baseline -0.012 -13"><span class='ocrx_word' id='word_1_340' title='bbox 444 3373 664 3438; x_wconf 76' lang='lat' dir='ltr'><strong><em>familia</em></strong></span> <span class='ocrx_word' id='word_1_341' title='bbox 687 3370 996 3449; x_wconf 85' lang='lat' dir='ltr'><strong><em>Anglicani</em></strong></span> <span class='ocrx_word' id='word_1_342' title='bbox 1018 3363 1196 3444; x_wconf 76' lang='lat' dir='ltr'><strong><em>legati</em></strong></span> <span class='ocrx_word' id='word_1_343' title='bbox 1215 3364 1469 3443; x_wconf 89' lang='lat' dir='ltr'><strong><em>accipio.</em></strong></span> <span class='ocrx_word' id='word_1_344' title='bbox 1489 3360 1664 3423; x_wconf 84' lang='lat' dir='ltr'><strong><em>Nolui</em></strong></span> <span class='ocrx_word' id='word_1_345' title='bbox 1690 3377 1826 3420; x_wconf 82' lang='lat' dir='ltr'><strong><em>vero</em></strong></span> <span class='ocrx_word' id='word_1_346' title='bbox 1854 3361 1925 3419; x_wconf 85' lang='lat' dir='ltr'><strong><em>ad</em></strong></span> <span class='ocrx_word' id='word_1_347' title='bbox 1952 3377 2090 3419; x_wconf 87' lang='lat' dir='ltr'><strong><em>mo-</em></strong></span> 
     </span>
    </p>
   </div>
   <div class='ocr_carea' id='block_1_47' title="bbox 442 3450 2087 3538">
    <p class='ocr_par' dir='ltr' id='par_1_47' title="bbox 442 3450 2087 3538">
     <span class='ocr_line' id='line_1_47' title="bbox 442 3450 2087 3538; baseline -0.01 -11"><span class='ocrx_word' id='word_1_348' title='bbox 442 3485 568 3527; x_wconf 86' lang='lat' dir='ltr'><strong><em>ram</em></strong></span> <span class='ocrx_word' id='word_1_349' title='bbox 595 3466 770 3538; x_wconf 87' lang='lat' dir='ltr'><strong><em>hanc,</em></strong></span> <span class='ocrx_word' id='word_1_350' title='bbox 802 3466 933 3520; x_wconf 89' lang='lat' dir='ltr'><strong><em>sine</em></strong></span> <span class='ocrx_word' id='word_1_351' title='bbox 956 3475 1087 3518; x_wconf 82' lang='lat' dir='ltr'><strong><em>mea</em></strong></span> <span class='ocrx_word' id='word_1_352' title='bbox 1109 3456 1282 3535; x_wconf 88' lang='lat' dir='ltr'><strong><em>culpa</em></strong></span> <span class='ocrx_word' id='word_1_353' title='bbox 1303 3461 1525 3526; x_wconf 90' lang='lat' dir='ltr'><strong><em>natam,</em></strong></span> <span class='ocrx_word' id='word_1_354' title='bbox 1545 3451 1719 3512; x_wconf 87' lang='lat' dir='ltr'><strong><em>aliam</em></strong></span> <span class='ocrx_word' id='word_1_355' title='bbox 1741 3450 1811 3509; x_wconf 86' lang='lat' dir='ltr'><strong><em>ad</em></strong></span> <span class='ocrx_word' id='word_1_356' title='bbox 1815 3451 2087 3526; x_wconf 84' lang='lat' dir='ltr'><strong><em>jungere,</em></strong></span> 
     </span>
    </p>
   </div>
   <div class='ocr_carea' id='block_1_48' title="bbox 449 3538 2090 3636">
    <p class='ocr_par' dir='ltr' id='par_1_48' title="bbox 449 3538 2090 3636">
     <span class='ocr_line' id='line_1_48' title="bbox 449 3538 2090 3636; baseline -0.011 -20"><span class='ocrx_word' id='word_1_357' title='bbox 449 3554 718 3636; x_wconf 87' lang='lat' dir='ltr'><strong><em>quamvis</em></strong></span> <span class='ocrx_word' id='word_1_358' title='bbox 734 3568 846 3612; x_wconf 90' lang='lat' dir='ltr'><strong><em>nec</em></strong></span> <span class='ocrx_word' id='word_1_359' title='bbox 863 3549 1081 3610; x_wconf 76' lang='lat' dir='ltr'><strong><em>litterae</em></strong></span> <span class='ocrx_word' id='word_1_360' title='bbox 1102 3553 1214 3606; x_wconf 69' lang='lat' dir='ltr'><strong><em>tum</em></strong></span> <span class='ocrx_word' id='word_1_361' title='bbox 1230 3542 1448 3623; x_wconf 84' lang='lat' dir='ltr'><strong><em>quibus</em></strong></span> <span class='ocrx_word' id='word_1_362' title='bbox 1467 3557 1820 3636; x_wconf 79' lang='lat' dir='ltr'><strong><em>responsum</em></strong></span> <span class='ocrx_word' id='word_1_363' title='bbox 1845 3547 1962 3598; x_wconf 90' lang='lat' dir='ltr'><strong><em>tam</em></strong></span> <span class='ocrx_word' id='word_1_364' title='bbox 1987 3538 2090 3599; x_wconf 92' lang='lat' dir='ltr'><strong><em>diu</em></strong></span> 
     </span>
    </p>
   </div>
   <div class='ocr_carea' id='block_1_49' title="bbox 2175 2909 3822 2992">
    <p class='ocr_par' dir='ltr' id='par_1_49' title="bbox 2175 2909 3822 2992">
     <span class='ocr_line' id='line_1_49' title="bbox 2175 2909 3822 2992; baseline 0.002 -26"><span class='ocrx_word' id='word_1_365' title='bbox 2175 2909 2463 2990; x_wconf 73' lang='grc' dir='ltr'><strong><em>λοπριπές,</em></strong></span> <span class='ocrx_word' id='word_1_366' title='bbox 2525 2911 3038 2988; x_wconf 78' lang='grc' dir='ltr'><strong><em>ἀπροσωπολήπτως</em></strong></span> <span class='ocrx_word' id='word_1_367' title='bbox 3097 2913 3516 2992; x_wconf 72' lang='grc' dir='ltr'><strong><em>ῥιψοκινδύνως,</em></strong></span> <span class='ocrx_word' id='word_1_368' title='bbox 3559 2916 3822 2970; x_wconf 77' lang='grc' dir='ltr'><strong><em>αὖτεπαί-</em></strong></span> 
     </span>
    </p>
   </div>
   <div class='ocr_carea' id='block_1_50' title="bbox 2175 2999 3821 3083">
    <p class='ocr_par' dir='ltr' id='par_1_50' title="bbox 2175 2999 3821 3083">
     <span class='ocr_line' id='line_1_50' title="bbox 2175 2999 3821 3083; baseline 0.002 -28"><span class='ocrx_word' id='word_1_369' title='bbox 2175 3021 2346 3076; x_wconf 80' lang='grc' dir='ltr'><strong><em>νετος,</em></strong></span> <span class='ocrx_word' id='word_1_370' title='bbox 2404 2999 2825 3080; x_wconf 73' lang='grc' dir='ltr'><strong><em>ἐργοπαρέκτης,</em></strong></span> <span class='ocrx_word' id='word_1_371' title='bbox 2881 3003 3272 3081; x_wconf 72' lang='grc' dir='ltr'><strong><em>ἀξιαγάπητος,</em></strong></span> <span class='ocrx_word' id='word_1_372' title='bbox 3310 3007 3821 3083; x_wconf 69' lang='grc' dir='ltr'><strong><em>μωμοσκοπεῖσθιι,</em></strong></span> 
     </span>
    </p>
   </div>
   <div class='ocr_carea' id='block_1_51' title="bbox 2178 3087 3821 3172">
    <p class='ocr_par' dir='ltr' id='par_1_51' title="bbox 2178 3087 3821 3172">
     <span class='ocr_line' id='line_1_51' title="bbox 2178 3087 3821 3172; baseline 0.007 -29"><span class='ocrx_word' id='word_1_373' title='bbox 2178 3087 2528 3169; x_wconf 66' lang='grc' dir='ltr'><strong><em>ἐτεραχλινές,</em></strong></span> <span class='ocrx_word' id='word_1_374' title='bbox 2588 3092 2975 3168; x_wconf 81' lang='grc' dir='ltr'><strong><em>ἐτερογνὼμον,</em></strong></span> <span class='ocrx_word' id='word_1_375' title='bbox 3041 3101 3120 3172; x_wconf 89' lang='lat' dir='ltr'><strong><em>et,</em></strong></span> <span class='ocrx_word' id='word_1_376' title='bbox 3179 3111 3297 3171; x_wconf 88' lang='lat' dir='ltr'><strong><em>quo</em></strong></span> <span class='ocrx_word' id='word_1_377' title='bbox 3376 3090 3564 3153; x_wconf 88' lang='lat' dir='ltr'><strong><em>Lucas</em></strong></span> <span class='ocrx_word' id='word_1_378' title='bbox 3615 3092 3821 3165; x_wconf 85' lang='lat' dir='ltr'><strong><em>utitur,</em></strong></span> 
     </span>
    </p>
   </div>
   <div class='ocr_carea' id='block_1_52' title="bbox 2175 3177 3832 3261">
    <p class='ocr_par' dir='ltr' id='par_1_52' title="bbox 2175 3177 3832 3261">
     <span class='ocr_line' id='line_1_52' title="bbox 2175 3177 3832 3261; baseline 0.005 -28"><span class='ocrx_word' id='word_1_379' title='bbox 2175 3177 2593 3257; x_wconf 74' lang='grc' dir='ltr'><strong><em>ἀντοφθαλμεῖν,</em></strong></span> <span class='ocrx_word' id='word_1_380' title='bbox 2617 3179 2851 3260; x_wconf 88' lang='lat' dir='ltr'><strong><em>aliaque</em></strong></span> <span class='ocrx_word' id='word_1_381' title='bbox 2872 3181 3114 3242; x_wconf 88' lang='lat' dir='ltr'><strong><em>similia.</em></strong></span> <span class='ocrx_word' id='word_1_382' title='bbox 3140 3180 3212 3242; x_wconf 91' lang='lat' dir='ltr'><strong><em>Et</em></strong></span> <span class='ocrx_word' id='word_1_383' title='bbox 3232 3181 3360 3261; x_wconf 89' lang='lat' dir='ltr'><strong><em>ipse</em></strong></span> <span class='ocrx_word' id='word_1_384' title='bbox 3377 3199 3601 3257; x_wconf 89' lang='lat' dir='ltr'><strong><em>sermo,</em></strong></span> <span class='ocrx_word' id='word_1_385' title='bbox 3622 3199 3741 3243; x_wconf 88' lang='lat' dir='ltr'><strong><em>non</em></strong></span> <span class='ocrx_word' id='word_1_386' title='bbox 3763 3191 3832 3243; x_wconf 89' lang='lat' dir='ltr'><strong><em>ut</em></strong></span> 
     </span>
    </p>
   </div>
   <div class='ocr_carea' id='block_1_53' title="bbox 2177 3265 3825 3347">
    <p class='ocr_par' dir='ltr' id='par_1_53' title="bbox 2177 3265 3825 3347">
     <span class='ocr_line' id='line_1_53' title="bbox 2177 3265 3825 3347; baseline 0.006 -24"><span class='ocrx_word' id='word_1_387' title='bbox 2177 3265 2578 3346; x_wconf 71' lang='grc' dir='ltr'><strong><em>ἐϐραίζουσινὶη</em></strong></span> <span class='ocrx_word' id='word_1_388' title='bbox 2609 3268 2891 3330; x_wconf 88' lang='lat' dir='ltr'><strong><em>minutias</em></strong></span> <span class='ocrx_word' id='word_1_389' title='bbox 2911 3270 3355 3344; x_wconf 85' lang='lat' dir='ltr'><strong><em>conscisus,sed</em></strong></span> <span class='ocrx_word' id='word_1_390' title='bbox 3371 3269 3594 3347; x_wconf 88' lang='lat' dir='ltr'><strong><em>largius</em></strong></span> <span class='ocrx_word' id='word_1_391' title='bbox 3606 3271 3825 3334; x_wconf 86' lang='lat' dir='ltr'><strong><em>ﬂuens.</em></strong></span> 
     </span>
    </p>
   </div>
   <div class='ocr_carea' id='block_1_54' title="bbox 2174 3356 3827 3440">
    <p class='ocr_par' dir='ltr' id='par_1_54' title="bbox 2174 3356 3827 3440">
     <span class='ocr_line' id='line_1_54' title="bbox 2174 3356 3827 3440; baseline 0.001 -20"><span class='ocrx_word' id='word_1_392' title='bbox 2174 3359 2326 3420; x_wconf 86' lang='lat' dir='ltr'><strong><em>Nam</em></strong></span> <span class='ocrx_word' id='word_1_393' title='bbox 2359 3365 2419 3416; x_wconf 90' lang='lat' dir='ltr'><strong><em>et</em></strong></span> <span class='ocrx_word' id='word_1_394' title='bbox 2451 3356 2673 3420; x_wconf 90' lang='lat' dir='ltr'><strong><em>lectum</em></strong></span> <span class='ocrx_word' id='word_1_395' title='bbox 2706 3357 2778 3418; x_wconf 91' lang='lat' dir='ltr'><strong><em>ab</em></strong></span> <span class='ocrx_word' id='word_1_396' title='bbox 2811 3359 2913 3420; x_wconf 93' lang='lat' dir='ltr'><strong><em>illo</em></strong></span> <span class='ocrx_word' id='word_1_397' title='bbox 2967 3357 3316 3438; x_wconf 89' lang='lat' dir='ltr'><strong><em>Euripidem</em></strong></span> <span class='ocrx_word' id='word_1_398' title='bbox 3352 3369 3410 3420; x_wconf 92' lang='lat' dir='ltr'><strong><em>et</em></strong></span> <span class='ocrx_word' id='word_1_399' title='bbox 3460 3359 3827 3440; x_wconf 87' lang='lat' dir='ltr'><strong><em>Sophoclem</em></strong></span> 
     </span>
    </p>
   </div>
   <div class='ocr_carea' id='block_1_55' title="bbox 2174 3446 3828 3528">
    <p class='ocr_par' dir='ltr' id='par_1_55' title="bbox 2174 3446 3828 3528">
     <span class='ocr_line' id='line_1_55' title="bbox 2174 3446 3828 3528; baseline 0.004 -22"><span class='ocrx_word' id='word_1_400' title='bbox 2174 3446 2822 3508; x_wconf 81' lang='lat' dir='ltr'><strong><em>ostenduntsententiae</em></strong></span> <span class='ocrx_word' id='word_1_401' title='bbox 2833 3447 3074 3509; x_wconf 88' lang='lat' dir='ltr'><strong><em>exillius</em></strong></span> <span class='ocrx_word' id='word_1_402' title='bbox 3087 3449 3682 3528; x_wconf 51' lang='lat' dir='ltr'><strong><em>Phoenissishujusd</em></strong></span> <span class='ocrx_word' id='word_1_403' title='bbox 3691 3451 3828 3527; x_wconf 81' lang='lat' dir='ltr'><strong><em>iace</em></strong></span> 
     </span>
    </p>
   </div>
   <div class='ocr_carea' id='block_1_56' title="bbox 2175 3535 3833 3600">
    <p class='ocr_par' dir='ltr' id='par_1_56' title="bbox 2175 3535 3833 3600">
     <span class='ocr_line' id='line_1_56' title="bbox 2175 3535 3833 3600; baseline 0.003 -4"><span class='ocrx_word' id='word_1_404' title='bbox 2175 3535 2492 3596; x_wconf 67' lang='lat' dir='ltr'><strong><em>translatae.</em></strong></span> <span class='ocrx_word' id='word_1_405' title='bbox 2513 3535 2830 3598; x_wconf 72' lang='lat' dir='ltr'><strong><em>Accedant</em></strong></span> <span class='ocrx_word' id='word_1_406' title='bbox 2858 3536 3079 3598; x_wconf 90' lang='lat' dir='ltr'><strong><em>indicia</em></strong></span> <span class='ocrx_word' id='word_1_407' title='bbox 3113 3555 3233 3598; x_wconf 91' lang='lat' dir='ltr'><strong><em>non</em></strong></span> <span class='ocrx_word' id='word_1_408' title='bbox 3256 3537 3549 3600; x_wconf 64' lang='lat' dir='ltr'><strong><em>simulatae</em></strong></span> <span class='ocrx_word' id='word_1_409' title='bbox 3577 3545 3833 3600; x_wconf 84' lang='lat' dir='ltr'><strong><em>vetusta-</em></strong></span> 
     </span>
    </p>
   </div>
   <div class='ocr_carea' id='block_1_57' title="bbox 454 3623 3830 3718">
    <p class='ocr_par' dir='ltr' id='par_1_57' title="bbox 454 3623 3830 3718">
     <span class='ocr_line' id='line_1_57' title="bbox 454 3623 3830 3718; baseline -0.005 -12"><span class='ocrx_word' id='word_1_410' title='bbox 454 3623 674 3718; x_wconf 82' lang='lat' dir='ltr'><strong><em>debeo,</em></strong></span> <span class='ocrx_word' id='word_1_411' title='bbox 704 3645 905 3701; x_wconf 88' lang='lat' dir='ltr'><strong><em>essent</em></strong></span> <span class='ocrx_word' id='word_1_412' title='bbox 933 3637 1010 3697; x_wconf 89' lang='lat' dir='ltr'><strong><em>ad</em></strong></span> <span class='ocrx_word' id='word_1_413' title='bbox 1063 3650 1330 3712; x_wconf 89' lang='lat' dir='ltr'><strong><em>manum,</em></strong></span> <span class='ocrx_word' id='word_1_414' title='bbox 1363 3648 1556 3709; x_wconf 90' lang='lat' dir='ltr'><strong><em>neque</em></strong></span> <span class='ocrx_word' id='word_1_415' title='bbox 1597 3629 1912 3718; x_wconf 89' lang='lat' dir='ltr'><strong><em>librorum,</em></strong></span> <span class='ocrx_word' id='word_1_416' title='bbox 1943 3645 2154 3706; x_wconf 87' lang='lat' dir='ltr'><strong><em>quosc</em></strong></span> <span class='ocrx_word' id='word_1_417' title='bbox 2181 3625 2254 3685; x_wconf 90' lang='lat' dir='ltr'><strong><em>tis</em></strong></span> <span class='ocrx_word' id='word_1_418' title='bbox 2281 3623 2498 3718; x_wconf 79' lang='lat' dir='ltr'><strong><em>:_Quod</em></strong></span> <span class='ocrx_word' id='word_1_419' title='bbox 2527 3628 2609 3718; x_wconf 76' lang='lat' dir='ltr'><strong><em>de</em></strong></span> <span class='ocrx_word' id='word_1_420' title='bbox 2638 3625 2878 3718; x_wconf 84' lang='lat' dir='ltr'><strong><em>Christo</em></strong></span> <span class='ocrx_word' id='word_1_421' title='bbox 2909 3642 3150 3718; x_wconf 82' lang='lat' dir='ltr'><strong><em>semper</em></strong></span> <span class='ocrx_word' id='word_1_422' title='bbox 3177 3625 3465 3718; x_wconf 81' lang='lat' dir='ltr'><strong><em>loquitur,</em></strong></span> <span class='ocrx_word' id='word_1_423' title='bbox 3487 3639 3693 3718; x_wconf 85' lang='lat' dir='ltr'><strong><em>nonut</em></strong></span> <span class='ocrx_word' id='word_1_424' title='bbox 3724 3647 3830 3708; x_wconf 87' lang='lat' dir='ltr'><strong><em>po-</em></strong></span> 
     </span>
    </p>
   </div>
   <div class='ocr_carea' id='block_1_58' title="bbox 447 3717 2093 3813">
    <p class='ocr_par' dir='ltr' id='par_1_58' title="bbox 447 3717 2093 3813">
     <span class='ocr_line' id='line_1_58' title="bbox 447 3717 2093 3813; baseline -0.018 -19"><span class='ocrx_word' id='word_1_425' title='bbox 447 3734 751 3813; x_wconf 90' lang='lat' dir='ltr'><strong><em>inspectos</em></strong></span> <span class='ocrx_word' id='word_1_426' title='bbox 783 3728 1024 3806; x_wconf 91' lang='lat' dir='ltr'><strong><em>vellem,</em></strong></span> <span class='ocrx_word' id='word_1_427' title='bbox 1046 3723 1240 3813; x_wconf 90' lang='lat' dir='ltr'><strong><em>copia.</em></strong></span> <span class='ocrx_word' id='word_1_428' title='bbox 1267 3720 1434 3813; x_wconf 77' lang='lat' dir='ltr'><strong><em>Quod</em></strong></span> <span class='ocrx_word' id='word_1_429' title='bbox 1460 3738 1642 3813; x_wconf 84' lang='lat' dir='ltr'><strong><em>unum</em></strong></span> <span class='ocrx_word' id='word_1_430' title='bbox 1665 3717 1850 3799; x_wconf 92' lang='lat' dir='ltr'><strong><em>potui,</em></strong></span> <span class='ocrx_word' id='word_1_431' title='bbox 1875 3718 2093 3813; x_wconf 68' lang='lat' dir='ltr'><strong><em>episto-</em></strong></span> 
     </span>
    </p>
   </div>
   <div class='ocr_carea' id='block_1_59' title="bbox 449 3805 2092 3895">
    <p class='ocr_par' dir='ltr' id='par_1_59' title="bbox 449 3805 2092 3895">
     <span class='ocr_line' id='line_1_59' title="bbox 449 3805 2092 3895; baseline -0.01 -10"><span class='ocrx_word' id='word_1_432' title='bbox 449 3805 566 3885; x_wconf 76' lang='lat' dir='ltr'><strong><em>iam</em></strong></span> <span class='ocrx_word' id='word_1_433' title='bbox 599 3820 760 3881; x_wconf 90' lang='lat' dir='ltr'><strong><em>illam</em></strong></span> <span class='ocrx_word' id='word_1_434' title='bbox 809 3816 927 3895; x_wconf 85' lang='lat' dir='ltr'><strong><em>legi</em></strong></span> <span class='ocrx_word' id='word_1_435' title='bbox 982 3805 1286 3892; x_wconf 87' lang='lat' dir='ltr'><strong><em>relegique</em></strong></span> <span class='ocrx_word' id='word_1_436' title='bbox 1330 3810 1672 3890; x_wconf 86' lang='lat' dir='ltr'><strong><em>aliquoties,</em></strong></span> <span class='ocrx_word' id='word_1_437' title='bbox 1707 3818 1766 3871; x_wconf 94' lang='lat' dir='ltr'><strong><em>et</em></strong></span> <span class='ocrx_word' id='word_1_438' title='bbox 1813 3805 2092 3868; x_wconf 89' lang='lat' dir='ltr'><strong><em>omnibus</em></strong></span> 
     </span>
    </p>
   </div>
   <div class='ocr_carea' id='block_1_60' title="bbox 447 3895 2088 3994">
    <p class='ocr_par' dir='ltr' id='par_1_60' title="bbox 447 3895 2088 3994">
     <span class='ocr_line' id='line_1_60' title="bbox 447 3895 2088 3994; baseline -0.012 -19"><span class='ocrx_word' id='word_1_439' title='bbox 447 3920 730 3994; x_wconf 90' lang='lat' dir='ltr'><strong><em>quantum</em></strong></span> <span class='ocrx_word' id='word_1_440' title='bbox 766 3922 1031 3968; x_wconf 86' lang='lat' dir='ltr'><strong><em>mearum</em></strong></span> <span class='ocrx_word' id='word_1_441' title='bbox 1065 3900 1397 3994; x_wconf 27' lang='lat' dir='ltr'><strong><em>est-virium</em></strong></span> <span class='ocrx_word' id='word_1_442' title='bbox 1430 3901 1726 3994; x_wconf 81' lang='lat' dir='ltr'><strong><em>expensis,</em></strong></span> <span class='ocrx_word' id='word_1_443' title='bbox 1756 3899 1932 3964; x_wconf 76' lang='lat' dir='ltr'><strong><em>aliter</em></strong></span> <span class='ocrx_word' id='word_1_444' title='bbox 1957 3895 2088 3994; x_wconf 35' lang='lat' dir='ltr'><strong><em>exi-</em></strong></span> 
     </span>
    </p>
   </div>
   <div class='ocr_carea' id='block_1_61' title="bbox 451 3986 2096 4075">
    <p class='ocr_par' dir='ltr' id='par_1_61' title="bbox 451 3986 2096 4075">
     <span class='ocr_line' id='line_1_61' title="bbox 451 3986 2096 4075; baseline -0.011 -11"><span class='ocrx_word' id='word_1_445' title='bbox 451 3986 700 4064; x_wconf 74' lang='lat' dir='ltr'><strong><em>stimare</em></strong></span> <span class='ocrx_word' id='word_1_446' title='bbox 722 4015 840 4058; x_wconf 90' lang='lat' dir='ltr'><strong><em>non</em></strong></span> <span class='ocrx_word' id='word_1_447' title='bbox 871 3994 1055 4075; x_wconf 91' lang='lat' dir='ltr'><strong><em>potui,</em></strong></span> <span class='ocrx_word' id='word_1_448' title='bbox 1078 3991 1217 4072; x_wconf 89' lang='lat' dir='ltr'><strong><em>quin</em></strong></span> <span class='ocrx_word' id='word_1_449' title='bbox 1242 3991 1368 4051; x_wconf 66' lang='lat' dir='ltr'><strong><em>baic</em></strong></span> <span class='ocrx_word' id='word_1_450' title='bbox 1400 3989 1476 4048; x_wconf 85' lang='lat' dir='ltr'><strong><em>sit</em></strong></span> <span class='ocrx_word' id='word_1_451' title='bbox 1499 3989 1711 4051; x_wconf 85' lang='lat' dir='ltr'><strong><em>eadem</em></strong></span> <span class='ocrx_word' id='word_1_452' title='bbox 1741 4007 1919 4068; x_wconf 82' lang='lat' dir='ltr'><strong><em>quam</em></strong></span> <span class='ocrx_word' id='word_1_453' title='bbox 1953 3986 2096 4067; x_wconf 87' lang='lat' dir='ltr'><strong><em>legit</em></strong></span> 
     </span>
    </p>
   </div>
   <div class='ocr_carea' id='block_1_62' title="bbox 451 4078 2091 4169">
    <p class='ocr_par' dir='ltr' id='par_1_62' title="bbox 451 4078 2091 4169">
     <span class='ocr_line' id='line_1_62' title="bbox 451 4078 2091 4169; baseline -0.012 -13"><span class='ocrx_word' id='word_1_454' title='bbox 451 4092 725 4169; x_wconf 85' lang='lat' dir='ltr'><strong><em>Photius,</em></strong></span> <span class='ocrx_word' id='word_1_455' title='bbox 748 4087 921 4165; x_wconf 82' lang='lat' dir='ltr'><strong><em>cujus</em></strong></span> <span class='ocrx_word' id='word_1_456' title='bbox 945 4094 1212 4162; x_wconf 90' lang='lat' dir='ltr'><strong><em>tempore</em></strong></span> <span class='ocrx_word' id='word_1_457' title='bbox 1239 4098 1373 4141; x_wconf 89' lang='lat' dir='ltr'><strong><em>cum</em></strong></span> <span class='ocrx_word' id='word_1_458' title='bbox 1398 4078 1712 4169; x_wconf 81' lang='lat' dir='ltr'><strong><em>exstiterit,</em></strong></span> <span class='ocrx_word' id='word_1_459' title='bbox 1732 4097 1850 4140; x_wconf 91' lang='lat' dir='ltr'><strong><em>non</em></strong></span> <span class='ocrx_word' id='word_1_460' title='bbox 1873 4079 2091 4142; x_wconf 90' lang='lat' dir='ltr'><strong><em>mirum</em></strong></span> 
     </span>
    </p>
   </div>
   <div class='ocr_carea' id='block_1_63' title="bbox 453 4167 2094 4259">
    <p class='ocr_par' dir='ltr' id='par_1_63' title="bbox 453 4167 2094 4259">
     <span class='ocr_line' id='line_1_63' title="bbox 453 4167 2094 4259; baseline -0.01 -14"><span class='ocrx_word' id='word_1_461' title='bbox 453 4192 566 4259; x_wconf 91' lang='lat' dir='ltr'><strong><em>est,</em></strong></span> <span class='ocrx_word' id='word_1_462' title='bbox 592 4183 641 4244; x_wconf 91' lang='lat' dir='ltr'><strong><em>si</em></strong></span> <span class='ocrx_word' id='word_1_463' title='bbox 667 4167 742 4240; x_wconf 88' lang='lat' dir='ltr'><strong><em>ad</em></strong></span> <span class='ocrx_word' id='word_1_464' title='bbox 762 4184 966 4239; x_wconf 90' lang='lat' dir='ltr'><strong><em>nostra</em></strong></span> <span class='ocrx_word' id='word_1_465' title='bbox 986 4181 1256 4251; x_wconf 88' lang='lat' dir='ltr'><strong><em>tempora</em></strong></span> <span class='ocrx_word' id='word_1_466' title='bbox 1276 4173 1333 4231; x_wconf 91' lang='lat' dir='ltr'><strong><em>in</em></strong></span> <span class='ocrx_word' id='word_1_467' title='bbox 1352 4167 1748 4259; x_wconf 89' lang='lat' dir='ltr'><strong><em>sanctioribus</em></strong></span> <span class='ocrx_word' id='word_1_468' title='bbox 1770 4169 1938 4232; x_wconf 90' lang='lat' dir='ltr'><strong><em>libris</em></strong></span> <span class='ocrx_word' id='word_1_469' title='bbox 1959 4186 2094 4231; x_wconf 84' lang='lat' dir='ltr'><strong><em>ser-</em></strong></span> 
     </span>
    </p>
   </div>
   <div class='ocr_carea' id='block_1_64' title="bbox 452 4258 2096 4344">
    <p class='ocr_par' dir='ltr' id='par_1_64' title="bbox 452 4258 2096 4344">
     <span class='ocr_line' id='line_1_64' title="bbox 452 4258 2096 4344; baseline -0.009 -12"><span class='ocrx_word' id='word_1_470' title='bbox 452 4258 580 4334; x_wconf 90' lang='lat' dir='ltr'><strong><em>vata</em></strong></span> <span class='ocrx_word' id='word_1_471' title='bbox 600 4269 796 4332; x_wconf 81' lang='lat' dir='ltr'><strong><em>fuerit.</em></strong></span> <span class='ocrx_word' id='word_1_472' title='bbox 821 4265 1026 4344; x_wconf 85' lang='lat' dir='ltr'><strong><em>Neque</em></strong></span> <span class='ocrx_word' id='word_1_473' title='bbox 1050 4279 1186 4322; x_wconf 79' lang='lat' dir='ltr'><strong><em>vero</em></strong></span> <span class='ocrx_word' id='word_1_474' title='bbox 1213 4277 1406 4321; x_wconf 74' lang='lat' dir='ltr'><strong><em>causae</em></strong></span> <span class='ocrx_word' id='word_1_475' title='bbox 1433 4258 1753 4338; x_wconf 82' lang='lat' dir='ltr'><strong><em>quidquam</em></strong></span> <span class='ocrx_word' id='word_1_476' title='bbox 1784 4261 2096 4333; x_wconf 88' lang='lat' dir='ltr'><strong><em>video,cur</em></strong></span> 
     </span>
    </p>
   </div>
   <div class='ocr_carea' id='block_1_65' title="bbox 452 4350 2094 4438">
    <p class='ocr_par' dir='ltr' id='par_1_65' title="bbox 452 4350 2094 4438">
     <span class='ocr_line' id='line_1_65' title="bbox 452 4350 2094 4438; baseline -0.009 -15"><span class='ocrx_word' id='word_1_477' title='bbox 452 4369 552 4423; x_wconf 87' lang='lat' dir='ltr'><strong><em>aut</em></strong></span> <span class='ocrx_word' id='word_1_478' title='bbox 571 4360 673 4421; x_wconf 92' lang='lat' dir='ltr'><strong><em>illa</em></strong></span> <span class='ocrx_word' id='word_1_479' title='bbox 695 4375 870 4438; x_wconf 89' lang='lat' dir='ltr'><strong><em>quam</em></strong></span> <span class='ocrx_word' id='word_1_480' title='bbox 921 4354 1167 4418; x_wconf 83' lang='lat' dir='ltr'><strong><em>Photius</em></strong></span> <span class='ocrx_word' id='word_1_481' title='bbox 1185 4350 1350 4430; x_wconf 86' lang='lat' dir='ltr'><strong><em>legit,</em></strong></span> <span class='ocrx_word' id='word_1_482' title='bbox 1388 4367 1507 4408; x_wconf 91' lang='lat' dir='ltr'><strong><em>non</em></strong></span> <span class='ocrx_word' id='word_1_483' title='bbox 1533 4351 1742 4438; x_wconf 84' lang='lat' dir='ltr'><strong><em>eadem</em></strong></span> <span class='ocrx_word' id='word_1_484' title='bbox 1768 4350 1844 4410; x_wconf 90' lang='lat' dir='ltr'><strong><em>sit</em></strong></span> <span class='ocrx_word' id='word_1_485' title='bbox 1864 4367 1999 4412; x_wconf 91' lang='lat' dir='ltr'><strong><em>cum</em></strong></span> <span class='ocrx_word' id='word_1_486' title='bbox 2023 4365 2094 4409; x_wconf 85' lang='lat' dir='ltr'><strong><em>ea</em></strong></span> 
     </span>
    </p>
   </div>
   <div class='ocr_carea' id='block_1_66' title="bbox 453 4437 2096 4532">
    <p class='ocr_par' dir='ltr' id='par_1_66' title="bbox 453 4437 2096 4532">
     <span class='ocr_line' id='line_1_66' title="bbox 453 4437 2096 4532; baseline -0.018 -18"><span class='ocrx_word' id='word_1_487' title='bbox 453 4469 626 4532; x_wconf 91' lang='lat' dir='ltr'><strong><em>quam</em></strong></span> <span class='ocrx_word' id='word_1_488' title='bbox 659 4437 1057 4526; x_wconf 74' lang='lat' dir='ltr'><strong><em>Hieronymus</em></strong></span> <span class='ocrx_word' id='word_1_489' title='bbox 1087 4450 1146 4532; x_wconf 80' lang='lat' dir='ltr'><strong><em>et</em></strong></span> <span class='ocrx_word' id='word_1_490' title='bbox 1173 4450 1310 4502; x_wconf 88' lang='lat' dir='ltr'><strong><em>ante</em></strong></span> <span class='ocrx_word' id='word_1_491' title='bbox 1340 4455 1476 4532; x_wconf 81' lang='lat' dir='ltr'><strong><em>eum</em></strong></span> <span class='ocrx_word' id='word_1_492' title='bbox 1521 4437 1803 4532; x_wconf 83' lang='lat' dir='ltr'><strong><em>Clemens</em></strong></span> <span class='ocrx_word' id='word_1_493' title='bbox 1832 4439 2096 4532; x_wconf 53' lang='lat' dir='ltr'><strong><em>Alexan-</em></strong></span> 
     </span>
    </p>
   </div>
   <div class='ocr_carea' id='block_1_67' title="bbox 454 4525 2098 4619">
    <p class='ocr_par' dir='ltr' id='par_1_67' title="bbox 454 4525 2098 4619">
     <span class='ocr_line' id='line_1_67' title="bbox 454 4525 2098 4619; baseline -0.018 -17"><span class='ocrx_word' id='word_1_494' title='bbox 454 4525 684 4618; x_wconf 85' lang='lat' dir='ltr'><strong><em>drinus,</em></strong></span> <span class='ocrx_word' id='word_1_495' title='bbox 694 4525 1058 4619; x_wconf 85' lang='lat' dir='ltr'><strong><em>propiusque</em></strong></span> <span class='ocrx_word' id='word_1_496' title='bbox 1074 4529 1395 4619; x_wconf 82' lang='lat' dir='ltr'><strong><em>Clementis</em></strong></span> <span class='ocrx_word' id='word_1_497' title='bbox 1416 4525 1948 4619; x_wconf 73' lang='lat' dir='ltr'><strong><em>Romanitempom</em></strong></span> <span class='ocrx_word' id='word_1_498' title='bbox 1968 4527 2098 4619; x_wconf 48' lang='grc' dir='ltr'><strong><em>ιτς-</em></strong></span> 
     </span>
    </p>
   </div>
   <div class='ocr_carea' id='block_1_68' title="bbox 454 4615 2099 4709">
    <p class='ocr_par' dir='ltr' id='par_1_68' title="bbox 454 4615 2099 4709">
     <span class='ocr_line' id='line_1_68' title="bbox 454 4615 2099 4709; baseline -0.008 -18"><span class='ocrx_word' id='word_1_499' title='bbox 454 4615 983 4709; x_wconf 69' lang='lat' dir='ltr'><strong><em>naeus,habuerunt</em></strong></span> <span class='ocrx_word' id='word_1_500' title='bbox 1007 4640 1022 4685; x_wconf 91' lang='lat'>:</span> <span class='ocrx_word' id='word_1_501' title='bbox 1049 4628 1155 4682; x_wconf 89' lang='lat' dir='ltr'><strong><em>aut</em></strong></span> <span class='ocrx_word' id='word_1_502' title='bbox 1176 4637 1282 4680; x_wconf 90' lang='lat' dir='ltr'><strong><em>cur</em></strong></span> <span class='ocrx_word' id='word_1_503' title='bbox 1304 4616 1393 4677; x_wconf 90' lang='lat' dir='ltr'><strong><em>illi</em></strong></span> <span class='ocrx_word' id='word_1_504' title='bbox 1405 4615 1571 4709; x_wconf 75' lang='lat' dir='ltr'><strong><em>alius</em></strong></span> <span class='ocrx_word' id='word_1_505' title='bbox 1592 4615 1826 4679; x_wconf 89' lang='lat' dir='ltr'><strong><em>dandus</em></strong></span> <span class='ocrx_word' id='word_1_506' title='bbox 1847 4619 1927 4680; x_wconf 81' lang='lat' dir='ltr'><strong><em>sit</em></strong></span> <span class='ocrx_word' id='word_1_507' title='bbox 1943 4617 2099 4679; x_wconf 90' lang='lat' dir='ltr'><strong><em>scri-</em></strong></span> 
     </span>
    </p>
   </div>
   <div class='ocr_carea' id='block_1_69' title="bbox 2175 3713 3828 3799">
    <p class='ocr_par' dir='ltr' id='par_1_69' title="bbox 2175 3713 3828 3799">
     <span class='ocr_line' id='line_1_69' title="bbox 2175 3713 3828 3799; baseline 0.005 -25"><span class='ocrx_word' id='word_1_508' title='bbox 2175 3713 2459 3776; x_wconf 75' lang='lat' dir='ltr'><strong><em>sterioaes</em></strong></span> <span class='ocrx_word' id='word_1_509' title='bbox 2485 3714 2984 3792; x_wconf 76' lang='grc' dir='ltr'><strong><em>πλατωνικώτερον,</em></strong></span> <span class='ocrx_word' id='word_1_510' title='bbox 3019 3715 3122 3776; x_wconf 88' lang='lat' dir='ltr'><strong><em>sed</em></strong></span> <span class='ocrx_word' id='word_1_511' title='bbox 3159 3715 3515 3797; x_wconf 88' lang='lat' dir='ltr'><strong><em>simpliciter</em></strong></span> <span class='ocrx_word' id='word_1_512' title='bbox 3543 3717 3741 3799; x_wconf 90' lang='lat' dir='ltr'><strong><em>plane,</em></strong></span> <span class='ocrx_word' id='word_1_513' title='bbox 3768 3730 3828 3782; x_wconf 88' lang='lat' dir='ltr'><strong><em>et</em></strong></span> 
     </span>
    </p>
   </div>
   <div class='ocr_carea' id='block_1_70' title="bbox 2175 3802 3826 3889">
    <p class='ocr_par' dir='ltr' id='par_1_70' title="bbox 2175 3802 3826 3889">
     <span class='ocr_line' id='line_1_70' title="bbox 2175 3802 3826 3889; baseline 0.002 -24"><span class='ocrx_word' id='word_1_514' title='bbox 2175 3813 2238 3866; x_wconf 88' lang='lat' dir='ltr'><strong><em>ut</em></strong></span> <span class='ocrx_word' id='word_1_515' title='bbox 2267 3802 2486 3865; x_wconf 90' lang='lat' dir='ltr'><strong><em>Paulus</em></strong></span> <span class='ocrx_word' id='word_1_516' title='bbox 2497 3804 2798 3883; x_wconf 89' lang='lat' dir='ltr'><strong><em>apostolus</em></strong></span> <span class='ocrx_word' id='word_1_517' title='bbox 2816 3804 2991 3866; x_wconf 86' lang='lat' dir='ltr'><strong><em>solet.</em></strong></span> <span class='ocrx_word' id='word_1_518' title='bbox 3008 3805 3147 3866; x_wconf 90' lang='lat' dir='ltr'><strong><em>Alia</em></strong></span> <span class='ocrx_word' id='word_1_519' title='bbox 3161 3824 3400 3886; x_wconf 90' lang='lat' dir='ltr'><strong><em>quoque</em></strong></span> <span class='ocrx_word' id='word_1_520' title='bbox 3422 3809 3696 3887; x_wconf 79' lang='lat' dir='ltr'><strong><em>dogmata</em></strong></span> <span class='ocrx_word' id='word_1_521' title='bbox 3709 3827 3826 3889; x_wconf 85' lang='lat' dir='ltr'><strong><em>p0-</em></strong></span> 
     </span>
    </p>
   </div>
   <div class='ocr_carea' id='block_1_71' title="bbox 2175 3891 3824 3978">
    <p class='ocr_par' dir='ltr' id='par_1_71' title="bbox 2175 3891 3824 3978">
     <span class='ocr_line' id='line_1_71' title="bbox 2175 3891 3824 3978; baseline 0.005 -25"><span class='ocrx_word' id='word_1_522' title='bbox 2175 3902 2302 3954; x_wconf 86' lang='lat' dir='ltr'><strong><em>stea</em></strong></span> <span class='ocrx_word' id='word_1_523' title='bbox 2331 3891 2613 3953; x_wconf 88' lang='lat' dir='ltr'><strong><em>subtilius</em></strong></span> <span class='ocrx_word' id='word_1_524' title='bbox 2658 3893 2951 3974; x_wconf 87' lang='lat' dir='ltr'><strong><em>explicata</em></strong></span> <span class='ocrx_word' id='word_1_525' title='bbox 2979 3903 3190 3956; x_wconf 88' lang='lat' dir='ltr'><strong><em>tractat</em></strong></span> <span class='ocrx_word' id='word_1_526' title='bbox 3232 3896 3604 3978; x_wconf 76' lang='grc' dir='ltr'><strong><em>ἀφελέστερον,</em></strong></span> <span class='ocrx_word' id='word_1_527' title='bbox 3627 3906 3687 3959; x_wconf 91' lang='lat' dir='ltr'><strong><em>et</em></strong></span> <span class='ocrx_word' id='word_1_528' title='bbox 3712 3917 3824 3961; x_wconf 89' lang='lat' dir='ltr'><strong><em>vo-</em></strong></span> 
     </span>
    </p>
   </div>
   <div class='ocr_carea' id='block_1_72' title="bbox 2175 3981 3830 4067">
    <p class='ocr_par' dir='ltr' id='par_1_72' title="bbox 2175 3981 3830 4067">
     <span class='ocr_line' id='line_1_72' title="bbox 2175 3981 3830 4067; baseline 0.004 -24"><span class='ocrx_word' id='word_1_529' title='bbox 2175 3981 2344 4044; x_wconf 80' lang='lat' dir='ltr'><strong><em>cibus</em></strong></span> <span class='ocrx_word' id='word_1_530' title='bbox 2419 3983 2688 4058; x_wconf 78' lang='grc' dir='ltr'><strong><em>κλήσεως,</em></strong></span> <span class='ocrx_word' id='word_1_531' title='bbox 2751 3984 2986 4060; x_wconf 76' lang='grc' dir='ltr'><strong><em>χλητῶν,</em></strong></span> <span class='ocrx_word' id='word_1_532' title='bbox 3045 3985 3340 4062; x_wconf 75' lang='grc' dir='ltr'><strong><em>ἐκλεκτῶν,</em></strong></span> <span class='ocrx_word' id='word_1_533' title='bbox 3404 4005 3584 4049; x_wconf 87' lang='lat' dir='ltr'><strong><em>sensu</em></strong></span> <span class='ocrx_word' id='word_1_534' title='bbox 3648 3988 3830 4067; x_wconf 88' lang='lat' dir='ltr'><strong><em>plena</em></strong></span> 
     </span>
    </p>
   </div>
   <div class='ocr_carea' id='block_1_73' title="bbox 2175 4071 3829 4154">
    <p class='ocr_par' dir='ltr' id='par_1_73' title="bbox 2175 4071 3829 4154">
     <span class='ocr_line' id='line_1_73' title="bbox 2175 4071 3829 4154; baseline 0.004 -18"><span class='ocrx_word' id='word_1_535' title='bbox 2175 4071 2427 4136; x_wconf 84' lang='lat' dir='ltr'><strong><em>Paulino</em></strong></span> <span class='ocrx_word' id='word_1_536' title='bbox 2459 4071 2678 4148; x_wconf 81' lang='lat' dir='ltr'><strong><em>utitur;</em></strong></span> <span class='ocrx_word' id='word_1_537' title='bbox 2711 4075 2868 4154; x_wconf 90' lang='lat' dir='ltr'><strong><em>quod</em></strong></span> <span class='ocrx_word' id='word_1_538' title='bbox 2902 4074 2962 4136; x_wconf 92' lang='lat' dir='ltr'><strong><em>in</em></strong></span> <span class='ocrx_word' id='word_1_539' title='bbox 2993 4073 3229 4137; x_wconf 81' lang='lat' dir='ltr'><strong><em>Veteris</em></strong></span> <span class='ocrx_word' id='word_1_540' title='bbox 3255 4073 3647 4140; x_wconf 90' lang='lat' dir='ltr'><strong><em>Instrumenti</em></strong></span> <span class='ocrx_word' id='word_1_541' title='bbox 3677 4077 3829 4142; x_wconf 87' lang='lat' dir='ltr'><strong><em>locis</em></strong></span> 
     </span>
    </p>
   </div>
   <div class='ocr_carea' id='block_1_74' title="bbox 2176 4161 3836 4246">
    <p class='ocr_par' dir='ltr' id='par_1_74' title="bbox 2176 4161 3836 4246">
     <span class='ocr_line' id='line_1_74' title="bbox 2176 4161 3836 4246; baseline 0.005 -23"><span class='ocrx_word' id='word_1_542' title='bbox 2176 4161 2556 4242; x_wconf 89' lang='lat' dir='ltr'><strong><em>purissimam</em></strong></span> <span class='ocrx_word' id='word_1_543' title='bbox 2590 4181 2785 4245; x_wconf 89' lang='lat' dir='ltr'><strong><em>neque</em></strong></span> <span class='ocrx_word' id='word_1_544' title='bbox 2835 4164 3032 4228; x_wconf 89' lang='lat' dir='ltr'><strong><em>adhuc</em></strong></span> <span class='ocrx_word' id='word_1_545' title='bbox 3087 4165 3506 4246; x_wconf 89' lang='lat' dir='ltr'><strong><em>interpolatam</em></strong></span> <span class='ocrx_word' id='word_1_546' title='bbox 3556 4168 3836 4245; x_wconf 88' lang='lat' dir='ltr'><strong><em>sequitur</em></strong></span> 
     </span>
    </p>
   </div>
   <div class='ocr_carea' id='block_1_75' title="bbox 2176 4253 3829 4337">
    <p class='ocr_par' dir='ltr' id='par_1_75' title="bbox 2176 4253 3829 4337">
     <span class='ocr_line' id='line_1_75' title="bbox 2176 4253 3829 4337; baseline 0.005 -22"><span class='ocrx_word' id='word_1_547' title='bbox 2176 4253 2564 4333; x_wconf 87' lang='lat' dir='ltr'><strong><em>Septuaginta</em></strong></span> <span class='ocrx_word' id='word_1_548' title='bbox 2583 4271 2795 4315; x_wconf 90' lang='lat' dir='ltr'><strong><em>senum</em></strong></span> <span class='ocrx_word' id='word_1_549' title='bbox 2808 4255 3298 4319; x_wconf 86' lang='lat' dir='ltr'><strong><em>versionem.Sed</em></strong></span> <span class='ocrx_word' id='word_1_550' title='bbox 3322 4274 3434 4319; x_wconf 89' lang='lat' dir='ltr'><strong><em>nec</em></strong></span> <span class='ocrx_word' id='word_1_551' title='bbox 3445 4257 3581 4319; x_wconf 88' lang='lat' dir='ltr'><strong><em>illos</em></strong></span> <span class='ocrx_word' id='word_1_552' title='bbox 3593 4262 3829 4337; x_wconf 83' lang='lat' dir='ltr'><strong><em>spernit</em></strong></span> 
     </span>
    </p>
   </div>
   <div class='ocr_carea' id='block_1_76' title="bbox 2176 4341 3830 4423">
    <p class='ocr_par' dir='ltr' id='par_1_76' title="bbox 2176 4341 3830 4423">
     <span class='ocr_line' id='line_1_76' title="bbox 2176 4341 3830 4423; baseline -0.001 -17"><span class='ocrx_word' id='word_1_553' title='bbox 2176 4342 2563 4406; x_wconf 68' lang='lat' dir='ltr'><strong><em>Hebraeorum</em></strong></span> <span class='ocrx_word' id='word_1_554' title='bbox 2580 4341 2900 4423; x_wconf 89' lang='lat' dir='ltr'><strong><em>libros,qui</em></strong></span> <span class='ocrx_word' id='word_1_555' title='bbox 2915 4344 3248 4405; x_wconf 90' lang='lat' dir='ltr'><strong><em>secundum</em></strong></span> <span class='ocrx_word' id='word_1_556' title='bbox 3266 4343 3830 4412; x_wconf 86' lang='lat' dir='ltr'><strong><em>Vetuslnstrumen-</em></strong></span> 
     </span>
    </p>
   </div>
   <div class='ocr_carea' id='block_1_77' title="bbox 2182 4433 3831 4515">
    <p class='ocr_par' dir='ltr' id='par_1_77' title="bbox 2182 4433 3831 4515">
     <span class='ocr_line' id='line_1_77' title="bbox 2182 4433 3831 4515; baseline 0.005 -21"><span class='ocrx_word' id='word_1_557' title='bbox 2182 4445 2304 4495; x_wconf 86' lang='lat' dir='ltr'><strong><em>tum</em></strong></span> <span class='ocrx_word' id='word_1_558' title='bbox 2333 4433 2491 4512; x_wconf 86' lang='lat' dir='ltr'><strong><em>apud</em></strong></span> <span class='ocrx_word' id='word_1_559' title='bbox 2525 4433 2997 4496; x_wconf 84' lang='lat' dir='ltr'><strong><em>Christianorum</em></strong></span> <span class='ocrx_word' id='word_1_560' title='bbox 3029 4435 3476 4515; x_wconf 87' lang='lat' dir='ltr'><strong><em>antiquissimos</em></strong></span> <span class='ocrx_word' id='word_1_561' title='bbox 3505 4441 3831 4506; x_wconf 78' lang='lat' dir='ltr'><strong><em>auctorita-</em></strong></span> 
     </span>
    </p>
   </div>
   <div class='ocr_carea' id='block_1_78' title="bbox 2184 4521 3833 4605">
    <p class='ocr_par' dir='ltr' id='par_1_78' title="bbox 2184 4521 3833 4605">
     <span class='ocr_line' id='line_1_78' title="bbox 2184 4521 3833 4605; baseline 0.005 -22"><span class='ocrx_word' id='word_1_562' title='bbox 2184 4533 2302 4585; x_wconf 90' lang='lat' dir='ltr'><strong><em>tem</em></strong></span> <span class='ocrx_word' id='word_1_563' title='bbox 2323 4521 2611 4595; x_wconf 88' lang='lat' dir='ltr'><strong><em>habuere;</em></strong></span> <span class='ocrx_word' id='word_1_564' title='bbox 2633 4523 2792 4603; x_wconf 90' lang='lat' dir='ltr'><strong><em>quod</em></strong></span> <span class='ocrx_word' id='word_1_565' title='bbox 2817 4521 3012 4585; x_wconf 88' lang='lat' dir='ltr'><strong><em>verbis</em></strong></span> <span class='ocrx_word' id='word_1_566' title='bbox 3035 4523 3336 4605; x_wconf 87' lang='lat' dir='ltr'><strong><em>rebusque</em></strong></span> <span class='ocrx_word' id='word_1_567' title='bbox 3367 4529 3554 4594; x_wconf 89' lang='lat' dir='ltr'><strong><em>utitur</em></strong></span> <span class='ocrx_word' id='word_1_568' title='bbox 3574 4535 3833 4595; x_wconf 88' lang='lat' dir='ltr'><strong><em>desum-</em></strong></span> 
     </span>
    </p>
   </div>
   <div class='ocr_carea' id='block_1_79' title="bbox 2185 4610 3839 4694">
    <p class='ocr_par' dir='ltr' id='par_1_79' title="bbox 2185 4610 3839 4694">
     <span class='ocr_line' id='line_1_79' title="bbox 2185 4610 3839 4694; baseline 0.005 -22"><span class='ocrx_word' id='word_1_569' title='bbox 2185 4612 2300 4694; x_wconf 92' lang='lat' dir='ltr'><strong><em>ptis</em></strong></span> <span class='ocrx_word' id='word_1_570' title='bbox 2333 4629 2408 4672; x_wconf 86' lang='lat' dir='ltr'><strong><em>ex</em></strong></span> <span class='ocrx_word' id='word_1_571' title='bbox 2441 4610 2514 4672; x_wconf 87' lang='lat' dir='ltr'><strong><em>iis</em></strong></span> <span class='ocrx_word' id='word_1_572' title='bbox 2545 4630 2677 4692; x_wconf 77' lang='lat' dir='ltr'><strong><em>quae</em></strong></span> <span class='ocrx_word' id='word_1_573' title='bbox 2706 4613 2948 4688; x_wconf 79' lang='lat' dir='ltr'><strong><em>Paulus,</em></strong></span> <span class='ocrx_word' id='word_1_574' title='bbox 2981 4611 3192 4675; x_wconf 88' lang='lat' dir='ltr'><strong><em>Petrus</em></strong></span> <span class='ocrx_word' id='word_1_575' title='bbox 3222 4628 3282 4675; x_wconf 81' lang='lat' dir='ltr'><strong><em>et</em></strong></span> <span class='ocrx_word' id='word_1_576' title='bbox 3311 4613 3410 4677; x_wconf 89' lang='lat' dir='ltr'><strong><em>alii</em></strong></span> <span class='ocrx_word' id='word_1_577' title='bbox 3445 4619 3521 4681; x_wconf 90' lang='lat' dir='ltr'><strong><em>ad</em></strong></span> <span class='ocrx_word' id='word_1_578' title='bbox 3550 4619 3839 4685; x_wconf 58' lang='lat' dir='ltr'><strong><em>Hebraeos</em></strong></span> 
     </span>
    </p>
   </div>
   <div class='ocr_carea' id='block_1_80' title="bbox 454 4701 3842 4803">
    <p class='ocr_par' dir='ltr' id='par_1_80' title="bbox 454 4701 3842 4803">
     <span class='ocr_line' id='line_1_80' title="bbox 454 4701 3842 4803; baseline -0.004 -22"><span class='ocrx_word' id='word_1_579' title='bbox 454 4701 821 4801; x_wconf 46' lang='lat' dir='ltr'><strong><em>ptor,&#39;quam</em></strong></span> <span class='ocrx_word' id='word_1_580' title='bbox 855 4717 906 4776; x_wconf 88' lang='lat' dir='ltr'><strong><em>is</em></strong></span> <span class='ocrx_word' id='word_1_581' title='bbox 935 4715 1064 4803; x_wconf 89' lang='lat' dir='ltr'><strong><em>ipse</em></strong></span> <span class='ocrx_word' id='word_1_582' title='bbox 1096 4711 1374 4803; x_wconf 78' lang='lat' dir='ltr'><strong><em>Clemens</em></strong></span> <span class='ocrx_word' id='word_1_583' title='bbox 1396 4708 1726 4803; x_wconf 75' lang='lat' dir='ltr'><strong><em>Romanus,</em></strong></span> <span class='ocrx_word' id='word_1_584' title='bbox 1748 4709 1906 4803; x_wconf 82' lang='lat' dir='ltr'><strong><em>quod</em></strong></span> <span class='ocrx_word' id='word_1_585' title='bbox 1937 4715 2101 4771; x_wconf 86' lang='lat' dir='ltr'><strong><em>tanto</em></strong></span> <span class='ocrx_word' id='word_1_586' title='bbox 2122 4779 2166 4803; x_wconf 61' lang='lat' dir='ltr'><strong>n</strong></span> <span class='ocrx_word' id='word_1_587' title='bbox 2188 4701 2513 4784; x_wconf 86' lang='lat' dir='ltr'><strong><em>scripsere,</em></strong></span> <span class='ocrx_word' id='word_1_588' title='bbox 2552 4718 2672 4761; x_wconf 88' lang='lat' dir='ltr'><strong><em>non</em></strong></span> <span class='ocrx_word' id='word_1_589' title='bbox 2703 4701 2881 4763; x_wconf 91' lang='lat' dir='ltr'><strong><em>etiam</em></strong></span> <span class='ocrx_word' id='word_1_590' title='bbox 2915 4720 2986 4764; x_wconf 90' lang='lat' dir='ltr'><strong><em>ex</em></strong></span> <span class='ocrx_word' id='word_1_591' title='bbox 3015 4701 3150 4803; x_wconf 62' lang='lat' dir='ltr'><strong><em>illis</em></strong></span> <span class='ocrx_word' id='word_1_592' title='bbox 3165 4701 3332 4803; x_wconf 75' lang='lat' dir='ltr'><strong><em>libris</em></strong></span> <span class='ocrx_word' id='word_1_593' title='bbox 3355 4722 3486 4785; x_wconf 72' lang='lat' dir='ltr'><strong><em>quae</em></strong></span> <span class='ocrx_word' id='word_1_594' title='bbox 3515 4707 3842 4803; x_wconf 74' lang='lat' dir='ltr'><strong><em>Evangelia</em></strong></span> 
     </span>
    </p>
   </div>
   <div class='ocr_carea' id='block_1_81' title="bbox 453 4779 3838 4879">
    <p class='ocr_par' dir='ltr' id='par_1_81' title="bbox 453 4779 3838 4879">
     <span class='ocr_line' id='line_1_81' title="bbox 453 4779 3838 4879; baseline -0.004 -7"><span class='ocrx_word' id='word_1_595' title='bbox 453 4779 748 4872; x_wconf 62' lang='lat' dir='ltr'><strong><em>consensu</em></strong></span> <span class='ocrx_word' id='word_1_596' title='bbox 777 4805 853 4867; x_wconf 89' lang='lat' dir='ltr'><strong><em>ab</em></strong></span> <span class='ocrx_word' id='word_1_597' title='bbox 885 4779 1162 4866; x_wconf 77' lang='lat' dir='ltr'><strong><em>omnibus</em></strong></span> <span class='ocrx_word' id='word_1_598' title='bbox 1195 4795 1490 4878; x_wconf 88' lang='lat' dir='ltr'><strong><em>proditum</em></strong></span> <span class='ocrx_word' id='word_1_599' title='bbox 1517 4804 1625 4856; x_wconf 89' lang='lat' dir='ltr'><strong><em>est.</em></strong></span> <span class='ocrx_word' id='word_1_600' title='bbox 1653 4779 1787 4859; x_wconf 76' lang='lat' dir='ltr'><strong><em>Non</em></strong></span> <span class='ocrx_word' id='word_1_601' title='bbox 1817 4797 1947 4860; x_wconf 88' lang='lat' dir='ltr'><strong><em>loca</em></strong></span> <span class='ocrx_word' id='word_1_602' title='bbox 1970 4807 2099 4858; x_wconf 87' lang='lat' dir='ltr'><strong><em>tan-</em></strong></span> <span class='ocrx_word' id='word_1_603' title='bbox 2122 4779 2166 4829; x_wconf 77' lang='lat' dir='ltr'><strong>D</strong></span> <span class='ocrx_word' id='word_1_604' title='bbox 2184 4809 2293 4853; x_wconf 90' lang='lat' dir='ltr'><strong><em>nos</em></strong></span> <span class='ocrx_word' id='word_1_605' title='bbox 2313 4779 2624 4869; x_wconf 68' lang='lat' dir='ltr'><strong><em>vocamus,</em></strong></span> <span class='ocrx_word' id='word_1_606' title='bbox 2658 4811 2914 4874; x_wconf 64' lang='lat' dir='ltr'><strong><em>quasque</em></strong></span> <span class='ocrx_word' id='word_1_607' title='bbox 2943 4801 3078 4874; x_wconf 88' lang='lat' dir='ltr'><strong><em>post</em></strong></span> <span class='ocrx_word' id='word_1_608' title='bbox 3105 4779 3400 4873; x_wconf 75' lang='lat' dir='ltr'><strong><em>Epistolas</em></strong></span> <span class='ocrx_word' id='word_1_609' title='bbox 3444 4779 3838 4879; x_wconf 70' lang='lat' dir='ltr'><strong><em>prodierunt;</em></strong></span> 
     </span>
    </p>
   </div>
   <div class='ocr_carea' id='block_1_82' title="bbox 454 4881 3844 4976">
    <p class='ocr_par' dir='ltr' id='par_1_82' title="bbox 454 4881 3844 4976">
     <span class='ocr_line' id='line_1_82' title="bbox 454 4881 3844 4976; baseline -0.004 -15"><span class='ocrx_word' id='word_1_610' title='bbox 454 4909 575 4961; x_wconf 91' lang='lat' dir='ltr'><strong><em>tum</em></strong></span> <span class='ocrx_word' id='word_1_611' title='bbox 595 4896 820 4976; x_wconf 91' lang='lat' dir='ltr'><strong><em>omnia,</em></strong></span> <span class='ocrx_word' id='word_1_612' title='bbox 844 4911 977 4974; x_wconf 59' lang='lat' dir='ltr'><strong><em>quae</em></strong></span> <span class='ocrx_word' id='word_1_613' title='bbox 997 4890 1071 4952; x_wconf 90' lang='lat' dir='ltr'><strong><em>ab</em></strong></span> <span class='ocrx_word' id='word_1_614' title='bbox 1091 4885 1359 4976; x_wconf 20' lang='lat' dir='ltr'><strong><em>antiquis,</em></strong></span> <span class='ocrx_word' id='word_1_615' title='bbox 1373 4885 1770 4976; x_wconf 85' lang='lat' dir='ltr'><strong><em>adducuntur,</em></strong></span> <span class='ocrx_word' id='word_1_616' title='bbox 1796 4887 1894 4949; x_wconf 90' lang='lat' dir='ltr'><strong><em>hic</em></strong></span> <span class='ocrx_word' id='word_1_617' title='bbox 1911 4903 2095 4969; x_wconf 88' lang='lat' dir='ltr'><strong><em>appa-</em></strong></span> <span class='ocrx_word' id='word_1_618' title='bbox 2182 4881 2340 4962; x_wconf 88' lang='lat' dir='ltr'><strong><em>quod</em></strong></span> <span class='ocrx_word' id='word_1_619' title='bbox 2372 4881 2530 4976; x_wconf 78' lang='lat' dir='ltr'><strong><em>dicta</em></strong></span> <span class='ocrx_word' id='word_1_620' title='bbox 2580 4882 2850 4962; x_wconf 72' lang='lat' dir='ltr'><strong><em>quaedam</em></strong></span> <span class='ocrx_word' id='word_1_621' title='bbox 2908 4890 3156 4964; x_wconf 87' lang='lat' dir='ltr'><strong><em>usurpat</em></strong></span> <span class='ocrx_word' id='word_1_622' title='bbox 3184 4901 3304 4976; x_wconf 83' lang='lat' dir='ltr'><strong><em>non</em></strong></span> <span class='ocrx_word' id='word_1_623' title='bbox 3351 4887 3599 4968; x_wconf 88' lang='lat' dir='ltr'><strong><em>scripta,</em></strong></span> <span class='ocrx_word' id='word_1_624' title='bbox 3637 4888 3742 4950; x_wconf 92' lang='lat' dir='ltr'><strong><em>sed</em></strong></span> <span class='ocrx_word' id='word_1_625' title='bbox 3774 4895 3844 4948; x_wconf 91' lang='lat' dir='ltr'><strong><em>ut</em></strong></span> 
     </span>
    </p>
   </div>
   <div class='ocr_carea' id='block_1_83' title="bbox 455 4971 3840 5065">
    <p class='ocr_par' dir='ltr' id='par_1_83' title="bbox 455 4971 3840 5065">
     <span class='ocr_line' id='line_1_83' title="bbox 455 4971 3840 5065; baseline -0.004 -13"><span class='ocrx_word' id='word_1_626' title='bbox 455 4998 611 5065; x_wconf 77' lang='lat' dir='ltr'><strong><em>rent,</em></strong></span> <span class='ocrx_word' id='word_1_627' title='bbox 635 4988 741 5048; x_wconf 89' lang='lat' dir='ltr'><strong><em>sed</em></strong></span> <span class='ocrx_word' id='word_1_628' title='bbox 769 4971 828 5046; x_wconf 73' lang='lat' dir='ltr'><strong><em>et</em></strong></span> <span class='ocrx_word' id='word_1_629' title='bbox 848 4971 947 5044; x_wconf 73' lang='lat' dir='ltr'><strong><em>res</em></strong></span> <span class='ocrx_word' id='word_1_630' title='bbox 967 4981 1288 5061; x_wconf 76' lang='lat' dir='ltr'><strong><em>ipsae,quas</em></strong></span> <span class='ocrx_word' id='word_1_631' title='bbox 1309 4973 2102 5058; x_wconf 82' lang='lat' dir='ltr'><strong><em>observatPhotius,etquod</em></strong></span> <span class='ocrx_word' id='word_1_632' title='bbox 2183 4971 2720 5065; x_wconf 84' lang='lat' dir='ltr'><strong><em>memoriarecente</em></strong></span> <span class='ocrx_word' id='word_1_633' title='bbox 2735 4988 3070 5065; x_wconf 75' lang='lat' dir='ltr'><strong><em>permanus</em></strong></span> <span class='ocrx_word' id='word_1_634' title='bbox 3091 4973 3336 5054; x_wconf 82' lang='lat' dir='ltr'><strong><em>tradita;</em></strong></span> <span class='ocrx_word' id='word_1_635' title='bbox 3362 4979 3517 5055; x_wconf 84' lang='lat' dir='ltr'><strong><em>quod</em></strong></span> <span class='ocrx_word' id='word_1_636' title='bbox 3538 4994 3840 5055; x_wconf 86' lang='lat' dir='ltr'><strong><em>nusquam</em></strong></span> 
     </span>
    </p>
   </div>
   <div class='ocr_carea' id='block_1_84' title="bbox 457 5061 3838 5154">
    <p class='ocr_par' dir='ltr' id='par_1_84' title="bbox 457 5061 3838 5154">
     <span class='ocr_line' id='line_1_84' title="bbox 457 5061 3838 5154; baseline -0.004 -14"><span class='ocrx_word' id='word_1_637' title='bbox 457 5061 808 5154; x_wconf 88' lang='lat' dir='ltr'><strong><em>maximum,</em></strong></span> <span class='ocrx_word' id='word_1_638' title='bbox 843 5074 1155 5134; x_wconf 85' lang='lat' dir='ltr'><strong><em>character</em></strong></span> <span class='ocrx_word' id='word_1_639' title='bbox 1187 5065 1525 5154; x_wconf 15' lang='lat' dir='ltr'><strong><em>Hiieronyno</em></strong></span> <span class='ocrx_word' id='word_1_640' title='bbox 1555 5065 1770 5142; x_wconf 89' lang='lat' dir='ltr'><strong><em>dictus,</em></strong></span> <span class='ocrx_word' id='word_1_641' title='bbox 1801 5068 1876 5129; x_wconf 91' lang='lat' dir='ltr'><strong><em>ad</em></strong></span> <span class='ocrx_word' id='word_1_642' title='bbox 1934 5068 2099 5130; x_wconf 89' lang='lat' dir='ltr'><strong><em>illum</em></strong></span> <span class='ocrx_word' id='word_1_643' title='bbox 2185 5061 2738 5154; x_wconf 58' lang='lat' dir='ltr'><strong><em>meminitexsortis</em></strong></span> <span class='ocrx_word' id='word_1_644' title='bbox 2768 5061 2928 5125; x_wconf 90' lang='lat' dir='ltr'><strong><em>illius</em></strong></span> <span class='ocrx_word' id='word_1_645' title='bbox 2969 5063 3399 5154; x_wconf 77' lang='lat' dir='ltr'><strong><em>episcoporum</em></strong></span> <span class='ocrx_word' id='word_1_646' title='bbox 3429 5066 3838 5148; x_wconf 86' lang='lat' dir='ltr'><strong><em>auctoritatis,</em></strong></span> 
     </span>
    </p>
   </div>
   <div class='ocr_carea' id='block_1_85' title="bbox 456 5150 3839 5248">
    <p class='ocr_par' dir='ltr' id='par_1_85' title="bbox 456 5150 3839 5248">
     <span class='ocr_line' id='line_1_85' title="bbox 456 5150 3839 5248; baseline -0.004 -17"><span class='ocrx_word' id='word_1_647' title='bbox 456 5170 560 5248; x_wconf 89' lang='lat' dir='ltr'><strong><em>qui</em></strong></span> <span class='ocrx_word' id='word_1_648' title='bbox 586 5166 766 5229; x_wconf 87' lang='lat' dir='ltr'><strong><em>estin</em></strong></span> <span class='ocrx_word' id='word_1_649' title='bbox 793 5150 1059 5242; x_wconf 86' lang='lat' dir='ltr'><strong><em>Epistola</em></strong></span> <span class='ocrx_word' id='word_1_650' title='bbox 1104 5156 1180 5220; x_wconf 88' lang='lat' dir='ltr'><strong><em>ad</em></strong></span> <span class='ocrx_word' id='word_1_651' title='bbox 1227 5153 1512 5248; x_wconf 66' lang='lat' dir='ltr'><strong><em>Hebraeos</em></strong></span> <span class='ocrx_word' id='word_1_652' title='bbox 1541 5156 1872 5248; x_wconf 72' lang='lat' dir='ltr'><strong><em>accedere.</em></strong></span> <span class='ocrx_word' id='word_1_653' title='bbox 1920 5157 2102 5237; x_wconf 83' lang='lat' dir='ltr'><strong><em>Cujus</em></strong></span> <span class='ocrx_word' id='word_1_654' title='bbox 2185 5169 2316 5248; x_wconf 81' lang='lat' dir='ltr'><strong><em>quae</em></strong></span> <span class='ocrx_word' id='word_1_655' title='bbox 2342 5150 2627 5248; x_wconf 80' lang='lat' dir='ltr'><strong><em>Ecclesiae</em></strong></span> <span class='ocrx_word' id='word_1_656' title='bbox 2656 5151 3115 5228; x_wconf 90' lang='lat' dir='ltr'><strong><em>consuetudine,</em></strong></span> <span class='ocrx_word' id='word_1_657' title='bbox 3152 5161 3285 5248; x_wconf 77' lang='lat' dir='ltr'><strong><em>post</em></strong></span> <span class='ocrx_word' id='word_1_658' title='bbox 3313 5157 3518 5248; x_wconf 32' lang='grc' dir='ltr'><strong><em>’Ἀξίῳ-οἰ</em></strong></span> <span class='ocrx_word' id='word_1_659' title='bbox 3552 5167 3839 5248; x_wconf 86' lang='lat' dir='ltr'><strong><em>mortem,</em></strong></span> 
     </span>
    </p>
   </div>
   <div class='ocr_carea' id='block_1_86' title="bbox 457 5241 3843 5328">
    <p class='ocr_par' dir='ltr' id='par_1_86' title="bbox 457 5241 3843 5328">
     <span class='ocr_line' id='line_1_86' title="bbox 457 5241 3843 5328; baseline -0.004 -7"><span class='ocrx_word' id='word_1_660' title='bbox 457 5241 637 5320; x_wconf 71' lang='lat' dir='ltr'><strong><em>causa</em></strong></span> <span class='ocrx_word' id='word_1_661' title='bbox 666 5272 788 5316; x_wconf 91' lang='lat' dir='ltr'><strong><em>non</em></strong></span> <span class='ocrx_word' id='word_1_662' title='bbox 817 5241 931 5313; x_wconf 86' lang='lat' dir='ltr'><strong><em>alia</em></strong></span> <span class='ocrx_word' id='word_1_663' title='bbox 959 5257 1073 5324; x_wconf 86' lang='lat' dir='ltr'><strong><em>est,</em></strong></span> <span class='ocrx_word' id='word_1_664' title='bbox 1095 5264 1269 5328; x_wconf 88' lang='lat' dir='ltr'><strong><em>quam</em></strong></span> <span class='ocrx_word' id='word_1_665' title='bbox 1301 5245 1462 5325; x_wconf 90' lang='lat' dir='ltr'><strong><em>quod</em></strong></span> <span class='ocrx_word' id='word_1_666' title='bbox 1495 5245 1590 5307; x_wconf 91' lang='lat' dir='ltr'><strong><em>hic</em></strong></span> <span class='ocrx_word' id='word_1_667' title='bbox 1621 5245 1919 5323; x_wconf 87' lang='lat' dir='ltr'><strong><em>Clemens,</em></strong></span> <span class='ocrx_word' id='word_1_668' title='bbox 1945 5257 2009 5308; x_wconf 90' lang='lat' dir='ltr'><strong><em>ut</em></strong></span> <span class='ocrx_word' id='word_1_669' title='bbox 2043 5255 2106 5308; x_wconf 91' lang='lat' dir='ltr'><strong><em>et</em></strong></span> <span class='ocrx_word' id='word_1_670' title='bbox 2185 5241 2812 5322; x_wconf 83' lang='lat' dir='ltr'><strong><em>Alexandrinae,atque</em></strong></span> <span class='ocrx_word' id='word_1_671' title='bbox 2837 5259 2906 5303; x_wconf 75' lang='lat' dir='ltr'><strong><em>eo</em></strong></span> <span class='ocrx_word' id='word_1_672' title='bbox 2929 5244 3206 5323; x_wconf 85' lang='lat' dir='ltr'><strong><em>exemplo</em></strong></span> <span class='ocrx_word' id='word_1_673' title='bbox 3231 5242 3703 5327; x_wconf 87' lang='lat' dir='ltr'><strong><em>alibi,introduci</em></strong></span> <span class='ocrx_word' id='word_1_674' title='bbox 3721 5263 3843 5308; x_wconf 72' lang='lat' dir='ltr'><strong><em>cm-</em></strong></span> 
     </span>
    </p>
   </div>
   <div class='ocr_carea' id='block_1_87' title="bbox 459 5330 3842 5424">
    <p class='ocr_par' dir='ltr' id='par_1_87' title="bbox 459 5330 3842 5424">
     <span class='ocr_line' id='line_1_87' title="bbox 459 5330 3842 5424; baseline -0.004 -12"><span class='ocrx_word' id='word_1_675' title='bbox 459 5352 740 5422; x_wconf 87' lang='lat' dir='ltr'><strong><em>Lucas,et</em></strong></span> <span class='ocrx_word' id='word_1_676' title='bbox 753 5339 1027 5424; x_wconf 87' lang='lat' dir='ltr'><strong><em>quisquis</em></strong></span> <span class='ocrx_word' id='word_1_677' title='bbox 1047 5338 1151 5399; x_wconf 91' lang='lat' dir='ltr'><strong><em>ille</em></strong></span> <span class='ocrx_word' id='word_1_678' title='bbox 1171 5346 1261 5400; x_wconf 92' lang='lat' dir='ltr'><strong><em>est</em></strong></span> <span class='ocrx_word' id='word_1_679' title='bbox 1287 5335 1544 5416; x_wconf 88' lang='lat' dir='ltr'><strong><em>scriptor</em></strong></span> <span class='ocrx_word' id='word_1_680' title='bbox 1559 5335 1632 5396; x_wconf 87' lang='lat' dir='ltr'><strong><em>ad</em></strong></span> <span class='ocrx_word' id='word_1_681' title='bbox 1651 5338 1940 5400; x_wconf 66' lang='lat' dir='ltr'><strong><em>Hebraeos</em></strong></span> <span class='ocrx_word' id='word_1_682' title='bbox 1956 5334 2103 5415; x_wconf 90' lang='lat' dir='ltr'><strong><em>Epi-</em></strong></span> <span class='ocrx_word' id='word_1_683' title='bbox 2189 5331 2296 5424; x_wconf 83' lang='lat' dir='ltr'><strong><em>pit,</em></strong></span> <span class='ocrx_word' id='word_1_684' title='bbox 2319 5332 2425 5392; x_wconf 85' lang='lat' dir='ltr'><strong><em>sed</em></strong></span> <span class='ocrx_word' id='word_1_685' title='bbox 2450 5330 2638 5424; x_wconf 81' lang='lat' dir='ltr'><strong><em>plane</em></strong></span> <span class='ocrx_word' id='word_1_686' title='bbox 2657 5341 2720 5393; x_wconf 90' lang='lat' dir='ltr'><strong><em>ut</em></strong></span> <span class='ocrx_word' id='word_1_687' title='bbox 2749 5332 2968 5424; x_wconf 83' lang='lat' dir='ltr'><strong><em>Paulus</em></strong></span> <span class='ocrx_word' id='word_1_688' title='bbox 2997 5333 3323 5413; x_wconf 87' lang='lat' dir='ltr'><strong><em>apostolus,</em></strong></span> <span class='ocrx_word' id='word_1_689' title='bbox 3349 5336 3614 5424; x_wconf 88' lang='lat' dir='ltr'><strong><em>ostendit</em></strong></span> <span class='ocrx_word' id='word_1_690' title='bbox 3637 5337 3842 5399; x_wconf 83' lang='lat' dir='ltr'><strong><em>eccle-</em></strong></span> 
     </span>
    </p>
   </div>
   <div class='ocr_carea' id='block_1_88' title="bbox 467 5421 3846 5512">
    <p class='ocr_par' dir='ltr' id='par_1_88' title="bbox 467 5421 3846 5512">
     <span class='ocr_line' id='line_1_88' title="bbox 467 5421 3846 5512; baseline -0.004 -13"><span class='ocrx_word' id='word_1_691' title='bbox 467 5421 669 5512; x_wconf 66' lang='lat' dir='ltr'><strong><em>stolm,</em></strong></span> <span class='ocrx_word' id='word_1_692' title='bbox 690 5421 1011 5512; x_wconf 79' lang='lat' dir='ltr'><strong><em>antequam</em></strong></span> <span class='ocrx_word' id='word_1_693' title='bbox 1039 5425 1358 5492; x_wconf 85' lang='lat' dir='ltr'><strong><em>Christiani</em></strong></span> <span class='ocrx_word' id='word_1_694' title='bbox 1399 5428 1636 5506; x_wconf 88' lang='lat' dir='ltr'><strong><em>tierent,</em></strong></span> <span class='ocrx_word' id='word_1_695' title='bbox 1671 5424 1940 5489; x_wconf 56' lang='lat' dir='ltr'><strong><em>Graecum</em></strong></span> <span class='ocrx_word' id='word_1_696' title='bbox 1971 5441 2106 5486; x_wconf 81' lang='lat' dir='ltr'><strong><em>ser-</em></strong></span> <span class='ocrx_word' id='word_1_697' title='bbox 2189 5421 2308 5512; x_wconf 79' lang='lat' dir='ltr'><strong><em>sies</em></strong></span> <span class='ocrx_word' id='word_1_698' title='bbox 2334 5421 2649 5512; x_wconf 69' lang='lat' dir='ltr'><strong><em>communi</em></strong></span> <span class='ocrx_word' id='word_1_699' title='bbox 2674 5421 3187 5505; x_wconf 77' lang='lat' dir='ltr'><strong><em>presbyterorum,</em></strong></span> <span class='ocrx_word' id='word_1_700' title='bbox 3215 5424 3313 5504; x_wconf 90' lang='lat' dir='ltr'><strong><em>qui</em></strong></span> <span class='ocrx_word' id='word_1_701' title='bbox 3341 5423 3526 5488; x_wconf 89' lang='lat' dir='ltr'><strong><em>iidem</em></strong></span> <span class='ocrx_word' id='word_1_702' title='bbox 3553 5444 3767 5489; x_wconf 91' lang='lat' dir='ltr'><strong><em>omnes</em></strong></span> <span class='ocrx_word' id='word_1_703' title='bbox 3785 5433 3846 5488; x_wconf 90' lang='lat' dir='ltr'><strong><em>et</em></strong></span> 
     </span>
    </p>
   </div>
   <div class='ocr_carea' id='block_1_89' title="bbox 464 5510 3846 5599">
    <p class='ocr_par' dir='ltr' id='par_1_89' title="bbox 464 5510 3846 5599">
     <span class='ocr_line' id='line_1_89' title="bbox 464 5510 3846 5599; baseline -0.003 -10"><span class='ocrx_word' id='word_1_704' title='bbox 464 5510 704 5589; x_wconf 83' lang='lat' dir='ltr'><strong><em>monem</em></strong></span> <span class='ocrx_word' id='word_1_705' title='bbox 721 5542 796 5587; x_wconf 90' lang='lat' dir='ltr'><strong><em>ex</em></strong></span> <span class='ocrx_word' id='word_1_706' title='bbox 820 5510 1078 5586; x_wconf 78' lang='lat' dir='ltr'><strong><em>eruditis</em></strong></span> <span class='ocrx_word' id='word_1_707' title='bbox 1097 5516 1436 5582; x_wconf 88' lang='lat' dir='ltr'><strong><em>auctoribus</em></strong></span> <span class='ocrx_word' id='word_1_708' title='bbox 1449 5515 1792 5599; x_wconf 87' lang='lat' dir='ltr'><strong><em>hauserant,</em></strong></span> <span class='ocrx_word' id='word_1_709' title='bbox 1817 5518 1988 5597; x_wconf 83' lang='lat' dir='ltr'><strong><em>cujus</em></strong></span> <span class='ocrx_word' id='word_1_710' title='bbox 2009 5514 2106 5577; x_wconf 84' lang='lat' dir='ltr'><strong><em>ni-</em></strong></span> <span class='ocrx_word' id='word_1_711' title='bbox 2191 5511 2457 5593; x_wconf 89' lang='lat' dir='ltr'><strong><em>episcopi</em></strong></span> <span class='ocrx_word' id='word_1_712' title='bbox 2477 5511 2592 5592; x_wconf 91' lang='lat' dir='ltr'><strong><em>ipsi</em></strong></span> <span class='ocrx_word' id='word_1_713' title='bbox 2615 5510 2798 5574; x_wconf 89' lang='lat' dir='ltr'><strong><em>Paulo</em></strong></span> <span class='ocrx_word' id='word_1_714' title='bbox 2819 5513 3124 5594; x_wconf 88' lang='lat' dir='ltr'><strong><em>dicuntur,</em></strong></span> <span class='ocrx_word' id='word_1_715' title='bbox 3150 5513 3400 5577; x_wconf 88' lang='lat' dir='ltr'><strong><em>consilio</em></strong></span> <span class='ocrx_word' id='word_1_716' title='bbox 3427 5514 3608 5580; x_wconf 79' lang='lat' dir='ltr'><strong><em>fuisse</em></strong></span> <span class='ocrx_word' id='word_1_717' title='bbox 3627 5517 3846 5596; x_wconf 83' lang='lat' dir='ltr'><strong><em>guber-</em></strong></span> 
     </span>
    </p>
   </div>
   <div class='ocr_carea' id='block_1_90' title="bbox 462 5603 2089 5694">
    <p class='ocr_par' dir='ltr' id='par_1_90' title="bbox 462 5606 2089 5694">
     <span class='ocr_line' id='line_1_90' title="bbox 462 5606 2089 5694; baseline -0.009 -14"><span class='ocrx_word' id='word_1_718' title='bbox 462 5625 582 5694; x_wconf 85' lang='lat' dir='ltr'><strong><em>tor,</em></strong></span> <span class='ocrx_word' id='word_1_719' title='bbox 608 5616 713 5678; x_wconf 88' lang='lat' dir='ltr'><strong><em>ubi</em></strong></span> <span class='ocrx_word' id='word_1_720' title='bbox 740 5633 864 5676; x_wconf 91' lang='lat' dir='ltr'><strong><em>non</em></strong></span> <span class='ocrx_word' id='word_1_721' title='bbox 890 5611 1089 5674; x_wconf 83' lang='lat' dir='ltr'><strong><em>aliena</em></strong></span> <span class='ocrx_word' id='word_1_722' title='bbox 1115 5609 1295 5685; x_wconf 87' lang='lat' dir='ltr'><strong><em>dicta,</em></strong></span> <span class='ocrx_word' id='word_1_723' title='bbox 1319 5616 1420 5669; x_wconf 88' lang='lat' dir='ltr'><strong><em>aut</em></strong></span> <span class='ocrx_word' id='word_1_724' title='bbox 1447 5623 1522 5670; x_wconf 86' lang='lat' dir='ltr'><strong><em>ex</em></strong></span> <span class='ocrx_word' id='word_1_725' title='bbox 1548 5607 1736 5667; x_wconf 86' lang='lat' dir='ltr'><strong><em>sacris</em></strong></span> <span class='ocrx_word' id='word_1_726' title='bbox 1760 5607 1971 5670; x_wconf 90' lang='lat' dir='ltr'><strong><em>litteris</em></strong></span> <span class='ocrx_word' id='word_1_727' title='bbox 2001 5606 2089 5666; x_wconf 91' lang='lat' dir='ltr'><strong><em>de-</em></strong></span> 
     </span>
    </p>
   </div>
   <div class='ocr_carea' id='block_1_91' title="bbox 2172 5603 3845 5694">
    <p class='ocr_par' dir='ltr' id='par_1_91' title="bbox 2195 5603 3845 5694">
     <span class='ocr_line' id='line_1_91' title="bbox 2195 5603 3845 5694; baseline 0.002 -33"><span class='ocrx_word' id='word_1_728' title='bbox 2195 5609 2383 5694; x_wconf 80' lang='lat' dir='ltr'><strong><em>natas.</em></strong></span> <span class='ocrx_word' id='word_1_729' title='bbox 2443 5603 2593 5666; x_wconf 87' lang='lat' dir='ltr'><strong><em>Nam</em></strong></span> <span class='ocrx_word' id='word_1_730' title='bbox 2652 5604 2810 5685; x_wconf 90' lang='lat' dir='ltr'><strong><em>quod</em></strong></span> <span class='ocrx_word' id='word_1_731' title='bbox 2868 5605 3139 5684; x_wconf 78' lang='grc' dir='ltr'><strong><em>ἁργιιρέα,</em></strong></span> <span class='ocrx_word' id='word_1_732' title='bbox 3205 5603 3412 5673; x_wconf 81' lang='grc' dir='ltr'>λευίτας</span> <span class='ocrx_word' id='word_1_733' title='bbox 3487 5615 3546 5669; x_wconf 90' lang='lat' dir='ltr'><strong><em>et</em></strong></span> <span class='ocrx_word' id='word_1_734' title='bbox 3619 5607 3845 5670; x_wconf 84' lang='grc' dir='ltr'><strong><em>λα’ίκοὺς</em></strong></span> 
     </span>
    </p>
   </div>
   <div class='ocr_carea' id='block_1_92' title="bbox 469 5693 3847 5789">
    <p class='ocr_par' dir='ltr' id='par_1_92' title="bbox 469 5693 3847 5789">
     <span class='ocr_line' id='line_1_92' title="bbox 469 5693 3847 5789; baseline -0.003 -21"><span class='ocrx_word' id='word_1_735' title='bbox 469 5715 744 5789; x_wconf 86' lang='lat' dir='ltr'><strong><em>prompta</em></strong></span> <span class='ocrx_word' id='word_1_736' title='bbox 763 5702 943 5768; x_wconf 83' lang='lat' dir='ltr'><strong><em>verba</em></strong></span> <span class='ocrx_word' id='word_1_737' title='bbox 964 5701 1090 5765; x_wconf 84' lang='lat' dir='ltr'><strong><em>suis</em></strong></span> <span class='ocrx_word' id='word_1_738' title='bbox 1110 5695 1534 5789; x_wconf 81' lang='lat' dir='ltr'><strong><em>inserunt,_s_ed</em></strong></span> <span class='ocrx_word' id='word_1_739' title='bbox 1553 5695 1823 5789; x_wconf 26' lang='lat' dir='ltr'><strong><em>lib‘eriori</em></strong></span> <span class='ocrx_word' id='word_1_740' title='bbox 1849 5695 2115 5759; x_wconf 85' lang='lat' dir='ltr'><strong><em>dictione</em></strong></span> <span class='ocrx_word' id='word_1_741' title='bbox 2197 5693 2490 5789; x_wconf 69' lang='lat' dir='ltr'><strong><em>nominat,</em></strong></span> <span class='ocrx_word' id='word_1_742' title='bbox 2513 5694 2716 5789; x_wconf 73' lang='lat' dir='ltr'><strong><em>omnia</em></strong></span> <span class='ocrx_word' id='word_1_743' title='bbox 2737 5694 2853 5757; x_wconf 85' lang='lat' dir='ltr'><strong><em>ista</em></strong></span> <span class='ocrx_word' id='word_1_744' title='bbox 2872 5695 3122 5789; x_wconf 80' lang='lat' dir='ltr'><strong><em>nomina</em></strong></span> <span class='ocrx_word' id='word_1_745' title='bbox 3140 5711 3262 5758; x_wconf 91' lang='lat' dir='ltr'><strong><em>non</em></strong></span> <span class='ocrx_word' id='word_1_746' title='bbox 3281 5695 3847 5789; x_wconf 26' lang='lat' dir='ltr'><strong><em>adAEcclesiam,sed</em></strong></span> 
     </span>
    </p>
   </div>
   <div class='ocr_carea' id='block_1_93' title="bbox 465 5783 3850 5877">
    <p class='ocr_par' dir='ltr' id='par_1_93' title="bbox 465 5783 3850 5877">
     <span class='ocr_line' id='line_1_93' title="bbox 465 5783 3850 5877; baseline -0.001 -20"><span class='ocrx_word' id='word_1_747' title='bbox 465 5783 745 5877; x_wconf 71' lang='lat' dir='ltr'><strong><em>utuntur,</em></strong></span> <span class='ocrx_word' id='word_1_748' title='bbox 784 5794 961 5860; x_wconf 81' lang='lat' dir='ltr'><strong><em>facile</em></strong></span> <span class='ocrx_word' id='word_1_749' title='bbox 985 5791 1389 5876; x_wconf 81' lang='lat' dir='ltr'><strong><em>cognoscitur.</em></strong></span> <span class='ocrx_word' id='word_1_750' title='bbox 1412 5786 1565 5850; x_wconf 85' lang='lat' dir='ltr'><strong><em>Hinc</em></strong></span> <span class='ocrx_word' id='word_1_751' title='bbox 1583 5785 1701 5850; x_wconf 74' lang='lat' dir='ltr'><strong><em>illae</em></strong></span> <span class='ocrx_word' id='word_1_752' title='bbox 1719 5804 1916 5866; x_wconf 82' lang='lat' dir='ltr'><strong><em>voces,</em></strong></span> <span class='ocrx_word' id='word_1_753' title='bbox 1935 5807 2114 5868; x_wconf 74' lang='grc' dir='ltr'><strong><em>μιγα-</em></strong></span> <span class='ocrx_word' id='word_1_754' title='bbox 2195 5785 2274 5848; x_wconf 84' lang='lat' dir='ltr'><strong><em>ad</em></strong></span> <span class='ocrx_word' id='word_1_755' title='bbox 2296 5783 2588 5867; x_wconf 87' lang='lat' dir='ltr'><strong><em>templum</em></strong></span> <span class='ocrx_word' id='word_1_756' title='bbox 2614 5783 3199 5869; x_wconf 78' lang='lat' dir='ltr'><strong><em>Hierosolymiticum</em></strong></span> <span class='ocrx_word' id='word_1_757' title='bbox 3224 5785 3566 5870; x_wconf 80' lang='lat' dir='ltr'><strong><em>pertinent;</em></strong></span> <span class='ocrx_word' id='word_1_758' title='bbox 3586 5787 3850 5854; x_wconf 80' lang='lat' dir='ltr'><strong><em>undein-</em></strong></span> 
     </span>
    </p>
   </div>
  </div>
