4062 6460
390 46 735 107 «sv-ru
754 46 769 73 ς
872 62 879 71 .

252 72 265 75 "
338 78 353 89 ιν
376 76 389 83 '
410 76 413 77 '
456 76 463 89 η
482 78 517 87 ην
550 70 575 77 L'
640 90 643 91 ν
726 84 735 97 ι

206 98 211 99 ν
290 100 303 107 -
672 106 675 107 ,

206 98 211 99 ’
290 100 303 109 δ
422 98 445 107 -ι
586 108 587 111 η

660 106 725 123 βε

293 336 381 406 49

298 550 497 630 magis
528 552 908 616 Christianis.
942 553 1206 637 Tempus
1232 555 1427 637 ipsum
1459 574 1577 637 quo
1609 554 1830 634 scripta
1877 560 1966 615 est

298 639 433 703 haec
467 640 756 723 epistola,
788 661 897 724 ego
927 644 1001 705 ad
1038 645 1215 708 ﬁnem
1254 645 1534 726 Neronis,
1571 652 1669 707 aut
1699 652 1860 707 certe
1892 641 1965 704 ad

296 746 411 792 eos
434 748 636 794 annos
657 734 758 814 qui
780 732 1132 815 Vespasiani
1146 735 1467 817 imperium
1488 738 1963 807 antecesserunt,

290 817 600 887 referam.
625 823 778 885 Nam
800 822 1169 887 oblationum
1194 824 1488 906 meminit,
1505 843 1639 903 quae
1663 825 1720 885 in
1745 821 1966 902 templo

291 924 371 971 ex
410 911 547 991 lege
582 911 822 993 ﬁerent,
842 912 1004 975 sicut
1029 922 1088 976 et
1116 912 1190 975 ad
1218 912 1503 977 Hebrms
1532 912 1809 994 scriptor,
1838 916 1969 992 post

291 998 473 1079 cujus
551 1001 869 1079 epistolam
931 1003 1087 1066 hanc
1147 1002 1326 1065 credo
1390 1003 1708 1087 scriptam:
1773 1018 1965 1082 eoque

295 1088 432 1150 ﬁeri
460 1099 526 1151 ut
549 1090 751 1173 aliqua
776 1091 921 1154 inde
942 1102 1182 1175 sumpta
1202 1110 1328 1157 suae
1350 1093 1675 1156 intexuerit
1702 1090 1966 1173 epistola

297 1176 614 1241 Clemens.
655 1180 881 1243 Mirum
912 1181 1104 1244 videri
1137 1182 1323 1264 possit
1355 1182 1599 1245 dissidia
1628 1184 1737 1244 ista
1760 1180 1964 1246 Corin-

297 1266 567 1331 thiorum
602 1268 1085 1334 Christianorum
1112 1272 1185 1334 ad
1208 1270 1325 1333 vim
1345 1290 1557 1354 usque,
1583 1282 1641 1334 et
1669 1279 1732 1333 ut
1766 1270 1962 1352 loqui-

296 1364 418 1428 tur,
442 1356 771 1434 bellum,id
791 1369 908 1441 est,
930 1359 1149 1441 rixam,
1175 1360 1638 1443 progressa,nisi
1654 1367 1713 1423 et
1737 1358 1814 1422 de
1834 1357 1967 1421 aliis

294 1464 368 1507 ea
382 1446 649 1510 Hebraea
666 1457 849 1528 gente
861 1449 1217 1513 Christianis
1227 1449 1451 1513 similia
1468 1456 1969 1514 commemoraret

295 1536 361 1597 in
394 1534 671 1617 Epistola
696 1536 986 1603 Jacobus.
1010 1539 1099 1604 Ex
1133 1540 1204 1602 iis
1229 1547 1453 1616 autem,
1475 1558 1729 1621 quorum
1750 1537 1824 1600 ad
1850 1537 1964 1600 vim

295 1644 493 1707 usque
519 1644 843 1707 progressa
862 1636 993 1691 erat
1015 1629 1199 1692 animi
1224 1629 1594 1713 impotentia,
1622 1627 1908 1710 quosdam
1932 1645 1967 1688 a

294 1715 754 1793 magistratibus
774 1717 835 1780 in
859 1737 1166 1782 carcerem
1188 1719 1382 1802 datos,
1411 1739 1533 1782 non
1557 1728 1645 1781 est
1668 1716 1828 1796 quod
1856 1716 1962 1778 mi-

290 1822 535 1869 remur.
571 1810 793 1888 Neque
825 1808 988 1871 enim
1024 1808 1101 1871 de
1126 1808 1311 1872 nihilo
1340 1818 1455 1883 est,
1488 1809 1645 1892 quod
1696 1806 1961 1872 Ponticis

290 1893 658 1959 Christianis
713 1897 994 1961 scribens
1040 1901 1253 1963 Petrus
1279 1898 1306 1941 ’τ
1338 1900 1358 1921 ⁶
1388 1906 1508 1962 tam
1560 1897 1813 1961 sollicite
1857 1915 1961 1960 eos

1586 332 1964 401 PROCEMIA
2004 327 2431 403 VARIOBUM.

295 456 422 521 fert
450 462 659 525 omnia
686 469 852 526 certo
887 462 1103 531 ordine
1148 463 1404 547 agenda,
1438 465 1488 528 si
1516 462 1761 540 Judaais,
1793 471 1982 525 tanto.

2046 472 2274 541 monet,
2331 468 2407 540 μὴ
2464 467 2566 546 γάρ
2616 489 2696 530 τις
2771 469 2920 542 ὑμῶν
2974 465 3234 547 πασχὲτω
3284 465 3359 527 ὡς
3404 458 3685 542 conﬁgi;

3617 321 3704 389 50

3656 458 3684 479 υ

2049 552 2310 625 κλὲπτης,
2344 556 2378 623 ἢ
2431 556 2744 618 κακοποιός.
2808 553 2912 617 Hae
2967 562 3105 616 sunt
3159 571 3371 628 causai,
3407 568 3516 613 cur
3572 568 3684 629 ego

2049 644 2204 706 hanc
2234 643 2545 724 epistolam
2580 663 2698 705 non
2726 644 2904 706 modo
2934 642 3254 723 genuinam
3277 640 3557 712 arbitrer,
3581 638 3685 701 sed

2052 740 2111 795 et
2139 733 2299 794 nulla
2329 734 2386 795 in
2420 752 2489 795 ea
2517 752 2726 796 manus
2755 734 3044 797 adulterae
3067 732 3311 813 vestigia
3342 747 3685 809 agnoscam.

2050 822 2316 885 Alteram
2337 822 2855 903 epistolam,cujus
2871 823 3269 902 fragmentum
3288 819 3559 884 additum
3575 827 3684 892 est,

2049 931 2385 995 quanquam
2412 914 2740 977 Clementis
2772 923 2832 976 et
2881 914 3009 995 ipsa
3057 914 3120 976 in
3166 914 3334 976 libris
3381 909 3689 974 nonnullis

2049 1021 2268 1064 nomen
2302 1002 2582 1085 praetulit,
2614 1023 2734 1066 non
2767 1021 2901 1067 esse
2925 1011 3124 1066 tamen
3176 1003 3232 1066 ei
3282 999 3689 1081 tribuendam,

2047 1091 2223 1153 etiam
2248 1100 2478 1153 veteres
2489 1092 2837 1173 judicarunt
2855 1115 2868 1152 :
2889 1112 3145 1177 quorum
3168 1089 3502 1153 auctoritati
3522 1107 3691 1177 acceo

2047 1180 2133 1241 dit
2165 1180 2527 1243 characteris
2556 1180 2890 1245 diversitas.
2942 1184 3152 1263 Neque
3207 1189 3403 1243 tamen
3452 1176 3680 1248 dubito,

2046 1269 2195 1346 quin
2230 1269 2403 1350 primi
2434 1269 2636 1333 saeculi
2661 1270 2739 1333 sit
2767 1289 2937 1352 opus,
2973 1271 3259 1352 scriptum
3290 1274 3431 1331 ante
3461 1266 3684 1328 consti-

2052 1367 2244 1420 tutum
2275 1358 2663 1422 ecclesiarum
2685 1378 2983 1423 consensu
2999 1377 3317 1439 canonem,
3342 1365 3401 1418 et
3420 1355 3575 1417 forte
3593 1355 3683 1417 al-

2050 1447 2235 1510 terius
2268 1448 2518 1529 alicujus
2547 1446 2891 1512 Clementis.
2912 1448 3049 1512 Haec
3077 1468 3208 1531 quae
3232 1446 3381 1509 mihi
3407 1444 3551 1519 visa,
3579 1464 3688 1507 ea-

2050 1537 2186 1599 dem
2204 1536 2473 1600 libertate
2492 1556 2609 1619 qua
2624 1538 2887 1621 colloqui
2901 1546 3098 1601 tecum
3120 1537 3265 1599 mihi
3281 1552 3690 1613 concesseras,

2047 1627 2121 1690 ad
2146 1627 2594 1690 exactissimum
2608 1627 2684 1690 de
2704 1627 2886 1691 rebus
2906 1627 3182 1691 omnibus
3191 1624 3484 1709 judicium
3500 1632 3689 1699 tuum,

2047 1717 2136 1778 vir
2156 1717 2317 1778 omni
2340 1736 2407 1779 ex
2432 1723 2601 1798 parte
2622 1712 3690 1799 incomparabilis,defero,etc.Fran-

1986 1782 2021 1832 Β
2045 1806 2257 1870 cofurti
2288 1807 2363 1869 l7
2393 1782 2533 1870 iam
2564 1808 2741 1872 1634.

908 2184 997 2246 Ex
1026 2180 1151 2246 alia
1177 2180 1445 2264 epistola
1473 2182 1761 2263 ejusdem
1793 2184 2108 2267 Bignonii,
2141 2203 2177 2250 a
2208 2188 2269 2251 d.
2305 2188 2382 2253 28
2420 2189 2689 2269 Augusti
2728 2187 2877 2253 1634
2911 2189 3080 2253 data.

372 2315 613 2379 Gratias
646 2314 756 2377 tibi
789 2333 926 2395 ago,
963 2315 1180 2378 eruditi
1214 2322 1272 2378 et
1301 2315 1479 2378 solidi
1510 2316 1597 2379 tui
1621 2317 1862 2397 judicii,
1888 2317 1965 2380 de

289 2404 627 2487 Clemente,
651 2424 857 2468 causa.
886 2403 1062 2469 Solus
1085 2404 1265 2469 hodie
1281 2405 1445 2469 horas
1468 2416 1769 2469 momento
1795 2408 1961 2488 ejus-

295 2494 451 2558 modi
484 2514 590 2557 res
619 2494 914 2557 din'mere
955 2503 1149 2576 potes,
1180 2494 1361 2575 idque
1396 2496 1581 2559 cuivis
1634 2497 1850 2559 saaculo
1906 2505 1964 2559 et

294 2586 597 2667 scriptori,
625 2585 790 2668 quod
818 2585 874 2647 ei
895 2584 1463 2667 debetur,reddere,
1492 2593 1551 2648 et
1573 2584 1963 2667 fructum,qui

293 2693 361 2737 ex
396 2694 467 2737 eo
499 2677 635 2757 capi
668 2674 881 2758 possit,
907 2674 1249 2736 ostendere.
1278 2674 1639 2739 Rationibus
1665 2677 1779 2738 tuis
1810 2674 1961 2739 nihil

260 2819 269 2821 _
295 2770 387 2828 est
407 2766 573 2843 quod
596 2764 941 2844 objiciatur,
963 2763 1299 2846 judiciique
1322 2764 1408 2826 tui
1423 2765 1829 2827 auctoritatem
1868 2766 1958 2829 ir-

294 2854 719 2935 refragabilem
754 2872 890 2917 esse
920 2872 1030 2935 par
1059 2862 1169 2917 est.
1196 2853 1537 2918 Genuinum
1562 2855 1808 2935 quidem
1832 2874 1958 2919 om-

296 2946 434 3007 nino
459 2951 934 3008 monumentum
961 2944 1075 3007 hoc
1102 2962 1235 3007 esse
1256 2945 1733 3026 putaveram,sed
1758 2947 1957 3027 suspi-

299 3033 473 3096 cabar
506 3034 565 3096 ei
596 3033 893 3115 periodos
922 3040 1030 3095 aut
1055 3051 1231 3096 voces
1258 3033 1486 3115 aliquot
1512 3052 1549 3096 a
1576 3033 1838 3098 librariis
1856 3054 1957 3099 as-

300 3132 477 3186 sutas.
499 3124 589 3186 Tu
614 3142 765 3185 vero
797 3122 1176 3186 dubitatione
1200 3123 1306 3186 illa
1329 3141 1424 3185 me
1449 3122 1635 3198 levas,
1661 3125 1772 3186 nisi
1796 3126 1956 3205 quod

302 3214 559 3276 narratio
574 3213 649 3275 de
664 3212 958 3296 phaauice
975 3230 1072 3277 me
1085 3214 1410 3276 etiamnum
1426 3189 1696 3276 nonnihil
1712 3189 1960 3279 oti‘endit
1976 3189 2018 3240 ο

300 3304 517 3385 quippe
535 3324 666 3386 qua;
686 3304 1002 3384 copiosior
1018 3311 1108 3366 est
1124 3311 1182 3366 et
1198 3309 1824 3386 cocintxmépz,quam
1848 3315 1961 3388 sty-

292 3396 384 3457 lus
407 3394 780 3475 apostolicus
807 3395 1091 3476 patiatur.
1116 3395 1206 3457 Ea
1226 3393 1445 3475 fabula,
1471 3395 1740 3476 quamvis
1759 3415 1792 3457 a
1815 3396 1960 3458 scrio

2052 2319 2320 2400 ptoribus
2337 2320 2686 2385 Christianis
2713 2331 2917 2404 postea
2937 2321 3226 2398 adhibita,
3252 2320 3494 2401 scriptis
3515 2320 3692 2401 primi

2049 2411 2418 2473 successoris
2444 2413 2848 2493 apostolorum
2882 2411 3175 2492 Principis
3205 2430 3324 2473 non
3375 2418 3461 2473 sat
3512 2409 3696 2489 digna

2052 2498 2313 2575 videtur,
2340 2502 2669 2582 praesertim
2694 2510 2780 2566 tot
2802 2502 2999 2567 verbis
3019 2521 3091 2563 ex
3102 2499 3557 2583 posita.Aiioqui
3583 2501 3694 2562 mi-

2047 2607 2180 2650 rum
2212 2590 2400 2653 videri
2432 2612 2551 2655 non
2584 2594 2770 2674 possit
2814 2611 2950 2656 eum
3001 2610 3132 2655 esse
3183 2608 3354 2653 usum
3404 2589 3692 2671 Opinione

2048 2687 2189 2741 tunc
2224 2682 2506 2761 temporis
2536 2690 2798 2765 recepta,
2832 2691 2899 2746 ut
2946 2682 3221 2745 ethnicos
3256 2679 3331 2742 ad
3378 2678 3688 2742 veritatem

2045 2767 2332 2832 doctrina:
2346 2770 2697 2835 Christianae
2712 2772 2945 2853 plenius
2956 2769 3692 2843 admittendaminvitaret;

2044 2860 2349 2939 quomodo
2363 2862 2652 2924 etPaulus
2663 2881 2809 2924 usus
2820 2860 3309 2942 estinscriptioue
3323 2858 3441 2922 Dei
3451 2861 3691 2940 ignem.

2044 2949 2316 3027 quamvis
2346 2951 2645 3013 sententia
2675 2952 2910 3014 diversa
2935 2953 3009 3013 ab
3041 2950 3323 3031 opinione
3345 2948 3572 3028 vulgari
3600 2957 3689 3011 at-

2042 3056 2158 3118 que
2182 3036 2590 3120 inscriptionis
2611 3040 2740 3103 basi
2757 3060 2877 3105 ara;
2894 3038 3528 3120 insculptaPutabam
3546 3057 3690 3120 ergo

2042 3126 2507 3208 descriptionem
2529 3130 2827 3210 phmnicis
2848 3132 2919 3194 ad
2920 3131 3139 3212 jectam
3158 3129 3232 3191 ab
3249 3129 3363 3193 alio
3374 3128 3561 3191 fuisse
3583 3147 3691 3190 nu-

2041 3217 2133 3278 dae
2154 3219 2282 3299 ejus
2301 3221 2611 3295 mentioni,
2637 3240 2671 3283 a
2693 3220 3003 3285 Clemente
3023 3219 3222 3283 obiter
3261 3219 3494 3299 injectus
3517 3239 3533 3299 ;
3578 3218 3685 3281 sed

2042 3308 2102 3369 in
2135 3308 2386 3372 meliore
2446 3319 2543 3373 tua
2593 3311 2899 3375 sententia
2944 3311 3282 3392 acquiesco,
3314 3326 3429 3373 nec
3489 3326 3689 3372 meum

2042 3405 2135 3461 est
2167 3408 2359 3461 tecum
2391 3400 2779 3463 contendere.

311 3557 606 3630 (Excerpta
646 3557 769 3615 hoc
796 3565 927 3611 sunt
957 3568 987 3611 e
1017 3555 1341 3614 testimoniis
1369 3553 1433 3612 de
1454 3553 1738 3627 Bignonio,
1772 3571 1893 3695 qua;
1919 3558 2333 3711 αιιονέτίἀῖεἰοοιί
2351 3558 2617 3618 Parisinus
2642 3558 3024 3618 Famularmn
3066 3558 3315 3632 Marculﬁ
3341 3558 3478 3618 anni
3507 3558 3647 3617 1665

1769 3654 1868 3693 sun
1928 3655 2043 3711 prce
2161 3685 2171 3697 .

1769 3654 1892 3695 sunt
1928 3654 2171 3711 prce/ua.

1204 3916 1971 4013 HERMANNUS
2050 3916 2813 4016 CUNRINGIUS

950 4124 1333 4189 JOACHIMO
1373 4125 1651 4190 JOANNI
1696 4128 2031 4205 MADERO,
2079 4127 2261 4191 ἮΒο
2304 4124 2749 4192 DOCTISSIMO
2796 4130 2859 4191 S.
2906 4126 2974 4192 P.
3019 4129 3093 4190 D.

358 4331 658 4395 Plaaclare
674 4328 753 4393 de
767 4327 1004 4410 publico
1021 4332 1297 4412 mereris,
1329 4329 1674 4393 doctissime
1689 4329 1947 4406 Madere,
1978 4340 2017 4389 ο
2038 4333 2223 4405 nium,
2262 4332 2465 4395 induti
2483 4332 2608 4412 jam
2644 4330 2895 4414 proinde
2924 4329 3100 4394 stolis
3130 4326 3429 4403 candidis,
3455 4336 3512 4391 et
3544 4336 3694 4393 ante

278 4424 407 4484 illas
424 4426 641 4497 horas,
666 4438 823 4497 quas
839 4418 1159 4482 succidere
1185 4419 1291 4481 tibi
1316 4420 1457 4483 licet
1479 4419 1783 4482 ordinario
1816 4439 1955 4481 mu-

285 4515 434 4596 neri,
472 4515 534 4575 in
570 4514 631 4574 id
666 4512 1053 4595 impendens,
1082 4520 1146 4573 ut
1167 4512 1510 4575 hominibus
1532 4515 1754 4575 nostris
1785 4512 1956 4576 exhi—

284 4605 425 4667 beas
457 4604 678 4686 primas
709 4602 874 4663 illius
898 4619 1098 4663 aureae
1120 4602 1492 4682 tempestatis
1518 4622 1648 4683 quae
1673 4612 1958 4683 superant

288 4704 709 4755 monumenta.
744 4690 870 4754 Etsi
901 4690 1064 4752 enim
1093 4690 1122 4733 9
1146 4692 1447 4771 perfectus
1491 4692 1576 4754 sit
1622 4692 1950 4754 divinarum

284 4784 767 4862 Scripturarum
798 4788 1089 4855 ranon,et
1110 4780 1465 4860 jamdudum
1500 4800 1634 4844 cum
1658 4783 1720 4842 S.
1746 4785 1953 4858 Augu-

282 4875 441 4934 stino
452 4922 469 4949 ,
482 4871 539 4915 ¹⁰
552 4870 978 4951 didicerimus,
994 4872 1142 4931 solis
1164 4870 1295 4933 illis
1311 4871 1483 4934 libris
1494 4871 1656 4934 hunc
1665 4871 1955 4933 honorem

287 4968 699 5039 timoremque
709 4960 1033 5040 deferrent
1046 4958 1286 5022 nullum
1294 4979 1513 5024 eorum
1523 4962 1837 5023 scribendo
1850 4961 1956 5022 ali-

282 5052 437 5130 quid
457 5068 722 5130 errasse,
754 5050 1102 5129 ﬁrmissime
1121 5050 1446 5113 credamus
1473 5067 1486 5113 :
1523 5068 1631 5131 per
1660 5060 1855 5111 tamen
1880 5052 1954 5110 si-

288 5140 411 5201 mul
435 5149 529 5202 est
545 5140 886 5219 jucundum
907 5148 1087 5219 atque
1110 5138 1693 5221 utile,apostolorum
1712 5157 1952 5221 quoque

286 5231 434 5293 disci
445 5230 627 5309 pulos
643 5229 1072 5311 auditoresque
1088 5229 1429 5305 consulere,
1451 5229 1590 5310 quid
1610 5229 1696 5290 illi
1720 5230 1952 5292 scilicet

283 5342 317 5380 a
350 5320 535 5382 tantis
569 5318 875 5398 magistris
895 5318 1261 5399 acceperint,
1284 5326 1384 5381 aut
1406 5326 1570 5381 certe
1595 5328 1813 5400 quanta
1833 5318 1951 5382 lide

2039 4424 2324 4485 thronum
2352 4421 2466 4484 Dei
2481 4423 2795 4485 constituti
2810 4422 3086 4483 serviunt
3108 4417 3206 4480 illi
3227 4417 3329 4480 die
3345 4434 3416 4481 ac
3434 4425 3606 4483 nocte
3625 4421 3696 4481 in

2044 4520 2160 4574 tem
2169 4514 2271 4589 pla
2293 4511 2560 4586 eius,illo
2573 4515 2679 4592 qui
2692 4511 2852 4573 sedet
2870 4511 2937 4572 in
2952 4509 3168 4571 throno
3180 4507 3325 4570 habi
3332 4512 3501 4570 tante
3510 4526 3692 4589 super

2042 4600 2266 4675 illos“,
2288 4619 2410 4677 quo
2445 4600 2637 4680 elogio
2666 4607 2952 4680 martyres
2984 4597 3242 4679 Spiritus
3272 4603 3515 4659 sanctus
3546 4615 3690 4678 pro-

2038 4698 2278 4752 secutus
2309 4695 2419 4751 est.
2455 4689 2674 4752 Saltem
2699 4688 2801 4751 illa
2825 4685 2992 4750 nefas
3014 4693 3109 4749 est
3133 4691 3689 4763 contemnere,quas

2040 4779 2276 4860 publica
2308 4779 2609 4841 auditione
2640 4778 2770 4859 ipsa
2792 4786 2960 4840 vetus
2982 4783 3041 4839 et
3072 4782 3277 4839 sancta
3302 4771 3571 4837 Ecclesia
3597 4773 3685 4835 di-

2038 4879 2210 4948 gnata
2230 4879 2317 4931 est
2344 4888 2357 4932 :
2380 4878 2440 4931 ut
2462 4868 2773 4952 Polycarpi
2798 4866 3107 4950 epistolam
3140 4867 3208 4929 in
3230 4866 3395 4927 Asiae
3414 4882 3683 4928 conven-

2041 4958 2218 5030 tibus,
2232 4959 2566 5021 Clementis
2587 4960 2657 5019 in
2678 4955 2996 5020 nonnullis
3014 4956 3159 5019 locis
3183 4952 3418 5036 publice
3446 4954 3680 5016 lectita-

2040 5061 2153 5109 tam
2182 5058 2406 5122 esse,et
2423 5046 2665 5109 Eusebii
2686 5057 2745 5109 et
2766 5050 2826 5111 S.
2853 5044 3196 5126 Hieronymi
3220 5043 3563 5107 testimonio
3579 5062 3683 5106 uo-

2037 5138 2313 5201 vimus”.
2331 5138 2498 5199 Hanc
2521 5146 2687 5200 certe
2703 5145 3019 5218 utramque
3040 5133 3367 5217 Epistolam
3391 5132 3678 5213 magnifa-

2035 5246 2171 5289 cere
2203 5245 2308 5308 par
2338 5236 2448 5296 est,
2484 5226 2576 5288 vel
2606 5225 2742 5288 ideo
2774 5226 3061 5308 quoniam
3091 5222 3167 5285 ad
3198 5230 3535 5305 utramque,
3561 5241 3672 5285 ceu

2033 5318 2103 5379 ad
2137 5315 2558 5380 secundarium
2581 5314 2903 5395 quemdam
2926 5314 3178 5376 sincerae
3200 5310 3343 5375 ﬁdei
3362 5329 3679 5389 canonum,

284 5410 622 5472 doctrinam
646 5416 958 5489 acceptam
978 5408 1289 5485 servarint,
1322 5408 1425 5489 qui
1458 5427 1573 5469 non
1606 5408 1950 5470 dubitavere
2024 5409 2147 5488 jam
2183 5415 2305 5468 tum
2328 5405 2468 5468 olim
2490 5407 2774 5470 adversus
2805 5404 3070 5467 haereses
3100 5403 3193 5466 sui
3224 5400 3428 5466 saeculi
3459 5420 3679 5484 provo-

281 5500 636 5580 sanguinem
677 5516 859 5564 suum
895 5497 1259 5579 profundere
1289 5497 1351 5560 in
1398 5496 1623 5562 Christi
1680 5497 1947 5561 testimo-
2031 5494 2252 5560 caverit
2273 5495 2686 5559 sanctissimus
2711 5502 2934 5574 martyr
2952 5496 3213 5559 [renisus
3238 5490 3314 5557 ¹³.
3342 5490 3408 5554 In
3426 5499 3679 5577 utraque

362 5690 417 5740 7'
446 5689 473 5754 Ι
505 5686 915 5765 Petr.iv,15.
944 5767 968 5769 _
1000 5685 1034 5769 ἓ
1062 5686 1195 5769 Act.
1241 5700 1382 5769 xvu,
1433 5682 1538 5752 23.
1621 5681 2195 5769 9Vinc._l.irinens.
2272 5678 2335 5769 βο
2362 5678 2549 5768 Epist.
2585 5699 2708 5765 xix.
2748 5683 2825 5752 ad
2854 5680 3043 5751 Hier.
3103 5679 3155 5730 εί
3200 5682 3395 5768 Apoc.
3438 5682 3682 5769 111,16.

283 5771 333 5819 ¹²
361 5771 503 5841 Lib.
535 5785 603 5840 In
622 5764 899 5850 Ηίθεοι-ἀ
930 5767 1071 5835 Lib.
1103 5766 1178 5833 de
1200 5768 1493 5850 scriptor.
1523 5767 1736 5833 eccles.
1822 5764 1876 5814 ⁸⁸
1894 5766 2029 5835 Lib.
2059 5782 2144 5845 ul,
2176 5782 2231 5831 c.
2262 5767 2326 5831 3.
