4062 6450
344 307 412 428 ἐι
1465 360 1566 424 AD
1609 303 2002 422 sidiam

2093 311 2264 420 sui:
2306 319 2565 422 ῥΑΡΑιι

3653 327 3733 416 52

347 509 547 564 autem
567 498 673 564 illa
690 497 1045 580 publicanda
1061 498 1347 562 hactenus
1363 505 1518 560 tuam
1541 518 1780 578 operam
1803 471 1992 567 collo-
2011 500 2050 549 Α
2079 461 2509 572 perant,plane
2535 490 3038 571 quemadmodum
3074 487 3396 580 Epistolam
3428 488 3588 580 illam
3619 487 3741 550 lau-

350 581 519 650 Casti,
551 579 809 662 primum
841 579 1176 662 Polycarpi,
1210 599 1369 642 nunc
1399 587 1457 642 et
1487 581 1817 647 Clementis
1861 597 2002 646 san-

351 681 474 735 ctas
504 671 635 732 illas
663 671 895 733 litteras
935 669 1143 733 edens.

435 761 639 839 Neque
662 778 800 822 vero
817 759 1142 839 quidquam
1168 760 1340 822 video
1361 769 1575 842 causae,
1601 781 1707 824 cur
1732 766 2002 846 suspice-

355 869 488 912 mur
518 849 663 913 alias
697 867 829 912 esse
880 846 1014 928 illas
1052 858 1282 922 nostras
1322 849 1394 911 ab
1429 849 1500 910 iis
1532 869 1680 928 quas
1736 863 1893 916 tanto
1946 856 2003 916 in

357 941 546 1021 pretio
581 938 775 1018 prisca
813 938 1083 1000 Ecclesia
1131 938 1360 1004 habuit.
1394 941 1456 1000 In
1508 941 1812 1022 Polycarpi
1861 961 2004 1005 sane

355 1030 604 1112 epistola
634 1027 1096 1109 deprehendere
1128 1036 1218 1091 est
1245 1023 1432 1110 ipsam
1469 1028 1630 1090 illam
1668 1031 1742 1092 de
1773 1031 1891 1094 Deo
1944 1040 2004 1095 et

354 1119 605 1184 Domino
631 1124 833 1180 nostro
855 1119 995 1179 Jesu
1019 1117 1254 1180 ChriSto
1275 1137 1476 1180 sanam
1506 1118 1862 1199 doctrinam,
1889 1141 1998 1183 cu-

346 1211 448 1290 jus
470 1207 717 1270 nomine
740 1206 1088 1269 refellendis
1113 1208 1206 1268 sui
1226 1208 1426 1271 saeculi
1446 1209 1999 1292 hwresibus,txsz-

356 1299 522 1366 τάτην
554 1298 716 1359 illam
753 1297 1154 1380 pronuntiavit
1184 1299 1739 1381 commendavitque
1781 1304 1843 1364 S.
1871 1300 2002 1363 Ire-

355 1406 521 1450 naeus
548 1407 560 1449 :
589 1387 1053 1467 deprehendere
1085 1396 1177 1451 est
1220 1389 1417 1450 locum
1466 1389 1761 1466 integrum
1817 1411 1999 1453 unum

355 1479 749 1558 alterumque,
785 1496 961 1558 quem
994 1478 1235 1540 adducit
1259 1477 1648 1560 Eusebius“,
1676 1489 1735 1542 et
1767 1490 1896 1560 post
1924 1481 2000 1543 il-

353 1569 478 1628 lum
511 1565 885 1648 Nicephorus
907 1567 1207 1640 Callistus,
1231 1577 1289 1630 et
1310 1568 1551 1648 quidem
1582 1570 1662 1632 ita
1691 1580 1754 1631 ut
1777 1569 2001 1650 liquido

357 1657 882 1737 appareat,fraude
901 1657 1064 1720 nulla
1085 1658 1341 1719 insertos
1363 1676 1524 1720 esse:
1550 1659 2005 1739 deprehendere

2088 581 2244 642 davit
2273 582 2334 644 S.
2365 580 2627 644 Irenaeus
2651 582 2880 654 16.0mm
2915 581 3196 645 Clemens
3225 579 3664 641 Alexandrinus
3682 589 3740 642 et

2089 671 2379 750 Origenes
2405 673 2461 722 17
2487 693 2560 735 ex
2596 672 2698 734 illa
2730 671 2996 752 Epistola
3020 670 3350 751 proferunt,
3378 667 3574 730 verbis
3603 669 3742 729 toti-

2090 762 2225 825 dem
2258 761 2316 822 in
2346 775 2546 824 nostra
2574 762 3049 843 reperiuntur.et
3072 759 3312 841 quidem
3339 760 3412 820 ita
3437 767 3499 818 ut
3522 757 3602 818 ibi
3627 777 3737 819 na-

2088 861 2145 913 ta
2177 851 2420 926 dixeris,
2453 871 2571 913 non
2605 860 2798 913 autem
2834 849 3040 910 dolosa
3078 868 3253 910 manu
3279 847 3736 912 iuduc‘ta.Euse-

2089 941 2221 1003 bius
2241 941 2293 983 ‘3
2323 961 2560 1023 quoque
2593 938 3062 1022 prodit,dissidio
3093 939 3244 1020 apud
3269 936 3610 1001 Corinthios
3633 956 3734 998 or-

2088 1043 2170 1112 to,
2206 1030 2488 1109 scriptam
2521 1049 2553 1092 a
2585 1029 2891 1093 Clemente
2923 1036 3122 1089 nostro
3147 1026 3470 1107 Epistolam
3512 1030 3584 1092 ὡς
3629 1029 3734 1083 ἀπὸ

2082 1127 2179 1187 τῆς
2215 1112 2486 1196 Ῥωμαίων
2545 1119 2892 1200 Ἰεἶκκλησίοις³
2924 1126 3021 1192 aut
3072 1127 3133 1179 ut
3163 1116 3303 1180 alibi
3353 1116 3633 1196 loquitur,
3671 1117 3731 1174 ἐκ

2083 1212 2368 1289 προσώπου
2397 1217 2496 1281 τῆς
2522 1201 2798 1287 Ῥωμαίων
2833 1201 3182 1281 ἸΞκκλησέας,
3219 1225 3475 1284 eamque
3517 1205 3732 1267 dictio-

2087 1299 2179 1361 nis
2199 1300 2543 1362 charactere
2581 1307 2636 1361 et
2665 1297 2978 1360 sententiis
3006 1316 3140 1359 cum
3188 1295 3450 1377 Epistola
3478 1295 3549 1358 ad
3603 1293 3728 1358 He-

2087 1391 2279 1452 braeos
2313 1389 2636 1468 plurimum
2669 1389 2988 1451 convenire
3025 1405 3038 1450 :
3073 1407 3206 1469 quae
3253 1386 3451 1448 omnia
3504 1386 3600 1446 hic
3635 1386 3734 1446 lu»

2086 1477 2494 1540 culentissime
2524 1486 2837 1558 apparent.
2863 1476 3107 1549 Qualem
3140 1494 3277 1538 vero
3305 1474 3619 1556 epistolam
3657 1475 3732 1537 il-

2087 1568 2202 1628 lam
2235 1567 2555 1647 Eusebius,
2595 1567 2768 1628 talem
2804 1574 2862 1628 et
2890 1569 2955 1627 S.
2981 1563 3450 1647 Hieronymus‘9
3478 1583 3605 1626 eam
3634 1585 3737 1626 uo-

2093 1657 2182 1718 bis
2213 1656 2529 1737 descripsit
2561 1675 2573 1719 :
2603 1665 2666 1718 ut
2697 1656 2947 1736 proinde
2979 1663 3182 1715 nostra
3212 1655 3334 1717 haec
3359 1655 3430 1716 ab
3462 1654 3558 1717 illa
3602 1673 3736 1733 quae

357 1755 447 1808 est
469 1765 540 1807 ex
563 1745 755 1825 prima
772 1746 932 1808 Petri
954 1748 1220 1828 Epistola
1243 1748 1597 1828 deprompta
1615 1749 1772 1810 haud
1795 1768 2000 1830 pauca,
2029 1755 2065 1805 Β
2088 1742 2452 1826 Hieronymo
2490 1745 2564 1808 ad
2595 1764 2832 1807 manum
2868 1743 3155 1825 fuit,nihil
3180 1742 3500 1806 abeat.Sed
3528 1752 3585 1805 et
3606 1761 3737 1823 quae

355 1853 488 1916 quae
506 1836 663 1896 idem
687 1836 980 1899 Eusebius
1002 1847 1330 1898 notaverat:
1354 1837 1806 1919 deprehendere
1827 1839 2004 1900 deni-

358 1945 474 2003 que
505 1941 596 1988 est
628 1926 771 1988 illud
796 1945 996 2002 omne,
1024 1927 1180 2008 quod
1206 1927 1474 2004 Photius,
1512 1929 2006 1991 accuratissimus

363 2015 650 2079 librorum
685 2035 920 2090 censor,
958 2016 1020 2078 in
1057 2017 1212 2079 lecta
1246 2018 1553 2099 l’olycarpi
1588 2019 1836 2099 epistola
1868 2020 2002 2079 ani-

359 2105 986 2182 madverterat,mullis
1008 2108 1308 2170 nimirum
1331 2113 1612 2185 re/erlam
1630 2109 2004 2171 admonitio-

358 2195 562 2276 nibus,
627 2199 760 2271 μετὰ
838 2200 1126 2277 σαφηνείας
1197 2200 1282 2254 καὶ
1362 2197 1664 2265 ἁπλότητος
1723 2201 1859 2255 κατὰ
1915 2202 2006 2255 τὸν

364 2285 811 2353 ἐκκὶησιαστικὸν
867 2293 967 2354 τῆς
1027 2289 1308 2366 ἑρμηνείας
1365 2290 1554 2368 τύπον,
1607 2288 1890 2367 quodque
1946 2287 2006 2348 in

361 2393 432 2436 ea
464 2373 620 2436 dicat
650 2382 857 2436 auctor
884 2393 948 2437 se
966 2376 1200 2456 Ignatii
1221 2377 1503 2453 epistolas
1535 2376 1616 2438 ad
1645 2378 2010 2457 Philippen-

356 2481 448 2526 ses
473 2469 1053 2545 misissc,petercque
1074 2465 1148 2527 ab
1175 2467 1309 2527 illis
1329 2466 1573 2528 edoceri
1593 2471 1649 2528 si
1669 2468 1816 2546 quid
1837 2468 1910 2528 de
1941 2485 2007 2529 co

358 2554 708 2618 inaudianl.
742 2553 994 2630 Horum,
1028 2554 1296 2634 inquam,
1333 2555 1598 2616 omnium
1631 2556 2006 2618 desideratur

360 2645 536 2706 nihil.
570 2643 659 2707 Ad
693 2645 830 2725 hoc,
854 2644 1051 2725 ipsum
1074 2645 1355 2726 Epistola;
1373 2646 1682 2707 exordium
1717 2648 1999 2722 ostendit,

366 2733 648 2813 scriptam
679 2733 864 2815 illam,
899 2754 1015 2815 quo
1068 2744 1339 2816 tempore
1370 2753 1489 2799 non
1539 2738 1713 2797 unius
1752 2739 2005 2800 exsortis

364 2824 630 2904 episcopi
659 2823 722 2884 in
756 2842 938 2886 manu
961 2823 1244 2887 Ecclesiae
1275 2835 1402 2887 erat
1417 2826 1869 2901 administratio,
1897 2831 2001 2890 sed

361 2913 667 2975 communi
708 2913 1194 2993 presbyterorum
1244 2915 1498 2977 consilio
1553 2924 1610 2977 et
1654 2917 2004 2980 auctoritate

363 3001 566 3065 omnia
585 3011 982 3080 regerentur:
1011 3004 1168 3084 quod
1190 3023 1307 3066 non
1335 3005 1435 3066 diu
1465 3014 1596 3086 post
1617 3007 2001 3087 Polycarpum

2088 1835 2245 1898 idem
2277 1834 2743 1916 S.Hieronymus
2760 1833 2814 1878 ²⁰
2835 1835 3019 1896 semel
3049 1834 3386 1914 iterumque
3410 1853 3476 1894 ex
3507 1834 3706 1913 Episto
3723 1870 3741 1880 -

2088 1926 2145 1986 Ia
2168 1925 2265 1985 illa
2295 1926 2353 1985 in
2387 1923 2650 1986 medium
2682 1924 3038 2001 aﬂert,haud
3077 1923 3133 1984 in
3168 1932 3366 1984 nostra
3397 1923 3739 1984 desideran-

2089 2023 2189 2074 tur
2223 2032 2236 2076 :
2275 2014 2521 2094 perinde
2549 2023 2614 2076 ut
2644 2015 2742 2076 hic
2774 2015 3075 2095 reperitur
3101 2013 3276 2074 etiam
3315 2013 3416 2073 illa
3448 2011 3738 2092 phoenicis

2089 2105 2790 2182 commemoratio,quam
2809 2123 2880 2166 ex
2903 2102 3226 2165 Clementis
3252 2103 3499 2180 epistola
3525 2102 3743 2182 produ-

2089 2195 2170 2256 cit
2208 2193 2458 2273 Cyrillus
2510 2191 3090 2274 Hierosolymitanus
3110 2190 3188 2254 ’1.
3221 2190 3396 2254 Omni
3451 2211 3519 2253 ex
3572 2200 3742 2272 parte

2091 2301 2326 2364 quoque
2345 2284 2684 2345 nostrahch
2705 2284 3032 2364 respondet
3055 2283 3138 2344 illi
3161 2283 3544 2362 descriptioni
3564 2300 3741 2362 quam

2091 2372 2334 2434 Photius
2364 2374 2422 2434 in
2446 2372 2818 2436 Bibliotheca
2847 2373 3404 2452 habet,argumento
3437 2371 3742 2450 videlicet,

2091 2463 2353 2524 dictione
2384 2471 2447 2526 et
2476 2463 2746 2525 doctrina
2781 2463 2855 2525 de
2880 2463 3090 2524 mundi
3124 2473 3291 2524 trans
3326 2480 3629 2527 occasum,
3668 2461 3745 2521 de

2090 2553 2376 2616 Phoenice
2409 2562 2467 2616 et
2493 2553 2566 2615 de
2598 2553 2816 2614 Christi
2855 2551 3394 2632 persona.Tantum
3419 2551 3592 2612 deest
3613 2551 3740 2611 for-

2092 2642 2263 2704 tassis
2289 2643 2445 2723 quod
2478 2642 2540 2706 S.
2597 2643 2862 2706 Justinus
2894 2653 3113 2723 martyr
3134 2641 3208 2720 99-,
3239 2643 3359 2702 sive
3419 2641 3554 2721 quis
3589 2640 3740 2703 alius

2087 2734 2793 2813 auctochsponsion.ad
2824 2734 3215 2796 orthodoxe);
3251 2731 3622 2812 Epistolailla
3645 2749 3736 2791 re-

2091 2823 2508 2908 fert,quodque
2538 2843 2646 2884 ceu
2678 2823 2972 2884 Clementi
2996 2823 3217 2884 dictum
3252 2822 3448 2884 laudat
3478 2821 3732 2883 Basilius

2088 2913 2158 2972 ad
2181 2911 2924 2993 Amphilochium.Verum
2960 2931 3078 2973 non
3109 2919 3200 2974 est
3229 2911 3385 2992 quod
3417 2920 3737 2991 propterea

2090 3002 2336 3082 sequius
2366 3006 2762 3082 suapicemur,
2788 3021 2924 3063 cum
2943 3001 3444 3079 quatuorintegra
3465 3000 3602 3062 folia
3632 3020 3741 3062 no-

366 3093 633 3155 mutavit.
660 3093 777 3155 Sed
801 3101 859 3156 et
881 3092 1085 3155 videre
1102 3104 1191 3156 est
1215 3093 1490 3157 damnata
1512 3096 1724 3176 placita
1745 3098 2005 3160 Marcio-
2025 3129 2065 3179 ο
2091 3091 2185 3153 bis
2216 3093 2426 3154 deesse
2459 3100 2713 3156 testetur
2735 3092 2788 3154 is
2801 3092 2895 3154 cui
2923 3091 3246 3152 editionem
3274 3090 3524 3171 primam
3553 3090 3740 3179 debef

363 3181 458 3244 nis
505 3182 581 3244 de
628 3199 808 3244 carne
857 3191 917 3245 et
962 3183 1243 3263 passione
1293 3185 1533 3265 Christi,
1567 3190 2008 3249 resurrectione
2041 3178 2050 3179 ί
2095 3199 2246 3261 mus,
2272 3181 2563 3244 Patricius
2583 3180 2799 3244 Junius
2835 3201 2848 3243 ε
2885 3191 2944 3242 et
2975 3181 3226 3243 Basilius
3257 3179 3402 3255 (sive
3430 3179 3582 3240 alius
3605 3178 3745 3240 lihri

364 3273 505 3334 item
538 3283 598 3334 et
623 3271 852 3352 judicio
887 3278 1285 3349 mortuorum,
1311 3275 1594 3355 illamque
1616 3277 1766 3337 adeo
1791 3278 2009 3338 solem-

359 3380 498 3423 nem
531 3369 590 3422 et
620 3361 723 3422 uni
753 3362 839 3423 illi
886 3364 1128 3444 martyri
1178 3366 1482 3445 propriam
1517 3366 2002 3448 detestationem,

363 3469 478 3532 qua
507 3450 743 3512 obviam
774 3452 885 3513 sibi
918 3449 1123 3515 Romae
1167 3455 1385 3515 tactum
1431 3455 1791 3517 Marcionem
1827 3475 2004 3518 exce-

362 3541 525 3622 pisse
550 3539 966 3622 Polycarpum,
1001 3535 1340 3623 πρωτοτόκου
1389 3543 1615 3605 scilicet
1646 3554 1736 3603 τοῦ
1769 3555 2001 3622 Σατανᾶ,

362 3639 654 3693 memorat
683 3633 948 3693 Irenaaus
972 3631 1047 3692 45.
1076 3631 1158 3693 Ex
1187 3633 1456 3708 adverso,
1494 3635 1713 3714 quibus
1743 3635 2002 3709 Flacius,

368 3736 630 3796 eumque
645 3719 836 3782 secuti
851 3720 1220 3801 alii,dubiam
1236 3722 1828 3805 reddereEpistolam
1846 3727 2006 3788 illam

368 3817 697 3895 tentavere,
728 3810 870 3873 talia
899 3819 1037 3872 sunt
1083 3820 1147 3874 ut
1201 3812 1263 3874 in
1317 3815 1697 3895 commodum
1751 3817 2005 3895 συλλογι-

366 3892 503 3966 σμὸν
531 3889 761 3953 referre
791 3909 1072 3971 nequeas,
1106 3893 1377 3974 quamvis
1409 3895 1664 3956 coneris.
1701 3889 2009 3978 Simplici-

367 3987 462 4043 tas
496 3987 659 4043 certe
690 3980 968 4043 dictionis
1000 3992 1058 4045 et
1086 3983 1489 4046 inelaboratus
1518 4003 1741 4060 sermo,
1767 4005 1905 4064 quae
1925 3986 2010 4050 illi

363 4077 970 4152 causantur,arguunt
984 4072 1177 4152 potius
1197 4092 1229 4134 a
1243 4074 1594 4154 postolicam
1612 4083 1849 4137 aetatem
1869 4076 2013 4138 scri-

365 4160 848 4242 ptionemque,ut
868 4181 1003 4239 qua
1027 4164 1130 4225 uni
1153 4162 1240 4225 illi
1263 4165 1598 4245 tempestati
1625 4174 1682 4226 et
1705 4166 1849 4226 solis
1869 4183 2010 4247 apo-

362 4250 552 4326 stolis,
589 4268 919 4333 eorumque
949 4252 1261 4333 discipulis
1290 4254 1615 4317 familiaria
1644 4254 1885 4317 fuerint.

443 4341 556 4402 Par
583 4341 734 4403 ratio
768 4349 858 4403 est
887 4341 1272 4406 Clementinze
1303 4343 1467 4404 illius
1489 4343 1768 4423 Epistolas
1791 4346 1862 4406 ad
1891 4348 2010 4406 Co—

362 4429 829 4540 rinlthios,qnam
857 4451 925 4493 ex
949 4434 1353 4496 vetustissimo
1377 4433 1783 4496 Alexandrino
1808 4434 2012 4496 codice
2039 4492 2079 4540 ο

365 4519 541 4582 nobis
555 4539 673 4582 non
696 4521 847 4583 adeo
872 4523 1106 4602 pridem
1126 4523 1417 4586 Patricius
1441 4522 1650 4585 Junius
1670 4524 1756 4584 vir
1781 4525 2011 4599 clariss,

365 4611 916 4693 c0mmnnicavit,et
943 4620 1000 4674 tu
1026 4613 1204 4675 hodie
1229 4631 1302 4674 ex
1319 4611 1684 4675 Londinensi
1707 4613 2013 4694 exprimis.

360 4697 553 4761 Etiam
578 4699 676 4762 hic
705 4700 866 4762 enim
893 4703 1159 4764 invenire
1185 4710 1295 4781 est,
1325 4720 1456 4781 quae
1486 4720 1618 4762 cum
1643 4702 1719 4764 de
1752 4703 1871 4777 illa,
1896 4713 2014 4764 tum

2091 3272 2250 3333 illius
2272 3271 2550 3352 scriptor)
2597 3271 2699 3333 illa
2731 3291 2836 3334 sua
2868 3291 2936 3334 ex
2989 3272 3100 3334 hac
3150 3269 3410 3351 Epistola
3442 3271 3594 3333 forte
3625 3289 3746 3331 non

2094 3363 2472 3442 prompserit.
2509 3360 2662 3422 Nihil
2695 3379 2839 3422 sane
2888 3379 2957 3422 ex
3014 3361 3178 3422 omni
3226 3359 3574 3439 antiquitate
3605 3378 3743 3440 pro-

2091 3453 2333 3514 duxeris
2355 3451 2430 3513 de
2462 3451 2783 3513 Clementis
2810 3451 2908 3510 illa
2938 3467 3221 3529 germana
3255 3449 3542 3531 Epistola,
3577 3449 3737 3531 quod

2092 3542 2302 3603 merito
2325 3560 2501 3620 quem
2535 3540 2746 3603 fecerit
2769 3540 2844 3602 de
2874 3548 3078 3602 nostra
3100 3539 3396 3600 dubitare.

2169 3628 2302 3693 Jam
2336 3648 2482 3692 vero
2507 3649 2638 3691 cum
2674 3646 2818 3690 cura
2851 3636 3110 3690 nostram
3144 3629 3296 3690 hanc
3325 3628 3546 3708 legenti
3592 3629 3741 3691 nihil

2093 3720 2353 3782 occurrit
2373 3719 2554 3780 fucati
2575 3726 2676 3780 aut
2706 3717 2942 3780 subdoli
2982 3738 2998 3793 ;
3029 3727 3086 3779 et
3118 3727 3317 3780 tamen
3343 3719 3544 3780 omnia
3572 3719 3735 3781 refe--

2093 3817 2230 3870 runt
2261 3809 2435 3889 plane
2459 3807 2784 3888 apostolica
2804 3808 3446 3888 tempora,charactere
3477 3807 3740 3871 scriben-

2093 3899 2176 3974 di,
2214 3898 2562 3960 etdoctrina
2593 3897 2741 3977 ipsa.
2801 3896 2968 3970 Quod
3017 3899 3186 3958 firmo
3224 3905 3313 3958 est
3364 3907 3741 3977 argumento,

2095 3989 2302 4050 saltem
2329 4006 2399 4050 ex
2426 3988 2526 4049 illo
2556 4006 2676 4049 ωηο
2709 3989 2779 4048 ad
2810 4007 2918 4049 nos
2964 3987 3286 4068 Epistolam
3321 3986 3481 4049 illam
3545 4007 3751 4068 perve-

2098 4076 2399 4158 nisse,etsi
2426 4077 2501 4139 de
2548 4085 2786 4139 auctore
2819 4077 2969 4140 forte
3001 4096 3116 4138 non
3163 4085 3483 4138 constaret.
3539 4076 3749 4140 Sermo

2093 4185 2238 4228 sane
2273 4167 2320 4227 is
2351 4177 2460 4240 est,
2495 4167 2731 4245 qualem
2755 4186 3024 4228 summus
3047 4167 3288 4230 criticus
3315 4165 3565 4227 Photius
3589 4169 3719 4244 judi

2095 4255 2273 4336 cavit,
2357 4257 2555 4321 ἁπλοῦς

2097 4347 2252 4424 ἐγγὺς
2315 4354 2406 4403 τοῦ
2436 4346 2878 4413 ἐκκὶησιαστικοῠ
2913 4353 3255 4426 [apum-cipe:
3283 4364 3303 4421 ,'
3356 4353 3517 4404 extra
3548 4355 3744 4406 autem

2100 4437 2352 4517 primum
2379 4437 2524 4498 illud
2558 4435 2839 4498 Ecclesiae
2859 4452 3045 4496 aevum
3074 4435 3289 4496 frustra
3314 4434 3559 4495 formam
3583 4434 3743 4496 illam

2101 4526 2402 4588 scribendi
2443 4527 2776 4607 quaesieris.
2813 4527 2911 4588 Sic
2945 4525 3101 4605 quod
3163 4524 3412 4604 epistola
3463 4526 3748 4586 Romana:

2100 4615 2403 4689 Ecclesiae,
2436 4635 2553 4676 non
2587 4634 2724 4676 vero
2759 4613 3023 4695 episcopi
3059 4622 3115 4674 et
3139 4613 3618 4692 presbyterorum
3646 4623 3748 4672 aut

2103 4707 2367 4787 episcopi
2403 4709 2583 4767 solius
2630 4705 2872 4768 nomine
2904 4715 3137 4766 exarata
3199 4716 3308 4780 est,
3373 4704 3543 4765 alteri
3595 4703 3750 4764 aetati

2648 4259 2782 4314 κατὰ
2854 4257 2954 4324 τὴν
3011 4259 3195 4336 φρέσιν
3267 4259 3355 4312 καὶ
3406 4258 3601 4336 σαφὴς,
3661 4260 3748 4314 καὶ

366 4809 437 4853 ex
474 4791 576 4854 illa
604 4801 837 4856 veteres
881 4811 1090 4856 omnes
1149 4793 1564 4872 prodiderunt.
1619 4794 2018 4857 Observamus
2105 4817 2278 4878 quam
2308 4796 2416 4857 soli
2448 4797 2789 4875 apostolicze
2815 4815 2929 4856 non
2964 4795 3262 4856 convenit:
3302 4795 3578 4875 paulatim
3614 4812 3750 4854 cre-

363 4899 510 4945 sane
533 4889 593 4946 et
617 4885 802 4952 στάσιν
834 4886 928 4960 οὐκ
960 4885 1150 4961 ὀλίγην
1181 4882 1454 4944 Corinthi
1489 4891 1679 4946 ortam
1715 4885 1874 4946 inter
1903 4884 2010 4946 fra-

364 4980 510 5054 tres,
547 4990 931 5053 progressum
966 4972 1253 5033 nimirum
1293 4973 1365 5034 ad
1398 4972 1511 5033 vim
1549 4982 1605 5034 et
1636 4973 2016 5052 bellum,sive

361 5060 598 5126 duella:
626 5060 977 5124 etRomanae
997 5059 1430 5135 Ecclesizemon
1461 5071 1654 5124 autem
1683 5065 1859 5124 unius
1885 5063 2012 5126 Cle-

363 5150 585 5213 mentis
607 5153 851 5215 nomine
875 5158 1145 5214 exaratas
1167 5149 1394 5214 litteras
1423 5172 1440 5228 ;
1467 5171 1685 5235 easque
1705 5152 1777 5214 ad
1803 5172 2007 5234 pacem

361 5248 424 5302 et
444 5240 828 5318 concordiam
852 5239 1189 5304 Corinthios
1211 5241 1540 5318 ﬂectentes,
1577 5253 2006 5306 memorantes-

361 5348 478 5412 que
497 5331 703 5394 eorum
724 5331 903 5394 fidem
916 5380 932 5408 ,
951 5349 1127 5415 quam
1140 5340 1421 5394 recenter
1437 5331 1512 5394 ab
1527 5333 1808 5412 apostolis
1827 5353 2006 5397 acce-

2100 4896 2303 4948 scente
2335 4887 2685 4948 auctoritate
2730 4889 2984 4966 primum
3034 4885 3270 4963 collegii
3305 4883 3748 4964 presbyteralis,

2098 4977 2238 5038 inde
2273 4977 2445 5037 unius
2470 4980 2756 5056 episcopi,
2791 4984 2846 5035 et
2870 4974 3091 5037 sensim
3127 4994 3160 5034 a
3193 4975 3496 5035 curatione
3549 4992 3750 5033 sacra-

2100 5083 2227 5126 rum
2267 5083 2466 5126 rerum
2517 5073 2745 5126 remoto
2784 5067 3021 5143 populo.
3061 5062 3327 5144 Sequens
3353 5063 3528 5124 etiam
3563 5081 3748 5122 aevum

2099 5154 2268 5234 longe
2301 5155 2472 5215 aliter
2496 5154 2568 5214 de
2604 5172 2858 5234 persona
2893 5152 3110 5216 Christi
3147 5157 3404 5214 loculum
3443 5161 3528 5212 est
3561 5173 3572 5212 :
3610 5170 3744 5211 cum

2094 5245 2189 5315 hic
2217 5263 2332 5305 non
2366 5245 2489 5306 fere
2522 5248 2634 5304 alia
2657 5243 3132 5324 reperias,quam
3169 5243 3266 5304 illa
3286 5241 3501 5324 quibus
3532 5239 3748 5304 S.Pau-

2092 5335 2183 5396 lus
2213 5341 2300 5396 est
2323 5332 2716 5395 usus.Videre
2741 5333 2918 5395 etiam
2949 5333 3041 5394 hic
3074 5341 3157 5393 est
3183 5331 3241 5394 in
3278 5331 3489 5394 ordine
3519 5331 3744 5392 hierar-

427 5533 482 5620 ιι
512 5535 644 5600 Lib.
676 5552 742 5600 ιιι
770 5495 1038 5620 Ηιξειηρ.
1071 5533 1180 5613 36;
1201 5538 1248 5620 ι.
1279 5555 1362 5616 ιν,
1397 5557 1450 5603 c.
1486 5539 1580 5620 1_4.
1668 5537 1732 5620 ii
1754 5540 1997 5620 Loc.Jci

2093 5585 2104 5600 .
2194 5539 2246 5584 ίθ
2270 5539 2403 5606 Lib.
2449 5555 2536 5620 ιιι,
2597 5557 2650 5600 c.
2718 5539 2813 5602 13.
2899 5536 2950 5580 ¹’¹
2975 5537 3121 5620 Lib.
3169 5554 3226 5600 ιν
3276 5537 3676 5620 Strom.;_lib.
3710 5553 3750 5598 ιι

349 5617 474 5702 life!
511 5619 718 5702 ἀρχῶν.
806 5616 1017 5702 “Lib.
1061 5636 1133 5684 ιιι.
1155 5618 1317 5702 Hist.
1352 5638 1419 5702 c_.
1461 5617 1533 5679 12
1585 5627 1646 5702 et
1704 5617 1801 5686 32.

382 5693 776 5766 ‘Cate'c'h.'18.
858 5697 918 5744 ⁸⁸
939 5702 1129 5784 Resp.
1161 5701 1243 5767 74
1271 5699 1479 5783 Basil.,
1522 5717 1578 5766 ο.
1609 5700 1711 5765 29.

1893 5616 1945 5663 ¹⁹
1990 5620 2084 5685 De
2121 5624 2404 5703 scriptor.
2489 5616 2547 5671 g0
2605 5621 2671 5684 In
2720 5637 2850 5704 cap.
2907 5635 2983 5683 ut
3013 5617 3150 5683 lsai.
3186 5624 3246 5681 et
3273 5636 3405 5700 cap.
3440 5635 3493 5682 ιν
3529 5617 3753 5699 Ephes.
