4062 6472
222 328 301 394 53
1523 331 1896 396 PROCEMIA
1940 331 2371 398 VABIORUM.
3570 331 3652 398 δι

221 467 404 530 chico
439 472 761 534 numerari
797 490 918 534 non
965 473 1116 535 alios
1137 491 1313 555 quam
1345 471 1658 551 episcopos
1689 477 1747 531 et
1777 468 1910 530 dia-
1930 476 1971 525 Α
1999 475 2198 530 mento
2231 469 2649 550 deprehendas
2679 469 2839 549 quod
2871 469 3119 534 Photius
3148 467 3391 545 notavit,
3426 483 3645 548 nempe

215 577 435 638 conos,
481 563 760 642 episcopi
793 563 1042 624 nomine
1071 581 1281 624 omnes
1320 562 1704 643 presbyteros
1731 578 1898 621 com-

1990 560 2252 615 νουθεσίαν
2283 563 2370 616 καὶ
2401 562 2702 635 παραίνεσιν
2735 561 3031 632 κρείττονος
3064 563 3201 636 βίον,
3240 562 3325 617 mi
3385 560 3436 615 ἰν
3487 560 3636 638 ἁρχῆ

215 648 652 723 prehendente
687 672 700 710 :
731 670 910 714 secus
941 671 1117 733 quam
1149 652 1302 713 infra
1333 650 1657 732 apostolica
1688 659 1745 710 et
1765 668 1898 729 apo-

1990 650 2044 704 τὸ
2076 652 2326 726 κήρυγμα
2357 659 2579 727 Χριστοῦ
2631 662 2722 710 τοῦ
2774 658 2924 708 Θεοῦ.
2964 649 3185 724 Solam,
3222 649 3526 719 nimirum,
3562 647 3640 708 ll-

214 739 459 800 stolicis
495 740 792 804 viciniora
821 741 1393 821 temporaobtinuit.
1430 742 1576 802 Huic
1609 741 1709 801 uni
1746 739 1901 800 aetati
1986 734 2100 795 lam
2157 738 2406 817 primam
2462 759 2594 801 cum
2655 741 2821 802 omni
2882 739 3233 820 antiquitate
3292 755 3639 819 germanam

213 828 397 888 etiam
435 849 717 909 congrua
748 839 840 894 est
865 831 1294 894 sacriﬁciorum
1318 831 1640 893 celebratio
1665 830 1725 890 in
1752 828 1900 890 Hie-
1987 845 2244 901 agnosco
2285 849 2298 888 :
2333 829 2577 890 alteram
2614 849 2733 891 non
2786 830 2954 910 item,
2991 831 3102 891 etsi
3163 832 3238 890 sit
3295 836 3546 902 vetusta,
3583 834 3642 888 et

213 918 668 998 rosolymitano
704 922 1131 1002 templo,cujus
1164 923 1289 983 haec
1319 920 1586 1000 Epistola
1609 918 1897 980 meminit.
1989 914 2162 994 longe
2192 918 2456 980 melioris
2488 931 2668 1000 notae,
2698 931 2875 1001 atque
2928 928 3063 982 sunt
3116 920 3233 982 illae
3276 939 3408 1000 quae
3462 918 3640 997 vulgo

219 1006 411 1068 Multa
443 1009 572 1072 alia
607 1030 731 1072 non
763 1011 1061 1072 simulatae
1085 1011 1398 1073 vetustatis
1422 1010 1644 1070 indicia
1661 1026 1904 1086 conges—
1989 1006 2147 1082 apud
2182 1007 2423 1070 Latinos
2455 1009 2779 1072 Clementis
2832 1011 3078 1072 nomine
3109 1011 3633 1071 circumferuntur.

227 1095 306 1156 sit
335 1098 509 1177 Hugo
548 1100 820 1172 Grotius,
855 1099 945 1161 vir
974 1119 1266 1180 summus,
1290 1099 1540 1180 epistola
1562 1098 1812 1180 quadam
1831 1099 1902 1159 ad
1990 1093 2059 1155 Et
2089 1113 2226 1158 vero
2252 1099 2487 1160 nonnisi
2511 1101 2748 1161 unicam
2781 1119 2815 1161 a
2844 1100 3156 1162 Clemente
3177 1098 3485 1179 epistolam
3508 1115 3638 1177 pro-

230 1186 674 1270 Hieronymum
708 1190 1097 1269 Bignonium,
1123 1208 1256 1270 quae
1288 1190 1349 1251 in
1394 1189 1548 1251 libro
1570 1189 1902 1270 Epistolar.
1990 1184 2203 1246 tectam
2238 1205 2393 1262 esse,
2424 1189 2658 1269 reliqua
2688 1208 2828 1251 vero
2861 1189 3086 1266 omnia,
3121 1208 3254 1267 quae
3303 1188 3426 1250 sive
3480 1185 3638 1248 Con-

228 1277 309 1338 ad
340 1278 566 1342 Gallos
615 1289 709 1342 est
738 1297 874 1342 οων
907 1301 921 1341 :
959 1299 1093 1360 quae
1139 1299 1258 1341 non
1303 1297 1542 1360 possum
1589 1297 1707 1339 non
1764 1296 1904 1358 pro-
1989 1273 2358 1338 stitutionum
2417 1278 2900 1357 apostolicarum,
2948 1280 3068 1340 sive
3116 1277 3637 1357 Recognitionum,

228 1362 372 1427 bare
409 1387 424 1428 :
461 1366 583 1429 nisi
609 1368 669 1428 in
699 1388 772 1430 eo
815 1371 1100 1431 erraverit
1130 1367 1231 1428 ille
1263 1372 1290 1424 ὸ
1341 1370 1497 1441 πάνυ,
1533 1367 1694 1444 quod
1727 1377 1904 1443 neget
1988 1363 2110 1425 sive
2143 1367 2527 1446 epistolarum
2584 1371 2829 1432 nomine
2857 1371 3120 1444 veniunt,
3158 1369 3397 1430 mentiri
3429 1375 3638 1429 aucto-

222 1454 612 1518 Clementem
632 1458 953 1539 aliquidex
974 1458 1478 1537 Evangeliis,quaa
1499 1456 1898 1537 appellamus,
1987 1471 2135 1528 rem,
2174 1455 2262 1516 vel
2289 1457 2434 1518 illud
2467 1477 2652 1520 unum
2697 1477 2801 1538 pro
2828 1460 3166 1522 sufﬁciente
3199 1467 3288 1520 est
3318 1475 3641 1536 argumen-

219 1545 582 1620 adduxisse,
612 1567 752 1609 cum
786 1558 986 1609 tamen
1017 1565 1094 1611 ex
1143 1546 1204 1610 S.
1259 1549 1433 1610 Lucae
1463 1566 1598 1627 cap.
1631 1563 1690 1608 vr
1717 1546 1904 1608 verba
1989 1550 2070 1617 to,
2104 1545 2259 1624 quod
2295 1548 2359 1607 S.
2393 1547 2657 1610 Irenaeus
2701 1549 2941 1611 nonnisi
2975 1549 3211 1610 unicam
3242 1546 3402 1610 illam
3442 1545 3641 1608 laudet

223 1635 473 1697 Domini
531 1637 729 1698 nostri
785 1636 906 1698 sint
953 1636 1229 1716 repetita.
1265 1635 1417 1698 Satis
1446 1653 1591 1698 vero
1623 1635 1712 1696 vel
1740 1635 1841 1696 illa
1871 1654 1905 1696 a
1986 1632 2048 1693 in
2078 1634 2339 1698 veritatis
2370 1639 2683 1700 catholicae
2715 1640 3147 1713 testimonium,
3195 1639 3337 1700 dum
3370 1637 3640 1699 studiose

221 1724 401 1785 nobis
425 1726 774 1788 allatasunt
807 1726 975 1808 paria
994 1726 1364 1789 vindicandae
1389 1745 1512 1787 sum
1533 1722 1801 1802 dignitati
1819 1725 1905 1786 illi
1989 1733 2286 1802 oppugnat
2309 1726 3030 1808 baereses,episcoporum
3057 1728 3464 1791 Romanorum
3490 1746 3640 1788 con-

222 1823 451 1876 uostrae
483 1817 765 1898 epistolae
800 1838 813 1879 :
849 1834 1041 1897 eoque
1074 1815 1222 1877 nihil
1250 1815 1462 1877 attinet
1492 1815 1657 1895 plura
1682 1814 1742 1875 in
1766 1832 1904 1875 con-
1929 1848 1966 1898 Β
1990 1830 2191 1876 sensu.
2223 1815 2345 1876 Imo
2380 1817 2525 1878 tanti
2555 1825 2644 1880 est
2674 1817 2908 1879 roboris
2937 1818 3043 1881 illa
3072 1818 3283 1881 Iremei
3325 1835 3641 1879 commen-

229 1904 645 1967 firmationem
680 1926 844 1968 nunc
877 1904 1314 1986 producere.Et
1344 1923 1487 1966 sane
1507 1903 1612 1964 tibi
1634 1903 1900 1984 quidem,

234 1994 311 2054 mi
345 1995 631 2075 Madeve,
659 1996 920 2058 fortasse
944 1995 1090 2056 satis
1121 2004 1208 2055 est
1240 1993 1324 2068 id,
1361 1992 1516 2074 quod
1542 1992 1905 2055 ueminead-

233 2094 504 2146 versante
537 2105 760 2147 omnes
793 2085 1063 2165 omnino,
1088 2101 1269 2166 penes
1300 2102 1448 2164 quos
1473 2082 1651 2144 hodie
1683 2082 1905 2145 critica;

229 2192 485 2252 regnum
523 2184 645 2256 est,
678 2174 1006 2256 Epistolam
1045 2176 1197 2236 hanc
1228 2183 1289 2236 ut
1311 2191 1654 2252 germanam
1681 2171 1902 2233 admit-

228 2271 372 2324 tant.
409 2263 640 2335 Quidni
670 2266 834 2326 enim
875 2272 997 2325 tuto
1024 2263 1294 2343 sequaris
1324 2263 1436 2324 hac
1460 2262 1518 2322 in
1550 2280 1616 2323 re
1638 2260 1896 2336 Grotios,

225 2354 581 2422 Selmasios.
622 2354 905 2427 Calixtos,
956 2353 1276 2427 Horneios,
1325 2352 1591 2426 Vossios,
1629 2351 1896 2430 Rivetos,

231 2443 606 2515 Blondellos.
636 2443 953 2517 Seldenos,
985 2442 1276 2516 Petavios,
1304 2440 1901 2520 Patricios,aliosque

232 2552 514 2595 censores
543 2533 844 2596 librorum
877 2531 1320 2595 exactissimos?
1341 2529 1674 2593 Praesertim
1703 2530 1754 2591 si
1787 2549 1898 2591 ne-

236 2643 329 2684 mo
360 2624 604 2685 doctior
621 2623 1046 2698 dissentiat,ut
1073 2622 1170 2683 hic
1191 2619 1663 2699 dissentit,quod
1687 2618 1898 2695 sciam,

234 2732 430 2776 nemo.

321 2806 560 2884 Loquor
589 2821 764 2879 vero,
799 2803 881 2863 uti
917 2801 1393 2875 novisti,tantum
1419 2800 1494 2861 de
1516 2798 1780 2879 Epistola
1803 2798 1905 2859 illa

240 2893 560 2967 prolixiore
592 2893 670 2954 ad
706 2891 1075 2966 Corinthios,
1113 2910 1232 2952 non
1255 2891 1329 2950 de
1350 2890 1532 2952 altera
1564 2888 1701 2968 ista,
1736 2887 1904 2966 cujus

241 2983 633 3062 fragmentum
651 2982 868 3043 itidem
897 2980 1218 3062 publicavit
1241 2980 1524 3041 Patricius
1547 2979 1647 3040 ille
1665 2978 1891 3040 Junius.
1919 3017 1957 3066 Ο

249 3071 581 3153 Quanquam
603 3080 668 3132 et
691 3073 852 3133 hanc
873 3070 1212 3131 existimem
1237 3087 1372 3130 esse
1389 3068 1553 3131 illam
1580 3067 1787 3130 Photio
1809 3069 1898 3130 le-

251 3164 533 3235 ctam,imo
558 3162 730 3223 illam
769 3161 946 3240 cujus
963 3158 1774 3238 Eusebius,Hieronymus,et
1795 3157 1892 3216 alii

256 3253 740 3331 meminerunt,ut
771 3248 1068 3313 Clementi
1099 3248 1342 3326 quidem
1377 3247 1603 3310 auctori
1641 3245 1891 3324 tributa,

252 3341 344 3404 sed
399 3358 740 3421 perperam.
800 3336 1018 3418 Utique
1076 3338 1236 3400 enim
1297 3338 1357 3399 in
1403 3339 1520 3399 hoc
1575 3335 1703 3416 ipso
1734 3337 1892 3414 frag-

1990 1901 2168 1983 datio,
2203 1914 2266 1964 ut
2299 1923 2402 1984 par
2452 1908 2526 1967 sit
2569 1907 2941 1985 reliquorum
2992 1907 3170 1970 etiam
3220 1906 3640 1988 episcoporum

1990 1992 2398 2055 Romanorum
2435 1997 2566 2076 ejus
2585 1995 2691 2058 aevi
2718 1997 3006 2078 epistolis,
3028 2015 3173 2078 quas
3193 1995 3457 2058 Isidorus
3479 1998 3640 2058 Mer-

1990 2090 2152 2143 cator
2184 2083 2388 2157 edidit,
2444 2086 2578 2148 falsi
2619 2087 3078 2151 convencendis.
3107 2087 3278 2161 Quod
3302 2086 3469 2148 ulcus
3501 2095 3637 2148 tan-

1988 2188 2131 2247 gere
2163 2189 2279 2232 non
2312 2180 2403 2234 est
2433 2175 2611 2254 hujus
2634 2175 2910 2236 instituti.

2069 2262 2143 2324 Ut
2190 2262 2433 2324 redeam
2467 2264 2641 2343 igitur
2685 2264 2758 2326 ad
2789 2265 3057 2345 epistolae
3109 2267 3287 2343 hujus
3336 2282 3486 2327 mea
3515 2265 3638 2325 ini-

1987 2349 2130 2411 tium
2164 2351 2523 2414 laudabilem
2578 2355 2843 2433 profecto
2899 2373 3143 2435 operam
3205 2360 3448 2434 praestas
3479 2352 3636 2416 bono

1989 2440 2249 2519 publico,
2286 2441 2375 2502 vir
2395 2442 2768 2517 doctissime,
2798 2463 2979 2506 aurea
3033 2445 3133 2506 illa
3180 2443 3492 2525 primitivae
3516 2443 3635 2506 Ec-

1987 2530 2184 2592 clesia;
2217 2542 2626 2609 monumenta,
2660 2533 2890 2596 rariora
2915 2535 3158 2597 inventu
3203 2535 3372 2595 hisce
3401 2535 3463 2595 in
3515 2534 3638 2596 oris

1988 2628 2045 2680 et
2077 2619 2284 2698 paucis
2316 2621 2490 2702 lecta,
2528 2623 2750 2685 nostris
2779 2624 2926 2704 typis
2960 2623 3293 2700 publicans.
3337 2624 3470 2685 Non
3494 2641 3638 2703 pos-

1988 2727 2116 2768 sum
2140 2727 2282 2770 sane
2315 2728 2423 2786 ego
2451 2731 2572 2772 non
2601 2711 2708 2774 tibi
2736 2720 2941 2774 auctor
2961 2730 3118 2794 esse,
3151 2713 3212 2774 in
3232 2713 3336 2774 illo
3365 2712 3638 2774 instituto

1988 2807 2228 2860 strenue
2261 2800 2569 2879 pergendi.
2605 2801 2916 2881 Ejusmodi
2949 2803 3152 2882 utique
3181 2803 3399 2882 scripta
3430 2801 3636 2865 volve-

1988 2906 2076 2962 re,
2114 2889 2287 2966 longe
2341 2890 2736 2968 prmstabilius
2766 2890 3088 2973 utiliusque
3128 2900 3240 2972 est,
3266 2911 3441 2973 quam
3473 2893 3638 2954 rixo-

1989 2976 2091 3049 sis,
2129 2977 2247 3037 imo
2298 2979 2750 3041 contumeliosis
2794 2979 3017 3042 libellis
3075 2980 3344 3060 legendis
3405 2990 3640 3062 tempus

1983 3069 2414 3147 terere,quales
2437 3069 2561 3130 hzec
2587 3078 2786 3131 nostra
2806 3079 2944 3132 aetas
2965 3078 3188 3132 aeterna
3223 3089 3358 3133 cum
3389 3072 3632 3134 infamia

1980 3155 2103 3216 edit
2137 3158 2353 3236 passim
2389 3158 2708 3235 plurimos.

2061 3246 2225 3326 Vale,
2272 3245 2352 3305 mi
2381 3247 2646 3328 Madere,
2675 3253 2736 3311 et
2770 3249 2931 3310 salve
2978 3249 3325 3328 plurimum.
3358 3251 3638 3314 Helmes-

1981 3334 2119 3396 tadii
2152 3335 2213 3396 in
2248 3335 2430 3397 Acad.
2465 3338 2622 3399 .lulia
2652 3338 2834 3418 1654,
2869 3355 2927 3401 v1
2957 3337 3090 3401 Kal.
3122 3339 3443 3404 Decembr.

719 3732 1544 3862 JOACHIMI
1655 3724 2394 3856 JOANNIS
2495 3726 3160 3860 MADERI

1122 3992 1277 4084 AD
1359 3985 2033 4083 LECTOREM
2130 3984 2823 4083 PREFATIO.

307 4220 602 4302 Properat
634 4226 710 4287 ad
747 4227 1048 4301 te,Lector
1079 4223 1394 4293 benevole,
1419 4221 1546 4283 haec
1569 4220 1897 4284 Clementis

228 4311 299 4370 ad
328 4315 692 4376 Corinthios
718 4316 970 4395 epistola
991 4317 1293 4381 ἱκινωταίτη
1325 4316 1410 4370 καὶ
1431 4317 1560 4388 Ozup
1574 4313 1717 4386 ασία,
1729 4315 1898 4390 juxta

1979 4219 2198 4282 nebula
2230 4238 2424 4301 nuper
2459 4222 2747 4286 volnisset
2777 4221 3106 4301 obducere,
3139 4231 3199 4286 et
3226 4224 3403 4302 hujus
3432 4222 3643 4304 scripti

1981 4311 2306 4387 γνησιότητα
2341 4318 2566 4374 temere
2599 4313 2778 4374 nimis
2836 4322 3010 4395 atque
3047 4312 3488 4374 inconsiderate
3523 4330 3634 4374 ne-

229 4399 521 4465 lrenzeum
559 4415 619 4466 et
644 4404 993 4480 Eusebium,
1022 4404 1220 4465 multis
1237 4403 1359 4482 jam
1391 4401 1623 4464 sreculis
1654 4401 1896 4462 deside-
1925 4417 2146 4479 Dgare.
2183 4397 2339 4461 Sane
2362 4401 2421 4461 in
2455 4403 2790 4465 verminoso
2827 4403 2979 4464 libro
3011 4421 3116 4464 suo
3150 4421 3328 4482 quem
3360 4401 3630 4483 interim,

239 4493 550 4555 rata.Luci
576 4494 739 4556 illam
775 4514 892 4555 non
921 4498 998 4556 ita
1031 4493 1259 4572 pridem
1292 4492 1529 4553 donavit
1549 4509 1786 4551 rursum
1816 4492 1900 4550 vir

238 4581 616 4643 clarissimus
683 4583 975 4645 Patricius
1022 4582 1253 4654 Junius,
1324 4579 1717 4652 serenissimi,
1782 4581 1896 4640 heu

243 4671 566 4750 quondam!
607 4674 1044 4735 Britanniarum
1080 4673 1239 4751 regis
1269 4671 1777 4743 bibliothecarius,
1806 4671 1897 4730 cui

246 4769 567 4840 proluterea
601 4763 888 4823 maximas
914 4771 1076 4823 certe
1100 4762 1311 4839 gratias
1334 4759 1900 4830 debemusQuantae

242 4868 377 4911 vero
407 4852 576 4931 apud
610 4861 847 4914 veteres
877 4852 1054 4914 fuerit
1088 4851 1474 4926 auctoritatis,
1513 4858 1594 4910 tot
1627 4849 1730 4909 tibi
1759 4849 1895 4911 illo--

241 4959 398 5017 rum,
434 4959 588 5020 quos
633 4941 921 5022 deinceps
962 4941 1334 5008 exhibemus,
1370 4947 1700 5018 suggerunt
1725 4939 1894 4999 testi-

241 5032 464 5110 monia;
505 5051 639 5112 qua:
672 5051 786 5092 una
819 5051 952 5093 cum
985 5031 1116 5093 aliis
1149 5029 1509 5112 propheticis
1525 5030 1896 5108 apostolicis-

239 5142 356 5200 que
380 5122 627 5203 scriptis
651 5121 767 5201 legi
791 5121 931 5184 olim
967 5121 1026 5181 in
1057 5120 1410 5202 quibusdam
1444 5118 1728 5181 Ecclesiis
1753 5119 1896 5180 soli-

245 5212 579 5284 tam,lidem
607 5213 854 5294 faciunt,
884 5210 1210 5293 itidemque
1240 5211 1316 5272 de
1348 5228 1522 5272 causa
1556 5208 1899 5288 scriptionis

245 5314 303 5364 et
324 5303 456 5382 styli
478 5321 704 5382 genere
727 5313 784 5365 te
808 5301 1124 5364 certiorem
1151 5300 1568 5363 reddunt.Non
1585 5318 1724 5378 ergo
1748 5307 1896 5378 erat,

249 5413 361 5474 quo
386 5403 443 5454 te
463 5393 722 5475 amplius
757 5410 1047 5468 morarer,
1076 5391 1560 5473 quandoquidem
1597 5408 1896 5470 nunquam

246 5482 675 5547 satislaudatus
691 5480 988 5544 Patricius
1013 5500 1119 5543 sua
1134 5480 1206 5543 ad
1223 5481 1533 5543 Lectorem
1555 5478 1900 5560 praefatione

247 5583 503 5637 veterem
538 5571 902 5640 testimoniis
933 5588 1114 5652 supra
1147 5569 1438 5645 subnexa,
1471 5569 1532 5630 in
1565 5567 1814 5648 reliquis
1833 5568 1900 5629 ti-

246 5665 298 5730 bi
330 5671 566 5750 poterat
593 5661 952 5728 satisfacere
983 5681 997 5726 :
1031 5662 1088 5723 ni
1113 5661 1321 5726 fuisset
1336 5659 1440 5741 qui
1458 5667 1676 5722 tantam
1701 5657 1896 5720 lucem

1985 4489 2124 4548 dum
2160 4487 2232 4550 de
2264 4489 2372 4549 hac
2408 4490 2668 4554 editione
2701 4492 2917 4571 cogito,
2949 4492 3011 4552 in
3042 4493 3250 4572 vulgus
3282 4493 3633 4565 emisit,tam

1983 4579 2265 4640 audacter
2295 4579 2508 4641 famam
2556 4583 2684 4660 ejus
2708 4583 2953 4657 orrodit,
2989 4591 3051 4643 ut
3075 4600 3150 4644 ne
3182 4581 3355 4643 tineis
3390 4581 3634 4662 quidem

1981 4668 2375 4746 trucibusque
2407 4669 2627 4744 blattis,
2662 4691 2794 4752 quae
2846 4673 3131 4733 damnum
3181 4674 3290 4752 ipsi
3343 4673 3468 4752 jam
3499 4677 3637 4732 ante

1983 4775 2280 4818 summum
2317 4758 3062 4834 intulerant,mordacitate
3090 4759 3416 4826 cedat.Nec
3439 4768 3639 4823 tamen

1980 4846 2168 4906 virum
2206 4847 2381 4908 istum
2407 4849 2553 4910 alias
2586 4851 2991 4932 magnum,vel
3022 4851 3176 4914 hanc
3202 4849 3638 4932 epistolam,vel

1982 4937 2112 4996 loca
2141 4945 2447 4998 auctorum
2477 4958 2510 4999 a
2540 4939 2752 5019 quibus
2802 4940 3140 5002 testimonia
3170 4939 3375 5020 sumit,
3411 4946 3636 5002 attente

1982 5045 2242 5106 unquam
2271 5045 2409 5088 reor
2429 5027 2647 5107 legisse
2682 5037 2738 5091 et
2766 5030 2952 5111 probe
2983 5028 3379 5105 examinasse,
3412 5027 3519 5090 sed
3549 5027 3637 5090 fu-

1981 5136 2115 5178 cum
2155 5119 2349 5196 potius
2377 5119 2841 5198 simplicioribus
2900 5139 3107 5202 parum
3165 5117 3238 5181 ab
3288 5117 3640 5198 antiquitate

1982 5205 2289 5267 instructis
2318 5206 2514 5268 facere
2547 5209 2829 5274 voluisse.
2866 5212 2942 5275 Ut
2973 5213 3135 5272 enim
3171 5207 3410 5270 silentio
3440 5206 3636 5268 invol-

1983 5313 2110 5355 vam
2146 5296 2348 5357 frivola
2376 5297 2490 5358 ista
2516 5298 2592 5360 de
2628 5299 2813 5362 minio
2846 5301 3184 5381 rubro,quo
3217 5295 3524 5360 lacunaein
3543 5312 3641 5356 su-

1988 5387 2222 5466 periore
2253 5385 2515 5448 editione
2548 5407 2759 5468 magna
2799 5389 3106 5470 diligentia
3139 5395 3276 5450 sunt
3307 5392 3550 5460 notata),
3581 5393 3641 5448 et

1985 5494 2113 5556 quae
2147 5483 2432 5555 praeterea
2458 5477 2534 5539 de
2551 5479 2680 5559 styli
2700 5478 3079 5559 simplicitate
3103 5486 3162 5539 et
3182 5474 3488 5538 incondita
3508 5474 3638 5555 ejus

1983 5566 2352 5629 connexione
2385 5567 2636 5650 profert,
2672 5578 2737 5632 ut
2750 5568 3106 5651 jamdudum
3137 5567 3253 5650 ipsi
3283 5564 3491 5630 Photio
3522 5564 3636 5628 ob-

1983 5665 2214 5723 servata
2241 5674 2256 5691 °
2292 5656 2554 5739 primum
2585 5659 3003 5743 imprudenter
3029 5661 3171 5724 satis
3200 5657 3637 5722 consarcinata-
