  <div class='ocr_page' id='page_1' title='image "/cluster/home/n/w/nwhite01/storage/ocr_20150623/1:no.1/coo.31924054872803/053.png"; bbox 0 0 4062 6438; ppageno 0'>
   <div class='ocr_carea' id='block_1_1' title="bbox 470 315 2088 386">
    <p class='ocr_par' dir='ltr' id='par_1_1' title="bbox 470 315 2088 383">
     <span class='ocr_line' id='line_1_1' title="bbox 470 315 2088 383; baseline 0.001 -3"><span class='ocrx_word' id='word_1_1' title='bbox 470 315 536 381; x_wconf 88' lang='grc'><strong>91</strong></span> <span class='ocrx_word' id='word_1_2' title='bbox 1618 320 1717 383; x_wconf 79' lang='grc' dir='ltr'><strong>ΑΙ)</strong></span> <span class='ocrx_word' id='word_1_3' title='bbox 1759 320 1821 382; x_wconf 92' lang='lat' dir='ltr'><strong>S.</strong></span> <span class='ocrx_word' id='word_1_4' title='bbox 1868 319 2088 383; x_wconf 77' lang='lat' dir='ltr'><strong>CLEMJ</strong></span> 
     </span>
    </p>
   </div>
   <div class='ocr_carea' id='block_1_2' title="bbox 2193 315 2716 386">
    <p class='ocr_par' dir='ltr' id='par_1_2' title="bbox 2193 316 2716 386">
     <span class='ocr_line' id='line_1_2' title="bbox 2193 316 2716 386; baseline 0.011 -5"><span class='ocrx_word' id='word_1_5' title='bbox 2193 316 2342 383; x_wconf 81' lang='lat' dir='ltr'><strong>TEM</strong></span> <span class='ocrx_word' id='word_1_6' title='bbox 2392 320 2417 383; x_wconf 93' lang='grc' dir='ltr'>Ι</span> <span class='ocrx_word' id='word_1_7' title='bbox 2459 322 2716 386; x_wconf 81' lang='grc' dir='ltr'><strong>ΡΑΡΑΜ</strong></span> 
     </span>
    </p>
   </div>
   <div class='ocr_carea' id='block_1_3' title="bbox 3777 326 3863 390">
    <p class='ocr_par' dir='ltr' id='par_1_3' title="bbox 3777 326 3863 390">
     <span class='ocr_line' id='line_1_3' title="bbox 3777 326 3863 390; baseline 0 0"><span class='ocrx_word' id='word_1_8' title='bbox 3777 326 3863 390; x_wconf 82' lang='lat'><strong>92</strong></span> 
     </span>
    </p>
   </div>
   <div class='ocr_carea' id='block_1_4' title="bbox 459 450 3859 539">
    <p class='ocr_par' dir='ltr' id='par_1_4' title="bbox 459 450 3859 539">
     <span class='ocr_line' id='line_1_4' title="bbox 459 450 3859 539; baseline 0.002 -26"><span class='ocrx_word' id='word_1_9' title='bbox 459 452 741 535; x_wconf 83' lang='lat' dir='ltr'><strong>recitare,</strong></span> <span class='ocrx_word' id='word_1_10' title='bbox 775 453 882 516; x_wconf 88' lang='lat' dir='ltr'><strong>sed</strong></span> <span class='ocrx_word' id='word_1_11' title='bbox 914 471 1018 536; x_wconf 90' lang='lat' dir='ltr'><strong>pro</strong></span> <span class='ocrx_word' id='word_1_12' title='bbox 1074 453 1317 517; x_wconf 89' lang='lat' dir='ltr'><strong>arbitrio</strong></span> <span class='ocrx_word' id='word_1_13' title='bbox 1366 471 1474 517; x_wconf 91' lang='lat' dir='ltr'><strong>suo</strong></span> <span class='ocrx_word' id='word_1_14' title='bbox 1530 472 1689 516; x_wconf 91' lang='lat' dir='ltr'><strong>nunc</strong></span> <span class='ocrx_word' id='word_1_15' title='bbox 1730 453 2110 528; x_wconf 77' lang='lat' dir='ltr'><strong>contrahere,</strong></span> <span class='ocrx_word' id='word_1_16' title='bbox 2135 458 2175 509; x_wconf 82' lang='grc' dir='ltr'><strong>Α</strong></span> <span class='ocrx_word' id='word_1_17' title='bbox 2198 450 2356 513; x_wconf 90' lang='lat' dir='ltr'><strong>drini</strong></span> <span class='ocrx_word' id='word_1_18' title='bbox 2389 471 2457 516; x_wconf 85' lang='lat' dir='ltr'><strong>ex</strong></span> <span class='ocrx_word' id='word_1_19' title='bbox 2484 473 2603 535; x_wconf 87' lang='lat' dir='ltr'><strong>quo</strong></span> <span class='ocrx_word' id='word_1_20' title='bbox 2635 452 3003 536; x_wconf 88' lang='lat' dir='ltr'><strong>descriptum</strong></span> <span class='ocrx_word' id='word_1_21' title='bbox 3052 464 3144 521; x_wconf 88' lang='lat' dir='ltr'><strong>est</strong></span> <span class='ocrx_word' id='word_1_22' title='bbox 3191 457 3519 539; x_wconf 83' lang='lat' dir='ltr'><strong>pretiosum</strong></span> <span class='ocrx_word' id='word_1_23' title='bbox 3551 458 3698 522; x_wconf 89' lang='lat' dir='ltr'><strong>illud</strong></span> <span class='ocrx_word' id='word_1_24' title='bbox 3730 482 3859 521; x_wconf 75' lang='lat' dir='ltr'><strong>m-</strong></span> 
     </span>
    </p>
   </div>
   <div class='ocr_carea' id='block_1_5' title="bbox 462 543 2110 626">
    <p class='ocr_par' dir='ltr' id='par_1_5' title="bbox 462 543 2110 626">
     <span class='ocr_line' id='line_1_5' title="bbox 462 543 2110 626; baseline 0.001 -22"><span class='ocrx_word' id='word_1_25' title='bbox 462 560 620 604; x_wconf 92' lang='lat' dir='ltr'><strong>nunc</strong></span> <span class='ocrx_word' id='word_1_26' title='bbox 670 543 745 605; x_wconf 91' lang='lat' dir='ltr'><strong>de</strong></span> <span class='ocrx_word' id='word_1_27' title='bbox 799 563 906 605; x_wconf 89' lang='lat' dir='ltr'><strong>suo</strong></span> <span class='ocrx_word' id='word_1_28' title='bbox 957 543 1249 617; x_wconf 83' lang='lat' dir='ltr'><strong>inserere,</strong></span> <span class='ocrx_word' id='word_1_29' title='bbox 1301 543 1418 607; x_wconf 86' lang='lat' dir='ltr'><strong>alia</strong></span> <span class='ocrx_word' id='word_1_30' title='bbox 1458 543 1756 626; x_wconf 88' lang='lat' dir='ltr'><strong>omittere,</strong></span> <span class='ocrx_word' id='word_1_31' title='bbox 1791 543 1905 606; x_wconf 89' lang='lat' dir='ltr'><strong>alia</strong></span> <span class='ocrx_word' id='word_1_32' title='bbox 1934 544 2110 607; x_wconf 90' lang='lat' dir='ltr'><strong>variis</strong></span> 
     </span>
    </p>
   </div>
   <div class='ocr_carea' id='block_1_6' title="bbox 462 632 2103 712">
    <p class='ocr_par' dir='ltr' id='par_1_6' title="bbox 462 632 2103 712">
     <span class='ocr_line' id='line_1_6' title="bbox 462 632 2103 712; baseline 0.002 -19"><span class='ocrx_word' id='word_1_33' title='bbox 462 632 652 695; x_wconf 90' lang='lat' dir='ltr'><strong>modis</strong></span> <span class='ocrx_word' id='word_1_34' title='bbox 696 642 944 697; x_wconf 88' lang='lat' dir='ltr'><strong>mutare.</strong></span> <span class='ocrx_word' id='word_1_35' title='bbox 992 668 1064 679; x_wconf 92' lang='lat'><strong><em>—</em></strong></span> <span class='ocrx_word' id='word_1_36' title='bbox 1125 632 1185 698; x_wconf 91' lang='lat' dir='ltr'><strong>Si</strong></span> <span class='ocrx_word' id='word_1_37' title='bbox 1234 632 1307 695; x_wconf 91' lang='lat' dir='ltr'><strong>ad</strong></span> <span class='ocrx_word' id='word_1_38' title='bbox 1365 634 1490 696; x_wconf 69' lang='lat' dir='ltr'><strong>haec</strong></span> <span class='ocrx_word' id='word_1_39' title='bbox 1550 634 1758 695; x_wconf 92' lang='lat' dir='ltr'><strong>sedulo</strong></span> <span class='ocrx_word' id='word_1_40' title='bbox 1809 635 2103 712; x_wconf 88' lang='lat' dir='ltr'><strong>attendas,</strong></span> 
     </span>
    </p>
   </div>
   <div class='ocr_carea' id='block_1_7' title="bbox 460 722 2105 803">
    <p class='ocr_par' dir='ltr' id='par_1_7' title="bbox 460 722 2105 803">
     <span class='ocr_line' id='line_1_7' title="bbox 460 722 2105 803; baseline 0.001 -21"><span class='ocrx_word' id='word_1_41' title='bbox 460 740 767 803; x_wconf 84' lang='lat' dir='ltr'><strong>agnosces,</strong></span> <span class='ocrx_word' id='word_1_42' title='bbox 792 725 884 803; x_wconf 91' lang='lat' dir='ltr'><strong>pie</strong></span> <span class='ocrx_word' id='word_1_43' title='bbox 913 723 1141 792; x_wconf 87' lang='lat' dir='ltr'><strong>Lector.</strong></span> <span class='ocrx_word' id='word_1_44' title='bbox 1171 742 1427 798; x_wconf 88' lang='lat' dir='ltr'><strong>mecum,</strong></span> <span class='ocrx_word' id='word_1_45' title='bbox 1460 742 1527 784; x_wconf 83' lang='lat' dir='ltr'><strong>ex</strong></span> <span class='ocrx_word' id='word_1_46' title='bbox 1554 722 1955 785; x_wconf 85' lang='lat' dir='ltr'><strong>Alexandrino</strong></span> <span class='ocrx_word' id='word_1_47' title='bbox 1988 742 2105 785; x_wconf 92' lang='lat' dir='ltr'><strong>non</strong></span> 
     </span>
    </p>
   </div>
   <div class='ocr_carea' id='block_1_8' title="bbox 459 810 2107 893">
    <p class='ocr_par' dir='ltr' id='par_1_8' title="bbox 459 810 2107 893">
     <span class='ocr_line' id='line_1_8' title="bbox 459 810 2107 893; baseline 0.002 -23"><span class='ocrx_word' id='word_1_48' title='bbox 459 810 872 891; x_wconf 87' lang='lat' dir='ltr'><strong>interpolatam</strong></span> <span class='ocrx_word' id='word_1_49' title='bbox 910 812 1113 887; x_wconf 92' lang='lat' dir='ltr'><strong>fuisse,</strong></span> <span class='ocrx_word' id='word_1_50' title='bbox 1148 812 1322 875; x_wconf 89' lang='lat' dir='ltr'><strong>toties</strong></span> <span class='ocrx_word' id='word_1_51' title='bbox 1370 813 1445 873; x_wconf 89' lang='lat' dir='ltr'><strong>ab</strong></span> <span class='ocrx_word' id='word_1_52' title='bbox 1504 812 1775 875; x_wconf 86' lang='lat' dir='ltr'><strong>Ecclesia</strong></span> <span class='ocrx_word' id='word_1_53' title='bbox 1831 813 2107 893; x_wconf 67' lang='lat' dir='ltr'><strong>primaeva</strong></span> 
     </span>
    </p>
   </div>
   <div class='ocr_carea' id='block_1_9' title="bbox 457 900 2106 982">
    <p class='ocr_par' dir='ltr' id='par_1_9' title="bbox 457 900 2106 982">
     <span class='ocr_line' id='line_1_9' title="bbox 457 900 2106 982; baseline 0.001 -21"><span class='ocrx_word' id='word_1_54' title='bbox 457 901 813 962; x_wconf 78' lang='lat' dir='ltr'><strong>celebratam</strong></span> <span class='ocrx_word' id='word_1_55' title='bbox 841 902 1137 977; x_wconf 85' lang='lat' dir='ltr'><strong>laudibus,</strong></span> <span class='ocrx_word' id='word_1_56' title='bbox 1172 902 1292 963; x_wconf 91' lang='lat' dir='ltr'><strong>imo</strong></span> <span class='ocrx_word' id='word_1_57' title='bbox 1326 909 1382 963; x_wconf 90' lang='lat' dir='ltr'><strong>et</strong></span> <span class='ocrx_word' id='word_1_58' title='bbox 1405 919 1539 964; x_wconf 91' lang='lat' dir='ltr'><strong>cum</strong></span> <span class='ocrx_word' id='word_1_59' title='bbox 1567 902 1757 963; x_wconf 88' lang='lat' dir='ltr'><strong>sacris</strong></span> <span class='ocrx_word' id='word_1_60' title='bbox 1780 900 2106 982; x_wconf 83' lang='lat' dir='ltr'><strong>Scripturis</strong></span> 
     </span>
    </p>
   </div>
   <div class='ocr_carea' id='block_1_10' title="bbox 459 988 2107 1071">
    <p class='ocr_par' dir='ltr' id='par_1_10' title="bbox 459 988 2107 1071">
     <span class='ocr_line' id='line_1_10' title="bbox 459 988 2107 1071; baseline 0.002 -20"><span class='ocrx_word' id='word_1_61' title='bbox 459 988 923 1069; x_wconf 90' lang='lat' dir='ltr'><strong>publicelectam</strong></span> <span class='ocrx_word' id='word_1_62' title='bbox 944 993 1205 1055; x_wconf 82' lang='lat' dir='ltr'><strong>Romani</strong></span> <span class='ocrx_word' id='word_1_63' title='bbox 1227 990 1547 1054; x_wconf 80' lang='lat' dir='ltr'><strong>Clementis</strong></span> <span class='ocrx_word' id='word_1_64' title='bbox 1577 989 2107 1071; x_wconf 71' lang='lat' dir='ltr'><strong>Epistolam.»Haec</strong></span> 
     </span>
    </p>
   </div>
   <div class='ocr_carea' id='block_1_11' title="bbox 459 1077 2104 1161">
    <p class='ocr_par' dir='ltr' id='par_1_11' title="bbox 459 1077 2104 1161">
     <span class='ocr_line' id='line_1_11' title="bbox 459 1077 2104 1161; baseline 0.002 -21"><span class='ocrx_word' id='word_1_65' title='bbox 459 1077 793 1157; x_wconf 87' lang='lat' dir='ltr'><strong>Wottonus;</strong></span> <span class='ocrx_word' id='word_1_66' title='bbox 831 1081 925 1141; x_wconf 93' lang='lat' dir='ltr'><strong>cui</strong></span> <span class='ocrx_word' id='word_1_67' title='bbox 959 1088 1153 1142; x_wconf 90' lang='lat' dir='ltr'><strong>tamen</strong></span> <span class='ocrx_word' id='word_1_68' title='bbox 1188 1080 1497 1161; x_wconf 70' lang='lat' dir='ltr'><strong>praeiverat</strong></span> <span class='ocrx_word' id='word_1_69' title='bbox 1524 1083 1785 1143; x_wconf 85' lang='lat' dir='ltr'><strong>Joannes</strong></span> <span class='ocrx_word' id='word_1_70' title='bbox 1834 1083 2104 1144; x_wconf 88' lang='lat' dir='ltr'><strong>Potterus</strong></span> 
     </span>
    </p>
   </div>
   <div class='ocr_carea' id='block_1_12' title="bbox 460 1168 2103 1234">
    <p class='ocr_par' dir='ltr' id='par_1_12' title="bbox 460 1168 2103 1234">
     <span class='ocr_line' id='line_1_12' title="bbox 460 1168 2103 1234; baseline 0.004 -8"><span class='ocrx_word' id='word_1_71' title='bbox 460 1168 549 1229; x_wconf 91' lang='lat' dir='ltr'><strong>vir</strong></span> <span class='ocrx_word' id='word_1_72' title='bbox 577 1169 792 1234; x_wconf 89' lang='lat' dir='ltr'><strong>clar.in</strong></span> <span class='ocrx_word' id='word_1_73' title='bbox 825 1170 1441 1233; x_wconf 81' lang='lat' dir='ltr'><strong>animadversionibus</strong></span> <span class='ocrx_word' id='word_1_74' title='bbox 1472 1170 1544 1231; x_wconf 90' lang='lat' dir='ltr'><strong>ad</strong></span> <span class='ocrx_word' id='word_1_75' title='bbox 1570 1169 1934 1233; x_wconf 83' lang='lat' dir='ltr'><strong>Clementem</strong></span> <span class='ocrx_word' id='word_1_76' title='bbox 1965 1171 2103 1234; x_wconf 90' lang='lat' dir='ltr'><strong>Ale-</strong></span> 
     </span>
    </p>
   </div>
   <div class='ocr_carea' id='block_1_13' title="bbox 454 1258 2099 1341">
    <p class='ocr_par' dir='ltr' id='par_1_13' title="bbox 454 1258 2099 1341">
     <span class='ocr_line' id='line_1_13' title="bbox 454 1258 2099 1341; baseline 0.002 -21"><span class='ocrx_word' id='word_1_77' title='bbox 454 1258 806 1321; x_wconf 90' lang='lat' dir='ltr'><strong>xandrinum</strong></span> <span class='ocrx_word' id='word_1_78' title='bbox 829 1261 978 1340; x_wconf 79' lang='lat' dir='ltr'><strong>(lt),</strong></span> <span class='ocrx_word' id='word_1_79' title='bbox 1006 1260 1106 1321; x_wconf 90' lang='lat' dir='ltr'><strong>ubi</strong></span> <span class='ocrx_word' id='word_1_80' title='bbox 1134 1260 1471 1321; x_wconf 86' lang='lat' dir='ltr'><strong>summatim</strong></span> <span class='ocrx_word' id='word_1_81' title='bbox 1504 1259 1774 1341; x_wconf 83' lang='lat' dir='ltr'><strong>quidem,</strong></span> <span class='ocrx_word' id='word_1_82' title='bbox 1801 1260 1902 1323; x_wconf 88' lang='lat' dir='ltr'><strong>scd</strong></span> <span class='ocrx_word' id='word_1_83' title='bbox 1943 1262 2099 1324; x_wconf 87' lang='lat' dir='ltr'><strong>acri-</strong></span> 
     </span>
    </p>
   </div>
   <div class='ocr_carea' id='block_1_14' title="bbox 454 1349 1553 1429">
    <p class='ocr_par' dir='ltr' id='par_1_14' title="bbox 454 1349 1553 1429">
     <span class='ocr_line' id='line_1_14' title="bbox 454 1349 1553 1429; baseline 0.003 -21"><span class='ocrx_word' id='word_1_84' title='bbox 454 1354 546 1408; x_wconf 90' lang='lat' dir='ltr'><strong>ter</strong></span> <span class='ocrx_word' id='word_1_85' title='bbox 576 1349 854 1411; x_wconf 87' lang='lat' dir='ltr'><strong>Bernardi</strong></span> <span class='ocrx_word' id='word_1_86' title='bbox 884 1350 1346 1429; x_wconf 90' lang='lat' dir='ltr'><strong>conjectationes</strong></span> <span class='ocrx_word' id='word_1_87' title='bbox 1376 1349 1553 1411; x_wconf 90' lang='lat' dir='ltr'><strong>elisit.</strong></span> 
     </span>
    </p>
   </div>
   <div class='ocr_carea' id='block_1_15' title="bbox 536 1436 2098 1523">
    <p class='ocr_par' dir='ltr' id='par_1_15' title="bbox 536 1436 2098 1523">
     <span class='ocr_line' id='line_1_15' title="bbox 536 1436 2098 1523; baseline 0.002 -25"><span class='ocrx_word' id='word_1_88' title='bbox 536 1436 723 1518; x_wconf 88' lang='lat' dir='ltr'><strong>Hujus</strong></span> <span class='ocrx_word' id='word_1_89' title='bbox 740 1458 876 1501; x_wconf 90' lang='lat' dir='ltr'><strong>vero</strong></span> <span class='ocrx_word' id='word_1_90' title='bbox 892 1440 1084 1501; x_wconf 90' lang='lat' dir='ltr'><strong>critici</strong></span> <span class='ocrx_word' id='word_1_91' title='bbox 1109 1439 1277 1518; x_wconf 84' lang='lat' dir='ltr'><strong>Angli</strong></span> <span class='ocrx_word' id='word_1_92' title='bbox 1297 1439 1535 1519; x_wconf 82' lang='lat' dir='ltr'><strong>vestigia</strong></span> <span class='ocrx_word' id='word_1_93' title='bbox 1560 1458 1765 1521; x_wconf 90' lang='lat' dir='ltr'><strong>presso</strong></span> <span class='ocrx_word' id='word_1_94' title='bbox 1798 1441 1948 1522; x_wconf 84' lang='lat' dir='ltr'><strong>pede</strong></span> <span class='ocrx_word' id='word_1_95' title='bbox 1971 1458 2098 1523; x_wconf 88' lang='lat' dir='ltr'><strong>per-</strong></span> 
     </span>
    </p>
   </div>
   <div class='ocr_carea' id='block_1_16' title="bbox 452 1528 2095 1610">
    <p class='ocr_par' dir='ltr' id='par_1_16' title="bbox 452 1528 2095 1610">
     <span class='ocr_line' id='line_1_16' title="bbox 452 1528 2095 1610; baseline 0.002 -23"><span class='ocrx_word' id='word_1_96' title='bbox 452 1528 720 1607; x_wconf 88' lang='lat' dir='ltr'><strong>sequitur</strong></span> <span class='ocrx_word' id='word_1_97' title='bbox 747 1528 1006 1591; x_wconf 84' lang='lat' dir='ltr'><strong>Joannes</strong></span> <span class='ocrx_word' id='word_1_98' title='bbox 1019 1528 1372 1592; x_wconf 87' lang='lat' dir='ltr'><strong>Laurentius</strong></span> <span class='ocrx_word' id='word_1_99' title='bbox 1390 1529 2095 1610; x_wconf 69' lang='lat' dir='ltr'><strong>Mosbemius(12),quem</strong></span> 
     </span>
    </p>
   </div>
   <div class='ocr_carea' id='block_1_17' title="bbox 452 1618 2099 1700">
    <p class='ocr_par' dir='ltr' id='par_1_17' title="bbox 452 1618 2099 1700">
     <span class='ocr_line' id='line_1_17' title="bbox 452 1618 2099 1700; baseline 0.003 -23"><span class='ocrx_word' id='word_1_100' title='bbox 452 1636 498 1678; x_wconf 76' lang='lat' dir='ltr'><strong>s1</strong></span> <span class='ocrx_word' id='word_1_101' title='bbox 530 1618 755 1693; x_wconf 85' lang='lat' dir='ltr'><strong>audias,</strong></span> <span class='ocrx_word' id='word_1_102' title='bbox 792 1619 1117 1682; x_wconf 90' lang='lat' dir='ltr'><strong>Clementis</strong></span> <span class='ocrx_word' id='word_1_103' title='bbox 1165 1618 1412 1697; x_wconf 91' lang='lat' dir='ltr'><strong>epistola</strong></span> <span class='ocrx_word' id='word_1_104' title='bbox 1466 1621 1487 1681; x_wconf 84' lang='lat'><strong>1</strong></span> <span class='ocrx_word' id='word_1_105' title='bbox 1549 1629 1757 1700; x_wconf 87' lang='lat' dir='ltr'><strong>quarta</strong></span> <span class='ocrx_word' id='word_1_106' title='bbox 1810 1618 1900 1680; x_wconf 92' lang='lat' dir='ltr'><strong>sui</strong></span> <span class='ocrx_word' id='word_1_107' title='bbox 1934 1628 2099 1700; x_wconf 88' lang='lat' dir='ltr'><strong>parte</strong></span> 
     </span>
    </p>
   </div>
   <div class='ocr_carea' id='block_1_18' title="bbox 455 1706 2091 1788">
    <p class='ocr_par' dir='ltr' id='par_1_18' title="bbox 455 1706 2091 1788">
     <span class='ocr_line' id='line_1_18' title="bbox 455 1706 2091 1788; baseline 0.002 -22"><span class='ocrx_word' id='word_1_108' title='bbox 455 1706 790 1769; x_wconf 88' lang='lat' dir='ltr'><strong>mulctanda</strong></span> <span class='ocrx_word' id='word_1_109' title='bbox 817 1710 920 1771; x_wconf 90' lang='lat' dir='ltr'><strong>tibi</strong></span> <span class='ocrx_word' id='word_1_110' title='bbox 954 1708 1065 1770; x_wconf 91' lang='lat' dir='ltr'><strong>erit</strong></span> <span class='ocrx_word' id='word_1_111' title='bbox 1091 1709 1227 1769; x_wconf 87' lang='lat' dir='ltr'><strong>hinc</strong></span> <span class='ocrx_word' id='word_1_112' title='bbox 1262 1716 1321 1769; x_wconf 93' lang='lat' dir='ltr'><strong>et</strong></span> <span class='ocrx_word' id='word_1_113' title='bbox 1352 1708 1579 1782; x_wconf 86' lang='lat' dir='ltr'><strong>illinc,a</strong></span> <span class='ocrx_word' id='word_1_114' title='bbox 1610 1708 1803 1788; x_wconf 88' lang='lat' dir='ltr'><strong>capite</strong></span> <span class='ocrx_word' id='word_1_115' title='bbox 1825 1709 1861 1768; x_wconf 85' lang='lat'>9</span> <span class='ocrx_word' id='word_1_116' title='bbox 1886 1709 1956 1769; x_wconf 91' lang='lat' dir='ltr'><strong>ad</strong></span> <span class='ocrx_word' id='word_1_117' title='bbox 1989 1710 2091 1773; x_wconf 82' lang='lat'><strong>55.</strong></span> 
     </span>
    </p>
   </div>
   <div class='ocr_carea' id='block_1_19' title="bbox 450 1790 2155 1877">
    <p class='ocr_par' dir='ltr' id='par_1_19' title="bbox 450 1790 2155 1877">
     <span class='ocr_line' id='line_1_19' title="bbox 450 1790 2155 1877; baseline 0.003 -22"><span class='ocrx_word' id='word_1_118' title='bbox 450 1792 565 1855; x_wconf 92' lang='lat' dir='ltr'><strong>Sed</strong></span> <span class='ocrx_word' id='word_1_119' title='bbox 592 1814 707 1857; x_wconf 94' lang='lat' dir='ltr'><strong>non</strong></span> <span class='ocrx_word' id='word_1_120' title='bbox 744 1799 938 1876; x_wconf 87' lang='lat' dir='ltr'><strong>priora</strong></span> <span class='ocrx_word' id='word_1_121' title='bbox 969 1797 1208 1877; x_wconf 82' lang='lat' dir='ltr'><strong>quidem</strong></span> <span class='ocrx_word' id='word_1_122' title='bbox 1266 1796 1472 1859; x_wconf 87' lang='lat' dir='ltr'><strong>decem</strong></span> <span class='ocrx_word' id='word_1_123' title='bbox 1516 1796 1730 1877; x_wconf 79' lang='lat' dir='ltr'><strong>capita,</strong></span> <span class='ocrx_word' id='word_1_124' title='bbox 1766 1816 1835 1858; x_wconf 91' lang='lat' dir='ltr'><strong>eo</strong></span> <span class='ocrx_word' id='word_1_125' title='bbox 1862 1798 2091 1877; x_wconf 89' lang='lat' dir='ltr'><strong>judice,</strong></span> <span class='ocrx_word' id='word_1_126' title='bbox 2120 1790 2155 1838; x_wconf 78' lang='grc' dir='ltr'><strong><em>Β</em></strong></span> 
     </span>
    </p>
   </div>
   <div class='ocr_carea' id='block_1_20' title="bbox 450 1881 2097 1965">
    <p class='ocr_par' dir='ltr' id='par_1_20' title="bbox 450 1881 2097 1965">
     <span class='ocr_line' id='line_1_20' title="bbox 450 1881 2097 1965; baseline 0.003 -23"><span class='ocrx_word' id='word_1_127' title='bbox 450 1881 522 1942; x_wconf 90' lang='lat' dir='ltr'><strong>ab</strong></span> <span class='ocrx_word' id='word_1_128' title='bbox 548 1884 1011 1965; x_wconf 89' lang='lat' dir='ltr'><strong>interpolatione</strong></span> <span class='ocrx_word' id='word_1_129' title='bbox 1039 1896 1174 1945; x_wconf 91' lang='lat' dir='ltr'><strong>sunt</strong></span> <span class='ocrx_word' id='word_1_130' title='bbox 1207 1885 1767 1964; x_wconf 89' lang='lat' dir='ltr'><strong>prorsusimmunia</strong></span> <span class='ocrx_word' id='word_1_131' title='bbox 1811 1886 2097 1950; x_wconf 85' lang='lat' dir='ltr'><strong>Atinania</strong></span> 
     </span>
    </p>
   </div>
   <div class='ocr_carea' id='block_1_21' title="bbox 450 1973 2095 2056">
    <p class='ocr_par' dir='ltr' id='par_1_21' title="bbox 450 1973 2095 2056">
     <span class='ocr_line' id='line_1_21' title="bbox 450 1973 2095 2056; baseline 0.004 -24"><span class='ocrx_word' id='word_1_132' title='bbox 450 1988 583 2033; x_wconf 77' lang='lat' dir='ltr'><strong>esse</strong></span> <span class='ocrx_word' id='word_1_133' title='bbox 604 1992 671 2034; x_wconf 88' lang='lat' dir='ltr'><strong>ac</strong></span> <span class='ocrx_word' id='word_1_134' title='bbox 691 1973 878 2037; x_wconf 90' lang='lat' dir='ltr'><strong>futilia</strong></span> <span class='ocrx_word' id='word_1_135' title='bbox 905 1974 1213 2038; x_wconf 86' lang='lat' dir='ltr'><strong>Moshemii</strong></span> <span class='ocrx_word' id='word_1_136' title='bbox 1235 1984 1583 2054; x_wconf 84' lang='lat' dir='ltr'><strong>argumenta</strong></span> <span class='ocrx_word' id='word_1_137' title='bbox 1608 1975 1665 2035; x_wconf 92' lang='lat' dir='ltr'><strong>in</strong></span> <span class='ocrx_word' id='word_1_138' title='bbox 1685 1976 1874 2038; x_wconf 86' lang='lat' dir='ltr'><strong>oculis</strong></span> <span class='ocrx_word' id='word_1_139' title='bbox 1900 1978 2095 2056; x_wconf 90' lang='lat' dir='ltr'><strong>posuit</strong></span> 
     </span>
    </p>
   </div>
   <div class='ocr_carea' id='block_1_22' title="bbox 439 2058 2095 2145">
    <p class='ocr_par' dir='ltr' id='par_1_22' title="bbox 439 2058 2095 2145">
     <span class='ocr_line' id='line_1_22' title="bbox 439 2058 2095 2145; baseline 0.002 -21"><span class='ocrx_word' id='word_1_140' title='bbox 439 2058 700 2125; x_wconf 85' lang='lat' dir='ltr'><strong>Joannes</strong></span> <span class='ocrx_word' id='word_1_141' title='bbox 735 2065 1063 2127; x_wconf 90' lang='lat' dir='ltr'><strong>Ludovicus</strong></span> <span class='ocrx_word' id='word_1_142' title='bbox 1094 2064 1241 2145; x_wconf 80' lang='lat' dir='ltr'><strong>Frey</strong></span> <span class='ocrx_word' id='word_1_143' title='bbox 1271 2063 1385 2135; x_wconf 73' lang='lat' dir='ltr'><strong>(l3)</strong></span> <span class='ocrx_word' id='word_1_144' title='bbox 1412 2082 1425 2127; x_wconf 91' lang='lat'>:</span> <span class='ocrx_word' id='word_1_145' title='bbox 1451 2065 1745 2143; x_wconf 88' lang='lat' dir='ltr'><strong>siquidem</strong></span> <span class='ocrx_word' id='word_1_146' title='bbox 1772 2067 1984 2128; x_wconf 88' lang='lat' dir='ltr'><strong>invicte</strong></span> <span class='ocrx_word' id='word_1_147' title='bbox 2002 2066 2095 2127; x_wconf 90' lang='lat' dir='ltr'><strong>vir</strong></span> 
     </span>
    </p>
   </div>
   <div class='ocr_carea' id='block_1_23' title="bbox 446 2152 2087 2235">
    <p class='ocr_par' dir='ltr' id='par_1_23' title="bbox 446 2152 2087 2235">
     <span class='ocr_line' id='line_1_23' title="bbox 446 2152 2087 2235; baseline 0.004 -24"><span class='ocrx_word' id='word_1_148' title='bbox 446 2152 714 2214; x_wconf 89' lang='lat' dir='ltr'><strong>eruditus</strong></span> <span class='ocrx_word' id='word_1_149' title='bbox 737 2155 952 2217; x_wconf 85' lang='lat' dir='ltr'><strong>evincit</strong></span> <span class='ocrx_word' id='word_1_150' title='bbox 971 2174 1101 2216; x_wconf 89' lang='lat' dir='ltr'><strong>cum</strong></span> <span class='ocrx_word' id='word_1_151' title='bbox 1133 2174 1199 2215; x_wconf 84' lang='lat' dir='ltr'><strong>ex</strong></span> <span class='ocrx_word' id='word_1_152' title='bbox 1225 2154 1571 2235; x_wconf 86' lang='lat' dir='ltr'><strong>antiquitate</strong></span> <span class='ocrx_word' id='word_1_153' title='bbox 1588 2156 1811 2217; x_wconf 89' lang='lat' dir='ltr'><strong>codicis</strong></span> <span class='ocrx_word' id='word_1_154' title='bbox 1830 2157 2087 2218; x_wconf 79' lang='lat' dir='ltr'><strong>Alexan-</strong></span> 
     </span>
    </p>
   </div>
   <div class='ocr_carea' id='block_1_24' title="bbox 684 2249 1824 2327">
    <p class='ocr_par' dir='ltr' id='par_1_24' title="bbox 684 2249 1824 2327">
     <span class='ocr_line' id='line_1_24' title="bbox 684 2249 1824 2327; baseline -0.001 -17"><span class='ocrx_word' id='word_1_155' title='bbox 684 2250 876 2327; x_wconf 82' lang='lat' dir='ltr'><strong>Epist.</strong></span> <span class='ocrx_word' id='word_1_156' title='bbox 914 2251 944 2312; x_wconf 80' lang='lat' dir='ltr'><em>I</em></span> <span class='ocrx_word' id='word_1_157' title='bbox 982 2250 1310 2313; x_wconf 83' lang='lat' dir='ltr'><strong>Clementis</strong></span> <span class='ocrx_word' id='word_1_158' title='bbox 1344 2250 1424 2311; x_wconf 86' lang='lat' dir='ltr'><strong>ad</strong></span> <span class='ocrx_word' id='word_1_159' title='bbox 1454 2249 1824 2314; x_wconf 73' lang='lat' dir='ltr'><strong>Corinthios.</strong></span> 
     </span>
    </p>
   </div>
   <div class='ocr_carea' id='block_1_25' title="bbox 524 2342 2089 2427">
    <p class='ocr_par' dir='ltr' id='par_1_25' title="bbox 524 2342 2089 2427">
     <span class='ocr_line' id='line_1_25' title="bbox 524 2342 2089 2427; baseline 0 -24"><span class='ocrx_word' id='word_1_160' title='bbox 524 2344 669 2423; x_wconf 87' lang='lat' dir='ltr'><strong>Cap.</strong></span> <span class='ocrx_word' id='word_1_161' title='bbox 716 2342 761 2404; x_wconf 88' lang='grc' dir='ltr'>Ῑ.</span> <span class='ocrx_word' id='word_1_162' title='bbox 823 2345 1055 2412; x_wconf 79' lang='grc' dir='ltr'>Γυναιξιν</span> <span class='ocrx_word' id='word_1_163' title='bbox 1084 2367 1141 2401; x_wconf 85' lang='grc' dir='ltr'><strong>τε</strong></span> <span class='ocrx_word' id='word_1_164' title='bbox 1173 2380 1247 2391; x_wconf 95' lang='grc'><strong><em>-</em></strong></span> <span class='ocrx_word' id='word_1_165' title='bbox 1285 2345 1704 2425; x_wconf 78' lang='grc' dir='ltr'>παρηγγέλλετε,</span> <span class='ocrx_word' id='word_1_166' title='bbox 1768 2350 2089 2427; x_wconf 74' lang='grc' dir='ltr'>στεργυύσας</span> 
     </span>
    </p>
   </div>
   <div class='ocr_carea' id='block_1_26' title="bbox 445 2434 2087 2518">
    <p class='ocr_par' dir='ltr' id='par_1_26' title="bbox 445 2434 2087 2518">
     <span class='ocr_line' id='line_1_26' title="bbox 445 2434 2087 2518; baseline 0.005 -31"><span class='ocrx_word' id='word_1_167' title='bbox 445 2434 787 2499; x_wconf 71' lang='grc' dir='ltr'><strong>καθηκόντως</strong></span> <span class='ocrx_word' id='word_1_168' title='bbox 866 2436 984 2500; x_wconf 82' lang='grc' dir='ltr'>τοὺς</span> <span class='ocrx_word' id='word_1_169' title='bbox 1056 2434 1242 2514; x_wconf 76' lang='grc' dir='ltr'>ἄνδρας</span> <span class='ocrx_word' id='word_1_170' title='bbox 1304 2437 1500 2491; x_wconf 77' lang='grc' dir='ltr'>ἑαυτῶν</span> <span class='ocrx_word' id='word_1_171' title='bbox 1556 2470 1632 2480; x_wconf 92' lang='lat'><strong>-—</strong></span> <span class='ocrx_word' id='word_1_172' title='bbox 1688 2437 1823 2493; x_wconf 78' lang='grc' dir='ltr'>πάνυ</span> <span class='ocrx_word' id='word_1_173' title='bbox 1881 2460 2087 2518; x_wconf 73' lang='grc' dir='ltr'>σωφρο-</span> 
     </span>
    </p>
   </div>
   <div class='ocr_carea' id='block_1_27' title="bbox 439 2544 651 2587">
    <p class='ocr_par' dir='ltr' id='par_1_27' title="bbox 439 2544 651 2587">
     <span class='ocr_line' id='line_1_27' title="bbox 439 2544 651 2587; baseline 0.005 -9"><span class='ocrx_word' id='word_1_174' title='bbox 439 2544 651 2587; x_wconf 79' lang='grc' dir='ltr'>νουσας,</span> 
     </span>
    </p>
   </div>
   <div class='ocr_carea' id='block_1_28' title="bbox 520 2610 2089 2696">
    <p class='ocr_par' dir='ltr' id='par_1_28' title="bbox 520 2610 2089 2696">
     <span class='ocr_line' id='line_1_28' title="bbox 520 2610 2089 2696; baseline -0.003 -20"><span class='ocrx_word' id='word_1_175' title='bbox 520 2612 663 2692; x_wconf 86' lang='lat' dir='ltr'><strong>Cap.</strong></span> <span class='ocrx_word' id='word_1_176' title='bbox 720 2610 790 2674; x_wconf 72' lang='grc' dir='ltr'>ν.</span> <span class='ocrx_word' id='word_1_177' title='bbox 826 2615 1019 2693; x_wconf 81' lang='grc' dir='ltr'>[Ιέτρος</span> <span class='ocrx_word' id='word_1_178' title='bbox 1066 2650 1139 2661; x_wconf 88' lang='grc'><strong>-</strong></span> <span class='ocrx_word' id='word_1_179' title='bbox 1172 2614 1308 2672; x_wconf 64' lang='grc' dir='ltr'>οὕτω</span> <span class='ocrx_word' id='word_1_180' title='bbox 1347 2617 1653 2693; x_wconf 71' lang='grc' dir='ltr'>ματυρήσας</span> <span class='ocrx_word' id='word_1_181' title='bbox 1707 2616 1964 2696; x_wconf 74' lang='grc' dir='ltr'><strong>ἐπορεύθη</strong></span> <span class='ocrx_word' id='word_1_182' title='bbox 2019 2619 2089 2682; x_wconf 80' lang='grc' dir='ltr'><strong>εἰς</strong></span> 
     </span>
    </p>
   </div>
   <div class='ocr_carea' id='block_1_29' title="bbox 440 2702 1418 2783">
    <p class='ocr_par' dir='ltr' id='par_1_29' title="bbox 440 2702 1418 2783">
     <span class='ocr_line' id='line_1_29' title="bbox 440 2702 1418 2783; baseline 0.003 -23"><span class='ocrx_word' id='word_1_183' title='bbox 440 2704 530 2760; x_wconf 70' lang='grc' dir='ltr'><strong>τὸν</strong></span> <span class='ocrx_word' id='word_1_184' title='bbox 551 2702 893 2783; x_wconf 75' lang='grc' dir='ltr'>ὀφειλόμενον</span> <span class='ocrx_word' id='word_1_185' title='bbox 924 2706 1086 2764; x_wconf 90' lang='grc' dir='ltr'>τόπον</span> <span class='ocrx_word' id='word_1_186' title='bbox 1112 2710 1210 2775; x_wconf 78' lang='grc' dir='ltr'>τῆς</span> <span class='ocrx_word' id='word_1_187' title='bbox 1243 2704 1418 2773; x_wconf 79' lang='grc' dir='ltr'>δόξης.</span> 
     </span>
    </p>
   </div>
   <div class='ocr_carea' id='block_1_30' title="bbox 520 2790 2086 2873">
    <p class='ocr_par' dir='ltr' id='par_1_30' title="bbox 520 2790 2086 2873">
     <span class='ocr_line' id='line_1_30' title="bbox 520 2790 2086 2873; baseline -0.002 -18"><span class='ocrx_word' id='word_1_188' title='bbox 520 2790 662 2871; x_wconf 85' lang='lat' dir='ltr'><strong>Cap.</strong></span> <span class='ocrx_word' id='word_1_189' title='bbox 698 2791 824 2857; x_wconf 75' lang='lat' dir='ltr'><strong>VII.</strong></span> <span class='ocrx_word' id='word_1_190' title='bbox 859 2797 950 2851; x_wconf 81' lang='grc' dir='ltr'>Διὸ</span> <span class='ocrx_word' id='word_1_191' title='bbox 985 2794 1357 2871; x_wconf 74' lang='grc' dir='ltr'><strong>ἀπολείπωμεν</strong></span> <span class='ocrx_word' id='word_1_192' title='bbox 1386 2797 1479 2860; x_wconf 81' lang='grc' dir='ltr'><strong>τὰς</strong></span> <span class='ocrx_word' id='word_1_193' title='bbox 1523 2797 1676 2860; x_wconf 78' lang='grc' dir='ltr'>κενὰς</span> <span class='ocrx_word' id='word_1_194' title='bbox 1726 2799 1814 2855; x_wconf 79' lang='grc' dir='ltr'>καὶ</span> <span class='ocrx_word' id='word_1_195' title='bbox 1862 2797 2086 2873; x_wconf 84' lang='grc' dir='ltr'>ματαίας</span> 
     </span>
    </p>
   </div>
   <div class='ocr_carea' id='block_1_31' title="bbox 437 2882 2086 2962">
    <p class='ocr_par' dir='ltr' id='par_1_31' title="bbox 437 2882 2086 2962">
     <span class='ocr_line' id='line_1_31' title="bbox 437 2882 2086 2962; baseline 0.001 -24"><span class='ocrx_word' id='word_1_196' title='bbox 437 2882 731 2962; x_wconf 80' lang='grc' dir='ltr'>φροντίδας,</span> <span class='ocrx_word' id='word_1_197' title='bbox 787 2887 872 2943; x_wconf 80' lang='grc' dir='ltr'>καὶ</span> <span class='ocrx_word' id='word_1_198' title='bbox 923 2884 1156 2962; x_wconf 77' lang='grc' dir='ltr'><strong>ἔλθωμεν</strong></span> <span class='ocrx_word' id='word_1_199' title='bbox 1204 2885 1288 2943; x_wconf 79' lang='grc' dir='ltr'><strong>ἐπὶ</strong></span> <span class='ocrx_word' id='word_1_200' title='bbox 1340 2888 1430 2943; x_wconf 80' lang='grc' dir='ltr'>τὸν</span> <span class='ocrx_word' id='word_1_201' title='bbox 1492 2886 1682 2954; x_wconf 67' lang='grc' dir='ltr'>εὔκλεῆ</span> <span class='ocrx_word' id='word_1_202' title='bbox 1747 2889 1835 2943; x_wconf 77' lang='grc' dir='ltr'>καὶ</span> <span class='ocrx_word' id='word_1_203' title='bbox 1894 2890 2086 2962; x_wconf 79' lang='grc' dir='ltr'>σεμνὸν</span> 
     </span>
    </p>
   </div>
   <div class='ocr_carea' id='block_1_32' title="bbox 436 2973 1435 3053">
    <p class='ocr_par' dir='ltr' id='par_1_32' title="bbox 436 2973 1435 3053">
     <span class='ocr_line' id='line_1_32' title="bbox 436 2973 1435 3053; baseline 0.006 -25"><span class='ocrx_word' id='word_1_204' title='bbox 436 2978 534 3039; x_wconf 76' lang='grc' dir='ltr'><strong>τῆς</strong></span> <span class='ocrx_word' id='word_1_205' title='bbox 566 2974 718 3053; x_wconf 77' lang='grc' dir='ltr'>ἁγίας</span> <span class='ocrx_word' id='word_1_206' title='bbox 748 2973 993 3045; x_wconf 76' lang='grc' dir='ltr'><strong>κλήσεως</strong></span> <span class='ocrx_word' id='word_1_207' title='bbox 1021 2978 1177 3051; x_wconf 76' lang='grc' dir='ltr'>ἡμῶν</span> <span class='ocrx_word' id='word_1_208' title='bbox 1219 2977 1435 3034; x_wconf 78' lang='grc' dir='ltr'>κανόνα.</span> 
     </span>
    </p>
   </div>
   <div class='ocr_carea' id='block_1_33' title="bbox 518 3063 2078 3143">
    <p class='ocr_par' dir='ltr' id='par_1_33' title="bbox 518 3063 2078 3143">
     <span class='ocr_line' id='line_1_33' title="bbox 518 3063 2078 3143; baseline 0 -21"><span class='ocrx_word' id='word_1_209' title='bbox 518 3064 660 3142; x_wconf 87' lang='lat' dir='ltr'><strong>Cap.</strong></span> <span class='ocrx_word' id='word_1_210' title='bbox 697 3063 794 3127; x_wconf 79' lang='lat' dir='ltr'><strong>IX.</strong></span> <span class='ocrx_word' id='word_1_211' title='bbox 844 3067 934 3123; x_wconf 81' lang='grc' dir='ltr'>Διὸ</span> <span class='ocrx_word' id='word_1_212' title='bbox 984 3067 1364 3140; x_wconf 74' lang='grc' dir='ltr'>ὑπακούσωμεν</span> <span class='ocrx_word' id='word_1_213' title='bbox 1423 3072 1490 3143; x_wconf 78' lang='grc' dir='ltr'>τῇ</span> <span class='ocrx_word' id='word_1_214' title='bbox 1538 3065 1940 3143; x_wconf 68' lang='grc' dir='ltr'><strong>μεγαλοπρεπεῖ</strong></span> <span class='ocrx_word' id='word_1_215' title='bbox 1996 3068 2078 3126; x_wconf 70' lang='grc' dir='ltr'><strong>καὶ</strong></span> 
     </span>
    </p>
   </div>
   <div class='ocr_carea' id='block_1_34' title="bbox 436 3150 1509 3238">
    <p class='ocr_par' dir='ltr' id='par_1_34' title="bbox 436 3150 1509 3238">
     <span class='ocr_line' id='line_1_34' title="bbox 436 3150 1509 3238; baseline 0 -27"><span class='ocrx_word' id='word_1_216' title='bbox 436 3150 627 3228; x_wconf 67' lang='grc' dir='ltr'>ἐνδόξῳ</span> <span class='ocrx_word' id='word_1_217' title='bbox 682 3154 932 3232; x_wconf 78' lang='grc' dir='ltr'><strong>βουλήσει</strong></span> <span class='ocrx_word' id='word_1_218' title='bbox 986 3155 1144 3212; x_wconf 74' lang='grc' dir='ltr'><strong>αὖτοῦ</strong></span> <span class='ocrx_word' id='word_1_219' title='bbox 1203 3153 1373 3238; x_wconf 78' lang='grc' dir='ltr'>[Θεοῦ]</span> <span class='ocrx_word' id='word_1_220' title='bbox 1436 3190 1509 3200; x_wconf 92' lang='grc'><strong><em>-</em></strong></span> 
     </span>
    </p>
   </div>
   <div class='ocr_carea' id='block_1_35' title="bbox 436 3244 1477 3325">
    <p class='ocr_par' dir='ltr' id='par_1_35' title="bbox 436 3244 1477 3325">
     <span class='ocr_line' id='line_1_35' title="bbox 436 3244 1477 3325; baseline 0.001 -25"><span class='ocrx_word' id='word_1_221' title='bbox 436 3245 843 3323; x_wconf 71' lang='grc' dir='ltr'><strong>ματαιοπονίαν,</strong></span> <span class='ocrx_word' id='word_1_222' title='bbox 878 3246 975 3314; x_wconf 65' lang='grc' dir='ltr'><strong>τήν</strong></span> <span class='ocrx_word' id='word_1_223' title='bbox 1006 3267 1064 3301; x_wconf 88' lang='grc' dir='ltr'><strong>τε</strong></span> <span class='ocrx_word' id='word_1_224' title='bbox 1090 3244 1221 3325; x_wconf 75' lang='grc' dir='ltr'>ἔριν,</span> <span class='ocrx_word' id='word_1_225' title='bbox 1255 3268 1309 3308; x_wconf 80' lang='grc' dir='ltr'><strong>κ,</strong></span> <span class='ocrx_word' id='word_1_226' title='bbox 1342 3268 1395 3308; x_wconf 87' lang='grc' dir='ltr'><strong>τ,</strong></span> <span class='ocrx_word' id='word_1_227' title='bbox 1426 3244 1477 3308; x_wconf 83' lang='grc' dir='ltr'><strong>λ.</strong></span> 
     </span>
    </p>
   </div>
   <div class='ocr_carea' id='block_1_36' title="bbox 515 3332 2081 3415">
    <p class='ocr_par' dir='ltr' id='par_1_36' title="bbox 515 3332 2081 3415">
     <span class='ocr_line' id='line_1_36' title="bbox 515 3332 2081 3415; baseline -0.006 -15"><span class='ocrx_word' id='word_1_228' title='bbox 515 3334 657 3414; x_wconf 73' lang='lat' dir='ltr'><strong>cap.</strong></span> <span class='ocrx_word' id='word_1_229' title='bbox 723 3332 879 3397; x_wconf 79' lang='grc' dir='ltr'><strong>ΧΙΙΙ.</strong></span> <span class='ocrx_word' id='word_1_230' title='bbox 945 3334 1287 3410; x_wconf 76' lang='grc' dir='ltr'>Μεμνημὲνοι</span> <span class='ocrx_word' id='word_1_231' title='bbox 1344 3342 1449 3393; x_wconf 89' lang='grc' dir='ltr'><strong>τῶν</strong></span> <span class='ocrx_word' id='word_1_232' title='bbox 1518 3335 1692 3413; x_wconf 89' lang='grc' dir='ltr'>λόγων</span> <span class='ocrx_word' id='word_1_233' title='bbox 1755 3343 1848 3394; x_wconf 81' lang='grc' dir='ltr'>τοῦ</span> <span class='ocrx_word' id='word_1_234' title='bbox 1897 3339 2081 3415; x_wconf 75' lang='grc' dir='ltr'>Κυρίου</span> 
     </span>
    </p>
   </div>
   <div class='ocr_carea' id='block_1_37' title="bbox 436 3422 2075 3505">
    <p class='ocr_par' dir='ltr' id='par_1_37' title="bbox 436 3422 2075 3505">
     <span class='ocr_line' id='line_1_37' title="bbox 436 3422 2075 3505; baseline 0.001 -22"><span class='ocrx_word' id='word_1_235' title='bbox 436 3424 633 3499; x_wconf 76' lang='grc' dir='ltr'>Ἰησοῦ,</span> <span class='ocrx_word' id='word_1_236' title='bbox 658 3426 744 3488; x_wconf 69' lang='grc' dir='ltr'>οὓς</span> <span class='ocrx_word' id='word_1_237' title='bbox 777 3424 1034 3493; x_wconf 72' lang='grc' dir='ltr'>ἐλάλησεν</span> <span class='ocrx_word' id='word_1_238' title='bbox 1076 3422 1357 3488; x_wconf 77' lang='grc' dir='ltr'>διδάσκων,</span> <span class='ocrx_word' id='word_1_239' title='bbox 1420 3459 1482 3469; x_wconf 90' lang='grc'><strong><em>-</em></strong></span> <span class='ocrx_word' id='word_1_240' title='bbox 1511 3426 1557 3499; x_wconf 82' lang='grc' dir='ltr'>ᾧ</span> <span class='ocrx_word' id='word_1_241' title='bbox 1587 3423 1765 3505; x_wconf 74' lang='grc' dir='ltr'>μέτρῳ</span> <span class='ocrx_word' id='word_1_242' title='bbox 1808 3439 2075 3505; x_wconf 79' lang='grc' dir='ltr'>μετρεῖτε,</span> 
     </span>
    </p>
   </div>
   <div class='ocr_carea' id='block_1_38' title="bbox 433 3513 1252 3590">
    <p class='ocr_par' dir='ltr' id='par_1_38' title="bbox 433 3513 1252 3590">
     <span class='ocr_line' id='line_1_38' title="bbox 433 3513 1252 3590; baseline 0.001 -21"><span class='ocrx_word' id='word_1_243' title='bbox 433 3513 487 3570; x_wconf 77' lang='grc' dir='ltr'>ἐν</span> <span class='ocrx_word' id='word_1_244' title='bbox 518 3518 659 3589; x_wconf 79' lang='grc' dir='ltr'>αὐτῷ</span> <span class='ocrx_word' id='word_1_245' title='bbox 680 3515 1070 3590; x_wconf 63' lang='grc' dir='ltr'><strong>μετρηθήσεται</strong></span> <span class='ocrx_word' id='word_1_246' title='bbox 1099 3515 1252 3590; x_wconf 79' lang='grc' dir='ltr'>ὑμῖν,</span> 
     </span>
    </p>
   </div>
   <div class='ocr_carea' id='block_1_39' title="bbox 513 3600 2078 3688">
    <p class='ocr_par' dir='ltr' id='par_1_39' title="bbox 513 3600 2078 3688">
     <span class='ocr_line' id='line_1_39' title="bbox 513 3600 2078 3688; baseline -0.004 -19"><span class='ocrx_word' id='word_1_247' title='bbox 513 3600 657 3683; x_wconf 85' lang='lat' dir='ltr'><strong>Cap.</strong></span> <span class='ocrx_word' id='word_1_248' title='bbox 689 3601 840 3666; x_wconf 78' lang='grc' dir='ltr'>ΧΧῙ.</span> <span class='ocrx_word' id='word_1_249' title='bbox 875 3601 1121 3679; x_wconf 73' lang='grc' dir='ltr'>’Ἷδωμεν</span> <span class='ocrx_word' id='word_1_250' title='bbox 1152 3611 1265 3668; x_wconf 87' lang='grc' dir='ltr'><strong>πῶς</strong></span> <span class='ocrx_word' id='word_1_251' title='bbox 1298 3604 1452 3685; x_wconf 70' lang='grc' dir='ltr'>ἐγγύς</span> <span class='ocrx_word' id='word_1_252' title='bbox 1477 3604 1619 3662; x_wconf 79' lang='grc' dir='ltr'>ἐστιν</span> <span class='ocrx_word' id='word_1_253' title='bbox 1656 3602 1704 3688; x_wconf 78' lang='grc' dir='ltr'>[ὅ</span> <span class='ocrx_word' id='word_1_254' title='bbox 1740 3607 1960 3687; x_wconf 76' lang='grc' dir='ltr'>Κύριος]</span> <span class='ocrx_word' id='word_1_255' title='bbox 1993 3609 2078 3663; x_wconf 83' lang='grc' dir='ltr'>καὶ</span> 
     </span>
    </p>
   </div>
   <div class='ocr_carea' id='block_1_40' title="bbox 429 3691 2078 3771">
    <p class='ocr_par' dir='ltr' id='par_1_40' title="bbox 429 3691 2078 3771">
     <span class='ocr_line' id='line_1_40' title="bbox 429 3691 2078 3771; baseline 0.001 -22"><span class='ocrx_word' id='word_1_256' title='bbox 429 3693 513 3749; x_wconf 83' lang='grc' dir='ltr'><strong>ὅτι</strong></span> <span class='ocrx_word' id='word_1_257' title='bbox 546 3692 693 3751; x_wconf 70' lang='grc' dir='ltr'>οὐδὲν</span> <span class='ocrx_word' id='word_1_258' title='bbox 723 3691 941 3759; x_wconf 77' lang='grc' dir='ltr'>λέληθςν</span> <span class='ocrx_word' id='word_1_259' title='bbox 995 3695 1149 3751; x_wconf 76' lang='grc' dir='ltr'>αὑτὸν</span> <span class='ocrx_word' id='word_1_260' title='bbox 1178 3697 1281 3751; x_wconf 85' lang='grc' dir='ltr'><strong>τῶν</strong></span> <span class='ocrx_word' id='word_1_261' title='bbox 1328 3695 1547 3753; x_wconf 82' lang='grc' dir='ltr'>ἐνναιῶν</span> <span class='ocrx_word' id='word_1_262' title='bbox 1595 3696 1776 3771; x_wconf 70' lang='grc' dir='ltr'>ἡμῶν,</span> <span class='ocrx_word' id='word_1_263' title='bbox 1826 3693 1943 3752; x_wconf 68' lang='grc' dir='ltr'>οὐδὲ</span> <span class='ocrx_word' id='word_1_264' title='bbox 1972 3702 2078 3752; x_wconf 87' lang='grc' dir='ltr'><strong>τῶν</strong></span> 
     </span>
    </p>
   </div>
   <div class='ocr_carea' id='block_1_41' title="bbox 432 3780 2078 3864">
    <p class='ocr_par' dir='ltr' id='par_1_41' title="bbox 432 3780 2078 3864">
     <span class='ocr_line' id='line_1_41' title="bbox 432 3780 2078 3864; baseline 0.001 -26"><span class='ocrx_word' id='word_1_265' title='bbox 432 3780 793 3862; x_wconf 78' lang='grc' dir='ltr'>διαλογισμῶν</span> <span class='ocrx_word' id='word_1_266' title='bbox 851 3785 925 3839; x_wconf 84' lang='grc' dir='ltr'>ὧν</span> <span class='ocrx_word' id='word_1_267' title='bbox 973 3784 1262 3860; x_wconf 79' lang='grc' dir='ltr'>ποιούμεθα</span> <span class='ocrx_word' id='word_1_268' title='bbox 1325 3816 1398 3830; x_wconf 90' lang='lat'><strong>-</strong></span> <span class='ocrx_word' id='word_1_269' title='bbox 1432 3784 1719 3864; x_wconf 72' lang='grc' dir='ltr'>ἆρευνητῆς</span> <span class='ocrx_word' id='word_1_270' title='bbox 1780 3785 1877 3864; x_wconf 82' lang='grc' dir='ltr'><strong>γάρ</strong></span> <span class='ocrx_word' id='word_1_271' title='bbox 1936 3784 2078 3842; x_wconf 78' lang='grc' dir='ltr'>ἐστιν</span> 
     </span>
    </p>
   </div>
   <div class='ocr_carea' id='block_1_42' title="bbox 433 3870 1151 3948">
    <p class='ocr_par' dir='ltr' id='par_1_42' title="bbox 433 3870 1151 3948">
     <span class='ocr_line' id='line_1_42' title="bbox 433 3870 1151 3948; baseline 0 -21"><span class='ocrx_word' id='word_1_272' title='bbox 433 3870 647 3928; x_wconf 66' lang='grc' dir='ltr'>ἃννοιῶν</span> <span class='ocrx_word' id='word_1_273' title='bbox 678 3873 764 3929; x_wconf 80' lang='grc' dir='ltr'>καὶ</span> <span class='ocrx_word' id='word_1_274' title='bbox 793 3871 1151 3948; x_wconf 70' lang='grc' dir='ltr'><strong>ἐνθυμήσεων,</strong></span> 
     </span>
    </p>
   </div>
   <div class='ocr_carea' id='block_1_43' title="bbox 512 3960 2081 4040">
    <p class='ocr_par' dir='ltr' id='par_1_43' title="bbox 512 3960 2081 4040">
     <span class='ocr_line' id='line_1_43' title="bbox 512 3960 2081 4040; baseline 0 -21"><span class='ocrx_word' id='word_1_275' title='bbox 512 3960 664 4025; x_wconf 87' lang='lat' dir='ltr'><strong>Ibid.</strong></span> <span class='ocrx_word' id='word_1_276' title='bbox 730 3962 861 4027; x_wconf 82' lang='grc' dir='ltr'>Τοὺς</span> <span class='ocrx_word' id='word_1_277' title='bbox 905 3964 1051 4027; x_wconf 83' lang='grc' dir='ltr'>νεοὺς</span> <span class='ocrx_word' id='word_1_278' title='bbox 1121 3962 1487 4040; x_wconf 79' lang='grc' dir='ltr'>παιδεύσωμεν</span> <span class='ocrx_word' id='word_1_279' title='bbox 1545 3972 1644 4032; x_wconf 67' lang='grc' dir='ltr'>τὴν</span> <span class='ocrx_word' id='word_1_280' title='bbox 1708 3963 1942 4021; x_wconf 83' lang='grc' dir='ltr'>παιδείαν</span> <span class='ocrx_word' id='word_1_281' title='bbox 1987 3972 2081 4021; x_wconf 79' lang='grc' dir='ltr'><strong>του</strong></span> 
     </span>
    </p>
   </div>
   <div class='ocr_carea' id='block_1_44' title="bbox 431 4050 2077 4133">
    <p class='ocr_par' dir='ltr' id='par_1_44' title="bbox 431 4050 2077 4133">
     <span class='ocr_line' id='line_1_44' title="bbox 431 4050 2077 4133; baseline -0.001 -24"><span class='ocrx_word' id='word_1_282' title='bbox 431 4050 591 4133; x_wconf 74' lang='grc' dir='ltr'>φόϐου</span> <span class='ocrx_word' id='word_1_283' title='bbox 621 4060 712 4110; x_wconf 81' lang='grc' dir='ltr'><strong>τοῦ</strong></span> <span class='ocrx_word' id='word_1_284' title='bbox 745 4059 897 4109; x_wconf 84' lang='grc' dir='ltr'>Θεοῦ⁶</span> <span class='ocrx_word' id='word_1_285' title='bbox 952 4054 1044 4116; x_wconf 76' lang='grc' dir='ltr'>τὰς</span> <span class='ocrx_word' id='word_1_286' title='bbox 1106 4067 1363 4130; x_wconf 55' lang='grc' dir='ltr'>«μνατκας</span> <span class='ocrx_word' id='word_1_287' title='bbox 1421 4057 1577 4131; x_wconf 77' lang='grc' dir='ltr'>ἡμῶν</span> <span class='ocrx_word' id='word_1_288' title='bbox 1635 4055 1717 4110; x_wconf 69' lang='grc' dir='ltr'><strong>ἰπὶ</strong></span> <span class='ocrx_word' id='word_1_289' title='bbox 1771 4066 1832 4110; x_wconf 78' lang='grc' dir='ltr'><strong>το</strong></span> <span class='ocrx_word' id='word_1_290' title='bbox 1882 4054 2077 4131; x_wconf 74' lang='grc' dir='ltr'>ἀγαθὸν</span> 
     </span>
    </p>
   </div>
   <div class='ocr_carea' id='block_1_45' title="bbox 429 4139 2074 4222">
    <p class='ocr_par' dir='ltr' id='par_1_45' title="bbox 429 4139 2074 4222">
     <span class='ocr_line' id='line_1_45' title="bbox 429 4139 2074 4222; baseline 0.002 -26"><span class='ocrx_word' id='word_1_291' title='bbox 429 4139 853 4221; x_wconf 81' lang='grc' dir='ltr'>διορθωσώμεθα’</span> <span class='ocrx_word' id='word_1_292' title='bbox 912 4145 973 4199; x_wconf 82' lang='grc' dir='ltr'>τὸ</span> <span class='ocrx_word' id='word_1_293' title='bbox 1046 4142 1407 4221; x_wconf 74' lang='grc' dir='ltr'>ἁξιαγάιτητον</span> <span class='ocrx_word' id='word_1_294' title='bbox 1476 4142 1573 4211; x_wconf 72' lang='grc' dir='ltr'>τῆς</span> <span class='ocrx_word' id='word_1_295' title='bbox 1648 4144 1860 4222; x_wconf 82' lang='grc' dir='ltr'>ἁγνείας</span> <span class='ocrx_word' id='word_1_296' title='bbox 1944 4144 2074 4209; x_wconf 81' lang='grc' dir='ltr'>ἦθος</span> 
     </span>
    </p>
   </div>
   <div class='ocr_carea' id='block_1_46' title="bbox 430 4229 2072 4310">
    <p class='ocr_par' dir='ltr' id='par_1_46' title="bbox 430 4229 2072 4310">
     <span class='ocr_line' id='line_1_46' title="bbox 430 4229 2072 4310; baseline 0.001 -23"><span class='ocrx_word' id='word_1_297' title='bbox 430 4229 856 4297; x_wconf 63' lang='grc' dir='ltr'>ἐνδειξσίσθωσαψ</span> <span class='ocrx_word' id='word_1_298' title='bbox 914 4266 991 4276; x_wconf 89' lang='lat'><strong><em>—</em></strong></span> <span class='ocrx_word' id='word_1_299' title='bbox 1022 4233 1121 4299; x_wconf 77' lang='grc' dir='ltr'><strong>τὴν</strong></span> <span class='ocrx_word' id='word_1_300' title='bbox 1153 4232 1369 4310; x_wconf 67' lang='grc' dir='ltr'>ἀγάπην</span> <span class='ocrx_word' id='word_1_301' title='bbox 1403 4236 1576 4291; x_wconf 77' lang='grc' dir='ltr'>αὒτῶν</span> <span class='ocrx_word' id='word_1_302' title='bbox 1628 4237 1703 4306; x_wconf 77' lang='grc' dir='ltr'>μὴ</span> <span class='ocrx_word' id='word_1_303' title='bbox 1735 4234 1872 4289; x_wconf 78' lang='grc' dir='ltr'>κατὰ</span> <span class='ocrx_word' id='word_1_304' title='bbox 1903 4254 2072 4310; x_wconf 80' lang='grc' dir='ltr'>προσ-</span> 
     </span>
    </p>
   </div>
   <div class='ocr_carea' id='block_1_47' title="bbox 428 4318 2071 4402">
    <p class='ocr_par' dir='ltr' id='par_1_47' title="bbox 428 4318 2071 4402">
     <span class='ocr_line' id='line_1_47' title="bbox 428 4318 2071 4402; baseline 0.001 -27"><span class='ocrx_word' id='word_1_305' title='bbox 428 4318 647 4401; x_wconf 69' lang='grc' dir='ltr'>ϐλίσεις,</span> <span class='ocrx_word' id='word_1_306' title='bbox 691 4319 827 4378; x_wconf 62' lang='grc' dir='ltr'>ἀλλὰ</span> <span class='ocrx_word' id='word_1_307' title='bbox 871 4328 1029 4378; x_wconf 81' lang='grc' dir='ltr'>πᾶσιν</span> <span class='ocrx_word' id='word_1_308' title='bbox 1059 4335 1177 4385; x_wconf 75' lang='grc' dir='ltr'>τοῖς</span> <span class='ocrx_word' id='word_1_309' title='bbox 1209 4320 1559 4402; x_wconf 72' lang='grc' dir='ltr'>φοϐουμένοις</span> <span class='ocrx_word' id='word_1_310' title='bbox 1590 4324 1682 4379; x_wconf 72' lang='grc' dir='ltr'>τὸν</span> <span class='ocrx_word' id='word_1_311' title='bbox 1713 4324 1843 4379; x_wconf 78' lang='grc' dir='ltr'>Θεὸν</span> <span class='ocrx_word' id='word_1_312' title='bbox 1890 4322 2071 4397; x_wconf 76' lang='grc' dir='ltr'>ὁσίως,</span> 
     </span>
    </p>
   </div>
   <div class='ocr_carea' id='block_1_48' title="bbox 429 4408 991 4491">
    <p class='ocr_par' dir='ltr' id='par_1_48' title="bbox 429 4408 991 4491">
     <span class='ocr_line' id='line_1_48' title="bbox 429 4408 991 4491; baseline 0.014 -28"><span class='ocrx_word' id='word_1_313' title='bbox 429 4408 556 4476; x_wconf 69' lang='grc' dir='ltr'>ἴσην</span> <span class='ocrx_word' id='word_1_314' title='bbox 585 4409 991 4491; x_wconf 77' lang='grc' dir='ltr'><strong>παρεχέτωσαν.</strong></span> 
     </span>
    </p>
   </div>
   <div class='ocr_carea' id='block_1_49' title="bbox 508 4497 2143 4584">
    <p class='ocr_par' dir='ltr' id='par_1_49' title="bbox 508 4497 2143 4584">
     <span class='ocr_line' id='line_1_49' title="bbox 508 4497 2143 4584; baseline 0.001 -24"><span class='ocrx_word' id='word_1_315' title='bbox 508 4497 587 4560; x_wconf 83' lang='lat' dir='ltr'><strong>Ex</strong></span> <span class='ocrx_word' id='word_1_316' title='bbox 622 4500 908 4561; x_wconf 86' lang='lat' dir='ltr'><strong>hactenus</strong></span> <span class='ocrx_word' id='word_1_317' title='bbox 938 4499 1135 4561; x_wconf 86' lang='lat' dir='ltr'><strong>allatis</strong></span> <span class='ocrx_word' id='word_1_318' title='bbox 1162 4499 1515 4580; x_wconf 89' lang='lat' dir='ltr'><strong>collatisque</strong></span> <span class='ocrx_word' id='word_1_319' title='bbox 1567 4499 1715 4563; x_wconf 90' lang='lat' dir='ltr'><strong>locis</strong></span> <span class='ocrx_word' id='word_1_320' title='bbox 1767 4500 2077 4563; x_wconf 83' lang='lat' dir='ltr'><strong>manifeste</strong></span> <span class='ocrx_word' id='word_1_321' title='bbox 2104 4535 2143 4584; x_wconf 77' lang='grc' dir='ltr'>ο</span> 
     </span>
    </p>
   </div>
   <div class='ocr_carea' id='block_1_50' title="bbox 427 4588 2067 4671">
    <p class='ocr_par' dir='ltr' id='par_1_50' title="bbox 427 4588 2067 4671">
     <span class='ocr_line' id='line_1_50' title="bbox 427 4588 2067 4671; baseline 0.001 -21"><span class='ocrx_word' id='word_1_322' title='bbox 427 4588 705 4669; x_wconf 91' lang='lat' dir='ltr'><strong>liquet,ut</strong></span> <span class='ocrx_word' id='word_1_323' title='bbox 727 4588 968 4671; x_wconf 88' lang='lat' dir='ltr'><strong>quidem</strong></span> <span class='ocrx_word' id='word_1_324' title='bbox 993 4588 1352 4663; x_wconf 87' lang='lat' dir='ltr'><strong>arbitror,ab</strong></span> <span class='ocrx_word' id='word_1_325' title='bbox 1378 4589 1582 4650; x_wconf 87' lang='lat' dir='ltr'><strong>nltima</strong></span> <span class='ocrx_word' id='word_1_326' title='bbox 1604 4608 1794 4671; x_wconf 90' lang='lat' dir='ltr'><strong>usque</strong></span> <span class='ocrx_word' id='word_1_327' title='bbox 1816 4590 2067 4669; x_wconf 88' lang='lat' dir='ltr'><strong>antiqui-</strong></span> 
     </span>
    </p>
   </div>
   <div class='ocr_carea' id='block_1_51' title="bbox 427 4676 2070 4761">
    <p class='ocr_par' dir='ltr' id='par_1_51' title="bbox 427 4676 2070 4761">
     <span class='ocr_line' id='line_1_51' title="bbox 427 4676 2070 4761; baseline 0.001 -21"><span class='ocrx_word' id='word_1_328' title='bbox 427 4686 545 4740; x_wconf 89' lang='lat' dir='ltr'><strong>tate</strong></span> <span class='ocrx_word' id='word_1_329' title='bbox 579 4676 1173 4759; x_wconf 77' lang='lat' dir='ltr'><strong>t&#39;olycarpo,Joannis</strong></span> <span class='ocrx_word' id='word_1_330' title='bbox 1204 4678 1576 4757; x_wconf 66' lang='lat' dir='ltr'><strong>evangelista:</strong></span> <span class='ocrx_word' id='word_1_331' title='bbox 1606 4680 2070 4761; x_wconf 89' lang='lat' dir='ltr'><strong>discipulo,fuis-</strong></span> 
     </span>
    </p>
   </div>
   <div class='ocr_carea' id='block_1_52' title="bbox 427 4766 2072 4851">
    <p class='ocr_par' dir='ltr' id='par_1_52' title="bbox 427 4766 2072 4851">
     <span class='ocr_line' id='line_1_52' title="bbox 427 4766 2072 4851; baseline 0.003 -22"><span class='ocrx_word' id='word_1_332' title='bbox 427 4767 747 4849; x_wconf 85' lang='lat' dir='ltr'><strong>perlectam</strong></span> <span class='ocrx_word' id='word_1_333' title='bbox 782 4767 1103 4829; x_wconf 85' lang='lat' dir='ltr'><strong>Clementis</strong></span> <span class='ocrx_word' id='word_1_334' title='bbox 1162 4766 1410 4829; x_wconf 82' lang='lat' dir='ltr'><strong>Romani</strong></span> <span class='ocrx_word' id='word_1_335' title='bbox 1458 4767 1780 4850; x_wconf 89' lang='lat' dir='ltr'><strong>Epistolam</strong></span> <span class='ocrx_word' id='word_1_336' title='bbox 1832 4789 1947 4851; x_wconf 87' lang='lat' dir='ltr'><strong>qua</strong></span> <span class='ocrx_word' id='word_1_337' title='bbox 1997 4771 2072 4834; x_wconf 90' lang='lat' dir='ltr'><strong>de</strong></span> 
     </span>
    </p>
   </div>
   <div class='ocr_carea' id='block_1_53' title="bbox 423 4857 2069 4936">
    <p class='ocr_par' dir='ltr' id='par_1_53' title="bbox 423 4857 2069 4936">
     <span class='ocr_line' id='line_1_53' title="bbox 423 4857 2069 4936; baseline 0.002 -18"><span class='ocrx_word' id='word_1_338' title='bbox 423 4857 676 4936; x_wconf 83' lang='lat' dir='ltr'><strong>agimus,</strong></span> <span class='ocrx_word' id='word_1_339' title='bbox 728 4873 979 4935; x_wconf 90' lang='lat' dir='ltr'><strong>eamque</strong></span> <span class='ocrx_word' id='word_1_340' title='bbox 1040 4875 1161 4935; x_wconf 64' lang='lat' dir='ltr'><strong>prae</strong></span> <span class='ocrx_word' id='word_1_341' title='bbox 1215 4858 1407 4919; x_wconf 90' lang='lat' dir='ltr'><strong>oculis</strong></span> <span class='ocrx_word' id='word_1_342' title='bbox 1466 4857 1745 4920; x_wconf 88' lang='lat' dir='ltr'><strong>habuisse</strong></span> <span class='ocrx_word' id='word_1_343' title='bbox 1797 4871 2069 4923; x_wconf 87' lang='lat' dir='ltr'><strong>sanctum</strong></span> 
     </span>
    </p>
   </div>
   <div class='ocr_carea' id='block_1_54' title="bbox 424 4945 2067 5027">
    <p class='ocr_par' dir='ltr' id='par_1_54' title="bbox 424 4945 2067 5027">
     <span class='ocr_line' id='line_1_54' title="bbox 424 4945 2067 5027; baseline -0.001 -15"><span class='ocrx_word' id='word_1_344' title='bbox 424 4949 847 5027; x_wconf 85' lang='lat' dir='ltr'><strong>Smyrnensem</strong></span> <span class='ocrx_word' id='word_1_345' title='bbox 900 4945 1247 5026; x_wconf 84' lang='lat' dir='ltr'><strong>antistitem,</strong></span> <span class='ocrx_word' id='word_1_346' title='bbox 1284 4947 1424 5008; x_wconf 92' lang='lat' dir='ltr'><strong>dum</strong></span> <span class='ocrx_word' id='word_1_347' title='bbox 1483 4966 1650 5010; x_wconf 88' lang='lat' dir='ltr'><strong>suam</strong></span> <span class='ocrx_word' id='word_1_348' title='bbox 1685 4949 1973 5012; x_wconf 87' lang='lat' dir='ltr'><strong>scriberet</strong></span> <span class='ocrx_word' id='word_1_349' title='bbox 1996 4949 2067 5012; x_wconf 88' lang='lat' dir='ltr'><strong>ad</strong></span> 
     </span>
    </p>
   </div>
   <div class='ocr_carea' id='block_1_55' title="bbox 2194 542 3857 624">
    <p class='ocr_par' dir='ltr' id='par_1_55' title="bbox 2194 542 3857 624">
     <span class='ocr_line' id='line_1_55' title="bbox 2194 542 3857 624; baseline 0.01 -26"><span class='ocrx_word' id='word_1_350' title='bbox 2194 542 2415 617; x_wconf 78' lang='grc' dir='ltr'>μήλιον,</span> <span class='ocrx_word' id='word_1_351' title='bbox 2454 550 2575 606; x_wconf 93' lang='lat' dir='ltr'><strong>tum</strong></span> <span class='ocrx_word' id='word_1_352' title='bbox 2610 561 2681 606; x_wconf 79' lang='lat' dir='ltr'><strong>ex</strong></span> <span class='ocrx_word' id='word_1_353' title='bbox 2715 553 2981 607; x_wconf 89' lang='lat' dir='ltr'><strong>veterum</strong></span> <span class='ocrx_word' id='word_1_354' title='bbox 3016 548 3254 610; x_wconf 89' lang='lat' dir='ltr'><strong>Patrum</strong></span> <span class='ocrx_word' id='word_1_355' title='bbox 3316 549 3702 624; x_wconf 77' lang='lat' dir='ltr'><strong>testimoniis,</strong></span> <span class='ocrx_word' id='word_1_356' title='bbox 3741 570 3857 614; x_wconf 85' lang='lat' dir='ltr'><strong>nos</strong></span> 
     </span>
    </p>
   </div>
   <div class='ocr_carea' id='block_1_56' title="bbox 2194 630 3857 720">
    <p class='ocr_par' dir='ltr' id='par_1_56' title="bbox 2194 630 3857 720">
     <span class='ocr_line' id='line_1_56' title="bbox 2194 630 3857 720; baseline 0.007 -30"><span class='ocrx_word' id='word_1_357' title='bbox 2194 630 2474 720; x_wconf 15' lang='lat' dir='ltr'><strong>eamdem,</strong></span> <span class='ocrx_word' id='word_1_358' title='bbox 2500 632 2744 694; x_wconf 90' lang='lat' dir='ltr'><strong>omnino</strong></span> <span class='ocrx_word' id='word_1_359' title='bbox 2777 632 3087 714; x_wconf 89' lang='lat' dir='ltr'><strong>epistolam</strong></span> <span class='ocrx_word' id='word_1_360' title='bbox 3148 635 3396 713; x_wconf 66' lang='lat' dir='ltr'><strong>haltere,</strong></span> <span class='ocrx_word' id='word_1_361' title='bbox 3432 656 3606 720; x_wconf 89' lang='lat' dir='ltr'><strong>quam</strong></span> <span class='ocrx_word' id='word_1_362' title='bbox 3641 637 3857 704; x_wconf 87' lang='lat' dir='ltr'><strong>habuit</strong></span> 
     </span>
    </p>
   </div>
   <div class='ocr_carea' id='block_1_57' title="bbox 2189 718 3851 804">
    <p class='ocr_par' dir='ltr' id='par_1_57' title="bbox 2189 718 3851 804">
     <span class='ocr_line' id='line_1_57' title="bbox 2189 718 3851 804; baseline 0.009 -29"><span class='ocrx_word' id='word_1_363' title='bbox 2189 728 2415 781; x_wconf 86' lang='lat' dir='ltr'><strong>vetusta</strong></span> <span class='ocrx_word' id='word_1_364' title='bbox 2436 718 2729 799; x_wconf 91' lang='lat' dir='ltr'><strong>Ecclesia;</strong></span> <span class='ocrx_word' id='word_1_365' title='bbox 2762 742 2938 804; x_wconf 89' lang='lat' dir='ltr'><strong>quam</strong></span> <span class='ocrx_word' id='word_1_366' title='bbox 2990 723 3308 790; x_wconf 89' lang='lat' dir='ltr'><strong>audierunt</strong></span> <span class='ocrx_word' id='word_1_367' title='bbox 3337 727 3398 789; x_wconf 93' lang='lat' dir='ltr'><strong>in</strong></span> <span class='ocrx_word' id='word_1_368' title='bbox 3428 718 3618 790; x_wconf 80' lang='lat' dir='ltr'><strong>sacris</strong></span> <span class='ocrx_word' id='word_1_369' title='bbox 3671 730 3851 793; x_wconf 67' lang='lat' dir='ltr'><strong>cati-</strong></span> 
     </span>
    </p>
   </div>
   <div class='ocr_carea' id='block_1_58' title="bbox 2189 807 3853 897">
    <p class='ocr_par' dir='ltr' id='par_1_58' title="bbox 2189 807 3853 897">
     <span class='ocr_line' id='line_1_58' title="bbox 2189 807 3853 897; baseline 0.008 -29"><span class='ocrx_word' id='word_1_370' title='bbox 2189 807 2300 869; x_wconf 90' lang='lat' dir='ltr'><strong>hus</strong></span> <span class='ocrx_word' id='word_1_371' title='bbox 2332 811 2592 889; x_wconf 70' lang='lat' dir='ltr'><strong>primaevi</strong></span> <span class='ocrx_word' id='word_1_372' title='bbox 2615 813 2961 895; x_wconf 87' lang='lat' dir='ltr'><strong>Christiani,</strong></span> <span class='ocrx_word' id='word_1_373' title='bbox 2990 815 3130 877; x_wconf 92' lang='lat' dir='ltr'><strong>dum</strong></span> <span class='ocrx_word' id='word_1_374' title='bbox 3165 816 3360 880; x_wconf 89' lang='lat' dir='ltr'><strong>adhuc</strong></span> <span class='ocrx_word' id='word_1_375' title='bbox 3402 818 3535 897; x_wconf 89' lang='lat' dir='ltr'><strong>ejus</strong></span> <span class='ocrx_word' id='word_1_376' title='bbox 3572 818 3853 881; x_wconf 89' lang='lat' dir='ltr'><strong>lectionis</strong></span> 
     </span>
    </p>
   </div>
   <div class='ocr_carea' id='block_1_59' title="bbox 2188 902 3847 988">
    <p class='ocr_par' dir='ltr' id='par_1_59' title="bbox 2188 902 3847 988">
     <span class='ocr_line' id='line_1_59' title="bbox 2188 902 3847 988; baseline 0.009 -29"><span class='ocrx_word' id='word_1_377' title='bbox 2188 917 2330 961; x_wconf 90' lang='lat' dir='ltr'><strong>usus</strong></span> <span class='ocrx_word' id='word_1_378' title='bbox 2347 902 2595 979; x_wconf 86' lang='lat' dir='ltr'><strong>vigeret;</strong></span> <span class='ocrx_word' id='word_1_379' title='bbox 2623 922 2797 984; x_wconf 91' lang='lat' dir='ltr'><strong>quam</strong></span> <span class='ocrx_word' id='word_1_380' title='bbox 2824 904 3083 986; x_wconf 82' lang='lat' dir='ltr'><strong>denique</strong></span> <span class='ocrx_word' id='word_1_381' title='bbox 3098 905 3367 987; x_wconf 80' lang='lat' dir='ltr'><strong>legerunt</strong></span> <span class='ocrx_word' id='word_1_382' title='bbox 3393 905 3709 988; x_wconf 82' lang='lat' dir='ltr'><strong>Dionysius</strong></span> <span class='ocrx_word' id='word_1_383' title='bbox 3726 907 3847 973; x_wconf 89' lang='lat' dir='ltr'><strong>Co-</strong></span> 
     </span>
    </p>
   </div>
   <div class='ocr_carea' id='block_1_60' title="bbox 2188 987 3853 1079">
    <p class='ocr_par' dir='ltr' id='par_1_60' title="bbox 2188 987 3853 1079">
     <span class='ocr_line' id='line_1_60' title="bbox 2188 987 3853 1079; baseline 0.009 -32"><span class='ocrx_word' id='word_1_384' title='bbox 2188 987 2465 1079; x_wconf 77' lang='lat' dir='ltr'><strong>rinthius,</strong></span> <span class='ocrx_word' id='word_1_385' title='bbox 2499 991 2778 1055; x_wconf 86' lang='lat' dir='ltr'><strong>Clemens</strong></span> <span class='ocrx_word' id='word_1_386' title='bbox 2810 987 3853 1079; x_wconf 77' lang='lat' dir='ltr'><strong>Alexandrinus,CyrillusHieroso-</strong></span> 
     </span>
    </p>
   </div>
   <div class='ocr_carea' id='block_1_61' title="bbox 2191 1076 3320 1163">
    <p class='ocr_par' dir='ltr' id='par_1_61' title="bbox 2191 1076 3320 1163">
     <span class='ocr_line' id='line_1_61' title="bbox 2191 1076 3320 1163; baseline 0.01 -27"><span class='ocrx_word' id='word_1_387' title='bbox 2191 1076 2528 1158; x_wconf 81' lang='lat' dir='ltr'><strong>lymitanus,</strong></span> <span class='ocrx_word' id='word_1_388' title='bbox 2563 1081 2986 1163; x_wconf 82' lang='lat' dir='ltr'><strong>Hieronymus,</strong></span> <span class='ocrx_word' id='word_1_389' title='bbox 3022 1091 3079 1146; x_wconf 90' lang='lat' dir='ltr'><strong>et</strong></span> <span class='ocrx_word' id='word_1_390' title='bbox 3099 1076 3320 1148; x_wconf 76' lang='lat' dir='ltr'><strong>caeteri.</strong></span> 
     </span>
    </p>
   </div>
   <div class='ocr_carea' id='block_1_62' title="bbox 2272 1169 3843 1254">
    <p class='ocr_par' dir='ltr' id='par_1_62' title="bbox 2272 1169 3843 1254">
     <span class='ocr_line' id='line_1_62' title="bbox 2272 1169 3843 1254; baseline 0.008 -26"><span class='ocrx_word' id='word_1_391' title='bbox 2272 1169 2490 1231; x_wconf 89' lang='lat' dir='ltr'><strong>Verum</strong></span> <span class='ocrx_word' id='word_1_392' title='bbox 2545 1172 2594 1233; x_wconf 90' lang='lat' dir='ltr'><strong>si</strong></span> <span class='ocrx_word' id='word_1_393' title='bbox 2636 1173 2812 1235; x_wconf 90' lang='lat' dir='ltr'><strong>altius</strong></span> <span class='ocrx_word' id='word_1_394' title='bbox 2844 1172 3038 1236; x_wconf 89' lang='lat' dir='ltr'><strong>adhuc</strong></span> <span class='ocrx_word' id='word_1_395' title='bbox 3090 1177 3516 1239; x_wconf 83' lang='lat' dir='ltr'><strong>assurrexisset</strong></span> <span class='ocrx_word' id='word_1_396' title='bbox 3544 1178 3633 1239; x_wconf 89' lang='lat' dir='ltr'><strong>vir</strong></span> <span class='ocrx_word' id='word_1_397' title='bbox 3662 1177 3843 1254; x_wconf 87' lang='lat' dir='ltr'><strong>clar.,</strong></span> 
     </span>
    </p>
   </div>
   <div class='ocr_carea' id='block_1_63' title="bbox 2185 1258 3845 1345">
    <p class='ocr_par' dir='ltr' id='par_1_63' title="bbox 2185 1258 3845 1345">
     <span class='ocr_line' id='line_1_63' title="bbox 2185 1258 3845 1345; baseline 0.008 -28"><span class='ocrx_word' id='word_1_398' title='bbox 2185 1258 2431 1319; x_wconf 87' lang='lat' dir='ltr'><strong>vetustis</strong></span> <span class='ocrx_word' id='word_1_399' title='bbox 2483 1259 2601 1322; x_wconf 90' lang='lat' dir='ltr'><strong>illis</strong></span> <span class='ocrx_word' id='word_1_400' title='bbox 2658 1261 2941 1324; x_wconf 77' lang='lat' dir='ltr'><strong>Ecclesiae</strong></span> <span class='ocrx_word' id='word_1_401' title='bbox 3001 1264 3398 1345; x_wconf 89' lang='lat' dir='ltr'><strong>scriptoribus</strong></span> <span class='ocrx_word' id='word_1_402' title='bbox 3459 1267 3845 1331; x_wconf 84' lang='lat' dir='ltr'><strong>vetustiorem</strong></span> 
     </span>
    </p>
   </div>
   <div class='ocr_carea' id='block_1_64' title="bbox 2185 1348 3843 1436">
    <p class='ocr_par' dir='ltr' id='par_1_64' title="bbox 2185 1348 3843 1436">
     <span class='ocr_line' id='line_1_64' title="bbox 2185 1348 3843 1436; baseline 0.006 -27"><span class='ocrx_word' id='word_1_403' title='bbox 2185 1348 2362 1410; x_wconf 88' lang='lat' dir='ltr'><strong>etiam</strong></span> <span class='ocrx_word' id='word_1_404' title='bbox 2408 1349 2631 1414; x_wconf 89' lang='lat' dir='ltr'><strong>addere</strong></span> <span class='ocrx_word' id='word_1_405' title='bbox 2676 1360 2907 1433; x_wconf 90' lang='lat' dir='ltr'><strong>poterat</strong></span> <span class='ocrx_word' id='word_1_406' title='bbox 2936 1353 3353 1436; x_wconf 77' lang='lat' dir='ltr'><strong>Polycarpum,</strong></span> <span class='ocrx_word' id='word_1_407' title='bbox 3390 1355 3843 1419; x_wconf 86' lang='lat' dir='ltr'><strong>sanctissimum</strong></span> 
     </span>
    </p>
   </div>
   <div class='ocr_carea' id='block_1_65' title="bbox 2185 1438 3846 1527">
    <p class='ocr_par' dir='ltr' id='par_1_65' title="bbox 2185 1438 3846 1527">
     <span class='ocr_line' id='line_1_65' title="bbox 2185 1438 3846 1527; baseline 0.005 -26"><span class='ocrx_word' id='word_1_408' title='bbox 2185 1438 2607 1527; x_wconf 85' lang='lat' dir='ltr'><strong>Smyrnensem</strong></span> <span class='ocrx_word' id='word_1_409' title='bbox 2632 1441 2975 1523; x_wconf 91' lang='lat' dir='ltr'><strong>episcopum</strong></span> <span class='ocrx_word' id='word_1_410' title='bbox 2999 1449 3057 1503; x_wconf 90' lang='lat' dir='ltr'><strong>et</strong></span> <span class='ocrx_word' id='word_1_411' title='bbox 3082 1445 3535 1527; x_wconf 78' lang='lat' dir='ltr'><strong>martyrem,qui</strong></span> <span class='ocrx_word' id='word_1_412' title='bbox 3563 1444 3846 1509; x_wconf 86' lang='lat' dir='ltr'><strong>eamdem</strong></span> 
     </span>
    </p>
   </div>
   <div class='ocr_carea' id='block_1_66' title="bbox 2184 1526 3848 1616">
    <p class='ocr_par' dir='ltr' id='par_1_66' title="bbox 2184 1526 3848 1616">
     <span class='ocr_line' id='line_1_66' title="bbox 2184 1526 3848 1616; baseline 0.004 -26"><span class='ocrx_word' id='word_1_413' title='bbox 2184 1526 2619 1591; x_wconf 89' lang='lat' dir='ltr'><strong>Clementinam</strong></span> <span class='ocrx_word' id='word_1_414' title='bbox 2680 1530 3010 1609; x_wconf 86' lang='lat' dir='ltr'><strong>Epistolam</strong></span> <span class='ocrx_word' id='word_1_415' title='bbox 3072 1551 3247 1595; x_wconf 89' lang='lat' dir='ltr'><strong>manu</strong></span> <span class='ocrx_word' id='word_1_416' title='bbox 3279 1526 3569 1610; x_wconf 79' lang='lat' dir='ltr'><strong>versasse,</strong></span> <span class='ocrx_word' id='word_1_417' title='bbox 3602 1534 3748 1616; x_wconf 90' lang='lat' dir='ltr'><strong>quin</strong></span> <span class='ocrx_word' id='word_1_418' title='bbox 3781 1544 3848 1597; x_wconf 86' lang='lat' dir='ltr'><strong>et</strong></span> 
     </span>
    </p>
   </div>
   <div class='ocr_carea' id='block_1_67' title="bbox 2183 1617 3843 1704">
    <p class='ocr_par' dir='ltr' id='par_1_67' title="bbox 2183 1617 3843 1704">
     <span class='ocr_line' id='line_1_67' title="bbox 2183 1617 3843 1704; baseline 0.006 -28"><span class='ocrx_word' id='word_1_419' title='bbox 2183 1617 2465 1679; x_wconf 90' lang='lat' dir='ltr'><strong>nonnulla</strong></span> <span class='ocrx_word' id='word_1_420' title='bbox 2487 1636 2554 1681; x_wconf 82' lang='lat' dir='ltr'><strong>ex</strong></span> <span class='ocrx_word' id='word_1_421' title='bbox 2577 1637 2646 1681; x_wconf 91' lang='lat' dir='ltr'><strong>ea</strong></span> <span class='ocrx_word' id='word_1_422' title='bbox 2671 1638 2824 1700; x_wconf 89' lang='lat' dir='ltr'><strong>pene</strong></span> <span class='ocrx_word' id='word_1_423' title='bbox 2852 1620 3036 1682; x_wconf 89' lang='lat' dir='ltr'><strong>verbo</strong></span> <span class='ocrx_word' id='word_1_424' title='bbox 3071 1630 3242 1684; x_wconf 90' lang='lat' dir='ltr'><strong>tenus</strong></span> <span class='ocrx_word' id='word_1_425' title='bbox 3270 1632 3551 1704; x_wconf 85' lang='lat' dir='ltr'><strong>excerpta</strong></span> <span class='ocrx_word' id='word_1_426' title='bbox 3580 1624 3640 1686; x_wconf 89' lang='lat' dir='ltr'><strong>in</strong></span> <span class='ocrx_word' id='word_1_427' title='bbox 3665 1642 3843 1686; x_wconf 91' lang='lat' dir='ltr'><strong>suam</strong></span> 
     </span>
    </p>
   </div>
   <div class='ocr_carea' id='block_1_68' title="bbox 2181 1705 3841 1794">
    <p class='ocr_par' dir='ltr' id='par_1_68' title="bbox 2181 1705 3841 1794">
     <span class='ocr_line' id='line_1_68' title="bbox 2181 1705 3841 1794; baseline 0.006 -28"><span class='ocrx_word' id='word_1_428' title='bbox 2181 1705 2253 1767; x_wconf 88' lang='lat' dir='ltr'><strong>ad</strong></span> <span class='ocrx_word' id='word_1_429' title='bbox 2271 1706 2687 1787; x_wconf 88' lang='lat' dir='ltr'><strong>Philippenses</strong></span> <span class='ocrx_word' id='word_1_430' title='bbox 2714 1710 3044 1790; x_wconf 88' lang='lat' dir='ltr'><strong>Epistolam</strong></span> <span class='ocrx_word' id='word_1_431' title='bbox 3063 1712 3433 1776; x_wconf 90' lang='lat' dir='ltr'><strong>transtulisse</strong></span> <span class='ocrx_word' id='word_1_432' title='bbox 3460 1713 3841 1794; x_wconf 86' lang='lat' dir='ltr'><strong>perhibetur.</strong></span> 
     </span>
    </p>
   </div>
   <div class='ocr_carea' id='block_1_69' title="bbox 2179 1796 3846 1883">
    <p class='ocr_par' dir='ltr' id='par_1_69' title="bbox 2179 1796 3846 1883">
     <span class='ocr_line' id='line_1_69' title="bbox 2179 1796 3846 1883; baseline 0.005 -26"><span class='ocrx_word' id='word_1_433' title='bbox 2179 1796 2385 1877; x_wconf 91' lang='lat' dir='ltr'><strong>Neque</strong></span> <span class='ocrx_word' id='word_1_434' title='bbox 2428 1798 2676 1860; x_wconf 82' lang='lat' dir='ltr'><strong>fortasse</strong></span> <span class='ocrx_word' id='word_1_435' title='bbox 2708 1801 2964 1861; x_wconf 88' lang='lat' dir='ltr'><strong>otiosum</strong></span> <span class='ocrx_word' id='word_1_436' title='bbox 3007 1800 3205 1883; x_wconf 89' lang='lat' dir='ltr'><strong>fuerit,</strong></span> <span class='ocrx_word' id='word_1_437' title='bbox 3255 1822 3386 1883; x_wconf 65' lang='lat' dir='ltr'><strong>quae</strong></span> <span class='ocrx_word' id='word_1_438' title='bbox 3413 1804 3555 1864; x_wconf 87' lang='lat' dir='ltr'><strong>viris</strong></span> <span class='ocrx_word' id='word_1_439' title='bbox 3588 1803 3846 1865; x_wconf 88' lang='lat' dir='ltr'><strong>eruditis</strong></span> 
     </span>
    </p>
   </div>
   <div class='ocr_carea' id='block_1_70' title="bbox 2180 1886 3843 1972">
    <p class='ocr_par' dir='ltr' id='par_1_70' title="bbox 2180 1886 3843 1972">
     <span class='ocr_line' id='line_1_70' title="bbox 2180 1886 3843 1972; baseline 0.005 -26"><span class='ocrx_word' id='word_1_440' title='bbox 2180 1887 2472 1965; x_wconf 87' lang='lat' dir='ltr'><strong>nobisque</strong></span> <span class='ocrx_word' id='word_1_441' title='bbox 2495 1886 2808 1952; x_wconf 87' lang='lat' dir='ltr'><strong>observata</strong></span> <span class='ocrx_word' id='word_1_442' title='bbox 2839 1889 2914 1950; x_wconf 88' lang='lat' dir='ltr'><strong>de</strong></span> <span class='ocrx_word' id='word_1_443' title='bbox 2965 1889 3388 1972; x_wconf 78' lang='lat' dir='ltr'><strong>Polycarpiana</strong></span> <span class='ocrx_word' id='word_1_444' title='bbox 3438 1890 3701 1955; x_wconf 89' lang='lat' dir='ltr'><strong>lectione</strong></span> <span class='ocrx_word' id='word_1_445' title='bbox 3723 1911 3843 1954; x_wconf 90' lang='lat' dir='ltr'><strong>oc-</strong></span> 
     </span>
    </p>
   </div>
   <div class='ocr_carea' id='block_1_71' title="bbox 2178 1976 3835 2064">
    <p class='ocr_par' dir='ltr' id='par_1_71' title="bbox 2178 1976 3835 2064">
     <span class='ocr_line' id='line_1_71' title="bbox 2178 1976 3835 2064; baseline 0.005 -29"><span class='ocrx_word' id='word_1_446' title='bbox 2178 1983 2447 2049; x_wconf 87' lang='lat' dir='ltr'><strong>currunt,</strong></span> <span class='ocrx_word' id='word_1_447' title='bbox 2483 1976 2538 2036; x_wconf 91' lang='lat' dir='ltr'><strong>in</strong></span> <span class='ocrx_word' id='word_1_448' title='bbox 2575 1996 2757 2039; x_wconf 92' lang='lat' dir='ltr'><strong>unum</strong></span> <span class='ocrx_word' id='word_1_449' title='bbox 2782 1986 3063 2055; x_wconf 84' lang='lat' dir='ltr'><strong>congesta</strong></span> <span class='ocrx_word' id='word_1_450' title='bbox 3089 1988 3263 2060; x_wconf 90' lang='lat' dir='ltr'><strong>atque</strong></span> <span class='ocrx_word' id='word_1_451' title='bbox 3296 1981 3553 2044; x_wconf 87' lang='lat' dir='ltr'><strong>invicem</strong></span> <span class='ocrx_word' id='word_1_452' title='bbox 3586 2001 3835 2064; x_wconf 87' lang='lat' dir='ltr'><strong>compa-</strong></span> 
     </span>
    </p>
   </div>
   <div class='ocr_carea' id='block_1_72' title="bbox 2176 2065 3841 2152">
    <p class='ocr_par' dir='ltr' id='par_1_72' title="bbox 2176 2065 3841 2152">
     <span class='ocr_line' id='line_1_72' title="bbox 2176 2065 3841 2152; baseline 0.007 -29"><span class='ocrx_word' id='word_1_453' title='bbox 2176 2072 2301 2124; x_wconf 89' lang='lat' dir='ltr'><strong>rata</strong></span> <span class='ocrx_word' id='word_1_454' title='bbox 2342 2065 2397 2124; x_wconf 93' lang='lat' dir='ltr'><strong>in</strong></span> <span class='ocrx_word' id='word_1_455' title='bbox 2447 2067 2707 2128; x_wconf 88' lang='lat' dir='ltr'><strong>medium</strong></span> <span class='ocrx_word' id='word_1_456' title='bbox 2743 2069 3035 2148; x_wconf 88' lang='lat' dir='ltr'><strong>proferre.</strong></span> <span class='ocrx_word' id='word_1_457' title='bbox 3068 2068 3154 2130; x_wconf 89' lang='lat' dir='ltr'><strong>En</strong></span> <span class='ocrx_word' id='word_1_458' title='bbox 3182 2070 3380 2152; x_wconf 90' lang='lat' dir='ltr'><strong>itaque</strong></span> <span class='ocrx_word' id='word_1_459' title='bbox 3411 2071 3677 2135; x_wconf 84' lang='lat' dir='ltr'><strong>locorum</strong></span> <span class='ocrx_word' id='word_1_460' title='bbox 3710 2073 3841 2135; x_wconf 86' lang='lat' dir='ltr'><strong>ali-</strong></span> 
     </span>
    </p>
   </div>
   <div class='ocr_carea' id='block_1_73' title="bbox 2178 2155 3200 2235">
    <p class='ocr_par' dir='ltr' id='par_1_73' title="bbox 2178 2155 3200 2235">
     <span class='ocr_line' id='line_1_73' title="bbox 2178 2155 3200 2235; baseline 0.006 -21"><span class='ocrx_word' id='word_1_461' title='bbox 2178 2163 2318 2235; x_wconf 91' lang='lat' dir='ltr'><strong>quot</strong></span> <span class='ocrx_word' id='word_1_462' title='bbox 2348 2155 2814 2234; x_wconf 89' lang='lat' dir='ltr'><strong>parallelismum</strong></span> <span class='ocrx_word' id='word_1_463' title='bbox 2849 2157 3200 2220; x_wconf 87' lang='lat' dir='ltr'><strong>institutum.</strong></span> 
     </span>
    </p>
   </div>
   <div class='ocr_carea' id='block_1_74' title="bbox 2504 2249 3487 2335">
    <p class='ocr_par' dir='ltr' id='par_1_74' title="bbox 2504 2249 3487 2335">
     <span class='ocr_line' id='line_1_74' title="bbox 2504 2249 3487 2335; baseline 0.006 -25"><span class='ocrx_word' id='word_1_464' title='bbox 2504 2250 2703 2331; x_wconf 79' lang='lat' dir='ltr'><strong>Epist.</strong></span> <span class='ocrx_word' id='word_1_465' title='bbox 2742 2249 3068 2331; x_wconf 78' lang='lat' dir='ltr'><strong>Polycarpi</strong></span> <span class='ocrx_word' id='word_1_466' title='bbox 3098 2253 3181 2314; x_wconf 82' lang='lat' dir='ltr'><strong>ad</strong></span> <span class='ocrx_word' id='word_1_467' title='bbox 3213 2253 3487 2335; x_wconf 77' lang='lat' dir='ltr'><strong>Philipp.</strong></span> 
     </span>
    </p>
   </div>
   <div class='ocr_carea' id='block_1_75' title="bbox 2254 2341 3825 2426">
    <p class='ocr_par' dir='ltr' id='par_1_75' title="bbox 2254 2341 3825 2426">
     <span class='ocr_line' id='line_1_75' title="bbox 2254 2341 3825 2426; baseline 0.001 -22"><span class='ocrx_word' id='word_1_468' title='bbox 2254 2341 2396 2423; x_wconf 87' lang='lat' dir='ltr'><strong>Cap.</strong></span> <span class='ocrx_word' id='word_1_469' title='bbox 2454 2342 2552 2404; x_wconf 80' lang='grc' dir='ltr'>Ιν.</span> <span class='ocrx_word' id='word_1_470' title='bbox 2610 2343 2910 2421; x_wconf 77' lang='grc' dir='ltr'>Διδάξωμεν</span> <span class='ocrx_word' id='word_1_471' title='bbox 2968 2379 3043 2391; x_wconf 92' lang='grc'><strong>-</strong></span> <span class='ocrx_word' id='word_1_472' title='bbox 3091 2347 3183 2412; x_wconf 81' lang='grc' dir='ltr'>τὰς</span> <span class='ocrx_word' id='word_1_473' title='bbox 3243 2365 3502 2426; x_wconf 79' lang='grc' dir='ltr'>γυναῖκας</span> <span class='ocrx_word' id='word_1_474' title='bbox 3558 2352 3825 2426; x_wconf 74' lang='grc' dir='ltr'>ὑμῶν-</span> 
     </span>
    </p>
   </div>
   <div class='ocr_carea' id='block_1_76' title="bbox 2170 2432 3837 2515">
    <p class='ocr_par' dir='ltr' id='par_1_76' title="bbox 2170 2432 3837 2515">
     <span class='ocr_line' id='line_1_76' title="bbox 2170 2432 3837 2515; baseline 0.007 -28"><span class='ocrx_word' id='word_1_475' title='bbox 2170 2433 2486 2511; x_wconf 75' lang='grc' dir='ltr'>στεργούσας</span> <span class='ocrx_word' id='word_1_476' title='bbox 2530 2434 2651 2497; x_wconf 78' lang='grc' dir='ltr'>τοὺς</span> <span class='ocrx_word' id='word_1_477' title='bbox 2694 2434 2889 2490; x_wconf 80' lang='grc' dir='ltr'>ἑαυτῶν</span> <span class='ocrx_word' id='word_1_478' title='bbox 2940 2432 3125 2511; x_wconf 73' lang='grc' dir='ltr'>ἄνδρας</span> <span class='ocrx_word' id='word_1_479' title='bbox 3161 2437 3215 2492; x_wconf 78' lang='grc' dir='ltr'>ἐν</span> <span class='ocrx_word' id='word_1_480' title='bbox 3258 2438 3404 2515; x_wconf 78' lang='grc' dir='ltr'>πάσῃ</span> <span class='ocrx_word' id='word_1_481' title='bbox 3466 2438 3689 2513; x_wconf 74' lang='grc' dir='ltr'>ἡληθείᾳ</span> <span class='ocrx_word' id='word_1_482' title='bbox 3737 2438 3837 2498; x_wconf 74' lang='grc' dir='ltr'>καὶ</span> 
     </span>
    </p>
   </div>
   <div class='ocr_carea' id='block_1_77' title="bbox 2174 2521 2821 2601">
    <p class='ocr_par' dir='ltr' id='par_1_77' title="bbox 2174 2521 2821 2601">
     <span class='ocr_line' id='line_1_77' title="bbox 2174 2521 2821 2601; baseline 0.005 -25"><span class='ocrx_word' id='word_1_483' title='bbox 2174 2554 2250 2567; x_wconf 91' lang='lat'><strong>-—</strong></span> <span class='ocrx_word' id='word_1_484' title='bbox 2282 2521 2334 2576; x_wconf 75' lang='grc' dir='ltr'>ἐν</span> <span class='ocrx_word' id='word_1_485' title='bbox 2367 2524 2511 2599; x_wconf 71' lang='grc' dir='ltr'>πέσῃ</span> <span class='ocrx_word' id='word_1_486' title='bbox 2544 2522 2821 2601; x_wconf 76' lang='grc' dir='ltr'>ἐγκρατείᾳ</span> 
     </span>
    </p>
   </div>
   <div class='ocr_carea' id='block_1_78' title="bbox 2255 2610 3831 2692">
    <p class='ocr_par' dir='ltr' id='par_1_78' title="bbox 2255 2610 3831 2692">
     <span class='ocr_line' id='line_1_78' title="bbox 2255 2610 3831 2692; baseline -0.001 -19"><span class='ocrx_word' id='word_1_487' title='bbox 2255 2611 2395 2692; x_wconf 87' lang='lat' dir='ltr'><strong>Cap.</strong></span> <span class='ocrx_word' id='word_1_488' title='bbox 2432 2610 2528 2674; x_wconf 80' lang='grc' dir='ltr'><strong>ΙΧ.</strong></span> <span class='ocrx_word' id='word_1_489' title='bbox 2570 2612 2763 2691; x_wconf 79' lang='grc' dir='ltr'>Πέτρος</span> <span class='ocrx_word' id='word_1_490' title='bbox 2799 2616 2888 2671; x_wconf 77' lang='grc' dir='ltr'>καὶ</span> <span class='ocrx_word' id='word_1_491' title='bbox 2921 2613 3123 2677; x_wconf 80' lang='grc' dir='ltr'>Παῦλος</span> <span class='ocrx_word' id='word_1_492' title='bbox 3154 2648 3233 2659; x_wconf 89' lang='grc'><strong><em>-</em></strong></span> <span class='ocrx_word' id='word_1_493' title='bbox 3261 2614 3402 2673; x_wconf 62' lang='grc' dir='ltr'>οὗτοι</span> <span class='ocrx_word' id='word_1_494' title='bbox 3438 2618 3711 2682; x_wconf 67' lang='grc' dir='ltr'>πέντες-</span> <span class='ocrx_word' id='word_1_495' title='bbox 3749 2623 3831 2684; x_wconf 80' lang='grc' dir='ltr'><strong>εἰς</strong></span> 
     </span>
    </p>
   </div>
   <div class='ocr_carea' id='block_1_79' title="bbox 2173 2700 3685 2785">
    <p class='ocr_par' dir='ltr' id='par_1_79' title="bbox 2173 2700 3685 2785">
     <span class='ocr_line' id='line_1_79' title="bbox 2173 2700 3685 2785; baseline 0.006 -27"><span class='ocrx_word' id='word_1_496' title='bbox 2173 2703 2264 2758; x_wconf 83' lang='grc' dir='ltr'>τὸν</span> <span class='ocrx_word' id='word_1_497' title='bbox 2296 2700 2639 2782; x_wconf 76' lang='grc' dir='ltr'>ὀφειλόμενον</span> <span class='ocrx_word' id='word_1_498' title='bbox 2673 2702 2854 2768; x_wconf 73' lang='grc' dir='ltr'>αὐτοῖς</span> <span class='ocrx_word' id='word_1_499' title='bbox 2888 2705 3050 2760; x_wconf 83' lang='grc' dir='ltr'>τόπον</span> <span class='ocrx_word' id='word_1_500' title='bbox 3086 2705 3183 2761; x_wconf 71' lang='lat' dir='ltr'><strong>sini</strong></span> <span class='ocrx_word' id='word_1_501' title='bbox 3215 2706 3355 2785; x_wconf 74' lang='grc' dir='ltr'>παρὰ</span> <span class='ocrx_word' id='word_1_502' title='bbox 3389 2712 3460 2781; x_wconf 83' lang='grc' dir='ltr'>τῷ</span> <span class='ocrx_word' id='word_1_503' title='bbox 3493 2708 3685 2785; x_wconf 81' lang='grc' dir='ltr'><strong>Κυρίῳ.</strong></span> 
     </span>
    </p>
   </div>
   <div class='ocr_carea' id='block_1_80' title="bbox 2254 2789 3830 2872">
    <p class='ocr_par' dir='ltr' id='par_1_80' title="bbox 2254 2789 3830 2872">
     <span class='ocr_line' id='line_1_80' title="bbox 2254 2789 3830 2872; baseline 0.001 -19"><span class='ocrx_word' id='word_1_504' title='bbox 2254 2790 2396 2871; x_wconf 89' lang='lat' dir='ltr'><strong>Cap.</strong></span> <span class='ocrx_word' id='word_1_505' title='bbox 2448 2789 2575 2854; x_wconf 71' lang='lat' dir='ltr'><strong>VII.</strong></span> <span class='ocrx_word' id='word_1_506' title='bbox 2646 2794 2738 2849; x_wconf 87' lang='grc' dir='ltr'>Διὸ</span> <span class='ocrx_word' id='word_1_507' title='bbox 2796 2792 3151 2858; x_wconf 73' lang='grc' dir='ltr'>ἀπολιπόντες</span> <span class='ocrx_word' id='word_1_508' title='bbox 3204 2796 3301 2862; x_wconf 77' lang='grc' dir='ltr'>τὴν</span> <span class='ocrx_word' id='word_1_509' title='bbox 3346 2797 3686 2872; x_wconf 83' lang='grc' dir='ltr'>ματαιότητα</span> <span class='ocrx_word' id='word_1_510' title='bbox 3715 2801 3830 2857; x_wconf 81' lang='grc' dir='ltr'><strong>τῶν</strong></span> 
     </span>
    </p>
   </div>
   <div class='ocr_carea' id='block_1_81' title="bbox 2170 2880 3827 2969">
    <p class='ocr_par' dir='ltr' id='par_1_81' title="bbox 2170 2880 3827 2969">
     <span class='ocr_line' id='line_1_81' title="bbox 2170 2880 3827 2969; baseline 0.005 -31"><span class='ocrx_word' id='word_1_511' title='bbox 2170 2880 2384 2939; x_wconf 82' lang='grc' dir='ltr'>πολλῶν</span> <span class='ocrx_word' id='word_1_512' title='bbox 2414 2916 2471 2926; x_wconf 76' lang='lat'><strong>-</strong></span> <span class='ocrx_word' id='word_1_513' title='bbox 2529 2882 2612 2939; x_wconf 70' lang='grc' dir='ltr'>ἰπὶ</span> <span class='ocrx_word' id='word_1_514' title='bbox 2642 2885 2733 2939; x_wconf 73' lang='grc' dir='ltr'><strong>τὸν</strong></span> <span class='ocrx_word' id='word_1_515' title='bbox 2764 2881 2815 2948; x_wconf 77' lang='grc' dir='ltr'><strong>ἐξ</strong></span> <span class='ocrx_word' id='word_1_516' title='bbox 2845 2883 3022 2963; x_wconf 80' lang='grc' dir='ltr'>ἀρχῆς</span> <span class='ocrx_word' id='word_1_517' title='bbox 3072 2885 3210 2955; x_wconf 79' lang='grc' dir='ltr'>ἡμῖν</span> <span class='ocrx_word' id='word_1_518' title='bbox 3255 2883 3610 2963; x_wconf 77' lang='grc' dir='ltr'>παραδοθέντα</span> <span class='ocrx_word' id='word_1_519' title='bbox 3660 2887 3827 2969; x_wconf 83' lang='grc' dir='ltr'>λόγον</span> 
     </span>
    </p>
   </div>
   <div class='ocr_carea' id='block_1_82' title="bbox 2168 2972 2596 3052">
    <p class='ocr_par' dir='ltr' id='par_1_82' title="bbox 2168 2972 2596 3052">
     <span class='ocr_line' id='line_1_82' title="bbox 2168 2972 2596 3052; baseline 0.009 -23"><span class='ocrx_word' id='word_1_520' title='bbox 2168 2972 2596 3052; x_wconf 72' lang='grc' dir='ltr'>ὶπιστρὲψωμεν.</span> 
     </span>
    </p>
   </div>
   <div class='ocr_carea' id='block_1_83' title="bbox 2249 3061 3821 3143">
    <p class='ocr_par' dir='ltr' id='par_1_83' title="bbox 2249 3061 3821 3143">
     <span class='ocr_line' id='line_1_83' title="bbox 2249 3061 3821 3143; baseline 0.003 -22"><span class='ocrx_word' id='word_1_521' title='bbox 2249 3061 2389 3143; x_wconf 87' lang='lat' dir='ltr'><strong>Cap.</strong></span> <span class='ocrx_word' id='word_1_522' title='bbox 2423 3063 2495 3126; x_wconf 80' lang='lat' dir='ltr'><strong>II.</strong></span> <span class='ocrx_word' id='word_1_523' title='bbox 2534 3063 2625 3118; x_wconf 73' lang='grc' dir='ltr'>Δίὸ</span> <span class='ocrx_word' id='word_1_524' title='bbox 2654 3062 3053 3138; x_wconf 72' lang='grc' dir='ltr'>ἀναζωσάμενοι</span> <span class='ocrx_word' id='word_1_525' title='bbox 3106 3064 3196 3127; x_wconf 78' lang='grc' dir='ltr'>τὰς</span> <span class='ocrx_word' id='word_1_526' title='bbox 3232 3064 3455 3142; x_wconf 71' lang='grc' dir='ltr'>ὀσφύας,</span> <span class='ocrx_word' id='word_1_527' title='bbox 3505 3063 3821 3125; x_wconf 76' lang='grc' dir='ltr'>δουλεύσατε</span> 
     </span>
    </p>
   </div>
   <div class='ocr_carea' id='block_1_84' title="bbox 1568 3150 3822 3233">
    <p class='ocr_par' dir='ltr' id='par_1_84' title="bbox 1568 3150 3822 3233">
     <span class='ocr_line' id='line_1_84' title="bbox 1568 3150 3822 3233; baseline 0.002 -22"><span class='ocrx_word' id='word_1_528' title='bbox 1568 3154 1924 3221; x_wconf 75' lang='grc' dir='ltr'>ἀπολιπόντες</span> <span class='ocrx_word' id='word_1_529' title='bbox 1983 3157 2081 3224; x_wconf 74' lang='grc' dir='ltr'><strong>τὴν</strong></span> <span class='ocrx_word' id='word_1_530' title='bbox 2102 3205 2140 3233; x_wconf 58' lang='grc' dir='ltr'>ρ</span> <span class='ocrx_word' id='word_1_531' title='bbox 2166 3157 2242 3229; x_wconf 80' lang='grc' dir='ltr'><strong>τῷ</strong></span> <span class='ocrx_word' id='word_1_532' title='bbox 2272 3158 2385 3225; x_wconf 86' lang='grc' dir='ltr'><strong>Θεῷ</strong></span> <span class='ocrx_word' id='word_1_533' title='bbox 2408 3152 2460 3209; x_wconf 77' lang='grc' dir='ltr'>ἒν</span> <span class='ocrx_word' id='word_1_534' title='bbox 2490 3151 2639 3233; x_wconf 64' lang='grc' dir='ltr'>φόϐῳ</span> <span class='ocrx_word' id='word_1_535' title='bbox 2668 3153 2754 3209; x_wconf 78' lang='grc' dir='ltr'>καὶ</span> <span class='ocrx_word' id='word_1_536' title='bbox 2783 3150 3024 3226; x_wconf 78' lang='grc' dir='ltr'>ἀληθείᾳ,</span> <span class='ocrx_word' id='word_1_537' title='bbox 3086 3151 3443 3218; x_wconf 81' lang='grc' dir='ltr'>ἀπολιπόντες</span> <span class='ocrx_word' id='word_1_538' title='bbox 3499 3156 3600 3223; x_wconf 82' lang='grc' dir='ltr'>τὴν</span> <span class='ocrx_word' id='word_1_539' title='bbox 3656 3159 3822 3227; x_wconf 67' lang='grc' dir='ltr'>ιιενὴν</span> 
     </span>
    </p>
   </div>
   <div class='ocr_carea' id='block_1_85' title="bbox 2166 3241 3460 3319">
    <p class='ocr_par' dir='ltr' id='par_1_85' title="bbox 2166 3241 3460 3319">
     <span class='ocr_line' id='line_1_85' title="bbox 2166 3241 3460 3319; baseline 0 -19"><span class='ocrx_word' id='word_1_540' title='bbox 2166 3241 2570 3319; x_wconf 82' lang='grc' dir='ltr'>ματαιολογίαν,</span> <span class='ocrx_word' id='word_1_541' title='bbox 2606 3244 2689 3298; x_wconf 78' lang='grc' dir='ltr'>καὶ</span> <span class='ocrx_word' id='word_1_542' title='bbox 2719 3243 2816 3309; x_wconf 81' lang='grc' dir='ltr'>τὴν</span> <span class='ocrx_word' id='word_1_543' title='bbox 2847 3245 2951 3299; x_wconf 72' lang='grc' dir='ltr'><strong>τῶν</strong></span> <span class='ocrx_word' id='word_1_544' title='bbox 2984 3241 3197 3299; x_wconf 81' lang='grc' dir='ltr'>πολλῶν</span> <span class='ocrx_word' id='word_1_545' title='bbox 3229 3241 3460 3310; x_wconf 82' lang='grc' dir='ltr'>πλάνην.</span> 
     </span>
    </p>
   </div>
   <div class='ocr_carea' id='block_1_86' title="bbox 2246 3329 3824 3413">
    <p class='ocr_par' dir='ltr' id='par_1_86' title="bbox 2246 3329 3824 3413">
     <span class='ocr_line' id='line_1_86' title="bbox 2246 3329 3824 3413; baseline -0.001 -27"><span class='ocrx_word' id='word_1_546' title='bbox 2246 3332 2390 3411; x_wconf 80' lang='lat' dir='ltr'><strong>Cap.</strong></span> <span class='ocrx_word' id='word_1_547' title='bbox 2421 3330 2493 3393; x_wconf 86' lang='lat' dir='ltr'><strong>Il.</strong></span> <span class='ocrx_word' id='word_1_548' title='bbox 2533 3332 3002 3406; x_wconf 82' lang='grc' dir='ltr'>Μνημονεύσαντες</span> <span class='ocrx_word' id='word_1_549' title='bbox 3033 3329 3087 3387; x_wconf 75' lang='grc' dir='ltr'><strong>δὲ</strong></span> <span class='ocrx_word' id='word_1_550' title='bbox 3118 3335 3191 3388; x_wconf 83' lang='grc' dir='ltr'><strong>ὧν</strong></span> <span class='ocrx_word' id='word_1_551' title='bbox 3219 3333 3375 3389; x_wconf 73' lang='grc' dir='ltr'>εἶπεν</span> <span class='ocrx_word' id='word_1_552' title='bbox 3420 3336 3448 3390; x_wconf 81' lang='grc' dir='ltr'><strong>ὃ</strong></span> <span class='ocrx_word' id='word_1_553' title='bbox 3495 3336 3683 3413; x_wconf 81' lang='grc' dir='ltr'>Κύριος</span> <span class='ocrx_word' id='word_1_554' title='bbox 3734 3335 3824 3395; x_wconf 80' lang='grc' dir='ltr'>δι-</span> 
     </span>
    </p>
   </div>
   <div class='ocr_carea' id='block_1_87' title="bbox 2164 3418 3821 3501">
    <p class='ocr_par' dir='ltr' id='par_1_87' title="bbox 2164 3418 3821 3501">
     <span class='ocr_line' id='line_1_87' title="bbox 2164 3418 3821 3501; baseline 0.003 -23"><span class='ocrx_word' id='word_1_555' title='bbox 2164 3419 2395 3478; x_wconf 72' lang='grc' dir='ltr'>δάσκωνο</span> <span class='ocrx_word' id='word_1_556' title='bbox 2420 3419 2574 3476; x_wconf 70' lang='grc' dir='ltr'><strong>-ἰν</strong></span> <span class='ocrx_word' id='word_1_557' title='bbox 2632 3419 2679 3494; x_wconf 83' lang='grc' dir='ltr'>ᾦ</span> <span class='ocrx_word' id='word_1_558' title='bbox 2725 3418 2903 3497; x_wconf 77' lang='grc' dir='ltr'>μέτρῳ</span> <span class='ocrx_word' id='word_1_559' title='bbox 2960 3432 3230 3499; x_wconf 64' lang='grc' dir='ltr'><strong>μετρεῖτε³</strong></span> <span class='ocrx_word' id='word_1_560' title='bbox 3299 3420 3821 3501; x_wconf 78' lang='grc' dir='ltr'>ἀντιμετρηθήσεται</span> 
     </span>
    </p>
   </div>
   <div class='ocr_carea' id='block_1_88' title="bbox 2164 3513 2311 3569">
    <p class='ocr_par' dir='ltr' id='par_1_88' title="bbox 2164 3513 2311 3569">
     <span class='ocr_line' id='line_1_88' title="bbox 2164 3513 2311 3569; baseline 0.014 -2"><span class='ocrx_word' id='word_1_561' title='bbox 2164 3513 2311 3569; x_wconf 69' lang='grc' dir='ltr'>ὑμῖν.</span> 
     </span>
    </p>
   </div>
   <div class='ocr_carea' id='block_1_89' title="bbox 2244 3596 3819 3682">
    <p class='ocr_par' dir='ltr' id='par_1_89' title="bbox 2244 3596 3819 3682">
     <span class='ocr_line' id='line_1_89' title="bbox 2244 3596 3819 3682; baseline 0.003 -25"><span class='ocrx_word' id='word_1_562' title='bbox 2244 3602 2365 3680; x_wconf 85' lang='lat' dir='ltr'><strong>Cap</strong></span> <span class='ocrx_word' id='word_1_563' title='bbox 2451 3596 2547 3661; x_wconf 82' lang='lat' dir='ltr'><strong>IV.</strong></span> <span class='ocrx_word' id='word_1_564' title='bbox 2602 3598 2827 3660; x_wconf 80' lang='grc' dir='ltr'>Γινώσκ.</span> <span class='ocrx_word' id='word_1_565' title='bbox 2862 3630 2935 3643; x_wconf 88' lang='grc'><strong>-</strong></span> <span class='ocrx_word' id='word_1_566' title='bbox 2970 3596 3051 3654; x_wconf 81' lang='grc' dir='ltr'>ὅτι</span> <span class='ocrx_word' id='word_1_567' title='bbox 3110 3596 3160 3679; x_wconf 73' lang='grc' dir='ltr'>[ί.</span> <span class='ocrx_word' id='word_1_568' title='bbox 3220 3598 3373 3682; x_wconf 81' lang='grc' dir='ltr'>Θεὸς]</span> <span class='ocrx_word' id='word_1_569' title='bbox 3430 3602 3602 3660; x_wconf 79' lang='grc' dir='ltr'>πάντα</span> <span class='ocrx_word' id='word_1_570' title='bbox 3659 3605 3819 3679; x_wconf 71' lang='grc' dir='ltr'>ἡμῶι</span> 
     </span>
    </p>
   </div>
   <div class='ocr_carea' id='block_1_90' title="bbox 2162 3686 3813 3772">
    <p class='ocr_par' dir='ltr' id='par_1_90' title="bbox 2162 3686 3813 3772">
     <span class='ocr_line' id='line_1_90' title="bbox 2162 3686 3813 3772; baseline 0.002 -24"><span class='ocrx_word' id='word_1_571' title='bbox 2162 3703 2441 3748; x_wconf 82' lang='grc' dir='ltr'>σκοπεϊται</span> <span class='ocrx_word' id='word_1_572' title='bbox 2479 3738 2494 3769; x_wconf 75' lang='lat'><strong>,</strong></span> <span class='ocrx_word' id='word_1_573' title='bbox 2557 3690 2645 3745; x_wconf 79' lang='grc' dir='ltr'>καὶ</span> <span class='ocrx_word' id='word_1_574' title='bbox 2700 3686 2921 3755; x_wconf 71' lang='grc' dir='ltr'>λέληθεν</span> <span class='ocrx_word' id='word_1_575' title='bbox 2978 3687 3132 3745; x_wconf 76' lang='grc' dir='ltr'>αὐτὸν</span> <span class='ocrx_word' id='word_1_576' title='bbox 3189 3686 3337 3750; x_wconf 76' lang='grc' dir='ltr'>οὒδὶν</span> <span class='ocrx_word' id='word_1_577' title='bbox 3367 3739 3383 3772; x_wconf 73' lang='grc'><em>,</em></span> <span class='ocrx_word' id='word_1_578' title='bbox 3435 3690 3553 3749; x_wconf 60' lang='grc' dir='ltr'>οἹτε</span> <span class='ocrx_word' id='word_1_579' title='bbox 3620 3691 3813 3772; x_wconf 81' lang='grc' dir='ltr'>λογισ-</span> 
     </span>
    </p>
   </div>
   <div class='ocr_carea' id='block_1_91' title="bbox 2160 3777 3817 3863">
    <p class='ocr_par' dir='ltr' id='par_1_91' title="bbox 2160 3777 3817 3863">
     <span class='ocr_line' id='line_1_91' title="bbox 2160 3777 3817 3863; baseline 0.002 -26"><span class='ocrx_word' id='word_1_580' title='bbox 2160 3786 2301 3862; x_wconf 65' lang='grc' dir='ltr'>μῶν,</span> <span class='ocrx_word' id='word_1_581' title='bbox 2366 3777 2482 3837; x_wconf 61' lang='grc' dir='ltr'>οὕτε</span> <span class='ocrx_word' id='word_1_582' title='bbox 2536 3779 2774 3853; x_wconf 76' lang='grc' dir='ltr'>ἐννοιῶν,</span> <span class='ocrx_word' id='word_1_583' title='bbox 2834 3778 2951 3835; x_wconf 77' lang='grc' dir='ltr'>οὔτε</span> <span class='ocrx_word' id='word_1_584' title='bbox 3013 3800 3062 3835; x_wconf 84' lang='grc' dir='ltr'><strong>τι</strong></span> <span class='ocrx_word' id='word_1_585' title='bbox 3115 3785 3223 3837; x_wconf 85' lang='grc' dir='ltr'><strong>τῶν</strong></span> <span class='ocrx_word' id='word_1_586' title='bbox 3274 3784 3519 3856; x_wconf 83' lang='grc' dir='ltr'>κρυπτῶν</span> <span class='ocrx_word' id='word_1_587' title='bbox 3546 3788 3646 3850; x_wconf 81' lang='grc' dir='ltr'>τῆς</span> <span class='ocrx_word' id='word_1_588' title='bbox 3678 3804 3817 3863; x_wconf 73' lang='grc' dir='ltr'>καρο</span> 
     </span>
    </p>
   </div>
   <div class='ocr_carea' id='block_1_92' title="bbox 2160 3870 2294 3934">
    <p class='ocr_par' dir='ltr' id='par_1_92' title="bbox 2160 3870 2294 3934">
     <span class='ocr_line' id='line_1_92' title="bbox 2160 3870 2294 3934; baseline 0 -6"><span class='ocrx_word' id='word_1_589' title='bbox 2160 3870 2270 3934; x_wconf 84' lang='grc' dir='ltr'>δίας</span> <span class='ocrx_word' id='word_1_590' title='bbox 2281 3919 2294 3932; x_wconf 94' lang='grc'><strong>.</strong></span> 
     </span>
    </p>
   </div>
   <div class='ocr_carea' id='block_1_93' title="bbox 2242 3955 3817 4043">
    <p class='ocr_par' dir='ltr' id='par_1_93' title="bbox 2242 3955 3817 4043">
     <span class='ocr_line' id='line_1_93' title="bbox 2242 3955 3817 4043; baseline 0.002 -29"><span class='ocrx_word' id='word_1_591' title='bbox 2242 3958 2393 4023; x_wconf 78' lang='lat' dir='ltr'><strong>Ibid.</strong></span> <span class='ocrx_word' id='word_1_592' title='bbox 2459 3955 2760 4035; x_wconf 79' lang='grc' dir='ltr'>Διδάξωμεν</span> <span class='ocrx_word' id='word_1_593' title='bbox 2821 3992 2890 4004; x_wconf 89' lang='lat'><strong>-—</strong></span> <span class='ocrx_word' id='word_1_594' title='bbox 2952 3959 3046 4023; x_wconf 74' lang='grc' dir='ltr'><strong>τὰς</strong></span> <span class='ocrx_word' id='word_1_595' title='bbox 3128 3972 3387 4038; x_wconf 78' lang='grc' dir='ltr'>γυναῖκας</span> <span class='ocrx_word' id='word_1_596' title='bbox 3465 3962 3615 4038; x_wconf 74' lang='grc' dir='ltr'>ὑμῶν</span> <span class='ocrx_word' id='word_1_597' title='bbox 3676 3961 3817 4043; x_wconf 85' lang='grc' dir='ltr'>[πο-</span> 
     </span>
    </p>
   </div>
   <div class='ocr_carea' id='block_1_94' title="bbox 2160 4045 3814 4133">
    <p class='ocr_par' dir='ltr' id='par_1_94' title="bbox 2160 4045 3814 4133">
     <span class='ocr_line' id='line_1_94' title="bbox 2160 4045 3814 4133; baseline 0.001 -26"><span class='ocrx_word' id='word_1_598' title='bbox 2160 4045 2414 4131; x_wconf 73' lang='grc' dir='ltr'>ρεύεσθαι]</span> <span class='ocrx_word' id='word_1_599' title='bbox 2474 4047 2525 4104; x_wconf 77' lang='grc' dir='ltr'>ἒν</span> <span class='ocrx_word' id='word_1_600' title='bbox 2586 4053 2655 4126; x_wconf 74' lang='grc' dir='ltr'><strong>τῇ</strong></span> <span class='ocrx_word' id='word_1_601' title='bbox 2701 4045 2907 4125; x_wconf 76' lang='grc' dir='ltr'>δοθείσῃ</span> <span class='ocrx_word' id='word_1_602' title='bbox 2980 4051 3171 4115; x_wconf 73' lang='grc' dir='ltr'>αὖταϊς</span> <span class='ocrx_word' id='word_1_603' title='bbox 3233 4049 3405 4106; x_wconf 79' lang='grc' dir='ltr'>πίστει</span> <span class='ocrx_word' id='word_1_604' title='bbox 3469 4055 3559 4109; x_wconf 80' lang='grc' dir='ltr'>καὶ</span> <span class='ocrx_word' id='word_1_605' title='bbox 3622 4052 3814 4133; x_wconf 74' lang='grc' dir='ltr'>ἀγάπῃ</span> 
     </span>
    </p>
   </div>
   <div class='ocr_carea' id='block_1_95' title="bbox 2160 4138 3817 4221">
    <p class='ocr_par' dir='ltr' id='par_1_95' title="bbox 2160 4138 3817 4221">
     <span class='ocr_line' id='line_1_95' title="bbox 2160 4138 3817 4221; baseline 0.002 -23"><span class='ocrx_word' id='word_1_606' title='bbox 2160 4144 2247 4198; x_wconf 81' lang='grc' dir='ltr'><strong>καὶ</strong></span> <span class='ocrx_word' id='word_1_607' title='bbox 2302 4140 2484 4217; x_wconf 75' lang='grc' dir='ltr'>ἁγνείᾳ</span> <span class='ocrx_word' id='word_1_608' title='bbox 2512 4170 2592 4185; x_wconf 64' lang='grc' dir='ltr'><strong>ομ-</strong></span> <span class='ocrx_word' id='word_1_609' title='bbox 2622 4139 2709 4195; x_wconf 82' lang='grc' dir='ltr'><strong>καὶ</strong></span> <span class='ocrx_word' id='word_1_610' title='bbox 2756 4138 3047 4217; x_wconf 75' lang='grc' dir='ltr'>ἂγαπώσας</span> <span class='ocrx_word' id='word_1_611' title='bbox 3106 4138 3311 4203; x_wconf 70' lang='grc' dir='ltr'>πάντας</span> <span class='ocrx_word' id='word_1_612' title='bbox 3348 4138 3399 4208; x_wconf 70' lang='grc' dir='ltr'><strong>ἐξ</strong></span> <span class='ocrx_word' id='word_1_613' title='bbox 3428 4138 3551 4198; x_wconf 71' lang='grc' dir='ltr'>ἴσου</span> <span class='ocrx_word' id='word_1_614' title='bbox 3581 4144 3637 4199; x_wconf 68' lang='grc' dir='ltr'>ἒν</span> <span class='ocrx_word' id='word_1_615' title='bbox 3666 4144 3817 4221; x_wconf 73' lang='grc' dir='ltr'>πάσῃ</span> 
     </span>
    </p>
   </div>
   <div class='ocr_carea' id='block_1_96' title="bbox 2158 4226 3814 4310">
    <p class='ocr_par' dir='ltr' id='par_1_96' title="bbox 2158 4226 3814 4310">
     <span class='ocr_line' id='line_1_96' title="bbox 2158 4226 3814 4310; baseline 0.001 -23"><span class='ocrx_word' id='word_1_616' title='bbox 2158 4230 2458 4309; x_wconf 62' lang='grc' dir='ltr'><strong>ὶγχρατείφ</strong></span> <span class='ocrx_word' id='word_1_617' title='bbox 2492 4230 2577 4285; x_wconf 75' lang='grc' dir='ltr'><strong>καὶ</strong></span> <span class='ocrx_word' id='word_1_618' title='bbox 2610 4230 2675 4284; x_wconf 82' lang='grc' dir='ltr'>τὰ</span> <span class='ocrx_word' id='word_1_619' title='bbox 2705 4228 2862 4284; x_wconf 81' lang='grc' dir='ltr'>τέκνα</span> <span class='ocrx_word' id='word_1_620' title='bbox 2895 4226 3165 4285; x_wconf 78' lang='grc' dir='ltr'>παιδεύειν</span> <span class='ocrx_word' id='word_1_621' title='bbox 3193 4228 3294 4296; x_wconf 76' lang='grc' dir='ltr'>τὴν</span> <span class='ocrx_word' id='word_1_622' title='bbox 3322 4227 3563 4287; x_wconf 82' lang='grc' dir='ltr'>παιδείαν</span> <span class='ocrx_word' id='word_1_623' title='bbox 3595 4234 3814 4310; x_wconf 54' lang='lat'><strong>10596--</strong></span> 
     </span>
    </p>
   </div>
   <div class='ocr_carea' id='block_1_97' title="bbox 2160 4322 2571 4396">
    <p class='ocr_par' dir='ltr' id='par_1_97' title="bbox 2160 4322 2571 4396">
     <span class='ocr_line' id='line_1_97' title="bbox 2160 4322 2571 4396; baseline 0.015 -24"><span class='ocrx_word' id='word_1_624' title='bbox 2160 4322 2254 4396; x_wconf 80' lang='grc' dir='ltr'>βου</span> <span class='ocrx_word' id='word_1_625' title='bbox 2285 4326 2376 4378; x_wconf 82' lang='grc' dir='ltr'>τοῦ</span> <span class='ocrx_word' id='word_1_626' title='bbox 2420 4326 2571 4378; x_wconf 83' lang='grc' dir='ltr'>Θεοῦ.</span> 
     </span>
    </p>
   </div>
   <div class='ocr_carea' id='block_1_98' title="bbox 2163 4495 3814 4581">
    <p class='ocr_par' dir='ltr' id='par_1_98' title="bbox 2163 4495 3814 4581">
     <span class='ocr_line' id='line_1_98' title="bbox 2163 4495 3814 4581; baseline 0.002 -22"><span class='ocrx_word' id='word_1_627' title='bbox 2163 4506 2334 4560; x_wconf 91' lang='lat' dir='ltr'><strong>reant</strong></span> <span class='ocrx_word' id='word_1_628' title='bbox 2365 4496 2756 4560; x_wconf 82' lang='lat' dir='ltr'><strong>Clementinae</strong></span> <span class='ocrx_word' id='word_1_629' title='bbox 2777 4495 3206 4577; x_wconf 84' lang='lat' dir='ltr'><strong>vestigia;hanc</strong></span> <span class='ocrx_word' id='word_1_630' title='bbox 3240 4515 3416 4559; x_wconf 87' lang='lat' dir='ltr'><strong>unam</strong></span> <span class='ocrx_word' id='word_1_631' title='bbox 3447 4498 3526 4560; x_wconf 90' lang='lat' dir='ltr'><strong>ob</strong></span> <span class='ocrx_word' id='word_1_632' title='bbox 3544 4516 3814 4581; x_wconf 86' lang='lat' dir='ltr'><strong>causam,</strong></span> 
     </span>
    </p>
   </div>
   <div class='ocr_carea' id='block_1_99' title="bbox 2161 4584 3814 4669">
    <p class='ocr_par' dir='ltr' id='par_1_99' title="bbox 2161 4584 3814 4669">
     <span class='ocr_line' id='line_1_99' title="bbox 2161 4584 3814 4669; baseline 0.002 -19"><span class='ocrx_word' id='word_1_633' title='bbox 2161 4587 2475 4660; x_wconf 91' lang='lat' dir='ltr'><strong>Bernardi,</strong></span> <span class='ocrx_word' id='word_1_634' title='bbox 2508 4586 2718 4651; x_wconf 88' lang='lat' dir='ltr'><strong>Clerici</strong></span> <span class='ocrx_word' id='word_1_635' title='bbox 2762 4603 2829 4646; x_wconf 90' lang='lat' dir='ltr'><strong>ac</strong></span> <span class='ocrx_word' id='word_1_636' title='bbox 2876 4584 3187 4649; x_wconf 86' lang='lat' dir='ltr'><strong>Moshemii</strong></span> <span class='ocrx_word' id='word_1_637' title='bbox 3237 4589 3706 4669; x_wconf 87' lang='lat' dir='ltr'><strong>conjectationes</strong></span> <span class='ocrx_word' id='word_1_638' title='bbox 3736 4589 3814 4653; x_wconf 86' lang='lat' dir='ltr'><strong>de</strong></span> 
     </span>
    </p>
   </div>
   <div class='ocr_carea' id='block_1_100' title="bbox 2164 4674 3811 4760">
    <p class='ocr_par' dir='ltr' id='par_1_100' title="bbox 2164 4674 3811 4760">
     <span class='ocr_line' id='line_1_100' title="bbox 2164 4674 3811 4760; baseline 0.001 -20"><span class='ocrx_word' id='word_1_639' title='bbox 2164 4679 2341 4759; x_wconf 86' lang='lat' dir='ltr'><strong>hujus</strong></span> <span class='ocrx_word' id='word_1_640' title='bbox 2382 4676 2615 4739; x_wconf 88' lang='lat' dir='ltr'><strong>laciniis</strong></span> <span class='ocrx_word' id='word_1_641' title='bbox 2644 4695 2713 4738; x_wconf 82' lang='lat' dir='ltr'><strong>ex</strong></span> <span class='ocrx_word' id='word_1_642' title='bbox 2746 4674 3053 4739; x_wconf 88' lang='lat' dir='ltr'><strong>Clemente</strong></span> <span class='ocrx_word' id='word_1_643' title='bbox 3081 4677 3490 4740; x_wconf 76' lang='lat' dir='ltr'><strong>Alexandrino</strong></span> <span class='ocrx_word' id='word_1_644' title='bbox 3522 4678 3811 4760; x_wconf 88' lang='lat' dir='ltr'><strong>desump-</strong></span> 
     </span>
    </p>
   </div>
   <div class='ocr_carea' id='block_1_101' title="bbox 2168 4767 3209 4847">
    <p class='ocr_par' dir='ltr' id='par_1_101' title="bbox 2168 4767 3209 4847">
     <span class='ocr_line' id='line_1_101' title="bbox 2168 4767 3209 4847; baseline -0.001 -18"><span class='ocrx_word' id='word_1_645' title='bbox 2168 4767 2262 4843; x_wconf 90' lang='lat' dir='ltr'><strong>tis,</strong></span> <span class='ocrx_word' id='word_1_646' title='bbox 2296 4768 2541 4829; x_wconf 91' lang='lat' dir='ltr'><strong>omnino</strong></span> <span class='ocrx_word' id='word_1_647' title='bbox 2573 4774 2927 4829; x_wconf 88' lang='lat' dir='ltr'><strong>evanescant</strong></span> <span class='ocrx_word' id='word_1_648' title='bbox 2956 4774 3209 4847; x_wconf 88' lang='lat' dir='ltr'><strong>oportet.</strong></span> 
     </span>
    </p>
   </div>
   <div class='ocr_carea' id='block_1_102' title="bbox 2235 4854 3811 4938">
    <p class='ocr_par' dir='ltr' id='par_1_102' title="bbox 2235 4854 3811 4938">
     <span class='ocr_line' id='line_1_102' title="bbox 2235 4854 3811 4938; baseline 0.001 -19"><span class='ocrx_word' id='word_1_649' title='bbox 2235 4856 2441 4938; x_wconf 88' lang='lat' dir='ltr'><strong>Neque</strong></span> <span class='ocrx_word' id='word_1_650' title='bbox 2467 4856 2566 4919; x_wconf 88' lang='lat' dir='ltr'><strong>alii</strong></span> <span class='ocrx_word' id='word_1_651' title='bbox 2602 4854 2862 4936; x_wconf 85' lang='lat' dir='ltr'><strong>profecto</strong></span> <span class='ocrx_word' id='word_1_652' title='bbox 2889 4855 3237 4936; x_wconf 88' lang='lat' dir='ltr'><strong>desunt,qui</strong></span> <span class='ocrx_word' id='word_1_653' title='bbox 3271 4856 3539 4936; x_wconf 90' lang='lat' dir='ltr'><strong>ejusdem</strong></span> <span class='ocrx_word' id='word_1_654' title='bbox 3577 4856 3811 4938; x_wconf 88' lang='lat' dir='ltr'><strong>Episto-</strong></span> 
     </span>
    </p>
   </div>
   <div class='ocr_carea' id='block_1_103' title="bbox 2157 4944 3809 5027">
    <p class='ocr_par' dir='ltr' id='par_1_103' title="bbox 2157 4944 3809 5027">
     <span class='ocr_line' id='line_1_103' title="bbox 2157 4944 3809 5027; baseline 0.002 -19"><span class='ocrx_word' id='word_1_655' title='bbox 2157 4948 2227 5009; x_wconf 75' lang='lat' dir='ltr'><strong>las</strong></span> <span class='ocrx_word' id='word_1_656' title='bbox 2242 4947 2642 5010; x_wconf 87' lang='lat' dir='ltr'><strong>sinceritatem</strong></span> <span class='ocrx_word' id='word_1_657' title='bbox 2659 4945 2719 5006; x_wconf 92' lang='lat' dir='ltr'><strong>in</strong></span> <span class='ocrx_word' id='word_1_658' title='bbox 2735 4944 2979 5007; x_wconf 91' lang='lat' dir='ltr'><strong>dubium</strong></span> <span class='ocrx_word' id='word_1_659' title='bbox 3008 4954 3309 5027; x_wconf 77' lang='lat' dir='ltr'><strong>revocent;</strong></span> <span class='ocrx_word' id='word_1_660' title='bbox 3338 4950 3499 5027; x_wconf 80' lang='lat' dir='ltr'><strong>quod</strong></span> <span class='ocrx_word' id='word_1_661' title='bbox 3522 4946 3809 5011; x_wconf 89' lang='lat' dir='ltr'><strong>nimirum</strong></span> 
     </span>
    </p>
   </div>
   <div class='ocr_carea' id='block_1_104' title="bbox 423 5032 3813 5120">
    <p class='ocr_par' dir='ltr' id='par_1_104' title="bbox 423 5032 3813 5120">
     <span class='ocr_line' id='line_1_104' title="bbox 423 5032 3813 5120; baseline -0 -21"><span class='ocrx_word' id='word_1_662' title='bbox 423 5036 842 5117; x_wconf 86' lang='lat' dir='ltr'><strong>Philippenses</strong></span> <span class='ocrx_word' id='word_1_663' title='bbox 871 5055 885 5100; x_wconf 86' lang='lat'><strong>:</strong></span> <span class='ocrx_word' id='word_1_664' title='bbox 922 5034 1079 5096; x_wconf 88' lang='lat' dir='ltr'><strong>unde</strong></span> <span class='ocrx_word' id='word_1_665' title='bbox 1111 5042 1238 5096; x_wconf 92' lang='lat' dir='ltr'><strong>orla</strong></span> <span class='ocrx_word' id='word_1_666' title='bbox 1269 5034 1602 5100; x_wconf 85' lang='lat' dir='ltr'><strong>similitudo</strong></span> <span class='ocrx_word' id='word_1_667' title='bbox 1640 5037 1762 5119; x_wconf 91' lang='lat' dir='ltr'><strong>illa,</strong></span> <span class='ocrx_word' id='word_1_668' title='bbox 1789 5058 1920 5120; x_wconf 68' lang='lat' dir='ltr'><strong>qum</strong></span> <span class='ocrx_word' id='word_1_669' title='bbox 1951 5058 2068 5102; x_wconf 91' lang='lat' dir='ltr'><strong>non</strong></span> <span class='ocrx_word' id='word_1_670' title='bbox 2155 5036 2440 5098; x_wconf 87' lang='lat' dir='ltr'><strong>nonnulla</strong></span> <span class='ocrx_word' id='word_1_671' title='bbox 2472 5034 2737 5099; x_wconf 86' lang='lat' dir='ltr'><strong>fabulosa</strong></span> <span class='ocrx_word' id='word_1_672' title='bbox 2766 5052 2889 5115; x_wconf 61' lang='lat' dir='ltr'><strong>pra</strong></span> <span class='ocrx_word' id='word_1_673' title='bbox 2910 5052 2973 5096; x_wconf 91' lang='lat' dir='ltr'><strong>se</strong></span> <span class='ocrx_word' id='word_1_674' title='bbox 2996 5032 3167 5110; x_wconf 86' lang='lat' dir='ltr'><strong>ferat;</strong></span> <span class='ocrx_word' id='word_1_675' title='bbox 3203 5036 3359 5115; x_wconf 92' lang='lat' dir='ltr'><strong>quod</strong></span> <span class='ocrx_word' id='word_1_676' title='bbox 3412 5036 3615 5118; x_wconf 87' lang='lat' dir='ltr'><strong>aliqua</strong></span> <span class='ocrx_word' id='word_1_677' title='bbox 3648 5037 3707 5098; x_wconf 88' lang='lat' dir='ltr'><strong>in</strong></span> <span class='ocrx_word' id='word_1_678' title='bbox 3741 5056 3813 5100; x_wconf 88' lang='lat' dir='ltr'><strong>ea</strong></span> 
     </span>
    </p>
   </div>
   <div class='ocr_carea' id='block_1_105' title="bbox 419 5122 3801 5209">
    <p class='ocr_par' dir='ltr' id='par_1_105' title="bbox 419 5122 3801 5209">
     <span class='ocr_line' id='line_1_105' title="bbox 419 5122 3801 5209; baseline 0.001 -23"><span class='ocrx_word' id='word_1_679' title='bbox 419 5126 608 5186; x_wconf 90' lang='lat' dir='ltr'><strong>solum</strong></span> <span class='ocrx_word' id='word_1_680' title='bbox 644 5124 923 5185; x_wconf 90' lang='lat' dir='ltr'><strong>eumdem</strong></span> <span class='ocrx_word' id='word_1_681' title='bbox 957 5124 1169 5205; x_wconf 86' lang='lat' dir='ltr'><strong>stylum</strong></span> <span class='ocrx_word' id='word_1_682' title='bbox 1205 5124 1557 5206; x_wconf 80' lang='lat' dir='ltr'><strong>ubique,sed</strong></span> <span class='ocrx_word' id='word_1_683' title='bbox 1591 5126 1803 5190; x_wconf 79' lang='lat' dir='ltr'><strong>eadem</strong></span> <span class='ocrx_word' id='word_1_684' title='bbox 1829 5146 2069 5209; x_wconf 86' lang='lat' dir='ltr'><strong>quoque</strong></span> <span class='ocrx_word' id='word_1_685' title='bbox 2152 5127 2621 5188; x_wconf 89' lang='lat' dir='ltr'><strong>desiderantura</strong></span> <span class='ocrx_word' id='word_1_686' title='bbox 2651 5126 2893 5185; x_wconf 86' lang='lat' dir='ltr'><strong>vetustis</strong></span> <span class='ocrx_word' id='word_1_687' title='bbox 2918 5122 3193 5185; x_wconf 88' lang='lat' dir='ltr'><strong>Patribus</strong></span> <span class='ocrx_word' id='word_1_688' title='bbox 3222 5124 3495 5202; x_wconf 80' lang='lat' dir='ltr'><strong>allegata,</strong></span> <span class='ocrx_word' id='word_1_689' title='bbox 3532 5135 3648 5191; x_wconf 86' lang='lat' dir='ltr'><strong>etc.</strong></span> <span class='ocrx_word' id='word_1_690' title='bbox 3680 5126 3801 5190; x_wconf 92' lang='lat' dir='ltr'><strong>Sed</strong></span> 
     </span>
    </p>
   </div>
   <div class='ocr_carea' id='block_1_106' title="bbox 422 5213 3811 5298">
    <p class='ocr_par' dir='ltr' id='par_1_106' title="bbox 422 5213 3811 5298">
     <span class='ocr_line' id='line_1_106' title="bbox 422 5213 3811 5298; baseline 0 -21"><span class='ocrx_word' id='word_1_691' title='bbox 422 5233 577 5297; x_wconf 90' lang='lat' dir='ltr'><strong>pene</strong></span> <span class='ocrx_word' id='word_1_692' title='bbox 606 5215 787 5276; x_wconf 87' lang='lat' dir='ltr'><strong>verba</strong></span> <span class='ocrx_word' id='word_1_693' title='bbox 808 5213 1036 5275; x_wconf 89' lang='lat' dir='ltr'><strong>referre</strong></span> <span class='ocrx_word' id='word_1_694' title='bbox 1086 5213 1237 5275; x_wconf 85' lang='lat' dir='ltr'><strong>haud</strong></span> <span class='ocrx_word' id='word_1_695' title='bbox 1272 5215 1458 5276; x_wconf 88' lang='lat' dir='ltr'><strong>semel</strong></span> <span class='ocrx_word' id='word_1_696' title='bbox 1490 5215 1742 5280; x_wconf 87' lang='lat' dir='ltr'><strong>videtur.</strong></span> <span class='ocrx_word' id='word_1_697' title='bbox 1768 5216 1915 5281; x_wconf 89' lang='lat' dir='ltr'><strong>Cum</strong></span> <span class='ocrx_word' id='word_1_698' title='bbox 1952 5218 2067 5281; x_wconf 82' lang='lat' dir='ltr'><strong>ita—</strong></span> <span class='ocrx_word' id='word_1_699' title='bbox 2156 5218 2262 5278; x_wconf 90' lang='lat' dir='ltr'><strong>hos</strong></span> <span class='ocrx_word' id='word_1_700' title='bbox 2295 5215 2655 5278; x_wconf 88' lang='lat' dir='ltr'><strong>morosiores</strong></span> <span class='ocrx_word' id='word_1_701' title='bbox 2685 5213 2860 5275; x_wconf 88' lang='lat' dir='ltr'><strong>critic</strong></span> <span class='ocrx_word' id='word_1_702' title='bbox 2875 5230 2943 5275; x_wconf 90' lang='lat' dir='ltr'><strong>os</strong></span> <span class='ocrx_word' id='word_1_703' title='bbox 2968 5213 3179 5275; x_wconf 89' lang='lat' dir='ltr'><strong>missos</strong></span> <span class='ocrx_word' id='word_1_704' title='bbox 3203 5213 3472 5277; x_wconf 81' lang='lat' dir='ltr'><strong>facimus:</strong></span> <span class='ocrx_word' id='word_1_705' title='bbox 3503 5224 3622 5277; x_wconf 92' lang='lat' dir='ltr'><strong>tum</strong></span> <span class='ocrx_word' id='word_1_706' title='bbox 3651 5216 3811 5298; x_wconf 86' lang='lat' dir='ltr'><strong>quod</strong></span> 
     </span>
    </p>
   </div>
   <div class='ocr_carea' id='block_1_107' title="bbox 420 5301 3811 5389">
    <p class='ocr_par' dir='ltr' id='par_1_107' title="bbox 420 5301 3811 5389">
     <span class='ocr_line' id='line_1_107' title="bbox 420 5301 3811 5389; baseline 0.001 -24"><span class='ocrx_word' id='word_1_707' title='bbox 420 5323 536 5385; x_wconf 89' lang='lat' dir='ltr'><strong>que</strong></span> <span class='ocrx_word' id='word_1_708' title='bbox 583 5304 646 5367; x_wconf 89' lang='lat' dir='ltr'><strong>in</strong></span> <span class='ocrx_word' id='word_1_709' title='bbox 678 5302 1103 5385; x_wconf 77' lang='lat' dir='ltr'><strong>Polycarpiana</strong></span> <span class='ocrx_word' id='word_1_710' title='bbox 1144 5304 1419 5383; x_wconf 70' lang='lat' dir='ltr'><strong>perbrevi</strong></span> <span class='ocrx_word' id='word_1_711' title='bbox 1464 5304 1725 5385; x_wconf 87' lang='lat' dir='ltr'><strong>Epistola</strong></span> <span class='ocrx_word' id='word_1_712' title='bbox 1762 5315 1846 5369; x_wconf 90' lang='lat' dir='ltr'><strong>tot</strong></span> <span class='ocrx_word' id='word_1_713' title='bbox 1878 5326 2065 5389; x_wconf 88' lang='lat' dir='ltr'><strong>appa-</strong></span> <span class='ocrx_word' id='word_1_714' title='bbox 2153 5324 2361 5370; x_wconf 91' lang='lat' dir='ltr'><strong>eorum</strong></span> <span class='ocrx_word' id='word_1_715' title='bbox 2393 5304 2766 5385; x_wconf 81' lang='lat' dir='ltr'><strong>objectiones</strong></span> <span class='ocrx_word' id='word_1_716' title='bbox 2791 5304 2950 5365; x_wconf 83' lang='lat' dir='ltr'><strong>ﬂuxo</strong></span> <span class='ocrx_word' id='word_1_717' title='bbox 2978 5301 3126 5365; x_wconf 90' lang='lat' dir='ltr'><strong>adeo</strong></span> <span class='ocrx_word' id='word_1_718' title='bbox 3158 5302 3275 5364; x_wconf 83' lang='lat' dir='ltr'><strong>talo</strong></span> <span class='ocrx_word' id='word_1_719' title='bbox 3310 5303 3599 5385; x_wconf 85' lang='lat' dir='ltr'><strong>nitantur,</strong></span> <span class='ocrx_word' id='word_1_720' title='bbox 3617 5314 3682 5368; x_wconf 88' lang='lat' dir='ltr'><strong>ut</strong></span> <span class='ocrx_word' id='word_1_721' title='bbox 3706 5322 3811 5388; x_wconf 83' lang='lat' dir='ltr'><strong>pe-</strong></span> 
     </span>
    </p>
   </div>
   <div class='ocr_carea' id='block_1_108' title="bbox 2237 5479 2368 5562">
    <p class='ocr_par' dir='ltr' id='par_1_108' title="bbox 2237 5479 2368 5562">
     <span class='ocr_line' id='line_1_108' title="bbox 2237 5479 2368 5562; baseline 0.008 -1"><span class='ocrx_word' id='word_1_722' title='bbox 2237 5480 2292 5562; x_wconf 66' lang='lat' dir='ltr'><strong>(l</strong></span> <span class='ocrx_word' id='word_1_723' title='bbox 2310 5479 2368 5562; x_wconf 87' lang='lat'>3)</span> 
     </span>
    </p>
   </div>
   <div class='ocr_carea' id='block_1_109' title="bbox 508 5474 2297 5626">
    <p class='ocr_par' dir='ltr' id='par_1_109' title="bbox 508 5474 2297 5626">
     <span class='ocr_line' id='line_1_109' title="bbox 508 5474 2292 5563; baseline 0.003 -25"><span class='ocrx_word' id='word_1_724' title='bbox 508 5476 636 5559; x_wconf 82' lang='lat' dir='ltr'><strong>(tt)</strong></span> <span class='ocrx_word' id='word_1_725' title='bbox 664 5474 887 5541; x_wconf 90' lang='lat' dir='ltr'><strong>Potter.</strong></span> <span class='ocrx_word' id='word_1_726' title='bbox 916 5477 988 5540; x_wconf 90' lang='lat' dir='ltr'><strong>ad</strong></span> <span class='ocrx_word' id='word_1_727' title='bbox 1017 5479 1207 5543; x_wconf 84' lang='lat' dir='ltr'><strong>Clem.</strong></span> <span class='ocrx_word' id='word_1_728' title='bbox 1243 5479 1414 5544; x_wconf 83' lang='lat' dir='ltr'><strong>Alex.</strong></span> <span class='ocrx_word' id='word_1_729' title='bbox 1452 5482 1676 5544; x_wconf 83' lang='lat' dir='ltr'><strong>Strom.</strong></span> <span class='ocrx_word' id='word_1_730' title='bbox 1711 5479 1817 5546; x_wconf 89' lang='lat' dir='ltr'><strong>lib.</strong></span> <span class='ocrx_word' id='word_1_731' title='bbox 1847 5497 2070 5563; x_wconf 79' lang='lat' dir='ltr'><strong>tv,cap.</strong></span> <span class='ocrx_word' id='word_1_732' title='bbox 2237 5480 2292 5561; x_wconf 82' lang='lat' dir='ltr'><strong>(t</strong></span> 
     </span>
     <span class='ocr_line' id='line_1_110' title="bbox 511 5558 2297 5626; baseline 0.003 -8"><span class='ocrx_word' id='word_1_733' title='bbox 511 5606 527 5626; x_wconf 88' lang='lat'><strong>,</strong></span> <span class='ocrx_word' id='word_1_734' title='bbox 561 5576 619 5626; x_wconf 87' lang='lat' dir='ltr'><strong>p.</strong></span> <span class='ocrx_word' id='word_1_735' title='bbox 663 5558 804 5626; x_wconf 80' lang='grc'>610.</span> <span class='ocrx_word' id='word_1_736' title='bbox 839 5567 961 5620; x_wconf 87' lang='lat' dir='ltr'><strong>not.</strong></span> <span class='ocrx_word' id='word_1_737' title='bbox 986 5559 1049 5624; x_wconf 77' lang='lat'><strong>4.</strong></span> <span class='ocrx_word' id='word_1_738' title='bbox 2159 5561 2297 5626; x_wconf 80' lang='lat' dir='ltr'><strong>med</strong></span> 
     </span>
    </p>
   </div>
   <div class='ocr_carea' id='block_1_110' title="bbox 431 5556 1049 5639">
    <p class='ocr_par' dir='ltr' id='par_1_110' title="bbox 431 5556 1049 5639">
     <span class='ocr_line' id='line_1_111' title="bbox 431 5556 1049 5639; baseline 0.005 -18"><span class='ocrx_word' id='word_1_739' title='bbox 431 5556 527 5634; x_wconf 78' lang='lat'><strong>18,</strong></span> <span class='ocrx_word' id='word_1_740' title='bbox 559 5556 619 5639; x_wconf 80' lang='lat' dir='ltr'><strong>p.</strong></span> <span class='ocrx_word' id='word_1_741' title='bbox 663 5558 804 5639; x_wconf 61' lang='grc'><strong>610,</strong></span> <span class='ocrx_word' id='word_1_742' title='bbox 839 5567 961 5620; x_wconf 90' lang='lat' dir='ltr'><strong>not.</strong></span> <span class='ocrx_word' id='word_1_743' title='bbox 986 5559 1049 5624; x_wconf 78' lang='grc'>4.</span> 
     </span>
    </p>
   </div>
   <div class='ocr_carea' id='block_1_111' title="bbox 502 5637 2074 5725">
    <p class='ocr_par' dir='ltr' id='par_1_111' title="bbox 502 5637 2074 5725">
     <span class='ocr_line' id='line_1_112' title="bbox 502 5637 2074 5725; baseline 0.007 -26"><span class='ocrx_word' id='word_1_744' title='bbox 502 5637 625 5716; x_wconf 76' lang='grc' dir='ltr'><strong>(ιῖ)</strong></span> <span class='ocrx_word' id='word_1_745' title='bbox 658 5637 1250 5706; x_wconf 69' lang='lat' dir='ltr'><strong>Instit.htst.0hriat.</strong></span> <span class='ocrx_word' id='word_1_746' title='bbox 1278 5641 1835 5725; x_wconf 67' lang='lat' dir='ltr'><strong>major.eac.t,p.24</strong></span> <span class='ocrx_word' id='word_1_747' title='bbox 1849 5641 1996 5705; x_wconf 77' lang='lat' dir='ltr'><strong>2-‘2l</strong></span> <span class='ocrx_word' id='word_1_748' title='bbox 2009 5642 2074 5710; x_wconf 71' lang='grc' dir='ltr'>δ.</span> 
     </span>
    </p>
   </div>
   <div class='ocr_carea' id='block_1_112' title="bbox 2405 5475 3816 5562">
    <p class='ocr_par' dir='ltr' id='par_1_112' title="bbox 2405 5475 3816 5562">
     <span class='ocr_line' id='line_1_113' title="bbox 2405 5475 3816 5562; baseline 0 -19"><span class='ocrx_word' id='word_1_749' title='bbox 2405 5479 2634 5543; x_wconf 68' lang='grc' dir='ltr'>Ρεωΐει.</span> <span class='ocrx_word' id='word_1_750' title='bbox 2687 5477 2757 5542; x_wconf 88' lang='lat' dir='ltr'><strong>ad</strong></span> <span class='ocrx_word' id='word_1_751' title='bbox 2809 5476 2995 5561; x_wconf 86' lang='lat' dir='ltr'><strong>Epist.</strong></span> <span class='ocrx_word' id='word_1_752' title='bbox 3049 5476 3156 5542; x_wconf 93' lang='lat' dir='ltr'><strong>SS.</strong></span> <span class='ocrx_word' id='word_1_753' title='bbox 3217 5475 3337 5541; x_wconf 86' lang='lat' dir='ltr'><strong>PP.</strong></span> <span class='ocrx_word' id='word_1_754' title='bbox 3364 5480 3618 5562; x_wconf 85' lang='lat' dir='ltr'><strong>apostol.</strong></span> <span class='ocrx_word' id='word_1_755' title='bbox 3652 5479 3816 5545; x_wconf 84' lang='lat' dir='ltr'><strong>circa</strong></span> 
     </span>
    </p>
   </div>
  </div>
