4062 6472
214 388 299 452 93
1541 391 1909 455 PROCEMIA
1960 390 2385 456 VARIORUM.
3578 399 3654 462 94

202 534 358 596 dem
392 553 530 596 cum
567 534 831 614 singulis
857 534 1135 597 conferre
1168 532 1327 595 haud
1356 531 1658 611 expediat,
1690 527 1900 591 tumin
1922 534 1963 580 Α
1992 543 2169 603 porro
2201 546 2275 588 ne
2321 527 2483 591 illam
2540 530 2778 610 quidam
2823 535 3266 598 Corinthiorum
3298 537 3538 598 nomine
3571 536 3651 597 si-

199 621 434 703 primis
465 622 631 703 quod
657 642 691 686 a
718 624 1028 704 plerisque
1060 622 1201 685 viris
1241 622 1491 683 eruditis
1521 638 1618 682 res
1670 616 1909 680 abunde
1995 626 2233 693 gnatam
2273 635 2341 680 ex
2374 618 2643 698 ejusdem
2675 620 2921 684 indiculi
2944 625 3182 688 silentio
3210 627 3347 705 jure
3378 632 3611 706 arguat?

194 712 356 774 satis
376 711 563 774 fuerit
586 712 1266 795 pertractata.Firmum
1289 710 1463 789 igitur
1480 706 1906 786 ratumquesit,
2078 708 2284 785 Neque
2313 708 2453 769 item
2488 708 2787 771 silentium
2817 731 2923 774 nos
2943 724 3173 777 moveat
3203 714 3533 789 Eusebii,et
3553 717 3651 796 qui

196 820 573 881 germanam
612 803 869 865 omnino
894 821 1028 864 esse
1056 802 1313 881 priorem
1341 798 1667 863 Clementis
1694 797 1911 879 episto—
1997 814 2130 885 eum
2164 797 2351 858 secuti
2371 799 2884 881 sunt,Hieronymi
2910 811 3088 885 atque
3118 805 3347 885 Ruﬁni;
3380 806 3479 885 qui
3507 805 3648 865 dum

201 891 506 973 lam,qu:e
538 891 775 954 utinam
808 891 883 953 ad
915 910 1024 953 nos
1058 892 1288 971 integra
1320 889 1709 971 pervenisset!
1742 886 1910 968 quid-

214 978 371 1062 quid
392 982 560 1043 enim
596 980 663 1042 in
698 1000 771 1043 ea
803 981 1167 1056 continetur,
1204 988 1475 1060 tempora
1525 978 1698 1060 plane
1727 995 1908 1057 apos-

221 1070 406 1132 tolica
432 1070 656 1143 refert;
694 1088 891 1151 neque
920 1069 1108 1131 ullum
1151 1087 1220 1131 ex
1264 1068 1427 1129 omni
1458 1076 1618 1130 retro
1647 1064 1908 1147 antiqui-

226 1170 355 1222 tate
386 1159 688 1242 quispiam
720 1168 931 1222 testem
964 1158 1442 1239 produxerit,qui
1474 1156 1752 1219 homines
1770 1173 1907 1217 cor-

227 1249 407 1312 datus
429 1249 508 1312 de
548 1250 711 1311 illius
743 1248 1050 1313 siceritate
1086 1248 1296 1310 merito
1330 1247 1620 1330 ancipites
1650 1246 1910 1309 reddere

225 1338 449 1400 valeat.

305 1427 415 1491 ΠΙ.
440 1426 818 1491 Posterioris
848 1428 992 1490 item
1008 1426 1083 1488 ad
1109 1426 1453 1497 Corinthios
1483 1425 1758 1505 Epistolaa
1779 1426 1908 1489 Cle—

220 1517 550 1587 mentinre,
606 1522 750 1578 sunt
782 1516 882 1596 qui
930 1533 1047 1580 non
1098 1514 1290 1577 solum
1324 1514 1661 1585 veritatem,
1705 1533 1906 1577 verum

214 1607 405 1669 etiam
430 1607 859 1684 antiquitatem
883 1604 1370 1686 impugnant.His
1402 1623 1590 1685 nuper
1619 1604 1795 1667 etiam
1815 1622 1909 1667 ac-

213 1698 411 1759 cessit
440 1696 605 1758 haud
639 1694 965 1757 incelebris
992 1694 1915 1759 criticusHermannusVenema

214 1786 279 1848 in
334 1785 631 1867 Epistolis
685 1784 989 1863 Harlingae
1044 1784 1352 1863 evulgatis,
1401 1803 1470 1846 eo
1529 1784 1904 1863 potissimum

1995 884 2278 964 Epistolze
2328 889 2610 951 secundae
2658 892 3087 968 meminerunt,
3125 884 3411 956 Ecclesiae
3436 893 3647 958 Corin-

1997 974 2189 1038 thiace
2220 976 2404 1040 fuisse
2436 979 2592 1041 illam
2622 979 2966 1060 inscriptam
2993 1002 3109 1044 non
3137 983 3475 1063 perhibent.
3504 984 3646 1047 Cum

1995 1065 2153 1125 enim
2187 1066 2409 1129 laudati
2442 1069 2858 1149 scriptores,ut
2890 1080 3056 1134 recte
3087 1073 3495 1153 Coustantius,
3531 1091 3650 1134 me-

1998 1164 2221 1217 morata
2253 1156 2451 1237 priore
2473 1159 2795 1222 Clementis
2843 1162 2922 1223 ad
2968 1161 3318 1224 Corinthios
3360 1159 3645 1243 Epistola,

1996 1245 2188 1305 statim
2221 1246 2474 1308 subdant
2506 1269 2518 1309 :
2558 1251 2776 1311 Fertur
2805 1262 2859 1311 et
2888 1253 3109 1333 altera,
3147 1269 3343 1331 neque
3388 1251 3458 1312 ad
3496 1250 3644 1313 alios

1996 1334 2148 1396 hanc
2180 1335 2425 1398 alteram
2449 1337 2729 1419 scriptam
2755 1357 2890 1401 esse
2911 1340 3383 1418 designent,eam
3408 1359 3650 1418 quoque

1996 1422 2069 1484 ad
2101 1424 2342 1486 eosdem
2377 1427 2658 1507 scriptam
2695 1427 3029 1508 intelligere
3061 1430 3270 1492 merito
3303 1430 3647 1492 existiman-

1996 1520 2091 1574 tur
2126 1533 2139 1576 :
2173 1513 2517 1596 alioquin,si
2552 1516 2607 1578 id
2640 1517 2789 1578 alios
2822 1518 3063 1581 missam
3096 1526 3567 1599 nossent,neque
3589 1518 3645 1581 id

1998 1600 2358 1677 innuissent,
2380 1604 2504 1665 haac
2538 1605 2798 1684 ipsorum
2824 1608 3140 1671 reticentia
3166 1610 3305 1689 jure
3335 1627 3402 1670 ac
3437 1607 3645 1669 merito

2006 1691 2378 1771 negligentiae
2408 1693 2701 1773 culpanda
2730 1695 3052 1761 videretur.
3084 1697 3233 1769 Quid
3269 1696 3425 1778 quod
3459 1699 3648 1760 Doro-

1999 1781 2170 1841 theus
2193 1780 2948 1863 archimandrita,Joannes
2964 1786 3370 1848 Damascenus
3383 1794 3439 1846 et
3459 1784 3644 1847 Nicon

223 1873 503 1951 nomine,
542 1896 665 1957 quo
699 1874 1091 1955 epistolarum
1130 1874 1457 1937 Clementis
1486 1891 1523 1938 a
1551 1875 1694 1936 clar.
1729 1872 1903 1937 Wet-
1991 1870 2317 1931 monachus
2342 1872 2671 1935 secundum
2697 1872 3021 1937 Clementis
3053 1877 3404 1957 Epistolam,
3440 1875 3649 1953 etqui-

234 1966 424 2028 stenio
481 1964 648 2027 haud
708 1965 787 2026 ita
850 1963 1085 2044 pridem
1145 1962 1439 2027 editarum
1506 1959 2126 2043 integritatemgdem
2187 1959 2266 2021 ad
2323 1960 2675 2025 Corinthios
2732 1964 3010 2044 scriptam
3067 1965 3359 2045 legerunt,
3395 1965 3646 2043 ejusque

238 2063 579 2117 everteret:
618 2073 741 2135 qua
772 2053 848 2115 de
880 2072 946 2114 re
980 2072 1110 2115 mox
1140 2053 1391 2115 inferius
1441 2057 1526 2115 Ne
1549 2054 1749 2133 itaque
1781 2055 1907 2116 ofﬁ-

235 2146 325 2205 cio
356 2152 567 2207 nostro
596 2142 816 2206 deesse
837 2142 1171 2215 videamur,
1207 2143 1594 2219 Cotelerium,
1644 2144 1905 2218 Bullum,

242 2234 676 2298 Constantium
700 2233 971 2311 aliosque
1001 2232 1154 2293 viros
1178 2231 1384 2293 doctos
1400 2232 1913 2308 assectati,adver-

229 2323 534 2386 sariorum
568 2320 1084 2401 objectationibus
1135 2321 1329 2384 facere
1360 2322 1504 2384 satis
1536 2341 1737 2404 operm
1768 2341 1908 2405 pre-

231 2413 379 2475 tium
415 2412 865 2473 existimamus.

314 2501 779 2567 Observandum
814 2500 1014 2581 itaque
1048 2499 1302 2580 primum
1336 2500 1654 2579 epistolam
1688 2511 1909 2565 utram-

247 2610 361 2673 que
390 2611 462 2653 ex
494 2610 624 2653 uno
645 2592 974 2670 superstite
996 2588 1402 2651 vetustissimo
1427 2590 1637 2653 codice
1661 2591 1911 2654 Alexan-

236 2682 411 2744 drino
447 2683 508 2743 in
544 2681 741 2742 lucem
779 2678 1377 2759 prodiisse.Scilicet,
1411 2679 1598 2742 codex
1634 2681 1742 2742 iste
1766 2700 1909 2763 qua-

234 2779 369 2833 tuor
391 2768 814 2832 voluminibus
844 2772 1151 2841 constans,
1186 2768 1488 2849 praeﬁxum
1542 2770 1717 2832 habet
1751 2772 1908 2834 indi-

234 2861 437 2928 culum
474 2859 777 2922 librorum
808 2858 1124 2939 utriusque
1146 2858 1524 2932 Foederis,ab
1551 2860 1820 2940 ejusdem
1846 2861 1912 2923 ti-

237 2950 421 3027 brarii
455 2967 643 3012 manu
674 2947 1130 3010 characteribus
1181 2947 1517 3010 uncialibus
1550 2958 1851 3013 exaratum
1890 2975 1904 3016 :

242 3058 417 3121 quem
442 3040 750 3118 integrum
786 3036 1028 3100 exhibet
1051 3038 1411 3116 Beveregius
1432 3038 1647 3119 (14),et
1664 3041 1905 3120 quidem

244 3146 481 3191 summa
498 3128 617 3191 ﬁde
638 3126 1201 3206 descriptum,adeo
1216 3134 1280 3189 ut
1302 3145 1379 3189 ne
1403 3126 1645 3192 lacunas
1667 3131 1906 3211 quidem

246 3216 752 3300 suppleverit,sed
789 3215 889 3278 ubi
924 3214 1135 3277 litterae
1165 3216 1385 3297 qumvis
1413 3227 1585 3279 erant
1613 3227 1909 3282 vetustate

242 3306 584 3384 abrasasﬁbi
616 3304 943 3369 interstitia
968 3315 1246 3367 accurate
1268 3304 1541 3369 dimensa
1570 3307 1901 3389 reliquerit:

1997 2068 2187 2110 unum
2213 2050 2541 2113 alterumve
2574 2053 2967 2132 fragmentum
3002 2056 3158 2135 apud
3193 2055 3324 2116 illos
3347 2058 3643 2116 servatum

1995 2138 2316 2201 etiamnum
2351 2142 2717 2221 reperimus?
2749 2143 2899 2216 Quid
2932 2144 3087 2224 quod
3122 2144 3210 2205 vel
3243 2146 3370 2217 ipse
3399 2144 3647 2206 Photius

1996 2228 2181 2290 semel
2205 2229 2540 2311 iterumque
2566 2232 2755 2311 palam
2791 2242 3058 2306 testatur,
3092 2234 3206 2296 sibi
3227 2233 3443 2296 lectum
3467 2231 3641 2294 libel-

1996 2318 2119 2380 lum
2140 2320 2203 2379 in
2228 2337 2347 2398 quo
2373 2322 2696 2384 Clementis
2728 2322 3017 2403 Epistola:
3034 2323 3168 2386 dum
3192 2322 3272 2385 ad
3288 2321 3648 2385 Corinthios

1996 2407 2473 2479 continebantur,
2498 2410 2749 2491 ejusque
2776 2412 2849 2473 de
2880 2426 3131 2492 utraque
3158 2410 3459 2492 judicium
3493 2410 3645 2472 mire

1994 2508 2280 2561 consonat
2306 2517 2439 2561 cum
2460 2499 2532 2560 iis
2554 2519 2690 2579 quae
2710 2500 2903 2564 adhuc
2925 2506 3283 2582 supersunt?
3306 2499 3646 2563 Consulesis

1996 2585 2149 2647 intra
2200 2596 2463 2651 veterum
2520 2590 2858 2657 testimonia
2910 2590 3190 2670 Epistolis
3251 2588 3645 2653 Clementinis

1997 2675 2322 2758 praamissa,
2358 2677 2685 2757 fragmenta
2718 2680 2928 2742 iisdem
2964 2680 3255 2759 subjecta.
3280 2679 3343 2741 Si
3374 2679 3515 2756 quid
3541 2694 3644 2739 er-

1995 2785 2066 2844 go
2092 2766 2312 2845 negotii
2365 2767 2659 2831 facessant
2695 2769 3097 2851 antiquiorum
3129 2768 3392 2844 Eusebii,
3426 2766 3645 2830 Hiero-

1996 2855 2154 2935 nymi
2179 2874 2248 2916 ac
2275 2858 2470 2919 Ruﬁni
2504 2858 2630 2921 loca
2652 2859 2806 2921 haud
2834 2860 2978 2920 satis
3017 2857 3411 2939 aperta,quod
3445 2866 3642 2919 tamen

1994 2945 2086 3006 vix
2116 2943 2486 3023 admiserim,
2524 2948 2663 3010 hinc
2692 2949 2897 3029 procul
2930 2948 3111 3011 dubio
3143 2946 3463 3009 difﬁcultas
3513 2965 3646 3008 om-

1994 3035 2087 3095 nis
2123 3035 2360 3099 tollatur
2379 3046 2635 3118 oportet;
2660 3056 2797 3100 cum
2828 3038 3045 3100 diserta
3080 3037 3480 3119 posteriorum
3504 3035 3645 3098 scri-

1995 3132 2227 3203 ptorum
2269 3129 2475 3203 verba,
2527 3127 2792 3208 priorum
2828 3137 2887 3190 et
2932 3129 3289 3191 sententiam
3330 3126 3649 3207 explanant

1993 3225 2052 3274 et
2086 3214 2421 3277 testimonia
2451 3218 2836 3281 conﬁrment.

2073 3302 2151 3366 Ex
2187 3304 2280 3365 his
2311 3306 2509 3386 itaque
2532 3315 2904 3387 compertum
2940 3305 3253 3376 habemus,
3279 3313 3338 3367 ut
3365 3303 3643 3384 equidem

240 3397 404 3478 quod
442 3395 642 3458 itidem
712 3394 992 3476 praestitit
1040 3413 1109 3457 ex
1167 3394 1490 3475 Bevercgio
1544 3391 2285 3462 HumfredusCexistimo,
2341 3394 2499 3455 haud
2551 3413 2757 3475 parum
2821 3396 3104 3472 ponderis
3154 3395 3225 3456 ad
3254 3392 3640 3457 asserendam

233 3484 469 3549 Hodius
500 3488 646 3565 (l5);
684 3493 743 3547 et
773 3482 1085 3563 deinceps,
1135 3492 1194 3545 at
1243 3502 1360 3545 non
1409 3486 1533 3564 pari
1592 3486 1907 3566 religione,

230 3575 503 3639 Joannes
527 3574 822 3637 Ernestus
851 3571 1107 3636 Grabius
1136 3571 1365 3649 (16).In
1398 3574 1511 3635 hoc
1542 3574 1720 3655 igitur
1749 3577 1908 3639 indi-

240 3664 378 3729 culo
408 3664 527 3727 sub
553 3660 988 3737 ﬁnem,litteris
1007 3661 1426 3741 grandioribus
1450 3662 1675 3745 absque
1696 3684 1916 3730 accen-

246 3753 407 3817 tibus
445 3762 507 3817 et
538 3752 856 3835 spiritibus
883 3749 1099 3833 quibus
1130 3758 1313 3826 caret,
1349 3753 1707 3844 siclegittir:

493 3848 921 3904 ΚΛΗΜΕΝΓΟΣ
972 3850 1033 3901 Ε.
1085 3889 1097 3901 .
1158 3892 1170 3905 .
1225 3891 1238 3904 .
1295 3891 1308 3905 .
1364 3892 1372 3901 .
1426 3850 1515 3901 ΛΗ
1565 3858 1602 3901 Α

716 3940 931 3991 euros
980 3941 1038 3991 Ε.
1097 3982 1111 3995 .
1163 3980 1176 3993 .
1229 3977 1245 3991 .
1298 3978 1307 3985 .
1367 3925 1604 3994 ,ΛΗἙ

316 4022 485 4095 Quas
516 4030 721 4085 autem
756 4037 878 4101 prae
901 4040 969 4082 se
1000 4020 1112 4083 fert
1142 4020 1239 4083 hic
1272 4018 1574 4083 indiculus
1595 4024 1744 4085 duas
1774 4024 1912 4089 Cle-

224 4113 461 4174 mentis
487 4111 815 4191 Epistolas,
845 4128 946 4172 eas
978 4109 1220 4173 exhibet
1270 4109 1338 4171 ad
1377 4109 1603 4172 calcem
1638 4114 1912 4192 ejusdem

222 4221 343 4264 ms.
375 4202 615 4265 codicis
640 4200 917 4263 volumen
942 4208 1240 4281 quartum:
1273 4198 1531 4280 priorem
1566 4202 1803 4281 quidem
1829 4204 1913 4265 sic

224 4292 654 4371 inscriptam,
748 4296 1164 4348 ΚΛΗΜΕΝΤΟΣ
1250 4295 1422 4347 ΠΡΟΣ
1511 4299 1911 4350 ΚΟΡΙΝΘΙΟΥΣ

235 4387 591 4441 ΕΠΙΣΤΟΛΗ
662 4391 726 4454 Ας
761 4377 1155 4458 posteriorem
1222 4395 1362 4439 vero
1419 4378 1526 4453 sic,
1593 4377 1910 4440 KAHMEN-

240 4478 364 4529 re}:
425 4475 776 4527 ΕΠΙΣΤΟΛΗ
834 4477 870 4525 Β
930 4486 944 4527 :
997 4474 1059 4527 ut
1104 4465 1305 4528 videre
1369 4476 1457 4529 est
1523 4466 1680 4546 apud
1740 4469 1917 4531 Wot-

237 4568 475 4629 tonum,
542 4556 1001 4618 solertissimum
1060 4554 1281 4616 laudati
1322 4555 1544 4617 codicis
1592 4557 1916 4638 exscripto-

230 4665 389 4709 rem.
431 4644 514 4708 Ex
551 4647 666 4708 hoc
698 4645 877 4725 igitur
918 4644 1320 4706 Alexandrino
1362 4643 1688 4725 exemplari
1743 4664 1913 4707 com-

239 4746 487 4818 pertum
514 4744 629 4811 est,
661 4735 1035 4815 primo,duas
1054 4732 1352 4813 Epistolas
1382 4733 1753 4796 Clementem
1771 4735 1917 4797 scri-

1996 3482 2289 3551 Clementi
2305 3484 2577 3547 Romano
2593 3487 2747 3547 hanc
2764 3484 3089 3546 secundam
3104 3481 3642 3564 Epistolam,hahe-

1994 3589 2060 3633 re
2076 3574 2485 3635 auctoritatem
2510 3573 2735 3636 codicis
2754 3573 3439 3652 Alexandrini,proximo
3468 3578 3534 3632 ut
3567 3571 3647 3632 vi-

2000 3660 2176 3723 detur
2214 3661 2433 3725 saecqu
2490 3674 2622 3743 post
2675 3663 2994 3726 concilium
3045 3661 3349 3726 Nicaenum
3383 3678 3454 3723 ex
3486 3659 3643 3723 anti-

1998 3750 2210 3830 quiore
2236 3751 2499 3832 profecto
2529 3754 2855 3835 exemplari
2900 3752 3206 3835 descripti.
3239 3750 3317 3814 Ex
3365 3768 3437 3813 eo
3484 3748 3643 3812 enim

2000 3839 2187 3921 liquet
2214 3848 2528 3923 utramque
2560 3842 2987 3905 Clementinam
3021 3842 3343 3923 Epistolam
3378 3858 3497 3902 non
3547 3857 3636 3902 so-

2000 3929 2123 3990 lum
2149 3930 2305 3992 inter
2325 3933 2643 3995 canonicas
2665 3933 2998 4011 Scripturas
3020 3931 3270 4013 perinde
3287 3932 3644 3993 recensitam

1998 4018 2203 4087 fuisse.
2236 4039 2303 4082 ac
2333 4020 2383 4082 si
2443 4030 2691 4103 utraque
2722 4040 2857 4084 vere
2888 4022 3174 4084 canonica
3223 4028 3402 4095 esset,
3435 4036 3645 4080 verum

1999 4108 2178 4171 etiam
2193 4110 2405 4173 ambas
2431 4121 2742 4192 prapterea
2762 4111 2819 4173 in
2843 4129 3150 4174 sacrorum
3172 4109 3485 4174 Librorum
3501 4125 3647 4169 cen-

1998 4218 2065 4260 su
2080 4199 2274 4260 locum
2299 4200 2845 4283 liabuisse,unaque
2861 4219 2994 4265 cum
3020 4200 3147 4263 aliis
3161 4197 3463 4262 canonicis
3486 4195 3653 4257 libris

1998 4288 2179 4350 fuisse
2204 4298 2565 4368 compactas,
2600 4292 2758 4370 quod
2804 4299 3050 4371 utraque
3102 4299 3241 4351 tunc
3275 4285 3560 4367 temporis
3590 4285 3649 4347 in

2001 4377 2252 4440 cratibus
2282 4378 2704 4442 ecclesiasticis
2748 4381 2836 4442 vel
2888 4380 3006 4460 legi
3041 4378 3283 4457 soleret,
3310 4376 3404 4438 vel
3435 4375 3646 4436 saltem

2001 4486 2187 4530 sacrae
2213 4468 2465 4547 publica;
2507 4469 2747 4531 lectioni
2780 4466 3377 4539 destinareturQuod
3408 4464 3650 4545 quidem

2005 4558 2189 4635 magis
2220 4558 2415 4620 adhuc
2433 4559 2821 4621 conﬁrmatur
2845 4576 2913 4623 ex
2930 4556 3263 4620 canonibus
3284 4553 3647 4633 apostolicis,

2001 4648 2156 4709 circa
2190 4647 2392 4708 saeculi
2422 4664 2484 4709 tu
2520 4648 2777 4710 medium
2810 4649 3075 4709 collectis
3107 4663 3120 4708 :
3157 4646 3217 4706 in
3253 4645 3462 4706 horum
3490 4643 3648 4703 enim

2000 4756 2292 4798 canonum
2338 4737 2572 4818 ultimo,
2616 4757 2920 4803 sacrarum
2975 4737 3390 4815 Scipturarum
3434 4751 3650 4793 recen-

236 4825 460 4906 psisse;
490 4824 714 4886 deinde
747 4832 1057 4904 utramque
1104 4821 1290 4885 fuisse
1336 4822 1664 4885 Corinthiis
1695 4822 1913 4885 inscri-
1942 4826 2227 4899 Dsionem
2258 4825 2622 4906 proferente,
2661 4840 2792 4906 post
2826 4835 3206 4889 euumeratas
3242 4822 3648 4902 apostolorum

235 4913 606 4995 ptam.Licet
639 4912 793 4974 enim
825 4912 1225 4993 posterior,ex
1265 4911 1913 4976 librariorumfortasse

236 5004 847 5085 incuria,praznotata
870 5006 1003 5081 πρὸς
1042 5000 1337 5080 Κοριιθίους
1371 5000 1525 5063 haud
1550 5012 1911 5082 compareat;

233 5093 449 5175 quidni
484 5101 543 5155 et
572 5110 701 5155 eam
726 5092 801 5154 ad
832 5091 1181 5156 Corinthios
1218 5089 1455 5152 missam
1482 5089 1913 5154 existimemus.

239 5202 379 5245 cum
416 5183 635 5264 prioris
670 5181 985 5262 inscriptio
1014 5181 1123 5242 hac
1148 5179 1225 5241 de
1246 5196 1313 5241 re
1342 5180 1485 5242 satis
1510 5196 1812 5261 superque
1830 5181 1918 5242 in-

243 5272 464 5336 dubios
498 5292 607 5335 nos
658 5271 907 5335 reddat?
937 5269 1254 5332 Enimvero
1290 5286 1485 5351 neque
1519 5270 1679 5350 prior
1704 5269 1917 5348 legitur

245 5363 306 5425 in
354 5362 614 5427 indiculo
660 5363 854 5427 fuisse
887 5360 959 5423 ad
992 5358 1331 5426 Corinthios
1376 5359 1734 5442 perscripta.
1773 5358 1915 5433 Quis

322 5524 796 5617 (ld)6_’od._c_qp.
833 5520 1009 5617 Eccl.
1045 5522 1261 5617 prim,
1283 5518 1395 5617 _l_i|b.
1430 5536 1494 5617 u,
1527 5538 1658 5601 cap.
1689 5519 1750 5586 9.

248 5600 435 5759 Μὲκι)
468 5608 559 5675 De
590 5605 768 5672 Bibl.
826 5608 979 5665 text.
1022 5600 1211 5683 orig.,
1281 5600 1385 5666 lib.
1444 5600 1521 5679 Iv,
1576 5600 1708 5687 cap.
1754 5602 1814 5678 4,
1851 5620 1912 5685 p.

1998 4914 2289 4996 Epistolas
2321 4916 2512 4976 statim
2561 4918 2964 4996 subjiciuntur
3013 4916 3324 4988 Κλήμεντος
3376 4910 3652 4968 immolati

1998 5003 2088 5061 δύο
2127 5026 2138 5064 :
2176 5023 2306 5085 quae
2334 5004 2591 5085 profecto
2624 5006 2844 5067 eaedem
2889 5006 3072 5067 fuisse
3097 5003 3373 5064 videntur
3411 5018 3543 5060 cum
3581 4999 3654 5059 iis

2002 5113 2147 5175 quas
2166 5093 2554 5156 Alexandrini
2587 5095 2810 5158 codicis
2840 5095 3144 5158 indiculus
3176 5090 3437 5170 exhibet;
3466 5107 3536 5149 eo
3564 5088 3650 5148 vel

2004 5184 2256 5245 maxime
2295 5185 2448 5264 quod
2482 5184 2692 5245 eodem
2754 5185 2927 5266 plane
2974 5183 3183 5245 ordine
3233 5199 3349 5262 quo
3384 5178 3652 5240 laudatus

2000 5272 2320 5353 indiculus,
2350 5291 2537 5334 canon
2574 5274 2681 5335 iste
2714 5274 3074 5355 apostolicus
3118 5272 3249 5332 illas
3275 5268 3501 5349 digerat
3538 5286 3551 5327 :
3591 5274 3652 5326 ut

2002 5361 2248 5443 proinde
2275 5364 2433 5425 nulla
2455 5364 2641 5425 subsit
2668 5360 3313 5444 dubitatio,quominus
3343 5356 3650 5436 utriusque

1997 5603 2027 5687 ς
2056 5524 2207 5665 2(l6)
2243 5523 2579 5605 Prolegom.
2630 5524 2699 5587 ad
2735 5543 2867 5588 vers
2937 5522 3117 5600 LXX,
3153 5529 3298 5583 tom.
3329 5520 3377 5602 Ι,
3411 5535 3543 5600 cap.
3586 5516 3639 5593 i,
