4062 6402
403 324 515 393 111

1546 322 1648 386 AD
1689 318 1753 384 S.
1800 316 2280 383 CLEMENTEM
2322 318 2351 382 Ι
2395 317 2649 382 ΡΔΡΔΜ

3678 323 3783 387 li?

404 468 625 530 timore
647 464 787 541 Dei;
820 471 877 527 et
897 460 1139 541 hospita
1157 477 1281 523 non
1304 458 1428 539 fuit
1448 454 1831 522 eis.Micham
1848 458 1905 517 et
1928 470 2062 533 pro-
2084 471 2119 513 Α
2146 456 2340 511 autem
2375 446 2681 541 Sanisonis
2711 447 2993 528 elogium,
3059 468 3129 541 ea
3189 449 3431 511 demum
3480 452 3675 517 omnia
3722 456 3777 515 in

402 557 612 635 phetas
631 572 829 617 omnes
847 553 1093 632 pariter
1108 552 1197 613 sic
1212 550 1556 630 reperimus
1572 546 1876 608 habitasse
1898 547 2060 635 inti-

403 632 579 709 more
640 645 919 707 Domini.
982 641 1285 704 Hactenus
1314 639 1630 717 Clemens;
1665 636 1836 714 cujus
1863 632 2058 693 verbis

407 736 719 798 enimvero
749 733 817 796 ad
850 730 1177 813 Epiphanii
1230 727 1636 791 testimonium
1670 722 2057 802 comproban-

407 826 547 887 dum
581 824 730 886 nihil
764 822 982 885 clarius
1037 837 1168 881 esse
1226 829 1330 880 aut
1376 813 1740 878 luculentius
1770 813 2050 881 videtur;

402 934 512 977 seu
542 915 734 996 potius
763 913 836 974 ad
872 921 1107 973 nostras
1136 907 1429 971 Clementi
1455 901 1816 996 asserendas
1840 900 2054 996 episto-

404 1005 511 1087 las,
542 990 696 1067 nihil
726 1003 922 1084 aptius
947 997 1292 1081 hujusmodi
1322 992 1640 1087 Epiphanii
1686 990 2049 1067 testimonio,

401 1086 656 1157 validius
678 1093 825 1155 nihil
860 1090 1108 1172 proferri
1138 1106 1312 1170 posse
1345 1086 1550 1168 liquet.

482 1183 767 1256 Quaenam
799 1169 944 1243 vero
975 1169 1263 1241 hactenus
1294 1172 1621 1239 observatis
1664 1169 2047 1248 objiciantur,

402 1274 813 1354 inspiciamus.
849 1270 1020 1333 Haud
1054 1272 1135 1331 ita
1168 1268 1401 1348 pridem
1434 1262 1507 1327 ν.
1561 1260 1626 1325 C.
1667 1284 1693 1315 α
1730 1257 1888 1321 Nihil
1910 1276 2050 1354 inc:

400 1345 525 1446 ror,
561 1364 777 1443 inquit,
807 1364 866 1426 S.
901 1345 1222 1440 Epiphanii
1245 1355 1650 1446 testimonium
1688 1369 1704 1426 ;
1738 1365 1873 1408 nam
1904 1345 2051 1446 illud

402 1440 731 1534 expetitum
763 1440 957 1513 estex
989 1447 1255 1528 epistolis
1315 1440 1660 1515 Clementis,
1716 1454 1847 1534 quae
1905 1444 2043 1534 tunc

400 1525 847 1625 legebantur-in
888 1525 1179 1602 ecclesiis.
1241 1535 1515 1625 Profecto
1565 1548 1647 1625 ex
1706 1525 2045 1625 testimonio

400 1612 484 1698 εἴ
514 1631 855 1711 Hieronymi
914 1628 1222 1701 discimus,
1280 1624 1471 1686 nullas
1527 1620 1671 1711 alias
1727 1612 2047 1711 Clementis

400 1722 695 1805 Epistolas
720 1702 888 1781 aetate
920 1718 1018 1779 illa
1046 1717 1107 1777 in
1157 1714 1444 1777 Ecclesiis
1485 1708 1610 1805 legi
1638 1702 2049 1803 consuevisse,
2076 1754 2112 1803 Β

402 1792 522 1876 nisi
550 1812 622 1873 ad
670 1808 1008 1873 Corinthios
1046 1806 1341 1888 geminas.
1396 1823 1426 1863 )
1483 1798 1678 1862 Nolim
1739 1792 2051 1888 enimvero

398 1904 524 1966 viro
558 1900 958 1963 eruditissimo
993 1880 1118 1958 hic
1151 1895 1474 1957 excidisse.
1506 1891 1780 1952 Testatur
1810 1880 2049 1962 quidem

400 1994 463 2058 S.
497 1990 891 2069 Hieronymus
923 1985 1061 2065 (93),
1100 1983 1422 2047 Clementis
1450 1972 1807 2069 prioremad
1841 1969 2048 2069 Eccle-

402 2057 1345 2157 siamCorinihiorumEpistolam
1380 2057 1777 2157 inhonnullis
1800 2057 2051 2157 cratibus

403 2169 830 2234 ecclesiasticis
862 2154 1084 2229 lectam
1108 2164 1295 2225 fuisse
1323 2184 1338 2240 ;
1374 2171 1435 2223 at
1456 2154 1784 2220 secundam
1816 2167 1852 2210 a
1884 2154 2050 2240 vete-

398 2264 575 2326 ribus
608 2260 999 2341 reprobatam
1032 2254 1245 2317 asserit
1280 2273 1295 2333 ;
1327 2235 1591 2341 tantum
1619 2241 1811 2341 abest,
1838 2244 1932 2341 "ut
1956 2324 1965 2333 .
1989 2235 2050 2294 in

402 2324 691 2414 ecclesiis.
706 2357 845 2409 tunc
876 2346 994 2424 legi
1023 2324 1407 2405 consuev'isse
1431 2335 1707 2424 geminas
1731 2327 1803 2389 ad
1832 2324 2048 2424 Caria:

398 2412 555 2503 thios
587 2437 888 2519 epistolas,
920 2412 989 2496 é'x
1023 2433 1153 2511 ejus
1181 2412 1520 2519 testimonio
1550 2412 2052 2519 discamusQuod

401 2538 597 2594 autem
625 2509 741 2589 hac
782 2509 971 2587 de're
1021 2509 1230 2584 doctor
1282 2516 1594 2586 maximus,
1629 2509 1787 2569 idem
1810 2518 2053 2594 quoque

397 2590 535 2684 ante
565 2622 760 2699 ipsum
792 2614 1108 2693 Dionysius
1137 2606 1502 2699 Corinthius,
1528 2602 1685 2699 idem
1716 2595 1889 2697 etiam
1925 2590 2045 2652 Eu—

398 2685 605 2772 sebius
633 2685 1044 2782 Caesariensis,
1084 2700 1243 2761 idem
1272 2694 1485 2775 reliqui
1511 2685 1875 2768 antiquiores
1902 2700 2042 2782 pro-

401 2800 669 2862 ﬁtentur.
706 2800 850 2859 Cum
886 2780 1088 2872 itaque
1119 2797 1280 2850 certo
1312 2790 1542 2848 constet
1568 2798 1639 2840 ex
1670 2784 1941 2872 veterum
1967 2780 2044 2871 te-

400 2887 719 2966 stimoniis,
753 2900 956 2957 unam,
988 2861 1048 2941 et
1078 2878 1319 2966 quidem
1379 2873 1659 2966 priorem,
1721 2861 2046 2966 Corinthiis

397 2950 750 3057 inscriptam
784 2950 1113 3053 epistolam-
1134 2950 1584 3057 publice-fuisse
1617 2956 1955 3052 lectitatam,
1984 2950 2041 3009 id
2062 2993 2104 3044 ρ

397 3040 606 3149 ipsum‘
655 3040 917 3145 profecto
969 3040 1347 3149 Epiphanius
1416 3052 1557 3111 item
1619 3043 1853 3149 novisse
1903 3040 2043 3149 jure

400 3129 847 3221 existimandus:
883 3129 1175 3227 adeo-que,
1208 3144 1313 3205 ubi
1343 3160 1460 3203 non
1512 3154 1686 3227 unam
1721 3129 2044 3227 Clementis

402 3219 848 3328 epistolam,sed
887 3241 1018 3321 ejus
1038 3219 1345 3316 Epistolas
1377 3226 1731 3328 circulares
1751 3219 2040 3319 ineccl-e-

400 3310 506 3399 siis
537 3310 1044 3413 fuisse'perle'ctas
1065 3310 1336 3396 affirmat,
1364 3321 1439 3382 de
1469 3310 1859 3413 Corinthiacis
1883 3310 2012 3406 epis
2022 3337 2039 3348 -

402 3396 539 3491 iolis
569 3396 765 3504 ipsius.
790 3419 965 3481 verba
998 3414 1162 3504 nullo
1200 3420 1365 3492 pacto
1398 3401 1743 3501 accipienda
1770 3396 2043 3504 .essevvi-

646 3510 796 3585 Quid
818 3507 968 3589 quod
984 3485 1461 3589 Epiphanianum
1486 3488 1885 3589 testiinonium
1900 3485 2043 3547 alias

402 3605 646 3667 omnino
670 3580 749 3661 ab
782 3580 1051 3679 epistolis
1082 3580 1153 3652 ad
1204 3587 1535 3679 Corinthios
1565 3580 1865 3679 re_Spicere
1899 3593 2039 3678 per-

402 3666 699 3755 hibetur?
759 3666 837 3750 In-
877 3679 1272 3748 Corinthiacis
1304 3676 1463 3738 enim
1519 3670 1680 3732 nulla
1729 3666 2039 3732 Samsonis

399 3783 647 3857 mentio,
682 3794 877 3857 neque
911 3772 1143 3852 uspiam
1174 3768 1445 3830 omnium
1474 3761 1907 3845 praphetaram
1937 3773 2038 3816 en-

398 3872 659 3935 comium
696 3865 994 3938 occurrit;
1024 3868 1086 3921 ut
1118 3858 1344 3937 reliqua
1392 3862 1848 3935 praetereamus:
1877 3862 2036 3938 qua:

397 3980 541 4024 sane
562 3961 619 4020 in
653 3955 919 4037 epistolis
950 3936 1341 4015 Clementinis
1374 3943 1659 4016 extitisse,
1692 3940 1754 4001 S.
1783 3936 2037 4017 Epipha-

398 4052 535 4113 nius
565 4048 900 4110 luculenter
925 4048 1196 4104 testatur.
1274 4052 1279 4059 '

477 4137 807 4218 Atinquies
832 4149 963 4193 cum
987 4126 1290 4191 Lardnero
1307 4122 1452 4218 (94),
1478 4118 1875 4202 Epiphanium
1905 4112 2036 4218 qui-

401 4214 535 4291 dem
565 4211 844 4307 epistolas
865 4219 1189 4284 Clementis
1219 4213 1566 4307 una_plures
1594 4222 1942 4306 agnoscere,
1957 4211 2038 4265 at-

399 4337 515 4399 que
572 4293 634 4377 in
694 4314 767 4375 iis
824 4330 942 4373 non
993 4307 1185 4368 solum
1216 4303 1289 4365 de
1341 4300 1693 4399 Virginitate
1724 4293 2041 4395 scripsisse

400 4385 795 4483 Clementem,
825 4401 930 4462 sed
952 4397 1127 4459 etiam
1160 4397 1509 4483 Samsonem
1544 4385 2038 4483 laudasse,ipsum

2145 542 2362 600 nostris
2384 538 2639 618 Syriacis
2669 548 3019 616 comparent
3041 560 3055 619 ;
3078 539 3296 601 frustra
3319 559 3455 601 vero
3488 543 3543 602 in
3568 542 3782 605 Gracis

2142 629 2460 708 requiras:
2500 636 2900 707 utproplerea
2949 630 3176 690 nullum
3229 630 3486 710 amplius
3546 632 3777 694 dubium

2141 735 2460 797 superesse
2492 716 2701 778 merito
2734 717 3021 791 videatur,
3051 719 3193 798 quin
3226 718 3300 779 de
3329 719 3625 798 prioribus
3662 730 3778 783 tan-

2140 815 2285 887 tum,
2312 825 2432 867 non
2463 813 2658 866 autem
2678 806 2751 866 de
2780 808 3237 888 posterioribus,
3281 809 3591 889 Epiphanii
3627 812 3782 873 testi-

2140 896 2403 957 monium
2437 896 2514 955 sit
2540 895 2987 975 accipiendum.

2217 984 2584 1048 Lardnernm
2606 994 2842 1045 secutus
2866 985 2977 1046 alia
2998 986 3164 1064 plura
3195 988 3467 1065 congerit
3489 987 3745 1051 Harman
3770 1029 3779 1037 -

2137 1094 2247 1137 nus
2266 1072 2783 1152 Venema,quibus
2804 1073 3276 1154 Epiphanianum
3301 1076 3493 1139 locum
3521 1090 3779 1153 enervet,

2133 1163 2402 1243 atquein
2433 1161 2789 1223 sententiam
2850 1183 3014 1224 suam
3064 1166 3387 1244 pertraliat.
3463 1167 3532 1227 Et
3587 1168 3782 1247 primo

2133 1254 2375 1333 quidem
2411 1251 2713 1327 negotium
2747 1252 2987 1315 facessit
3019 1255 3146 1314 viro
3179 1256 3386 1316 critico
3420 1255 3573 1335 (95),
3626 1258 3780 1336 quod

2135 1340 2195 1404 S.
2231 1341 2600 1421 Epiphanius
2618 1342 2948 1420 ἐγκυκλίους,
2968 1343 3629 1424 rirculares,epistolas
3655 1365 3784 1407 nos-

2130 1440 2250 1493 tras
2279 1431 2541 1512 appellet
2578 1449 2593 1507 ;
2630 1440 3040 1494 verumtamen
3066 1433 3334 1493 animum
3362 1434 3435 1494 ab
3470 1434 3582 1495 hoc
3615 1452 3780 1499 scru-

2132 1520 2268 1603 pulo
2328 1538 2647 1600 parumper
2702 1530 3000 1601 avertens,
3074 1522 3461 1599 nondumque
3520 1522 3790 1603 deposita

2133 1610 2294 1671 omni
2327 1610 2725 1680 cunctatione,
2763 1612 3101 1673 clarescere
3153 1610 3257 1691 ait,
3294 1609 3354 1673 S.
3416 1614 3649 1673 Patrem
3682 1612 3789 1674 hoc

2134 1698 2340 1760 addito
2355 1700 2600 1760 criterlo
2623 1702 3093 1778 uulgatissimas
3116 1700 3677 1763 tantumCorinthiis
3701 1702 3757 1762 in
3772 1736 3787 1750 -

2137 1789 2390 1867 scriptas
2422 1790 2484 1849 in
2516 1787 3043 1853 oculishabuisse.
3105 1787 3334 1851 Vereor
3382 1790 3662 1871 equidem
3718 1810 3790 1851 ne

2135 1876 2312 1937 dictis
2383 1873 2759 1938 Venemianis
2817 1880 3110 1940 calculum
3165 1899 3283 1941 non
3336 1880 3629 1958 adjiciam
3689 1882 3789 1941 viri

2134 1967 2317 2037 docti,
2344 1974 2409 2028 ut
2440 1985 2570 2046 quae
2601 1968 2794 2027 minus
2825 1978 2989 2029 recte
3022 1968 3133 2029 sibi
3154 1970 3462 2030 cohaerere
3485 1970 3785 2032 videntur.

2136 2058 2449 2136 Utcunque
2478 2065 2679 2117 autem
2712 2075 2809 2117 res
2840 2076 2904 2118 se
2930 2058 3167 2130 habeat,
3197 2059 3344 2120 nihil
3378 2078 3526 2120 sane
3581 2062 3789 2141 prohi-

2136 2144 2256 2219 bet,
2293 2145 2607 2225 quominus
2637 2146 2724 2205 vel
2767 2147 3197 2221 existimemus,
3243 2147 3561 2228 Epiplianii
3616 2159 3786 2211 mtate

2136 2232 2292 2315 apud
2324 2234 2645 2295 nonnullas
2673 2235 2959 2297 ecclesias
2990 2236 3050 2297 in
3101 2255 3263 2298 more
3294 2238 3477 2299 fuisse
3530 2240 3789 2319 positum

2136 2321 2418 2402 epistolas
2445 2323 2527 2385 De
2556 2324 2907 2403 virginitate
2938 2326 3179 2405 publice
3200 2327 3440 2405 legi;vel
3470 2330 3790 2391 cuinWet-

2136 2412 2329 2474 stenio
2356 2413 2477 2493 (96)
2511 2431 2864 2475 censeamus
2894 2438 2914 2469 α
2943 2413 3334 2495 Epiphanium
3361 2426 3424 2477 ut
3450 2416 3791 2491 Ehionaeos,

2137 2520 2255 2563 non
2282 2502 2609 2566 Clementis
2640 2502 2858 2584 solum,
2883 2505 2983 2565 sed
3018 2505 3192 2566 etiam
3226 2505 3519 2568 Ecclesia;
3578 2518 3788 2570 aucto-

2138 2593 2316 2653 ritate
2361 2602 2684 2672 premeret,
2741 2592 3077 2654 eucomium
3141 2595 3323 2675 priori
3376 2598 3786 2660 Corinthiacaa

2128 2680 2406 2761 Epistolae
2439 2682 2816 2763 tributum,in
2846 2692 3154 2764 utramque
3186 2688 3261 2745 ad
3296 2687 3576 2761 virgines
3606 2697 3793 2749 trans-

2131 2772 2359 2831 tulisse.
2398 2795 2425 2826 »
2463 2770 2683 2843 Quidni
2711 2780 2907 2835 autem
2942 2773 2998 2833 id
3032 2773 3145 2835 rite
3190 2773 3395 2835 fecerit
3439 2774 3503 2839 S.
3556 2776 3734 2839 Pater
3764 2778 3793 2830 ‘P

2127 2870 2290 2959 ratus
2320 2860 2602 2959 nimirum
2634 2860 3152 2941 cpiscopiRomani
3176 2864 3467 2943 epistolas
3486 2867 3560 2928 ad
3590 2863 3796 2928 Eccle—

2129 2950 2230 3010 siae
2251 2950 2543 3011 universa
2574 2950 3007 3012 institutionem
3025 2953 3354 3031 pertinere,
3385 2974 3415 3033 q
3434 2955 3792 3017 uemadmo-

2128 3039 2271 3099 dum
2297 3048 2353 3099 et
2378 3040 2451 3100 de
2474 3040 2672 3120 priore
2693 3040 2765 3100 ad
2789 3040 3129 3103 Corinthios
3154 3042 3413 3102 factitata
3432 3063 3488 3104 m
3517 3056 3792 3107 noverat.

2130 3130 2310 3189 Porro
2340 3130 2410 3191 ad
2451 3130 2681 3210 reliqua
2730 3128 3139 3210 Epiphaniana
3170 3134 3579 3209 extenuanda,
3621 3134 3795 3215 plura

2128 3220 2396 3297 congerit
2428 3218 2586 3280 idem
2617 3219 2699 3279 vir
2726 3219 3035 3300 eruditus;
3066 3239 3197 3300 quae
3224 3230 3424 3283 tamen
3450 3226 3659 3286 omnia
3686 3242 3791 3287 ex-

2127 3308 2332 3386 pendit
2351 3327 2418 3369 ac
2440 3308 2615 3369 diluit
2643 3309 2719 3371 cl.
2752 3308 2980 3371 editor:
3019 3309 3169 3371 adeo
3204 3319 3264 3370 ut
3316 3321 3580 3389 constet,
3648 3333 3793 3375 san-

2125 3404 2285 3494 ctum
2310 3397 2652 3494 episcopum
2684 3398 3369 3494 Constantieusem,dum
3388 3403 3579 3465 verba
3602 3423 3793 3483 supe-

2124 3485 2249 3546 rius
2277 3488 2525 3549 recitata
2538 3485 3022 3567 perscriberet,in
3048 3486 3153 3549 has
3186 3489 3476 3569 epistolas
3510 3490 3795 3573 Syriacas

2127 3575 2330 3636 oculos
2353 3576 2708 3639 intendisse.

2201 3663 2334 3728 XII.
2394 3666 2724 3746 Epiphanio
2775 3663 3166 3746 Hieronymus
3231 3669 3489 3732 accedat
3577 3671 3802 3737 doctor

2125 3755 2432 3835 maximus,
2458 3755 2623 3842 testis
2652 3754 2801 3816 alter
2855 3755 3391 3836 locupletissimus.
3444 3759 3553 3825 Sic
3608 3764 3796 3842 igitur

2118 3843 2221 3905 ille
2239 3844 2520 3904 adversus
2538 3841 2913 3935 iovinianum
2938 3844 3181 3924 (97):Hi
3197 3854 3341 3908 sunt
3364 3852 3681 3935 eunuchi,
3719 3890 3795 3900 —-

2116 3950 2262 4013 quos
2282 3933 2577 3994 castravit
2598 3950 2721 3995 non
2750 3937 3096 4015 necessitas,
3124 3936 3221 3999 sed
3237 3937 3558 4008 voluntas.
3585 3933 3674 3989 -έ
3706 3943 3805 4005 Ad

2115 4022 2221 4111 hos
2251 4029 2311 4083 et
2339 4022 2618 4111 Clemens
2661 4040 2964 4086 successor
3020 4025 3275 4104 apostoli
3325 4026 3539 4100 Petri,
3608 4036 3797 4111 cujus

2116 4110 2354 4171 Paulus
2385 4110 2691 4191 apostolus
2736 4114 3046 4189 meminit,
3076 4116 3284 4178 scribit
3314 4121 3624 4195 epistolas
3661 4110 3804 4186 om—

2118 4218 2373 4279 nemque
2385 4218 2533 4280 pene
2551 4218 2893 4293 sermonem
2903 4220 3082 4265 suam
3103 4204 3177 4266 de
3188 4206 3589 4284 virginitatis
3611 4214 3807 4293 puri—

2121 4296 2244 4353 tate
2260 4298 2592 4355 contexuit.
2614 4292 2821 4372 Agesis
2841 4310 3023 4373 nunc,
3049 4294 3399 4373 liujusmodi
3426 4299 3798 4361 testimoni—

2122 4397 2221 4441 um
2245 4382 2671 4461 expendamus.
2695 4381 2833 4444 Tria
2858 4382 2919 4443 in
2952 4400 3022 4444 eo
3042 4391 3182 4445 sunt
3207 4386 3399 4463 probe
3424 4389 3799 4452 notanda.l.

400 4496 665 4579 proﬁteri
704 4514 716 4551 :
770 4468 926 4571 quod
985 4494 1303 4564 utrumque
1361 4482 1419 4543 in
1468 4477 1735 4579 epistolis
1763 4468 2210 4579 .Syr'i‘acisnéd
2232 4471 2535 4533 eunuchos
2553 4470 2902 4571 spirituales
2942 4484 3003 4533 et
3028 4472 3804 4579 'evangel'i'cos'scripsisse

398 4560 1426 4665 conspicitur;desideratur'autem
1470 4569 1536 4665 in
1587 4564 1834 4665 Graecis.
1886 4561 2039 4665 Hinc
2122 4560 2718 4665 Clementemass'erit
2736 4571 2976 4665 sanctus
3004 4561 3239 4661 doctor.
3260 4560 3347 4663 ’[Ι.
3379 4564 3529 4628 Non
3560 4560 3806 4649 episio-

401 4648 599 4736 tamen
638 4648 813 4733 nemo
841 4669 977 4747 jure
1006 4664 1262 4743 colligat,
1282 4659 1482 4739 judice
1509 4655 1836 4747 Lardnero,
1889 4650 2039 4732 Epi-
2122 4648 2375 4723 lam,sed
2391 4649 3466 4747 epistolasiisdeminscriptasipsum
3505 4676 3812 4721 exarasse

402 4762 685 4844 phanium
722 4760 795 4819 de
827 4736 1123 4838 prioribus
1146 4736 1835 4844 statimintelligendum
1862 4760 1887 4844 ξ.
1902 4758 2041 4802 cum
2122 4737 2486 4844 ῐθδῐᾶῑυςοίίξλ
2509 4742 2577 4844 Ῑίξ
2609 4740 2699 4839 [iis
2720 4739 2986 4841 ἥρίδιοῖηίε
3007 4757 3245 4844 wife?"
3262 4759 3416 4820 Ρθηε
3441 4736 3813 4810 sermonem

402 4828 559 4915 enim
598 4828 1239 4911 neutra-Corinthiaca
1283 4837 1531 4918 epistola
1561 4835 1790 4915 integra
1818 4831 1890 4894 ad
1934 4847 2041 4891 nos
2119 4828 2384 4891 suumde
2406 4829 3065 4918 virginitatispuritate
3083 4828 3248 4892 illum
3266 4838 3676 4899 contexuisse
3699 4846 3820 4898 tra-

400 4940 759 5024 pervenerit,
794 4937 924 4999 ﬁeri
958 4941 1172 5017 potest,
1199 4939 1263 5024 ut
1289 4926 1597 5024 Samsonis
1631 4923 1856 5024 mentio
1886 4921 2043 5021 inter
2119 4918 2381 5024 dit.Quae
2402 4917 2642 5024 quidem
2665 4918 2971 5024 adeo'suut
2992 4919 3405 5020 manifesta,ut
3435 4926 3690 4990 nullum
3718 4946 3819 4988 su-

401 5008 470 5094 ea
497 5050 630 5112 qua:
662 5030 721 5090 in
746 5008 1246 5104 iisdem-epistolis
1269 5018 1507 5097 desunt,
1534 5015 1953 5112 maxime-vero
1980 5013 2038 5112 in
2124 5008 2308 5112 persit
2335 5008 2581 5112 dubium
2614 5008 2760 5085 quin
2788 5008 2877 5112 de.
2899 5009 3114 5071 nostris
3144 5011 3419 5091 epistolis
3454 5016 3590 5076 sint
3634 5018 3771 5079 acci
3792 5050 3811 5062 -

400 5097 689 5194 secunda,
724 5097 1080 5178 occurrerit.
1117 5106 1627 5187 Nae,quirationes
1647 5121 1783 5166 suas
1804 5102 1883 5163 ita
1907 5099 2042 5163 sub-
2124 5098 2362 5194 pienda.
2390 5097 2546 5194 Quid
2592 5114 2728 5158 vero
2759 5098 2831 5158 ad
2864 5098 2988 5194 haec
3021 5099 3235 5161 eruditi
3267 5099 3377 5161 viri
3417 5105 3615 5167 modo
3684 5108 3821 5170 lau-

399 5211 585 5279 ducit,
624 5185 863 5289 operam
897 5202 1068 5264 ludit.
1103 5185 1494 5275 Quill—ilumris
1524 5194 1780 5289 ‘?Anullus
1811 5191 2019 5289 conjec
2125 5186 2275 5249 dati?
2296 5187 2648 5289 Existimant
2672 5205 2887 5289 nempe
2917 5185 3347 5289 Hier‘onymum
3386 5190 3492 5252 hic
3525 5196 3815 5257 animum

404 5276 755 5377 turislocus,
784 5295 883 5355 ubi
916 5312 1015 5353 res
1063 5289 1191 5369 ipsa
1244 5288 1480 5346 clamat.
1541 5282 1923 5377 Quaecunque
1973 5279 2045 5377 de
2129 5276 2545 5377 intendissein
2576 5276 2903 5377 secundam
2935 5277 3008 5338 ad
3039 5277 3382 5341 Corinthios
3442 5283 3815 5363 epistolam,

399 5388 723 5452 Clementis
744 5365 1021 5465 [epistolis
1070 5365 1255 5441 refert
1285 5374 1678 5455 Epiphanius,
1740 5373 1801 5433 in
1839 5369 2047 5451 primis
2130 5366 2233 5428 ubi
2262 5366 2417 5428 forte
2467 5365 2543 5427 de
2587 5367 2917 5445 virginitate
2944 5367 3225 5430 Clemens
3257 5368 3571 5449 prolixius
3636 5376 3836 5454 egerit

2224 5500 2348 5581 (95)
2388 5500 2572 5581 Epist.
2605 5508 2677 5581 1,,
2701 5501 2921 5581 ρξεηὸ.

2220 5579 2340 5661 (96)
2390 5579 2580 5661 Epist.
2616 5579 2799 5661 ad’H.
2836 5580 3116 5660 Venem.,
3149 5598 3211 5661 p.
3242 5580 3345 5641 22.

511 5520 607 5598 93)
641 5522 727 5580 De
758 5519 875 5579 vir.
912 5517 1142 5576 illustr.
1170 5529 1299 5591 cap.
1342 5508 1437 5572 15.

639 5598 918 5671 Lardner,
947 5597 991 5656 A
1026 5594 1271 5656 dissert.
1307 5607 1437 5667 apo

2223 5660 2329 5743 (97*
2372 5660 2501 5726 Lib.
2536 5678 2581 5741 ι,
2619 5660 2779 5740 δη.

496 5584 605 5743 ἒξὶ
639 5598 918 5671 Lardner,
947 5597 991 5656 A
1026 5584 1271 5656 disseri.
1307 5606 1476 5667 upon
1525 5587 1619 5650 the
1677 5595 1791 5648 two
1824 5584 2048 5663 Epist.,

403 5705 459 5766 p.
495 5705 593 5743 24.
