4114 6436
240 260 356 326 169

1538 263 1913 326 ΡΒΟΕΕΜΙΑ
1956 264 2380 330 VABIOHUM.

3525 275 3642 338 170

232 397 369 459 dam
404 416 589 460 sacrae
614 399 937 477 Scriptura;
966 397 1147 460 locis:
1179 398 1621 480 correptionem
1656 414 1891 477 quoque
1916 406 1951 453 Α
1977 398 2130 459 stolo
2162 400 2524 482 fundata,ad
2561 420 2738 483 quam
2772 403 2888 465 rite
2918 404 3346 469 instituendam
3380 408 3537 471 idem
3565 410 3636 481 D',

229 496 332 548 aut
366 487 559 565 potius
589 486 1026 549 correctionem
1056 486 1383 550 fraternam
1407 506 1439 548 a
1469 486 1762 577 ministris
1779 488 1894 577 Ec-
1979 490 2192 550 Paulus
2225 490 2391 552 binas
2413 492 2659 554 dederat
2688 491 2983 574 Epistolas
3006 494 3249 557 afﬂante
3276 494 3505 577 Spiritu
3538 499 3635 561 di-

227 576 427 638 clesiae
460 577 903 666 suscipiendam
931 577 1120 637 docet.
1155 578 1259 640 Ast
1282 595 1481 638 nonne
1513 576 1672 636 idem
1710 576 1889 638 etiam
1980 578 2111 639 vino
2132 581 2539 662 scriptas,quaa
2564 581 2776 644 eodem
2806 582 2933 644 fere
2957 592 3229 666 tempore
3258 576 3435 649 ﬁdem
3463 590 3638 652 Chri—

226 668 405 729 docel
440 666 762 728 concilium
798 664 1220 728 Tridentinum
1257 667 1522 729 sessione
1565 665 1664 739 14,
1689 683 1820 745 cap.
1859 666 1896 725 5
1980 669 2053 729 sti
2077 668 2150 730 ab
2175 672 2462 748 apostolis
2486 674 2699 733 edocta
2729 671 2942 746 fuerat,
2974 664 3097 755 quo
3114 674 3387 739 Ecclesia
3414 680 3638 741 Roma-

227 765 286 816 et
316 775 549 817 canone
581 756 618 819 6
644 761 672 817 ‘?

315 845 769 907 Confessionem
797 852 992 906 autem
1024 844 1355 907 faciendam
1382 862 1513 906 esse
1541 842 1901 925 presbyteris

234 954 307 996 ex
341 933 670 995 Clementis
705 934 974 1013 epistolae
1019 934 1214 1014 capite
1243 935 1319 996 57
1352 936 1606 1013 constat,
1644 931 1740 992 ubi
1774 933 1855 992 ait
1886 952 1899 992 :

239 1023 1140 1103 Subditiestotepresbyteris.et
1161 1025 1597 1101 correptionem
1616 1024 1904 1099 suscipite

241 1117 305 1176 in
329 1115 1099 1193 pmtt'tentiam;ﬂeclmles
1121 1131 1320 1191 genua
1344 1113 1548 1175 cordis
1571 1112 1905 1184 vestri,dis-

244 1204 360 1266 cite
389 1203 635 1281 subjici,
668 1202 1040 1279 deponcntes
1071 1213 1465 1282 arrogantem
1497 1209 1555 1261 et
1584 1200 1900 1278 superbam

240 1292 476 1371 linquas
509 1300 727 1353 vestrae
745 1292 1149 1371 jactantiam.
1164 1336 1175 1349 .
1190 1336 1230 1353 ..

318 1381 532 1442 Tradit
556 1398 794 1461 quoque
821 1379 1223 1442 universalem
1253 1381 1384 1440 esse
1410 1388 1789 1459 peccatorum
1813 1396 1908 1439 re-

237 1472 615 1540 missionem,
645 1478 702 1530 et
729 1470 955 1531 nullum
978 1486 1112 1531 esse
1138 1468 1635 1549 peccatum,quod
1665 1475 1793 1547 post
1817 1485 1909 1528 se-

238 1562 388 1621 riam
417 1558 833 1641 paenitentiam
862 1578 968 1641 per
992 1557 1211 1620 Christi
1240 1557 1520 1620 meritum
1544 1575 1663 1618 non
1696 1557 1903 1619 remit-

240 1660 399 1711 tatur
428 1649 579 1727 (35).

1987 776 2059 821 na
2087 779 2102 839 ;
2137 769 2235 820 aut
2265 779 2397 841 quae
2428 762 2636 841 majori
2669 761 2819 824 forte
2844 763 3086 842 gloriari
3112 772 3343 844 poterat
3374 769 3637 846 antiqui—

1988 854 2139 929 tate;
2178 849 2235 908 in
2269 869 2383 930 qua
2411 851 2562 912 adeo
2595 851 2810 913 divites
2858 859 2920 915 et
2970 852 3204 915 nobiles
3254 856 3641 918 versabantur

1987 938 2326 1028 Christiani,
2363 947 2428 1001 ut
2487 959 2624 1003 suas
2676 941 3091 1022 eleemosynas
3136 947 3361 1008 exteris
3404 960 3640 1028 quoque

1986 1025 2271 1117 Ecclesiis
2315 1030 2791 1093 transmitterem
2822 1053 2837 1102 ;
2891 1031 3186 1107 Ecclesia,
3222 1025 3487 1117 inquam,
3519 1025 3637 1099 Co-

1986 1115 2223 1187 rinthia,
2262 1126 2387 1179 orta
2419 1118 2676 1197 quadam
2710 1118 3025 1193 seditione,
3050 1119 3120 1181 ad
3150 1115 3480 1184 Ecclesiam
3511 1123 3634 1187 Ro-

1992 1222 2223 1266 manam
2258 1206 2541 1287 confugit,
2578 1216 2636 1268 et
2665 1207 2738 1269 ab
2772 1227 2841 1269 ea
2869 1209 3152 1271 auxilium
3188 1212 3352 1291 petit.

2077 1320 2103 1349 α
2136 1296 2532 1358 Advertamus
2573 1297 2793 1378 pariter
2839 1299 2911 1360 ad
2969 1308 3227 1380 tempus,
3259 1320 3377 1378 quo
3427 1304 3640 1366 seditio

1991 1385 2116 1446 haec
2140 1385 2198 1446 in
2220 1384 2486 1448 Ecclesia
2509 1388 2819 1449 Corinthia
2837 1396 2965 1449 orta
2991 1399 3108 1470 est,
3134 1406 3501 1473 nempe,quo
3521 1392 3638 1457 Ec-

1992 1473 2175 1536 clesia
2207 1476 2468 1537 Romana
2501 1484 2590 1537 sat
2636 1494 2872 1555 gravem
2911 1478 3242 1541 exantlabat
3270 1484 3639 1561 persecutio-

1991 1582 2128 1626 nem
2160 1587 2173 1636 ;
2207 1583 2325 1641 quo
2357 1566 2603 1642 quidem
2632 1566 2827 1628 adhuc
2849 1566 3123 1629 vivebant
3152 1572 3438 1650 apostoli;
3468 1572 3645 1635 disciz
3738 1580 3750 1589 '

1986 1653 2108 1734 puli
2134 1673 2274 1715 vero
2298 1654 2515 1717 Christi
2546 1656 3024 1736 etapostolorum
3055 1659 3506 1740 quamplurimi;
3534 1664 3642 1725 viri

323 1738 488 1803 Alibi
532 1725 707 1800 etiam
753 1739 927 1799 docet
961 1736 1086 1815 (36)
1118 1738 1189 1798 ad
1239 1737 1730 1816 justiﬁcationem
1787 1757 1898 1798 no-
1924 1725 1963 1774 Β
1985 1725 2181 1804 autem
2215 1745 2537 1824 apostolico
2562 1725 2779 1824 spiritu
2800 1746 2963 1811 ducti
2990 1725 3128 1809 vere
3158 1725 3460 1812 innumeri
3486 1725 3642 1829 ique

245 1838 431 1891 stram
465 1848 533 1890 ac
562 1828 985 1889 remissionem
1016 1836 1394 1906 peccatorum
1416 1836 1754 1889 nostrorum
1786 1844 1903 1889 non

254 1922 436 1982 fidem
469 1928 727 1993 tantum,
762 1920 867 1979 sed
906 1928 963 1979 et
993 1918 1344 1978 charitatem
1378 1917 1631 1995 requiri.

329 2009 531 2072 Multis
554 2010 801 2088 insuper
824 2017 1064 2068 sanctus
1094 2007 1373 2070 Clemens
1393 2006 1656 2069 declarat
1678 2024 1907 2086 praece-

245 2107 347 2182 pta
369 2099 475 2165 Dei
500 2098 705 2160 omnia
732 2106 790 2159 et
816 2115 922 2158 nos
951 2115 1126 2177 posse
1159 2113 1425 2171 servare,
1450 2105 1507 2156 et
1537 2116 1572 2158 a
1601 2095 1772 2156 nobis
1795 2114 1903 2156 ne-

242 2191 507 2254 cessario
528 2188 821 2251 servanda
842 2206 998 2247 esse.
1022 2186 1174 2248 Cum
1189 2185 1509 2265 diligentia
1531 2193 1587 2248 et
1608 2185 1907 2251 alacrita-

243 2280 417 2359 te,ait
440 2280 570 2360 ipse
598 2279 1111 2357 (37),festioemus
1136 2293 1315 2338 omne
1339 2292 1489 2356 opus
1514 2276 1735 2338 bonum
1764 2292 1906 2355 per-

238 2374 552 2452 ficere.....
587 2369 688 2430 Ea:
712 2373 849 2430 totis
875 2367 1110 2429 viribus
1133 2383 1446 2446 operemur
1462 2384 1611 2445 opus
1620 2367 1903 2445 justiﬁes.

366 2459 523 2541 §VI.
586 2459 671 2520 De
715 2457 1087 2519 auctoritate
1135 2455 1425 2518 Ecclesiae
1468 2457 1781 2517 Romanae.

327 2554 414 2614 De
437 2550 717 2628 dogmate
739 2546 987 2625 quidem
1010 2545 1503 2624 catholico,quod
1533 2564 1604 2607 ex
1626 2545 1907 2625 praescri-

249 2651 349 2723 pto
378 2640 626 2702 concilii
655 2637 996 2701 Tridentini
1028 2635 1208 2697 etiam
1239 2634 1478 2716 publice
1511 2636 1905 2716 profitemur:

1988 1829 2046 1894 in
2078 1834 2213 1897 Asia
2247 1834 2429 1895 multo
2456 1836 2662 1914 magis,
2689 1849 2752 1897 ut
2772 1836 2983 1898 saltem
3015 1838 3274 1900 ominari
3302 1839 3644 1920 licet,vige—

1990 1922 2088 1985 bat
2116 1922 2450 1987 Christiana
2482 1925 2716 2004 religio,
2752 1944 2821 1987 ac
2853 1927 2913 1987 in
2966 1927 3095 2007 ipsa
3147 1927 3297 1990 urbe
3346 1930 3637 2006 Romana,

1990 2014 2093 2075 ubi
2124 2013 2467 2099 superstitio
2527 2014 2767 2091 gentilis
2820 2015 2949 2077 fere
3002 2018 3194 2078 omnis
3242 2032 3347 2079 sua
3396 2022 3642 2103 templa,

1995 2122 2132 2165 suos
2166 2103 2426 2165 cultores
2483 2103 2779 2178 habebat;
2813 2124 2932 2181 quo
2992 2106 3276 2169 Ecclesia;
3322 2109 3639 2186 columnas,

1996 2194 2111 2253 divi
2141 2211 2356 2272 nempe
2388 2192 2865 2271 apostoliPetrus
2895 2203 2951 2255 et
2980 2193 3201 2258 Paulus
3224 2196 3349 2276 jam
3380 2198 3643 2263 defuncti

1994 2293 2188 2363 erant,
2214 2303 2330 2363 quo
2364 2291 2579 2363 autem
2626 2282 2857 2363 vivebat
2906 2284 3120 2353 adhuc,
3157 2294 3221 2345 ut
3268 2300 3345 2348 ex
3385 2286 3644 2352 Eusebio

1994 2362 2302 2436 discimus,
2340 2362 2591 2424 dilectus
2642 2362 2858 2426 Christi
2891 2364 3220 2443 discipulus
3249 2366 3418 2429 divus
3464 2388 3645 2451 apos-

1995 2454 2147 2515 tolus
2176 2461 2235 2514 et
2266 2452 2626 2530 evangelista
2653 2451 2942 2535 Joannes,
2968 2454 3057 2516 vel
3081 2455 3140 2516 in
3161 2455 3356 2519 insula
3380 2456 3639 2536 Patmos,

1994 2543 2084 2605 vel
2120 2541 2336 2623 Ephesi
2369 2542 2615 2621 degens.

2075 2633 2162 2696 De
2180 2632 2462 2695 Ecclesia
2494 2633 2790 2696 Romana.
2819 2668 2875 2678 -
2911 2656 2933 2691 α
2969 2632 3223 2707 Quinam
3273 2653 3448 2716 porro
3474 2648 3644 2700 erant

247 2722 518 2793 Sanctam
547 2726 1204 2789 nimirumcatholicam
1231 2725 1915 2804 etapostolicamEccle—
1997 2722 2271 2795 Romani,
2328 2722 2399 2782 ad
2459 2741 2611 2802 quos
2664 2722 2930 2785 Ecclesia
2978 2724 3285 2786 Corinthia
3337 2726 3646 2807 confugit?

243 2820 398 2879 siam
430 2820 760 2878 Romanam
788 2833 918 2876 esse
942 2813 1208 2874 omnium
1238 2813 1638 2875 Ecclesiarum
1667 2822 1912 2875 matrem
2000 2815 2209 2876 Nonne
2239 2813 2297 2872 in
2331 2812 2458 2891 ipsa
2488 2810 2754 2875 Ecclesia
2784 2811 3057 2875 Romana
3088 2814 3419 2877 viventibus
3449 2817 3643 2880 adhuc

244 2920 308 2971 et
368 2907 748 2987 magistram.
788 2906 843 2966 in
901 2903 1153 2984 epistola
1180 2922 1288 2965 sua
1333 2902 1543 2964 nullibi
1580 2903 1911 2982 eXplicitam

1998 2903 2285 2984 apostolis
2317 2900 2489 2963 Petro
2523 2910 2583 2963 et
2629 2899 2812 2962 Paulo
2859 2904 3272 2964 contentiones
3304 2915 3448 2966 ortae
3476 2916 3643 2969 erant

240 3001 621 3062 mentionem
648 2995 790 3057 facit
815 2994 983 3055 divus
1012 2993 1314 3056 Clemens.
1338 2990 1557 3054 Verum
1587 2993 1634 3052 si
1668 2993 1912 3072 potissi—
1999 2994 2151 3052 intcr
2182 3010 2310 3070 eos,
2344 2990 2443 3068 qui
2493 3008 2564 3051 ex
2612 2988 2936 3070 Synagoga,
2972 3001 3032 3052 et
3075 2992 3234 3053 inter
3277 3012 3401 3067 eos,
3442 2996 3544 3074 qui
3575 3014 3657 3057 ex'

238 3107 403 3151 muni
423 3084 948 3166 scopum,aliaque
966 3083 1146 3161 hujus
1165 3081 1437 3160 epistolae
1453 3081 1968 3159 accidentiaritec
1996 3081 2271 3161 gentibus
2298 3080 2371 3143 ad
2420 3079 2563 3142 Jesu
2612 3077 2825 3141 Christi
2884 3080 3063 3143 fidem
3116 3082 3302 3144 vocati
3353 3092 3542 3158 erant,
3579 3095 3644 3147 ut

238 3177 720 3261 perpendamus,
747 3182 836 3233 sat
862 3171 1019 3233 clare
1048 3170 1354 3261 praefatum
1378 3170 1592 3261 dogma
1616 3170 1754 3261 inde
1776 3173 1902 3231 col~

244 3258 471 3347 ligitur,
501 3263 875 3343 deduxitque
905 3265 993 3322 vir
1016 3259 1385 3322 clarissimus
1409 3258 1580 3321 Pater
1602 3259 1908 3322 Conradus

246 3358 423 3420 Ebert
449 3353 884 3417 Benedictinus
905 3359 1310 3414 sacrosanctae
1334 3349 1648 3428 theologiae
1673 3350 1907 3430 profes-

244 3466 346 3510 sor
367 3442 769 3508 Fuldensisin
784 3443 942 3503 hunc
960 3442 1084 3503 fere
1104 3440 1369 3502 modum.
1392 3438 1478 3501 En
1496 3439 1682 3519 ipsius
1705 3439 1904 3502 verba:

251 3568 279 3598 ι
314 3540 647 3604 Enimvero
678 3535 728 3596 si
760 3542 1235 3616 perscrutemur,
1270 3531 1515 3614 quinam
1542 3532 1629 3594 illi
1661 3532 1903 3609 fuerint,

1991 3170 2249 3251 Epistola
2280 3169 2398 3229 «livi
2430 3167 2596 3228 Pauli
2626 3167 2698 3229 ad
2754 3170 3055 3231 Romanos
3102 3180 3191 3230 sat
3235 3172 3394 3233 clare
3442 3166 3639 3239 docet.

1992 3264 2207 3323 Nonne
2231 3260 2353 3337 jam
2387 3256 2526 3318 bina
2557 3257 2681 3319 vice
2710 3274 2947 3335 gravem
2980 3260 3461 3337 persecutionem
3497 3281 3640 3341 per-

1993 3367 2166 3429 pessa
2198 3349 2409 3420 fuerat,
2445 3355 2545 3407 aut
2573 3346 2768 3407 adhuc
2809 3355 2949 3408 tunc
3000 3348 3335 3409 exantlabat
3376 3348 3641 3413 Ecclesia

1992 3437 2465 3501 Christianorum
2516 3437 2833 3498 Romana?
2863 3454 3062 3497 nonne
3092 3437 3257 3499 nulla
3306 3439 3362 3499 ei
3403 3438 3476 3500 ab
3531 3440 3640 3501 im-

1995 3526 2363 3609 peratoribus
2393 3525 2571 3589 totius
2599 3524 2723 3586 fere
2741 3523 2903 3586 orbis
2928 3526 3185 3588 dominis
3204 3528 3386 3603 salus,
3407 3528 3637 3591 nullum

1993 3617 2186 3679 eidem
2245 3634 2279 3676 a
2330 3622 2561 3687 senatu,
2598 3613 2935 3695 populoque
2990 3614 3259 3679 Romano
3306 3618 3640 3680 auxilium?

248 3632 359 3708 qui
380 3628 475 3691 vel
500 3626 715 3687 litteris
739 3634 878 3687 ante
896 3623 1069 3698 datis,
1099 3627 1193 3685 vel
1228 3622 1516 3684 utsaltem
1545 3622 1908 3703 probabilis-

1995 3726 2193 3770 nonne
2224 3705 2315 3767 vel
2347 3704 2464 3785 ipsi
2495 3702 2820 3765 nobiliores
2874 3704 3157 3768 Ecclesiae
3206 3709 3511 3783 Romanae,
3549 3709 3637 3770 vel

244 3722 460 3781 simum
498 3716 754 3797 videtur,
773 3714 1069 3793 legatione
1095 3712 1275 3775 missa
1293 3731 1327 3773 a
1347 3711 1614 3774 Romana
1641 3710 1910 3774 Ecclesia

244 3818 375 3889 post
402 3818 561 3871 ortas
592 3792 753 3866 inter
782 3792 849 3866 se
893 3802 1293 3865 contentionis
1352 3801 1557 3863 turbas
1612 3801 1902 3864 auxilium
1994 3800 2050 3858 in
2084 3796 2357 3889 exsilium
2392 3793 2565 3889 missi
2589 3800 2756 3889 erant
2788 3792 3134 3889 Christiani,
3168 3804 3271 3857 aut
3304 3801 3362 3857 in
3411 3797 3640 3876 angulis

241 3880 572 3979 petierunt,
604 3895 657 3955 si
711 3902 971 3974 tempus,
1006 3910 1149 3973 quo,
1174 3891 1252 3971 si,
1283 3890 1354 3951 ad
1390 3908 1537 3971 quos
1568 3890 1904 3969 confugerit
1988 3882 2465 3979 delitescebant‘.’
2495 3880 2569 3943 ad
2603 3881 2765 3979 hanc.
2788 3882 2965 3979 igitur
3003 3883 3330 3979 Ecclesiam
3360 3886 3637 3949 celeber-

231 3970 509 4051 Ecclesia
542 3970 1103 4058 Corinthiorum,vsi
1136 3970 1415 4061 ea,quaar
1441 3989 1571 4060 post
1616 3981 1900 4062 scriptam
1988 3978 2138 4037 rima
2157 3972 2594 4037 Corinthiorum
2627 3970 2901 4032 Ecclesia
2929 3973 3209 4054 confugit.

231 4081 390 4141 hanc
422 4075 741 4158 epistolam
777 4072 1114 4151 evenerint,
1137 4071 1251 4132 rite
1273 4069 1706 4146 examinemus,
1735 4072 1902 4150 plura
2005 4156 2044 4158 Η
2073 4090 2100 4121 (ί
2131 4063 2202 4126 Et
2223 4080 2355 4143 quae
2385 4062 2943 4158 demumﬁev-eniunt
2969 4063 3481 4158 postobtentama
3503 4066 3633 4125 divo

229 4183 403 4231 certe
433 4148 781 4241 occurrent,
807 4181 943 4243 quas
972 4148 1437 4225 celeberrimum
1473 4160 1583 4221 hoc
1615 4148 1902 4223 Ecclesiae
1986 4156 2316 4232 Clemente,
2344 4150 2586 4243 nomine
2604 4148 2889 4243 Ecclesiae
2910 4152 3213 4243 Romanae,
3237 4152 3549 4243 epistolam
3576 4155 3631 4213 iu

231 4257 553 4321 catholica:
580 4236 799 4331 dogma
827 4236 1005 4334 quam
1041 4250 1295 4312 maxime
1329 4248 1630 4310 illustrant
1660 4259 1719 4310 et
1750 4270 1899 4313 con-
1926 4244 2251 4334 DEcclesia
2270 4236 2752 4334 Corinthiorum?
2770 4241 3381 4334 cessatseditio,redit
3402 4245 3632 4304 sereni-

236 4350 508 4411 ﬁrmant.
663 4326 688 4331 τ
848 4326 866 4334 ’
1927 4326 2074 4397 ’ωε
2106 4331 2288 4414 pacis,
2320 4338 2381 4390 ut
2422 4347 2492 4390 ex
2549 4326 2775 4389 Irenaeo
2826 4329 3132 4393 discimus.
3187 4331 3450 4410 Epistola
3511 4333 3637 4393 haec

328 4465 352 4492 «
377 4433 652 4500 Ecclesia
664 4431 965 4497 Corinthia
987 4449 1022 4493 a
1041 4428 1439 4492 celeberrimo
1462 4429 1726 4508 gentium
1751 4429 1905 4511 Apo-
1990 4437 2150 4492 tanto
2171 4420 2452 4501 applausu
2468 4416 3123 4498 ibidemsuscipitur,ut
3145 4437 3320 4500 porro
3341 4439 3447 4502 per
3466 4421 3636 4501 plura

235 4556 530 4616 seditionis
559 4569 625 4611 ac
652 4552 1005 4612 dissensionis
1034 4551 1192 4607 duces
1237 4559 1287 4605 et
1317 4632 1325 4633 7
1333 4550 1616 4633 principes
1628 4629 1644 4633 _
1654 4550 1901 4633 fuerunt,
1984 4558 2231 4633 propter
2251 4553 2521 4633 nostrain
2533 4539 2791 4633 salutent
2816 4543 3423 4633 e/fususJotipmndo
3437 4545 3602 4622 pani
3618 4576 3642 4590 -

238 4640 431 4698 debeat
481 4649 801 4693 communem
866 4648 1018 4707 spem
1060 4619 1535 4704 contemplari”;
1588 4619 1776 4690 Metius
1830 4619 1909 4689 est
1984 4619 2199 4696 tentia;
2215 4626 2448 4707 gratias
2466 4619 2684 4685 obtulit
2712 4619 3113 4707 Recuri'amus
3133 4624 3215 4686 ad
3236 4619 3449 4686 omnes
3461 4641 3643 4704 gene-

243 4716 860 4796 hmntnioouﬁteridc
878 4705 1223 4796 lapsibuset
1245 4713 1505 4791 peccatis
1548 4711 1909 4796 (ξξομολογεῖ-
1994 4705 2724 4796 rationes,discamusqtte
2739 4705 2893 4781 quod
2890 4705 2978 4796 ,εἰη
2993 4708 3640 4796 θςηεναςὶᾳῃρριρεης·

242 4782 365 4860 adat
417 4800 537 4876 περὶ
583 4782 685 4854 τίῦν
736 4782 1209 4876 παραπέωμάτων)
1245 4782 1448 4871 ’ρααγη
1479 4782 1780 4876 indurare

1997 4783 2629 4876 rationepanitcntiw
2657 4782 2854 4876 locum
2880 4783 3176 4876 Dominus
3196 4782 3639 4876 deditﬁvotenti-

236 4897 427 4947 suum,
459 4864 621 4952 prout
653 4864 978 4931 induratum
1003 4864 1096 4931 est
1125 4864 1215 4929 co'r
1254 4864 1441 4930 eorum
1467 4872 1564 4946 qui
1597 4880 1792 4929 contra
1826 4864 1917 4945 fa;
2000 4864 2472 4952 tibusad'ipsum
2488 4864 3027 4952 converti,capite7
3054 4873 3113 4926 et
3134 4866 3330 4946 capite
3350 4866 3641 4952 8_.Minis_-

241 4942 477 5018 “tua
495 4957 596 5016 Dei
643 4954 857 5029 Moysen
884 4954 1201 5011 seditionem
1229 4942 1594 5025 fecerunt...”
1632 4942 1917 5020 Clemens,
2007 4954 2092 5016 tri
2111 4942 2336 5013 divina:
2357 4946 2584 5026 gratiae
2596 4961 2705 5024 per
2721 4942 3028 5025 Spiritum
3065 4942 3426 5029 sanctumde
3446 4948 3647 5029 pecui-

240 5043 418 5115 epist.
451 5042 503 5108 t,
535 5053 661 5108 cap.
699 5026 762 5093 51
808 5045 863 5093 et
893 5036 1079 5107 capite
1117 5034 1208 5104 52,
1240 5035 1318 5092 ait
1352 5052 1366 5091 :
1398 5032 1613 5091 Nullius
1636 5035 1766 5115 rei.
1798 5033 1923 5106 fra-
2010 5035 2200 5096 tentia
2233 5029 2467 5115 iocati:
2495 5027 3345 5115 ipsequeomniumﬂonginus
3364 5026 3651 5115 deperii-

243 5105 382 5190 tres.
415 5105 629 5194 indigus
652 5124 728 5175 est
758 5105 1028 5174 Dominus
1056 5117 1319 5183 omnium,
1369 5132 1462 5171 nec
1517 5105 1805 5189 quidqme
1839 5115 1925 5171 ἀε-
2011 5117 2212 5194 tentia
2228 5109 2461 5194 locutus
2481 5111 2569 5167 est
2584 5121 2717 5194 cum
2737 5106 3114 5184 iuramento.
3132 5130 3153 5162 α
3177 5105 3316 5194 Vivo
3344 5112 3505 5194 enim
3524 5122 3651 5182 ego,

243 5183 485 5269 siderat,
514 5183 877 5273 imm-quam
936 5201 1000 5253 ut
1047 5198 1097 5252 ei
1145 5195 1240 5268 ﬁat
1295 5183 1577 5267 confessio.
1631 5183 1726 5252 Ait
1784 5195 1921 5251 enim
2003 5194 2148 5259 dicit
2173 5183 2636 5268 Dominus,nolo
2666 5183 2915 5248 martem
2936 5189 3395 5266 peccatoris,sed
3422 5194 3488 5249 ut
3506 5202 3653 5248 con-

242 5287 449 5342 διεβίω
477 5280 651 5339 David
682 5298 701 5339 :
736 5299 761 5332 ι
798 5276 1100 5350 Conﬁtebar
1128 5275 1372 5343 Domino,
1422 5275 1720 5349 etptaeebit
1754 5277 1801 5331 ei
1826 5291 1921 5334 διι-
2006 5280 2298 5340 vertatur.
2332 5293 2359 5323 π

239 5380 350 5439 per
376 5363 616 5421 vitulum
639 5346 921 5427 mettum,
951 5375 1147 5415 cornua
1188 5346 1564 5432 producente»:
1594 5361 1644 5413 et
1670 5356 1920 5439 ungulas,
2057 5438 2065 5439 ί
2094 5354 2218 5439 (3d)
2247 5349 2422 5439 Beati
2439 5364 2511 5409 su
2522 5346 2978 5439 mus,dilecti,_si
2994 5355 3299 5439 praecepta
3320 5346 3576 5439 ροηῆηῇ
3592 5350 3659 5407 in

257 5432 495 5505 Videant
522 5457 790 5516 paupere:
816 5447 864 5497 et
908 5426 1224 5496 tuimur:-
1267 5440 1335 5496 Et
1362 5440 1561 5494 iterum
1594 5454 1607 5495 ε
1659 5459 1678 5488 ι
1712 5426 1926 5493 Ιὲηνηοια
2011 5426 2333 5516 charitatis
2360 5427 2695 5516 concordia
2723 5426 3076 5516 fecerimus,
3095 5432 3289 5506 utper
3311 5427 3665 5516 charitutem

252 5526 363 5584 Deo
392 5506 732 5595 sacri/icium
782 5519 981 5577 laudis.
1033 5518 1183 5579 Nam
1231 5519 1555 5592 sacriﬁcium
1598 5518 1710 5576 Deo
1749 5517 1922 5590 spiri-
2005 5515 2402 5599 remittantur
2436 5506 2609 5569 nobis
2630 5514 2925 5599 peccata,
2948 5510 3236 5599 scriptum
3277 5509 3503 5599 quippe
3525 5515 3614 5599 est
3647 5525 3663 5566 :

254 5613 342 5663 tu:
371 5594 802 5663 contribulatus.
845 5623 866 5652 ο
2014 5618 2039 5650 α
2070 5597 2233 5655 Beati
2257 5602 2492 5664 quorum
2512 5594 3221 5664 rem_issmuntiniquitates
3249 5595 3299 5645 et
3323 5604 3547 5664 quorum
3561 5596 3671 5664 tec-

319 5658 759 5756 t3'5v)mitaimam
795 5680 1141 5740 intendamus
1188 5680 1251 5737 in
1308 5680 1637 5752 sanguinem
1697 5675 1919 5746 Christi,
2015 5677 2079 5732 ta
2100 5658 2909 5756 ἶςλιίηιςιρεσωια.»(Σιρξξῐιςηεξ,
2938 5659 3278 5756 epistolant,
3310 5658 3506 5742 capite
3560 5659 3664 5720 50.

247 5738 637 5894 uitiatis}:
1146 5760 1256 5819 Dea
1289 5760 1360 5816 sit
1386 5738 1506 5832 eius
1538 5757 1790 5831 sanguis,
1836 5738 1926 5832 qui
2097 5745 2223 5828 (37)
2246 5738 2545 5820 Clemens,
2583 5738 2837 5821 epistola
2860 5742 2917 5820 t,
2955 5738 3149 5821 capite
3176 5738 3331 5894 34.6

648 5862 853 5894 urnan
927 5863 995 5894 ,ιι

590 5850 859 5914 Panos.
905 5849 1023 5915 Gn.
1068 5849 1119 5913 Ι.

3289 5849 3356 5899 ὕ.
