4114 6428
383 255 490 322 1⁵11
1505 266 1610 330 ΑΒ
1657 267 1720 329 S.
1767 267 2040 331 CLEMEl

2130 269 2245 331 ἘΜ
2295 272 2317 331 1
2365 270 2620 336 PAPAM
2939 255 2951 264 ’
3669 269 3785 331 172

379 399 596 462 sacula
613 408 777 462 certo
796 408 1067 479 tempore
1083 400 1143 461 in
1170 399 1431 478 publicis
1452 400 1848 463 conventibus
1870 401 2037 464 Chri-
2059 414 2093 457 Α
2118 400 2377 464 Joannes
2408 406 2709 485 apostolus
2739 416 2793 467 et
2827 408 3210 487 evangelista,
3248 408 3501 467 dilectus
3552 408 3771 469 Christi

382 490 708 551 stianorum
736 490 894 550 lecta
916 488 1307 569 fuerit,prout
1329 509 1398 551 ex
1423 489 1703 569 Dionysio
1730 491 2040 553 Corinthio
2125 491 2475 572 discipulus,
2502 496 2601 573 qui
2627 504 2714 569 (ut
2738 497 2941 573 phrasi
2971 496 3251 560 Ecclesia
3293 497 3528 576 loquar)
3545 497 3773 572 ﬂuenta

382 588 622 641 enarrat
652 578 967 654 Eusebius,
1005 587 1063 640 et
1117 597 1222 639 suo
1268 580 1464 641 adhuc
1498 591 1771 660 tempore
1823 581 2036 641 factum
2124 582 2453 662 Evangelii
2471 585 2544 646 de
2569 588 2701 665 ipso
2720 586 3212 647 sacroDominici
3228 588 3775 666 pectoris/antepo-

383 688 515 732 esse
532 670 700 730 divus
720 667 1116 749 Hieronymus
1142 676 1427 731 testatur:
1454 669 1799 747 spectabant
1826 688 2040 747 nempe

383 757 678 822 Corinthii
704 759 858 821 hanc
879 758 1193 838 epistolam
1219 766 1501 839 tanquam
1523 758 1910 820 fortissimum
1936 777 2035 818 an-

384 850 636 911 tidotum
670 849 957 910 adversus
987 847 1214 908 futuras
1237 848 1601 921 seditiones;
1625 848 2034 929 deprehende-

385 939 524 1002 bant
562 938 729 1020 plura
766 940 824 999 in
858 957 926 998 ea
959 956 1143 998 sacra
1176 934 1498 1015 Scriptura
1528 937 1658 998 loca
1680 940 1790 999 cla:
1812 940 1902 998 ius
1932 956 2038 999 ex-

384 1030 594 1110 posita,
632 1037 691 1090 et
722 1028 991 1089 moribus
1020 1027 1414 1089 emendandis
1443 1027 1701 1089 feliciter
1732 1027 2034 1088 adhibita:

382 1120 768 1180 inveniebant
800 1116 1158 1196 apostolicas
1188 1115 1542 1177 traditiones
1573 1135 1606 1177 a
1639 1116 2039 1178 celeberrimo

383 1209 787 1288 apostolorum
806 1207 1100 1286 discipulo
1123 1205 1237 1267 sibi
1262 1205 1656 1285 conscriptas;
1684 1206 1957 1283 legebant
1981 1205 2039 1266 in

2126 673 2408 748 tacit,qui
2437 692 2612 751 porro
2635 683 2887 735 testante
2911 674 3045 734 divo
3075 673 3332 751 Hieron)
3354 693 3446 733 mo
3471 674 3591 751 (38)
3624 682 3771 735 totas

2124 760 2277 820 Asia
2328 761 2619 835 fundavit,
2653 764 2918 843 rexitque
2966 764 3302 826 Ecclesias:
3343 766 3547 825 Roma
3574 773 3768 825 autem

2116 850 2235 925 jam
2270 851 2547 930 martyrio
2578 852 2821 912 affectos
2851 872 2981 913 esse
3012 852 3180 913 divos
3208 852 3504 930 apostolos
3533 851 3768 914 Petrum

2124 946 2181 998 et
2200 939 2471 1014 Paulum,
2501 941 2557 1000 id
2584 952 2746 1001 certe
2772 940 3096 1001 Ecelesiam
3131 939 3494 1003 Corinthium
3525 942 3771 1002 minime

2124 1026 2359 1089 latebat.
2395 1027 2465 1089 Et
2498 1029 2886 1091 nihilominus
2917 1050 3030 1091 non
3068 1030 3422 1109 legationem
3456 1031 3526 1090 ad
3571 1031 3767 1092 divum

2120 1114 2535 1187 Joannem,sed
2554 1120 2622 1177 ad
2640 1117 2968 1179 Ecclesiam
2992 1121 3320 1178 Romanam
3344 1118 3481 1179 atad
3498 1119 3767 1197 ejusdem

2126 1202 2441 1266 Prasulem
2468 1208 2767 1269 destinant
2793 1208 3087 1269 Corinthii
3120 1207 3262 1279 Quis
3286 1226 3354 1268 ex
3377 1208 3491 1268 hoc
3514 1227 3630 1268 non
3655 1209 3770 1268 col-

384 1299 593 1361 eadem
624 1298 785 1374 leges
816 1295 1145 1375 disciplina
1167 1296 1291 1374 jam
1323 1294 1395 1355 ab
1428 1314 1549 1355 avo
1583 1296 1906 1372 apostolico
1940 1295 2035 1354 in-
2124 1292 2284 1372 ligat,
2320 1295 2659 1357 Corinthlos
2688 1298 2882 1375 divum
2918 1297 3281 1358 Clementem
3318 1315 3425 1356 ceu
3452 1296 3630 1357 totius
3656 1298 3770 1358 Ec-

385 1387 729 1463 traductas;
752 1397 930 1466 atque
962 1374 1051 1447 Sat
1074 1385 1237 1446 clare
1266 1403 1341 1445 ex
1378 1385 1585 1446 eadem
1622 1383 1901 1445 Romana
1927 1383 2038 1444 Ec-
2124 1384 2319 1443 clesia
2352 1396 2545 1465 caput,
2570 1396 2627 1445 et
2658 1374 2923 1447 omnium
2958 1387 3433 1447 Christianorum
3462 1401 3688 1466 patrem
3717 1396 3772 1448 et

384 1476 583 1539 clesia
612 1494 792 1555 supra
818 1482 1063 1535 cateras
1106 1473 1466 1552 colligebant
1509 1474 2032 1553 principalitatem.
2123 1473 2425 1534 doctorem
2452 1474 2631 1535 fuisse
2656 1485 2964 1536 veneratus
2981 1476 3011 1534 ?
3028 1486 3087 1536 et
3109 1494 3209 1554 per
3234 1477 3386 1537 hanc
3410 1476 3600 1555 ipsam
3626 1476 3684 1536 in
3708 1496 3772 1538 re

327 1595 333 1600 -
385 1565 505 1630 Cur
528 1568 688 1629 enim
713 1564 979 1627 Ecclesia
999 1563 1307 1627 Corinthia
1328 1564 1397 1624 ad
1422 1564 1751 1626 Romanam
1778 1563 2041 1639 confugit
2066 1613 2100 1662 Β
2123 1564 2306 1623 ardua
2330 1564 2665 1624 cessionem
2688 1584 2755 1625 ac
2778 1564 3327 1646 obedientiam,ubi
3348 1565 3515 1626 zelus
3539 1565 3772 1627 invidia

384 1656 713 1719 Ecclesiam
737 1676 753 1736 ;
781 1654 896 1715 nisi
918 1654 977 1714 in
1000 1654 1111 1714 hac
1134 1654 1267 1733 ipsa
1292 1653 1567 1731 superius
1592 1652 1894 1728 quoddam
1920 1670 2035 1711 ma-
2066 1652 2237 1730 "jam
2306 1663 2605 1713 exarserat
2656 1663 2814 1727 ante,
2865 1656 3048 1716 fuisse
3100 1655 3426 1734 confessus,
3454 1656 3608 1735 quod
3662 1658 3773 1735 ipsi

383 1743 1280 1825 gisterium.auteminentiorem
1296 1742 1610 1823 quamdam
1626 1742 2033 1802 auctoritatem
2119 1741 2253 1802 divo
2278 1742 2653 1804 Clemenliin
2688 1745 2861 1805 beato
2897 1744 3069 1804 Petro
3093 1746 3410 1825 pascendi,
3434 1757 3491 1807 et
3518 1748 3775 1824 regendi

383 1835 724 1913 agnovisset
748 1833 771 1895 ἱ)
791 1832 1001 1895 Nonne
1028 1834 1279 1893 aderant
1309 1832 1653 1912 complures
1688 1832 1861 1909 longe
1896 1832 2033 1893 vici-

384 1924 588 1985 niores
616 1922 901 1986 Ecclesia
932 1922 1155 2002 pariter
1206 1921 1279 1982 ab
1327 1921 1614 2001 apostolis
1644 1920 1924 2000 fundata,
1958 1921 2030 1980 ad

384 2033 530 2094 quas
550 2013 874 2091 confugere
898 2012 1077 2088 longe
1099 2010 1330 2072 facilius
1351 2010 1657 2091 potuisset,
1682 2009 1730 2070 si
1755 2009 2033 2099 agnovis-

384 2114 473 2166 set
491 2106 550 2165 in
575 2105 660 2165 eis
682 2102 974 2180 aqualem
1000 2101 1244 2162 omnino
1268 2118 1402 2160 cum
1434 2101 1705 2159 Romana
1732 2100 2045 2160 auctorita-

386 2194 555 2256 tem?
585 2192 795 2255 Nonne
827 2192 926 2252 illo
963 2200 1251 2269 tempore,
1291 2208 1410 2266 quo
1443 2187 1707 2250 Ecclesna
1740 2187 2044 2250 Corinthia

2122 1832 2303 1912 (quod
2326 1834 2655 1909 sqiritualia
2677 1835 2909 1913 attinet)
2948 1844 3003 1895 et
3032 1835 3416 1912 gubernandi
3450 1837 3768 1896 universa-

2120 1926 2235 1982 tem
2260 1922 2597 1984 Ecclesium
2630 1924 2813 2001 plena
2842 1932 3104 2003 potestas
3133 1928 3215 1984 sit
3248 1926 3479 1986 tradita
3509 1927 3533 1984 ?
3563 1946 3588 1983 »
3626 1922 3775 1985 Hac-

2127 2019 2301 2072 tenus
2332 2012 2697 2074 clarissimus
2737 2014 3052 2075 Fuldensis
3083 2014 3413 2093 theologus.

2702 2102 3118 2167 ARTICULUS
3164 2103 3211 2166 ll

2545 2207 3016 2255 OBSERVATIONES
3056 2210 3351 2255 MORALES.

384 2287 457 2348 ad
489 2288 821 2350 Romanam
855 2283 1144 2363 confugit,
1169 2281 1240 2341 ad
1264 2281 1499 2360 imperii
1531 2286 1762 2342 clavum
1796 2280 2041 2342 sedebat
2125 2279 2155 2359 ἓ
2186 2278 2227 2339 l.
2274 2282 2353 2340 De
2384 2281 2768 2357 humi/uate,
2806 2291 2864 2343 et
2910 2284 3230 2355 cltaritatc,
3268 2286 3536 2363 vitioque
3584 2285 3771 2344 eidem

384 2379 779 2450 Domitianus,
816 2394 1184 2457 persequens
1216 2374 1537 2435 crudeliter
1559 2373 1952 2445 Christianos,
1978 2374 2035 2433 in
2555 2378 2848 2451 opposito,
2925 2371 3335 2435 aemula/ioue.

383 2470 533 2531 urbe
563 2468 827 2531 Romana
846 2464 1218 2546 potissimum
1254 2462 1568 2524 dominans
1588 2472 1647 2524 et
1665 2461 2037 2523 Christianos
2202 2459 2556 2523 Humitilas.
2570 2462 2939 2540 Exumptum
2956 2462 3389 2524 hzlmititutisin
3404 2472 3617 2523 sancta
3631 2464 3751 2524 Per

382 2557 608 2621 ibidem
632 2558 1030 2632 exagitans,ut
1052 2572 1122 2614 ex
1144 2551 1402 2613 Eusebio
1423 2553 1740 2614 discimus?
1760 2550 1877 2613 Cur
1898 2571 2031 2611 cum
2118 2568 2266 2611 sona
2282 2549 2946 2622 Saluatoris—Quoad
2981 2552 3267 2611 moralem
3293 2553 3480 2612 sancti
3502 2551 3770 2614 Clemeu.

383 2655 546 2709 tanto
581 2647 849 2728 periculo
881 2644 1023 2706 illuc
1052 2643 1276 2717 legatos
1308 2650 1408 2703 aut
1456 2644 1664 2703 saltem
1720 2641 2032 2720 epistolam
2121 2640 2197 2699 tis
2227 2641 2586 2713 doctrinam,
2623 2660 2694 2699 en
2727 2640 3068 2720 pulchriora
3096 2642 3245 2714 loca,
3280 2661 3411 2721 qua
3443 2660 3513 2702 ex
3542 2642 3769 2702 duabus

383 2737 701 2819 mittit,nisi
725 2734 1052 2797 Ecclesiam
1076 2732 1431 2807 Romanam,
1459 2731 1827 2812 reliquarum
1853 2730 2033 2809 magi-
2119 2729 2387 2809 epistulis
2402 2738 2683 2819 excerpta
2698 2748 2825 2788 eam
2844 2729 3681 2810 respiciunt.Loqmturprimo
3695 2731 3768 2790 de

373 2818 799 2890 stramfuisset
828 2834 1107 2884 venerata
1132 2828 1160 2885 ‘t
1190 2823 1406 2883 Nonne
1438 2822 1550 2882 hoc
1582 2822 1712 2900 ipso
1765 2829 2033 2897 tempore
2122 2819 2460 2881 humilitate
2491 2818 2849 2897 Christiana,
2882 2821 3132 2898 ejusque
3159 2821 3383 2899 praxim
3411 2831 3653 2881 sanctus
3677 2820 3769 2880 hic

374 2916 669 2979 ﬂorebant
722 2913 867 2975 varii
925 2913 1119 2973 adhuc
1180 2910 1497 2991 apostolici
1551 2908 1684 2983 viri,
1722 2919 1778 2969 et
1831 2910 2091 2991 plures"
2124 2908 2381 2988 pontifex
2416 2908 2692 2969 fidelibus
2725 2910 3768 2989 commendat;exhibetexemplum

696 3002 1101 3085 apostolorum
1126 2975 1400 3080 discipuli
1420 2999 1452 3059 ‘3
1470 2999 1541 3060 ad
1569 2975 1717 3079 quos
1745 2975 1917 3076 longe
1941 2997 2032 3059 fa—
2054 2975 2094 3024 Ο
2120 2975 2584 3078 ipsiusmetJesu
2608 3001 2688 3060 Ch
2702 2997 2935 3071 risti,de
2956 3018 3073 3078 quo
3103 2975 3228 3059 liae
3252 3000 3428 3061 habet
3451 2998 3579 3079 (39)
3602 2975 3772 3063 {Sce-

377 3097 551 3159 cilius
574 3095 861 3175 potuisset
886 3089 1221 3153 accedere?
1251 3107 1358 3149 cur
1380 3088 1453 3149 ab
1485 3087 1652 3149 hisce
1685 3106 1799 3148 non
1838 3087 2034 3167 pmius
2113 3098 2321 3168 ptrum
2352 3090 2681 3163 maiestatis
2704 3087 3133 3166 Dei,[)ommus
3164 3097 3369 3149 noster
3392 3091 3571 3151 Iesus
3602 3089 3776 3151 Chri-

377 3180 663 3249 auxilium
692 3182 839 3265 petit
865 3185 890 3244 ?
922 3181 1034 3242 nisi
1056 3180 1146 3241 vel
1179 3179 1237 3240 hi
1263 3178 1378 3259 ipsi
1408 3197 1442 3239 a
1473 3177 1743 3240 Romana
1768 3176 2034 3239 Ecclesia
2115 3186 2389 3257 stus,non
2412 3181 2577 3239 venit
2600 3180 2660 3238 in
2684 3180 2991 3253 iactantia
3026 3182 3423 3256 arrogantiw,
3446 3195 3636 3255 neque
3663 3198 3771 3241 su-

379 3276 701 3357 quamdam
735 3270 1194 3352 dependentiam
1218 3268 1474 3330 fuissent
1503 3266 1796 3346 professi;
1836 3285 2033 3357 nonne
2111 3269 2507 3347 perbiu',eum
2530 3276 2741 3348 potens
2764 3269 2869 3340 sit;
2892 3268 2993 3329 sed
3015 3268 3770 3348 inhumilitate,qucmad-

380 3355 482 3427 ille
507 3368 653 3445 ipse,
680 3364 738 3424 in
757 3380 933 3442 quem
961 3360 1310 3420 fundaverat
1340 3375 1443 3419 sua
1460 3376 1511 3415 m
1541 3357 1865 3417 Ecelesiam
1894 3355 2029 3418 Sal-
2116 3359 2359 3418 modum
2386 3359 2655 3437 Spiritus
2674 3366 2923 3419 senatus
2949 3358 3020 3418 de
3039 3360 3170 3437 ipso
3192 3357 3425 3419 locutus
3446 3365 3552 3420 est.
3582 3358 3769 3421 Dein-

380 3463 547 3516 vator
568 3462 769 3514 noster
787 3452 963 3514 Jesus
988 3449 1278 3528 Christus,
1305 3448 1495 3523 quoad
1521 3465 1838 3526 personam
1865 3464 2031 3507 suam
2120 3464 2262 3527 ceps
2286 3455 2415 3527 post
2435 3448 2689 3507 adducta
2722 3446 2823 3506 illa
2855 3448 3165 3526 propheta
3186 3445 3353 3507 Isaia
3374 3448 3523 3518 loca,
3555 3449 3611 3508 in
3635 3448 3767 3527 qui-

375 3546 499 3626 jam
532 3543 848 3605 defunctus
881 3549 1006 3599 erat
1056 3556 1189 3598 cum
1251 3538 1381 3596 divo
1433 3535 1612 3626 Paulo
1666 3536 2036 3626 zelosi_ssimo
2126 3537 2234 3597 bus
2278 3536 2354 3597 de
2385 3536 2698 3626 tormentis
2752 3546 2811 3626 et
2851 3535 3284 3626 adjectionibus
3313 3535 3636 3599 Salvatoris
3681 3545 3768 3597 est

383 3624 646 3714 gentium
680 3631 1049 3711 apostolo?et
1081 3626 1472 3688 nihilominus
1502 3624 1574 3686 ab
1599 3626 1804 3686 eadem
1836 3624 2041 3686 Eccle-
2124 3644 2347 3706 sermo,
2382 3625 2462 3685 ita
2521 3624 2850 3698 conclndit,
2896 3624 2967 3685 ad
3036 3624 3376 3687 Corinthios
3433 3644 3766 3689 sermonem

381 3724 488 3803 sia,
520 3722 580 3785 in
612 3740 727 3803 qua
760 3718 993 3780 crudeli
1024 3716 1448 3796 persecutione
1495 3716 1667 3776 vitam
1721 3722 2043 3795 posuerant
2128 3724 2481 3777 convertens
2508 3736 2523 3776 :
2554 3716 2846 3785 (λεν-πίας,
2873 3715 3002 3777 viri
3027 3716 3217 3788 chari,
3252 3718 3415 3796 quod
3463 3718 3774 3797 exemplar

383 3813 559 3874 ambo
582 3807 1199 3893 apostoli,subsidium
1217 3815 1273 3867 et
1292 3805 1742 3893 instructionem
1773 3814 2040 3885 tempore
2121 3804 2294 3867 nobis
2323 3805 2527 3867 datum
2545 3806 2619 3866 sit
2645 3804 2669 3865 Υ
2692 3823 2835 3865 nam
2849 3806 2904 3867 si
2938 3806 3233 3867 Dominus
3262 3806 3414 3868 adeo
3454 3805 3774 3869 humiliter

386 3892 696 3964 seditionis
723 3908 781 3960 et
811 3895 1215 3959 contentionis
1249 3896 1402 3955 inter
1450 3895 1613 3973 ipsos
1668 3892 2040 3957 Christianos
2120 3914 2184 3956 se
2203 3897 2409 3974 gessit,
2430 3895 2577 3975 quid
2604 3896 2896 3972 faciemus
2916 3913 3043 3968 nos,
3070 3897 3182 3977 qui
3197 3897 3537 3978 subjugum
3557 3899 3774 3976 gratia:

390 3998 611 4054 exorta
638 3991 783 4071 petit
814 3986 1081 4049 Ecclesia
1112 3985 1459 4048 Corinthia!
1494 3993 1551 4045 et
1580 4003 1687 4045 cur
1718 3984 1888 4055 illud,
1926 3981 2041 4043 nisi

389 4080 451 4142 in
481 4082 606 4161 ipsa
630 4077 902 4143 Ecclesia
923 4075 1188 4137 Romana
1211 4083 1563 4155 potestatem
1589 4074 1708 4133 divi
1742 4072 1901 4135 Petri
1931 4072 2036 4133 ad-

391 4170 507 4232 huc
528 4178 651 4231 tum
674 4168 874 4247 vigere
905 4164 1208 4228 novisset?
1233 4173 1292 4226 et
1310 4165 1576 4243 demum,
1603 4164 1785 4236 unde,
1813 4179 2040 4238 quaso,

2120 3983 2259 4062 ejus
2276 4000 2394 4063 per
2412 3986 2606 4063 ipsum
2628 3987 2908 4046 venimus
2930 3988 2956 4044 ?

2208 4077 2248 4133 A
2261 4072 2349 4133 tia
2363 4073 2640 4154 exempta
2669 4075 3039 4137 humilitatis
3065 4077 3132 4136 in
3149 4076 3536 4155 patriarchis
3555 4084 3613 4139 et
3628 4094 3742 4158 pro
3756 4108 3778 4122 -

2125 4162 2343 4239 phetis.
2374 4161 2602 4224 —Post
2635 4163 2896 4224 divinum
2931 4165 3044 4225 hoc
3078 4164 3449 4238 humilitatis,
3479 4165 3774 4245 abjectio-

390 4268 593 4321 tantus
625 4258 762 4319 huic
794 4257 1062 4336 epistola
1105 4255 1450 4326 Clementis,
1484 4262 1586 4314 aut
1637 4254 2042 4314 Romanorum
2072 4287 2111 4336 ο
2132 4250 2342 4327 nisque
2364 4253 2688 4333 exemplar,
2710 4264 2947 4314 sanctus
2973 4254 3246 4316 Pontifex
3275 4253 3447 4315 nobis
3474 4255 3549 4316 ob
3572 4256 3781 4318 oculos

392 4349 662 4422 effectus,
682 4356 745 4407 ut
766 4347 827 4406 in
848 4345 1115 4409 Ecclesia
1139 4344 1448 4405 Corinthia
1470 4341 1885 4403 contentiones
1907 4356 2043 4402 ces-

394 4437 869 4513 sent,sedilionis
894 4435 1046 4513 ignis
1078 4437 1505 4512 exstinguatur,
1536 4450 1640 4511 pax
1671 4430 1924 4490 redeat?
1944 4446 2048 4489 cur

396 4528 512 4590 divi
528 4526 854 4589 Clementis
871 4525 1120 4605 epistola
1137 4532 1294 4584 tanta
1312 4522 1690 4584 veneratione
1703 4518 2044 4599 suscipitur,

395 4625 458 4678 ut
481 4616 831 4697 quantocius
854 4614 1050 4675 cuncti
1074 4612 1269 4675 eidem
1296 4611 1575 4673 obediant
1599 4616 1626 4672 ‘t
1649 4626 1757 4669 cur
1786 4617 1941 4668 tanta
1968 4615 2047 4668 el-

397 4707 534 4768 dem
565 4705 849 4768 tribuitur
869 4704 1297 4781 reverentia,ut
1319 4710 1453 4782 post
1475 4702 1643 4779 plura
1674 4698 1890 4759 sacula
1916 4716 2043 4758 eam

394 4796 456 4857 in
484 4794 874 4857 conventibus
901 4791 1157 4871 publicis
1181 4788 1522 4870 legant,nisi
1541 4790 1741 4849 divum
1769 4788 2046 4848 Clemen-

392 4893 510 4946 tem
539 4904 648 4947 ceu
671 4883 858 4946 sancti
886 4885 1045 4945 Petri
1071 4882 1477 4959 apostolorum
1511 4877 1796 4955 Principis
1816 4896 2050 4937 succes-

395 4993 592 5037 sorem
624 4975 875 5036 fuissent
923 4969 1208 5038 venerati,
1252 4968 1363 5028 nisi
1398 4986 1518 5047 pra
1566 4967 1814 5047 reliquis
1865 4967 2039 5026 etiam

390 5063 777 5125 sanctissimis
794 5060 931 5121 viris
961 5059 1247 5137 majorem
1278 5058 1597 5135 quamdam
1628 5056 2037 5116 auctoritatem

394 5154 588 5214 eidem
625 5150 1024 5212 tribuissent?
1057 5147 1179 5208 lloc
1213 5147 1347 5227 ipso
1379 5164 1524 5208 sane
1552 5157 1839 5227 tempore,
1880 5154 1939 5206 ut
1971 5164 2040 5207 ex

394 5243 649 5303 Eusebio
711 5239 1019 5313 discimus,
1078 5238 1295 5298 vivebat
1359 5237 1553 5297 adhuc
1604 5238 1819 5316 Ephtsi
1875 5237 2042 5297 divus

1137 5398 1351 5462 2910i).
1386 5417 1505 5473 XIV,
1540 5399 1600 5460 4.

482 5537 604 5618 (3⁸)
641 5532 1097 5618 ζξθηίίίυωηγιιι.
1129 5536 1211 5596 Dc
1239 5542 1423 5618 scrip.
1455 5534 1724 5598 eertean
1749 5534 2045 5611 Catalego.

485 5615 609 5696 (39}
646 5614 830 5693 Epist.
871 5619 920 5681 l,
961 5631 1090 5693 cap.
1132 5620 1223 5676 'lt'i.

475 5404 534 5452 ‘38
562 5406 711 5466 Cen.
745 5418 913 5475 xvm,
948 5398 1048 5460 ‘27.

2131 4341 2296 4419 ponit
2323 4341 2643 4421 perfectam
2692 4343 3085 4405 humilitatem
3130 4352 3469 4405 sanctorum
3522 4347 3786 4425 prophe-

2134 4445 2323 4490 larum
2351 4432 2519 4505 Elia,
2542 4430 2737 4492 Elisai
2764 4442 2821 4493 et
2852 4431 3203 4493 Ezechielis.
3228 4432 3488 4494 Abraha
3530 4434 3778 4496 humili-

2132 4528 2314 4580 tatem
2340 4522 2719 4584 commendat
2746 4522 2868 4602 (40)
2893 4524 2952 4583 in
2984 4522 3112 4584 istis
3134 4523 3402 4602 ejusdem
3433 4524 3785 4603 patriarcha

2133 4609 2328 4669 verbis
2355 4632 2367 4673 :
2392 4613 2525 4691 Ego
2542 4620 2740 4674 autem
2755 4630 2889 4674 sum
2907 4620 3071 4674 terra
3092 4618 3149 4674 et
3170 4614 3331 4674 cinis
3346 4612 3405 4662 ³8
3428 4631 3444 4687 ;
3469 4614 3746 4676 humilita
3760 4647 3782 4659 -

2132 4708 2247 4760 tem
2274 4700 2385 4763 Job
2422 4703 2479 4762 in
2520 4703 2831 4763 verissima
2863 4703 2992 4777 hac,
3028 4720 3204 4783 quam
3266 4703 3779 4785 tradit,veritate:

2131 4788 2319 4852 Nemo
2346 4793 2609 4853 mundus
2652 4810 2689 4853 a
2734 4793 2937 4871 sorde,
2972 4802 3029 4853 et
3066 4794 3123 4853 si
3151 4793 3340 4855 unius
3371 4794 3501 4855 diei
3542 4797 3621 4855 sit
3653 4796 3787 4858 vita

2132 4873 2265 4947 ejus
2286 4871 2808 4947 i9;humilitatem
2862 4873 3077 4952 Moysis
3128 4872 3185 4933 in
3235 4875 3569 4948 aversione,
3607 4893 3782 4955 quam

2136 4960 2257 5025 Deo
2318 4972 2560 5023 testatus
2622 4971 2737 5035 est,
2796 4981 2830 5023 a
2878 4962 3171 5024 sumendo
3234 4964 3527 5043 regimine
3582 4966 3785 5045 populi

2126 5052 2427 5113 Israelitici
2458 5056 2551 5109 50:
2590 5051 2992 5115 humilitatem
3034 5053 3296 5133 Davidis,
3330 5072 3464 5134 qua
3525 5057 3786 5116 maxime

2126 5141 2184 5201 in
2243 5143 2469 5220 psalmo
2517 5161 2547 5204 L
2591 5142 2917 5223 reperitur,
2952 5142 3053 5203 ubi
3108 5161 3280 5204 verus
3331 5143 3427 5205 hic
3481 5144 3785 5224 pmnitens

2127 5232 2526 5293 humilitatem
2560 5233 2754 5295 cordis
2787 5232 2878 5292 sui
2912 5231 3253 5294 manifestat
3275 5233 3421 5311 (4t).

1696 5399 1760 5449 50
1789 5397 1969 5459 Exod
2011 5413 2099 5472 In,
2140 5399 2229 5459 ll.

2219 5534 2350 5607 (40)
2383 5531 2559 5603 lbid.,
2595 5551 2726 5611 cap.
2768 5533 2856 5593 l7.

2221 5616 2345 5693 (4|)
2382 5612 2489 5693 Ep.
2537 5623 2744 5693 l,cap.
2786 5614 2877 5675 18.
