4114 6432
343 310 448 374 351
1125 316 1182 375 s.
1232 315 1664 378 CLEMENTIS
1709 318 1734 378 Ι
1781 317 1962 380 non.
2015 319 2236 381 PONT.
2287 319 2535 383 OPERA
2580 322 2950 387 GENUINA.
3610 299 3727 387 352

339 486 518 558 vero,
565 465 716 534 ﬁdei
755 464 1106 558 Catholicae
1145 467 1354 536 hostis
1394 467 1673 554 gloriam
1715 467 2056 558 propriam
2098 466 2421 556 quaesivit,
2455 467 2588 536 imo
2628 467 2928 542 Ecclesia
2970 469 3523 554 humiliationem,
3566 471 3725 539 dum

342 557 725 624 thesaurum
763 553 1220 626 absconditum
1267 553 1614 626 rese’raret.

426 670 602 765 Beati
644 673 908 765 quidem
953 673 1302 743 Clementis
1346 674 1667 765 Epistolas
1722 677 1809 742 ad
1859 677 2182 765 Virgines,
2212 675 2520 745 laudibus
2559 677 2836 758 extulit;
2873 679 3012 762 sed,
3057 698 3206 746 cum
3252 678 3448 746 simul
3489 679 3724 746 imma-

343 762 626 855 culatam
666 763 904 855 Christi
945 784 1250 855 sponsam
1281 762 1590 855 conviciis
1637 762 2008 854 impeteret,
2048 767 2493 836 adversarium
2535 766 2772 835 Christi
2814 788 2883 835 se
2920 766 3165 855 detegit
3219 779 3282 835 et
3344 767 3724 836 ministrum

345 849 620 934 Satanae,
667 853 781 940 qui
814 849 1242 941 transﬁgurat
1281 875 1350 920 se
1391 854 1459 921 in
1501 849 1808 942 angelum
1840 857 2003 925 lucis
2027 859 2078 924 δ.

430 969 570 1070 Non
611 972 987 1072 omnes__qui
1030 981 1210 1038 extra
1249 970 1604 1072 Ecclesiam
1645 982 1826 1072 sunt,
1857 973 2077 1072 hostili
2121 991 2379 1072 semper
2407 970 2644 1072 spiritu
2675 973 3073 1072 loquuntur.
3102 971 3335 1040 Junius
3374 971 3720 1072 Patricius,

349 1053 754 1152 Oxoniensis,
797 1053 989 1152 aliam
1025 1081 1313 1152 operam
1376 1062 1584 1129 sancti
1635 1053 1990 1131 Clementis
2027 1053 2396 1152 publicans,
2442 1053 2506 1127 in
2549 1053 3308 1152 Ecclesiam‘Romanam
3337 1082 3490 1152 non
3544 1053 3725 1129 inve-

341 1145 523 1240 bitur
553 1202 567 1228 ,
614 1168 760 1240 qua;
827 1145 1147 1217 catholiee
1189 1161 1448 1217 sanctus
1487 1153 1783 1225 Clemens
1853 1145 2114 1240 semp-er
2180 1151 2359 1230 dicit,
2401 1171 2740 1240 nunquam
2784 1151 2850 1218 in
2906 1150 3273 1240 Catliolicos
3315 1151 3717 1239 detorquet;

344 1234 444 1302 his
487 1233 653 1324 quee—
676 1233 754 1304 ad
826 1259 1050 1329 pacem
1116 1240 1591 1308 restituendam
1649 1252 1913 1309 sanctus
1974 1233 2268 1311 Clemens
2319 1233 2589 1329 profert,
2627 1242 2704 1306 ad
2759 1240 3145 1308 seditionem
3189 1233 3721 1328 discordiamque

339 1329 776 1482 ipaigtendam
819 1328 1055 1395 nullibi
1088 1329 1431 1411 abutitur;
1474 1331 1541 1397 in
1589 1331 1846 1400 Petram
1887 1331 2192 1400 Ecclesize
2236 1328 2575 1397 immotam
2613 1329 2805 1398 inferi
2863 1341 3086 1418 portas
3140 1349 3550 1398 commovere
3586 1350 3721 1397 non

374 1434 452 1480 en
486 1435 521 1482 a
558 1470 571 1482 .

374 1434 571 1482 entat.

441 1528 705 1628 Veniam
747 1534 946 1621 igitur
985 1535 1066 1603 ab
1106 1535 1414 1628 omnibus
1453 1537 1856 1621 orthodoxis,
1909 1537 2274 1628 praesertim
2305 1557 2454 1604 vero
2495 1557 2532 1604 a
2573 1546 2634 1606 te
2672 1557 2898 1628 spero,
2924 1537 3323 1628 fidelissime
3362 1536 3640 1628 Praesul,
3668 1538 3720 1605 si

339 1627 604 1717 beatum
645 1623 1039 1717 Clementem
1079 1626 1366 1717 virgines
1424 1628 1863 1714 alloquentem
1911 1623 2092 1695 novis
2124 1628 2485 1717 producam
2528 1635 2612 1717 et
2651 1623 3090 1717 dignioribus,
3117 1628 3496 1717 dummodo
3561 1627 3722 1717 mihi

338 1737 467 1784 non
516 1713 811 1793 illudam,
857 1715 1258 1782 ornamentis
1299 1713 1629 1797 vestitum,
1672 1728 1736 1784 et
1767 1720 1819 1785 si
1858 1713 2515 1786 sensum—verborum
2561 1715 2703 1804 ejus
2753 1739 2788 1782 a
2826 1715 3130 1784 Wetstini
3179 1716 3720 1804 interpretatione

342 1824 609 1893 prorsus
649 1805 961 1885 alienum,
1016 1825 1142 1870 non
1187 1807 1384 1873 semel
1426 1827 1765 1895 usurpem.

422 1923 604 1992 Nunc
635 1921 804 2013 quid
843 1921 913 2013 _in
943 1922 1068 2013 hac
1105 1921 1554 2013 publicatione
1589 1923 1981 1990 intenderim
2027 1925 2153 2012 piis
2178 1923 2486 1992 omnibus
2529 1922 2886 1992 lectoribus
2925 1923 3261 1991 declarare
3309 1940 3528 2013 operte
3566 1944 3719 2012 pre-

335 2013 500 2080 tium
534 2011 785 2101 judice,
831 2010 1040 2078 fusius
1086 2011 1160 2078 in
1195 2013 1447 2100 praevia
1490 2014 1940 2081 dissertatione
1971 2010 2411 2082 discussurus.

420 2132 658 2198 Doctus
700 2128 948 2210 Binius,
988 2130 1100 2217 qui
1146 2130 1478 2197 scribebat
1519 2131 1630 2197 diu
1674 2144 2026 2220 antequam
2101 2132 2545 2198 invenirentur
2588 2131 2891 2220 Epistolaz
2959 2129 3189 2220 sancti
3238 2129 3583 2198 Clementis
3628 2132 3716 2196 ad

343 2221 663 2308 Virgines,
701 2240 1017 2310 expresse
1049 2220 1401 2310 proﬁtetur
1435 2241 1542 2286 eas
1583 2219 1926 2302 exstitisse,
1970 2224 2433 2309 canonicasqne
2469 2219 2672 2288 fuisse
2715 2221 3098 2310 appellatas,
3142 2219 3312 2287 sicut
3364 2220 3719 2308 Epistolam

331 2311 611 2400 primam
657 2309 735 2375 ad
777 2308 1173 2390 Corinthios,
1221 2310 1378 2397 quia
1422 2311 1489 2376 in
1530 2311 1830 2378 ﬁdelium
1871 2313 2150 2378 coetibus
2183 2308 2598 2398 legebantur.

419 2424 538 2491 Hic
579 2444 699 2513 ego
745 2433 998 2491 tantum
1036 2424 1247 2491 dicam
1289 2427 1467 2513 quod
1509 2427 1558 2492 si
1603 2447 1711 2493 eas
1751 2427 2158 2495 authenticas
2200 2447 2340 2495 esse
2373 2447 2505 2494 non
2552 2425 2835 2493 firmiter
2881 2425 3262 2507 tenuissem,
3308 2425 3466 2508 imo,
3503 2423 3556 2490 si
3591 2424 3718 2490 mi-

333 2514 588 2580 nimum
619 2512 813 2581 etiam
855 2513 1130 2580 dubium
1167 2514 1244 2580 de
1286 2512 1515 2581 earum
1559 2517 1843 2602 genuino
1897 2527 2164 2585 auctore
2205 2517 2269 2583 in
2318 2527 2531 2584 mente
2572 2515 3015 2592 remansisset,
3046 2515 3126 2580 ab
3163 2514 3257 2582 eis
3305 2513 3631 2583 vertendis
3660 2523 3725 2581 et

335 2602 714 2691 evulgandis
759 2623 1029 2690 prorsus
1069 2603 1560 2686 abstinuissem,
1604 2608 1698 2672 vel
1750 2606 2034 2674 rationes
2072 2609 2301 2675 saltem
2343 2607 2526 2673 dubii
2579 2605 2704 2673 mei
2754 2605 3222 2694 exposuissem.

422 2719 565 2788 Non
610 2719 904 2810 eamdem
947 2730 1123 2787 certe
1173 2721 1596 2788 securitatem
1647 2722 2012 2810 exprimere
2052 2726 2230 2793 valeo
2273 2725 2445 2792 circa
2484 2744 2711 2791 verum
2773 2742 3034 2795 sensum
3077 2721 3157 2788 ab
3199 2728 3468 2788 auctore
3508 2719 3724 2788 inten-

337 2821 519 2876 tum:
569 2829 716 2876 cum
760 2809 932 2900 enim
979 2810 1196 2877 adhuc
1231 2810 1642 2900 desideretur
1682 2809 2118 2900 primigenius
2167 2836 2391 2882 earum
2438 2824 2644 2880 textus
2677 2811 2964 2892 Graecus,
3010 2811 3515 2900 timendumest
3545 2830 3723 2900 sem-

341 2919 458 2985 per
500 2919 602 2988 neg
638 2899 1033 2988 quandoque
1093 2899 1407 2965 erraverit
1459 2898 1764 2988 Syriacus
1829 2901 2171 2987 interpres.
2232 2904 2312 2971 Ut
2357 2914 2430 2970 ut
2475 2904 2582 2984 sit,
2631 2922 2762 2968 non
2825 2900 3054 2968 dubito
3106 2900 3268 2987 quin
3324 2898 3718 2988 Wetstinus,

339 2990 533 3055 etiam
579 2986 1234 3079 Syriacumjertens,
1279 2986 1678 3077 plures—ipse
1717 2986 2044 3056 addiderit
2085 3013 2390 3060 errores:
2443 2993 2721 3079 ideoque
2769 3009 2900 3056 non
2941 2986 3140 3056 semel
3189 2988 3269 3055 ab
3311 2987 3452 3074 ejus
3513 2988 3724 3056 sensi-

330 3077 451 3144 bus
493 3077 874 3170 exorbitavi.
1019 3089 1302 3170 rec_ta_net
1344 3099 1638 3170 congrua
1679 3079 1903 3170 fuisset
1944 3079 2244 3170 Wetstini
2289 3077 2766 3170 interpretatio,
2807 3079 2968 3170 nihil
2998 3079 3131 3146 fere
3175 3079 3717 3170 redarguendum

331 3177 501 3260 esset
539 3166 604 3231 in
650 3166 1071 3260 translatione
1103 3165 1343 3235 Gallica
1378 3168 1450 3233 D.
1497 3167 1793 3236 Boistard
1835 3169 1915 3236 de
1944 3168 2346 3260 Prémagny:
2389 3165 2666 3260 ideoque
2712 3189 2841 3236 non
2884 3167 3496 3257 interpretationem
3541 3166 3713 3256 ejus,

331 3257 440 3322 scd
483 3256 941 3323 annotationes
983 3276 1213 3343 carpo.

418 3369 574 3437 Cum
620 3391 772 3437 vero
809 3371 977 3438 nihil
1028 3372 1325 3441 absolute
1359 3382 1608 3440 certum
1645 3374 1722 3440 de
1770 3373 2078 3442 fidelitate
2129 3376 2224 3442 vel
2271 3373 2615 3443 erroribus.
2647 3373 3081 3460 interpretum
3129 3369 3445 3437 alﬁrmari
3493 3380 3716 3460 queat,

333 3461 598 3551 absente
628 3470 815 3551 textu
850 3459 1209 3548 primitivo,
1256 3482 1372 3527 cur
1407 3472 1463 3527 et
1502 3462 1638 3550 ipse
1670 3483 1898 3529 novam
1950 3463 2559 3551 interpretationem
2610 3458 2960 3550 aggressus
3002 3482 3145 3528 sum
3168 3474 3206 3551 7?
3241 3458 3717 3551 lluic__qu€es_ito

335 3550 400 3614 in
429 3549 687 3640 prwvia:
724 3545 1170 3640 dissertatione
1212 3545 1630 3617 satisfaciam.
1683 3552 1896 3618 Dicam
1945 3545 2156 3619 tamen
2201 3553 2484 3640 plurima
2521 3545 2724 3622 sacra}
2767 3551 3125 3638 Scriptura}
3166 3550 3308 3640 loca
3335 3570 3370 3640 a
3399 3545 3714 3640 Wetstino

332 3634 447 3728 ant
487 3657 619 3704 non
667 3639 862 3728 fuisse
905 3639 1148 3723 agnita.
1182 3650 1294 3705 aut
1341 3640 1506 3707 male
1547 3641 1800 3707 reddita
1835 3641 2033 3709 fuisse
2068 3663 2080 3706 :
2128 3634 2424 3728 quamvis
2471 3643 2532 3708 id
2563 3641 2815 3708 creditu
2865 3634 3126 3706 difficile
3167 3637 3610 3728 viderinqueat
3636 3634 3716 3728 de

332 3727 472 3792 viro
511 3738 643 3818 tam
685 3727 796 3793 diu
832 3727 896 3793 in
939 3730 1140 3795 sacris
1176 3729 1407 3818 litteris
1449 3740 1724 3796 versato.
1763 3729 1912 3813 Sed,
1944 3731 1998 3796 si
2039 3725 2177 3800 haec
2209 3732 2350 3798 loca
2391 3730 2678 3818 agnovit,
2709 3750 2829 3797 cur
2867 3748 3283 3818 communem
3317 3726 3511 3818 et_ia_r_n
3541 3725 3712 3818 apud

327 3836 482 3970 sluos
531 3815 1139 3971 intnrpretationem
1199 3816 1645 3903 abjudicavit?
1694 3818 1969 3887 Errores
2027 3820 2328 3888 Wetstini
2373 3813 2825 3888 aberrationes
2889 3817 3284 3886 traductoris
3342 3813 3573 3881 Gallici
3616 3813 3718 3880 in-

379 3924 629 3971 uxerun
675 3955 687 3968 .

379 3924 687 3971 uxerunt.

420 4018 760 4106 Principua
801 4019 1006 4106 igitur
1048 4021 1207 4086 mihi
1255 4041 1414 4088 cura
1456 4022 1755 4090 incubuit
1800 4034 1894 4106 ut,
1947 4024 2014 4092 in
2059 4024 2181 4090 hac
2221 4024 2378 4091 silva
2403 4023 2818 4107 densissima,
2849 4023 3098 4091 divinas
3140 4023 3516 4107 detegerem
3566 4037 3716 4085 sen-

332 4109 565 4202 tentias
605 4129 848 4197 easque
889 4110 1398 4202 manifestarem.
1448 4114 1540 4177 An
1585 4123 1834 4180 rectum
1887 4114 2012 4180 iter
2053 4113 2403 4194 tenuerim,
2433 4113 2684 4201 judicet
2722 4114 2870 4202 pius
2896 4135 2970 4180 ac
3011 4111 3307 4202 eruditus
3345 4109 3578 4202 lector,
3615 4107 3718 4174 in-

332 4197 561 4292 primis
604 4209 815 4292 textus
855 4200 1309 4292 antecedentes
1369 4203 1927 4292 consequentibus
1963 4203 2305 4291 jungendo
2346 4213 2409 4269 et
2435 4197 2912 4292 comparando.
2968 4199 3345 4292 Dialectices
3392 4197 3566 4292 enim
3598 4216 3715 4292 re-

327 4289 514 4374 gulas
599 4309 731 4355 non
801 4289 1148 4376 ignorabat
1227 4302 1489 4358 sanctus
1557 4285 1879 4375 Clemens,
1916 4285 2037 4360 nec
2097 4285 2389 4381 supponi
2459 4285 2658 4361 debet
2720 4304 2948 4361 contra
3018 4291 3159 4358 illas
3236 4285 3516 4355 voluisse
3580 4285 3716 4353 dis-

341 4396 587 4444 serere.

417 4490 764 4589 Praeterea,
811 4515 1140 4589 neunum
1187 4494 1456 4589 quidem
1483 4505 1735 4589 textum
1777 4516 2019 4564 novum
2060 4496 2414 4585 introduxi,
2446 4502 2558 4570 sed
2602 4520 2862 4589 semper
2897 4493 3212 4589 Wetstini
3261 4490 3717 4589 interpretatio

329 4580 535 4679 oculis
573 4583 736 4679 rneis
776 4579 1236 4679 subjectaest,
1282 4585 1437 4679 dum
1481 4584 1880 4679 irregulares
1915 4598 1978 4654 et
2017 4597 2348 4657 contortas
2396 4579 2538 4679 ejus
2577 4579 2942 4658 locutiones
3009 4579 3723 4679 recti_tudini_naturali

331 4669 785 4736 restituebam.
832 4669 961 4739 Nec
997 4674 1252 4760 primus
1291 4673 1458 4740 viam
1513 4669 1680 4742 hanc
1723 4675 2060 4761 ingressus
2102 4698 2291 4745 sum:
2341 4669 2526 4746 multi
2583 4680 2756 4748 enim
2799 4688 2946 4744 ante
2988 4696 3115 4755 me,
3169 4672 3234 4739 in
3292 4671 3721 4761 antiquorum

329 4769 676 4855 auctorum
706 4757 1164 4855 explicatione,
1194 4764 1500 4855 audaces,
1533 4775 1607 4831 ut
1636 4767 1728 4832 sic
1755 4757 2010 4854 loquar,
2042 4767 2456 4855 conjecturas
2482 4769 2868 4847 emiserunt,
2897 4787 3044 4853 quae
3072 4771 3321 4855 postea,
3357 4760 3438 4825 ab
3498 4757 3715 4855 omni-

329 4848 449 4914 bus
479 4849 794 4946 .eruditis,
847 4861 920 4916 ut
953 4852 1253 4946 veritates
1297 4852 1707 4946 inconcussae
1749 4848 2237 4944 receptcesunt.
2285 4859 2419 4946 Ego
2457 4879 2607 4926 vero
2649 4848 3007 4935 rarissime,
3053 4848 3434 4946 nectorsan
3481 4849 3710 4946 se-rnel,

327 4937 528 5036 meris
608 4937 875 5005 innixus
921 4961 1065 5037 sum
1101 4941 1501 5037 conjecturis
1532 4965 1549 5024 ;
1596 4943 1736 5037 sed,
1771 4961 1842 5018 ut
1882 4936 2268 5034 plurimum,
2302 4936 2453 5037 pars
2493 4949 2810 5037 quaedam
2827 4955 3040 5012 textus
3067 4940 3386 5037 agnitLad
3421 4936 3722 5037 notitiam

329 5026 559 5122 partis,
600 5046 745 5122 prae
787 5025 1569 5122 confusioneverborum
1608 5025 1901 5120 ignota3,'
1929 5055 2029 5101 me
2073 5025 2359 5104 deduxit.
2403 5035 2468 5104 Si
2513 5025 2653 5103 iere
2701 5035 2949 5122 ubique
2989 5025 3189 5122 verba
3245 5025 3564 5122 Wetstini
3598 5025 3716 5091 ab-

330 5114 727 5215 dicaverim,_
757 5118 950 5215 etiam
976 5120 1259 5215 quando
1304 5120 1523 5215 ipsius
1569 5114 1789 5215 sensui
1831 5124 2396 5215 stabamknedum
2458 5125 2814 5206 adversari,
2841 5114 3086 5215 'potius
3130 5138 3383 5215 morem
3444 5114 3568 5215 ipsi
3607 5135 3723 5214 g9-

329 5223 502 5300 rere,
546 5206 950 5300 exist_imavi._
973 5206 1075 5300 Sic
1116 5209 1291 5300 enim
1329 5206 1642 5296 loquitur
1684 5212 1751 5278 in
1793 5232 2064 5280 suorum
2129 5213 2649 5300 Prolegomenon
2697 5206 3163 5283 conclusione:
3205 5231 3232 5273 ‹
3260 5206 3720 5300 Conversionis

330 5292 569 5394 Latinae
612 5295 764 5363 vitia
827 5308 890 5364 et
935 5297 1398 5394 inelegantiam
1432 5292 1790 5394 benignus
1852 5303 2054 5394 lector
2097 5292 2496 5372 condoriabit
2557 5305 2806 5372 homini
2862 5302 2926 5369 in
2991 5319 3210 5394 opere
3251 5316 3418 5394 novo
3460 5304 3539 5394 et.
3563 5292 3721 5394 satis

329 5383 608 5468 molesto
641 5406 878 5474 parum
914 5386 1293 5470 exercitato,
1332 5397 1396 5453 et
1435 5383 1796 5458 amicorum
1838 5391 2033 5458 etiam
2095 5393 2410 5477 consiliis,
2456 5395 2606 5463 licet
2644 5394 2940 5485 undique
3003 5383 3331 5478 expetitis,
3377 5383 3714 5451 destituto.

411 5569 438 5613 3
471 5568 521 5632 Il
552 5568 688 5633 Cor.
721 5587 805 5646 x1,
844 5572 938 5636 l4.
