4114 6478
445 379 559 445 353
1354 378 1735 443 EPISTOD/E
1777 377 1877 439 AI)
1922 377 2312 439 VlllGlNES.
2365 411 2433 420 -—-
2485 375 2883 439 PROOEMIA.
3710 371 3823 435 354

444 524 771 679 ῼυῼῗάδω
815 526 1009 623 etiam
1059 526 1174 611 qui
1229 525 1294 591 in
1336 536 1579 593 textum
1623 523 1964 613 Syriacum
2004 521 2416 610 irrepserunt
2485 543 2861 605 errores...,
2897 522 3088 589 etiam
3131 544 3232 589 me
3296 526 3426 590 non
3487 531 3821 604 monente,

471 633 566 679 aet
601 634 635 679 e
676 623 989 679 corriget.
1055 638 1080 677 »

471 623 635 681 'acile
676 623 989 701 corriget.
1055 638 1080 677 »

532 727 750 794 Prima
800 726 1001 815 hujus
1043 728 1170 795 loci
1213 727 1435 817 verba
1473 726 1778 795 Wetstini
1838 725 2228 817 modestiam
2272 728 2779 794 commendant:
2828 726 3196 817 posteriora
3248 749 3392 815 quae
3453 747 3588 795 non
3628 726 3825 795 intel-

437 818 668 884 lexerit
706 830 817 883 aut
857 817 1236 905 neglexerit,
1278 816 1699 884 conﬁtentur.
1742 815 2118 883 Modestiam
2158 817 2352 882 laudo
2384 840 2401 898 ;
2450 817 2814 883 tenebrosis
2836 815 3036 897 locis,
3086 828 3405 905 quantum
3448 818 3516 883 in
3556 837 3660 886 me
3702 828 3823 899 est,

433 906 648 973 lucem
681 907 928 1062 alfpro;
972 906 1465 995 negligentiam,
1496 907 1551 974 si
1590 926 1739 995 quae
1798 906 2017 987 fuerit,
2070 926 2379 994 reparare
2437 926 2663 973 conor.
2713 906 2939 974 Nonne
2986 905 3078 973 sic
3136 906 3437 974 Wetstini
3479 906 3640 975 votis
3707 908 3827 975 ob-

434 1006 740 1062 tempero

434 1006 740 1084 tempero

529 1111 809 1181 Omnem
852 1113 985 1182 fere
1025 1134 1397 1181 sermonem
1443 1134 1636 1180 suum
1701 1123 1966 1180 sanctus
2011 1110 2305 1179 Clemens
2341 1132 2375 1178 e
2416 1111 2715 1200 fontibus
2745 1112 2946 1179 sacris
2992 1112 3380 1200 desumpsit.
3417 1110 3625 1179 Nullis
3670 1133 3829 1197 ergo

441 1202 786 1271 laboribus
836 1224 1137 1292 parcens,
1186 1203 1449 1271 eosdem
1494 1203 1703 1270 fontes
1768 1202 2032 1292 assidue
2095 1200 2289 1283 adivi,
2332 1222 2523 1292 quos,
2569 1211 2643 1267 ut
2677 1199 2833 1292 jam
2877 1201 3127 1292 dictum
3170 1199 3292 1283 est,
3341 1201 3709 1292 Wetstinus
3748 1223 3829 1292 ne

458 1290 1127 1381 suspicatus‘quidem
1194 1293 1397 1360 fuisse
1443 1292 1723 1359 videtur.
1789 1291 1970 1357 Unde
2045 1299 2255 1381 textus
2319 1290 2689 1381 deprompti
2768 1290 3036 1381 fuerint,
3083 1292 3219 1358 fere
3273 1291 3520 1381 ubique
3586 1291 3826 1381 notavi,

458 1379 680 1449 saltem
732 1379 996 1469 quando
1034 1382 1292 1471 phrasis
1333 1382 1489 1449 satis
1532 1381 1785 1468 integra
1824 1380 2175 1471 apparuit;
2228 1399 2359 1446 non
2399 1379 2571 1448 enim
2612 1380 2999 1471 vocabulum
3041 1380 3383 1471 quodlibet
3428 1400 3688 1447 sacrum
3729 1380 3830 1446 in-

458 1471 660 1539 dicari
694 1468 943 1553 debuit,
988 1468 1070 1538 ne
1110 1472 1472 1542 innumerae
1513 1471 1725 1537 forent
1760 1468 1954 1538 notae.
2004 1468 2375 1537 Versionem
2406 1469 2728 1557 adoptavi,
2757 1490 2885 1536 non
2929 1468 3353 1557 Septuaginta
3393 1470 3829 1557 Interpretum

455 1572 565 1628 aut
597 1562 867 1628 alterius
929 1560 1216 1649 cujusvis
1262 1559 1694 1641 traductoris;
1739 1560 1849 1649 sed
1914 1559 2395 1649 Vulgatae,_etsi
2464 1560 2753 1625 nondum
2826 1570 3122 1647 tempore
3199 1560 3406 1628 sancti
3484 1557 3833 1649 Clementis

455 1650 776 1718 existeret.
808 1651 973 1732 Imo,
1002 1647 1069 1717 in
1115 1650 1369 1719 czeteris
1408 1648 1593 1731 locis,
1626 1648 1892 1737 quando
1934 1649 2145 1715 libera
2183 1647 2342 1714 mihi
2374 1659 2631 1736 poterat
2677 1670 2818 1717 esse
2846 1650 3196 1716 verborum
3233 1649 3408 1717 idem
3449 1648 3830 1736 signiﬁcan-

456 1739 618 1807 tium
655 1739 910 1822 electio,
960 1740 1219 1830 praetuli
1264 1739 1395 1807 fere
1437 1759 1698 1826 semper
1737 1759 1926 1805 voces
1972 1760 2009 1805 a
2046 1737 2318 1825 Vulgata
2363 1747 2794 1806 consecratas.

542 1853 772 1921 Lector
813 1864 1098 1921 attentus
1138 1864 1199 1920 et
1236 1854 1550 1941 prudens,
1601 1854 1794 1919 modo
1849 1852 2187 1941 primitivae
2226 1851 2527 1921 Ecclesiae
2582 1853 2932 1939 tanstisper
2972 1853 3203 1920 calleat
3242 1852 3576 1941 spiritum,
3609 1873 3829 1921 move-

456 1942 635 2036 bitur
673 1945 793 2011 has
840 1942 1499 2036 legendo‘Epistolas,
1555 1942 1944 2036 extrinsecis
1982 1962 2145 2029 quas
2172 2030 2182 2036 _
2212 1944 2507 2036 praebent
2550 1942 3084 2036 authenticitatis
3112 1942 3642 2036 probationibus,
3684 1963 3831 2036 sen-

455 2032 697 2120 tietque
737 2054 933 2119 quam
982 2030 1246 2102 insulsae
1288 2032 1560 2119 viroque
1596 2032 1773 2117 gravi
1813 2031 2100 2117 indignae
2135 2030 2263 2096 sint
2301 2032 2749 2121 cavillationes
2790 2033 2859 2098 D.
2909 2032 2986 2098 de
3048 2031 3439 2121 Prémagny.
3487 2031 3639 2099 Sine
3684 2032 3831 2099 fuco

454 2133 565 2188 aut
592 2118 967 2188 ambitiosis
998 2121 1403 2188 ornamentis
1444 2118 1739 2187 Sanctum
1772 2121 2178 2201 Pontiﬁcem,
2223 2118 2458 2205 spiritu
2490 2122 2847 2209 apostolico
2899 2122 3187 2207 plenum,
3235 2118 3527 2189 locutum
3592 2121 3821 2202 fuisse,

452 2231 644 2278 nemo
685 2211 969 2298 partium
1010 2211 1226 2277 studio
1268 2211 1543 2291 alienus,
1587 2209 2217 2299 inﬁciabiturrllinc
2241 2210 2470 2278 doctus
2506 2211 2744 2278 Junius
2784 2210 3105 2278 Patricius
3138 2210 3275 2299 jam
3318 2210 3632 2277 odoratus
3679 2210 3823 2278 fue-

456 2310 556 2366 rat
593 2297 1161 2367 authenticitatem
1203 2300 1435 2387 primm
1478 2299 1686 2367 sancti
1724 2298 2072 2367 Clementis
2104 2297 2415 2386 Epistolse
2458 2301 2536 2368 ad
2582 2299 2979 2367 Corinthios.

543 2416 785 2483 Monita
826 2438 974 2505 quae
1014 2416 1385 2503 virginibus
1426 2416 1691 2498 dantur,
1737 2439 1772 2483 a
1801 2415 2153 2502 Scripturis
2200 2417 2427 2497 sacris,
2472 2427 2544 2483 ut
2574 2416 2712 2504 jam
2750 2416 2912 2497 dixi,
2949 2416 3061 2482 sed
3102 2415 3469 2504 praesertim
3508 2438 3547 2483 a
3574 2416 3837 2505 scriptis

458 2508 899 2594 apostolorum
940 2518 1004 2573 et
1058 2506 2031 2593 evangelistarum,eruuntur.
2075 2506 2168 2571 Ad
2225 2507 2486 2573 eosdem
2545 2506 2941 2593 quandoque
2985 2506 3335 2571 revertitur
3388 2525 3620 2572 sensus
3684 2506 3834 2593 pius

458 2596 794 2663 Pontifex:
846 2607 975 2663 tam
1015 2596 1250 2662 ardens
1292 2605 1387 2661 est
1419 2594 1561 2682 ejus
1602 2596 1633 2656 τ’
1671 2595 2001 2661 siderium
2037 2594 2399 2681 virginibus
2462 2596 2597 2661 suis
2640 2594 3001 2682 inspirandi
3052 2614 3344 2661 amorem
3392 2594 3709 2661 virtutum
3774 2607 3837 2664 et

458 2685 764 2752 vitiorum
809 2685 1197 2753 horrorem!
1243 2683 1520 2771 Oblique
1586 2684 1970 2771 perstringit
2022 2682 2425 2751 Christianos
2476 2685 2881 2773 hypocritas,
2924 2684 3035 2771 qui
3092 2684 3386 2773 carnales
3434 2704 3665 2751 sensus
3708 2685 3832 2753 sub

464 2776 849 2842 vestimento
917 2775 1173 2862 pietatis
1241 2773 1696 2852 occultabant;
1733 2773 2060 2861 praecipue
2100 2794 2254 2841 vero
2316 2774 2606 2860 perﬁdos
2670 2774 3014 2842 haereticos
3059 2774 3175 2860 qui
3202 2772 3341 2859 jam
3385 2782 3542 2841 tunc
3602 2773 3825 2843 Eccle-

460 2863 622 2932 siam
664 2864 1061 2946 lacerabant,
1106 2882 1405 2951 quosque
1447 2862 1677 2950 pagani
1722 2862 1961 2950 saepius
2008 2862 2496 2931 confundebant
2534 2884 2684 2930 cum
2722 2863 2892 2931 veris
2945 2863 3188 2929 Christi
3234 2862 3599 2951 discipulis.

550 2979 665 3046 His
698 2980 1134 3068 temporibus,
1165 2978 1735 3068 quemadmodum
1778 2977 1998 3060 hodie,
2034 2979 2311 3045 castitati
2346 3001 2412 3047 se
2455 2979 2849 3047 devovebant
2867 2978 3144 3067 duplicis
3186 2979 3449 3065 generis
3491 2999 3833 3067 personze:

468 3070 702 3157 primo,
733 3066 857 3155 qui
887 3070 965 3136 ad
1019 3066 1455 3157 ministerium
1496 3087 1754 3133 sacrum
1782 3068 2219 3157 vocabantur;
2266 3070 2501 3136 deinde
2540 3068 2652 3157 qui
2698 3069 2763 3135 in
2791 3066 3027 3137 szeculo
3060 3066 3509 3157 remanentes,
3534 3068 3843 3137 homines

474 3155 562 3225 vel
598 3158 881 3239 feminae,
930 3158 1009 3225 ad
1051 3156 1517 3245 perfectionem
1574 3156 2011 3243 evangelicam
2052 3157 2428 3224 tendebant.
2475 3155 2817 3224 Prioribus
2880 3168 3139 3224 sanctus
3178 3155 3479 3225 Clemens
3548 3178 3838 3225 comme-

477 3260 676 3313 morat
714 3247 1073 3315 vocationis
1114 3245 1611 3335 sublimitatem,
1649 3265 1731 3311 ne
1781 3246 2089 3335 degeneri
2137 3247 2626 3315 conversatione
2689 3248 2864 3313 illam
2931 3246 3324 3335 deprimant.
3376 3246 3474 3330 Et,
3508 3248 3833 3335 quoniam

477 3336 800 3403 humilitas
841 3348 1059 3403 custos
1102 3345 1199 3402 est
1229 3334 1366 3401 vitae
1405 3333 1713 3420 angelica)
1753 3354 1950 3421 quam
1997 3334 2237 3402 ducere
2279 3337 2516 3402 debent
2554 3336 2915 3424 praesertim
2955 3333 3194 3424 Christi
3240 3333 3558 3415 ministri,
3579 3347 3845 3403 sanctus

474 3425 760 3524 Pontifex
799 3425 1203 3524 superbiam,
1246 3443 1644 3522 quocunque
1684 3442 1752 3491 se
1793 3433 1996 3523 vertat
2026 3433 2087 3490 et
2127 3425 2511 3524 abscondat,
2544 3422 3003 3524 persequitur,
3050 3422 3324 3524 ejusque
3372 3425 3658 3492 tatebras
3727 3426 3839 3495 de-

471 3514 627 3601 tegit
668 3515 736 3581 in
769 3511 1256 3603 praedicatione,
1300 3511 1706 3603 exorcismis,
1752 3513 2139 3603 czeterisque
2180 3515 2432 3581 actibus
2473 3511 2669 3581 etiam
2712 3511 3161 3581 sanctissimis.
3203 3511 3364 3581 Cum
3421 3524 3639 3581 autem
3674 3535 3846 3602 prae-

469 3600 869 3759 δᾳωῗῑὶοἶὲο
909 3603 1246 3704 temeritas
1301 3601 1623 3691 plurimos
1668 3600 1736 3667 in
1777 3602 2216 3691 perditionem
2267 3603 2666 3686 induxerint,
2710 3604 3047 3671 cautiones
3089 3603 3384 3689 suggerit
3438 3600 3696 3691 quibus
3727 3625 3845 3693 pe-

470 3713 613 3759 ricu
646 3714 756 3759 um
849 3703 1148 3759 emetur.

399 3712 402 3713 '
470 3703 756 3760 riculum
803 3703 1148 3760 devitetur.

560 3809 890 3897 Utrisque,
924 3808 988 3875 id
1035 3818 1135 3876 est
1172 3806 1426 3875 clericis
1460 3816 1531 3897 et
1558 3806 1922 3893 virginibus
1957 3809 2024 3874 in
2059 3809 2299 3880 saeculo
2336 3808 2755 3895 degentibus,
2800 3820 2873 3876 ut
2917 3819 3213 3877 sanctum
3254 3808 3561 3876 timorem
3609 3807 3845 3876 animis

471 3920 703 3968 eorum
743 3895 1037 3980 incutiat,
1084 3900 1337 3986 lapsum
1380 3895 1639 3963 exhibet
1663 3899 2100 4051 quarumdam
2142 3899 2597 3965 columnarum
2631 3919 2779 3987 qua)
2812 3898 3217 3968 inconcussze
3254 3908 3320 3964 et
3344 3899 3635 3970 immotae
3667 3897 3848 3965 credi

472 3999 796 4051 noterant.
832 3988 936 4051 Eis
988 3997 1205 4051 tamen
1244 3986 1537 4051 animum
1580 3986 1659 4051 ad
1713 3987 1786 4051 it.
1824 4007 2194 4051 memorans
2221 3988 2464 4051 gratias
2502 3988 3107 4051 m‘otectionemaue
3156 4008 3191 4051 a
3233 3988 3400 4051 crelo
3442 3997 3845 4051 praeparatas

471 3999 796 4077 poterant.
832 3988 936 4055 Eis
988 3997 1205 4078 tamen
1244 3986 1554 4078 animum
1580 3986 1786 4069 addit,
1824 4007 2194 4057 memorans
2220 3988 2464 4075 gratias
2499 3986 3107 4078 protectionemque
3156 4008 3191 4054 a
3233 3988 3400 4055 coelo
3442 3997 3845 4076 praeparatas

475 4074 823 4146 animabus
856 4077 1069 4145 cautis
1107 4098 1182 4144 ac
1222 4074 1685 4163 prudentibus.

553 4194 950 4285 Wetstinus,
986 4192 1100 4285 qui
1142 4200 1319 4260 certe
1360 4189 1614 4257 laudari
1652 4200 1946 4285 meretur
1984 4192 2160 4279 quod
2204 4196 2408 4262 sancti
2472 4194 2823 4285 Clementis
2864 4194 3175 4285 epistolas
3219 4214 3361 4285 Anon
3401 4194 3858 4285 depravaverit

466 4286 718 4354 absona
742 4280 1256 4373 elegantiaquze
1297 4300 1563 4373 sensum
1592 4300 1818 4347 earum
1853 4280 2281 4373 intervertere
2310 4284 2653 4372 potuisset,
2687 4280 3155 4373 negligentiam
3215 4280 3547 4351 interdum
3586 4303 3694 4351 eas
3743 4285 3860 4351 de-

465 4369 887 4444 decorantem
924 4370 1213 4453 admisit,
1264 4389 1413 4461 quze
1451 4369 1710 4461 nultum
1758 4389 1998 4437 nocere
2036 4370 2263 4438 debuit
2302 4369 2597 4461 ipsarum
2633 4369 3026 4442 auctoritati.
3072 4373 3249 4439 Adeo
3308 4392 3544 4461 parum
3606 4373 3861 4440 curavit

464 4462 1202 4553 conjungereauctoris
1247 4456 1350 4526 sui
1418 4456 1873 4553 cogitationes,
1919 4470 1993 4553 u_t
2061 4481 2171 4553 eas
2211 4456 2434 4550 potius
2504 4462 2884 4553 disjungere
2933 4461 3263 4530 studuisse
3302 4456 3623 4530 videatur.
3679 4461 3859 4529 Nihil

467 4547 685 4622 tamen
725 4547 978 4619 facilius
1019 4560 1159 4619 erat
1194 4567 1390 4638 quam
1434 4547 1753 4636 pbraseos
1794 4548 2121 4636 regularis
2162 4547 2595 4621 constructio.

560 4668 754 4735 Venia
796 4663 1404 4755 mihiiconcedatur
1459 4660 1514 4728 si
1558 4661 1855 4755 laborem
1898 4662 2146 4755 viribus
2186 4665 2352 4734 forte
2411 4667 2573 4735 meis
2612 4666 3560 4755 superioremassumpserim.
3612 4664 3856 4734 Homo-

470 4777 707 4847 nymus
740 4754 911 4823 ﬁlius
957 4754 1215 4847 Patrem
1253 4752 1586 4847 honorare
1634 4752 1861 4819 voluit.
1905 4752 2229 4847 Praeterea
2270 4757 2503 4844 saepius
2542 4752 2720 4823 clare
2776 4754 3084 4844 exprimit
3148 4752 3378 4824 beatus
3416 4756 3717 4847 Clemens
3756 4776 3860 4823 sa-

474 4842 965 4915 cramentorum
1023 4842 1329 4912 Ecclesiae
1375 4862 1596 4933 usum,
1643 4842 2010 4933 praesertim
2051 4843 2296 4912 divinae
2332 4842 2747 4913 Euclmristoe
2792 4842 3127 4933 sacraeque
3176 4846 3654 4932 exomologesis
3710 4865 3862 4933 pec-

480 4945 780 5006 catorum
816 4956 830 5013 ;
874 4933 1330 5024 intemer_ata_m
1370 4930 1619 5024 extollit
1658 4930 2101 5024 virginitatem
2149 4933 2541 5006 beatissimae
2584 4935 2827 5017 Mariae,
2856 4930 3182 5024 quae'cceli
3223 4930 3570 5002 Dominum
3611 4930 3860 5021 gremio

480 5047 599 5095 suo
646 5032 903 5112 gestare
944 5022 1207 5113 meruit.
1242 5019 1687 5113 Pectorimeo
1729 5020 1936 5088 dulcis
1965 5031 2123 5113 _e_rat
2149 5024 2570 5111 reproductio
2614 5024 2817 5113 hujus
2857 5019 3146 5113 antiquae
3188 5024 3342 5092 ﬁdei
3383 5019 3693 5091 Romanae
3721 5044 3871 5113 quae

487 5107 744 5202 semper
783 5113 1011 5204 eadem
1038 5111 1180 5194 fuit,
1213 5118 1399 5178 estet
1433 5109 1579 5176 erit.
1613 5107 1921 5179 Sanctum
1954 5107 2354 5181 Clementem
2395 5135 2617 5182 amare
2641 5107 3080 5196 debetGallia,
3111 5135 3259 5204 quae
3292 5113 3373 5181 ab
3409 5114 3551 5204 ipso
3580 5107 3876 5204 suscepit

484 5200 711 5293 plures
747 5201 1072 5293 antistites
1112 5221 1292 5283 suos,
1322 5217 1809 5293 generososque
1848 5210 2209 5293 martyres.
2259 5203 2465 5272 Nemo
2506 5213 2725 5272 autem
2766 5225 2917 5273 eum
2959 5204 3109 5292 plus
3138 5200 3539 5291 diligere—ac
3576 5200 3870 5293 venerari

487 5286 679 5362 debet
709 5311 909 5383 quam
950 5290 1298 5383 episcopus
1328 5286 1443 5375 qui
1492 5289 1673 5383 claro
1699 5286 1857 5378 ejus
1895 5286 2165 5383 nomine
2193 5290 2574 5381 insignitur,
2618 5294 2867 5383 quique
2908 5286 3250 5361 successor
3274 5286 3631 5383 estsancti
3670 5290 3871 5383 hujus

489 5378 818 5470 Eutrop‘ii,
862 5378 1282 5470 episcopiiet
1339 5378 1674 5467 martyris,
1725 5398 1922 5468 quem
1991 5379 2072 5447 ad
2133 5378 2673 5472 evangelizandos
2729 5378 3046 5453 Santones
3092 5382 3322 5451 beatus
3380 5381 3678 5453 Clemens
3734 5378 3873 5469 ipse

490 5473 783 5541 miserat.

577 5589 800 5656 Latine
837 5584 1210 5673 Galliceque
1254 5585 1428 5653 hunc
1469 5586 1714 5652 librum
1746 5584 1961 5665 edidi;
2016 5607 2142 5653 non
2189 5590 2363 5656 enim
2418 5612 2532 5680 pro
2575 5591 2728 5658 solis
2791 5588 3224 5678 popularibus
3270 5587 3427 5655 meis
3476 5586 3870 5667 scribebam,
