4114 6496
273 412 389 479 355
1037 406 1097 466 8.
1143 397 1584 465 CLEMENTIS
1629 396 1652 457 Ι
1698 394 1882 458 ROM.
1934 392 2154 456 PONT.
2201 390 2450 454 OPERA
2499 389 2871 454 GENUINA.
3543 384 3660 450 356

277 547 388 616 sed
423 565 543 635 pro
571 541 881 610 omnibus
905 537 1102 606 etiam
1144 531 1467 635 extraneis
1506 530 1748 635 quibus
1790 528 1936 628 haee
1952 525 2145 595 lectio
2189 525 2501 635 prodesse
2540 533 2827 635 poterat,
2851 521 3170 635 Caeterum
3216 520 3666 635 necessarium

280 609 792 722 eratropponere
835 626 1242 694 translationi
1289 609 1577 722 confusae
1623 616 1945 722 Wetstin'i
1988 609 2650 722 textqrhplarumlet.
2699 611 3016 722 lucidum.
3063 610 3326 722 I‘Jtinam
3381 609 3672 722 aediﬁca:-

280 701 568 794 t—i—oneCEt'
606 717 1124 789 sanctiﬁcatione
1169 713 1463 781 omnium
1518 711 1839 776 lectorum
1904 707 2072 774 Deus
2124 703 2424 794 Optimus
2491 702 2809 770 Maximus
2857 701 3209 789 adimpleat
3257 701 3476 768 cordis
3539 701 3671 766 mei

282 813 608 884 desideria
645 811 658 874 l

367 926 656 1016 Epistola
691 920 1175 1016 haec,_Antistes
1217 913 1789 1016 Opti_m,e,‘longior
1838 910 2179 1016 apparebit
2217 908 2644 1016 quibusdam,
2676 907 3060 1016 praesertim
3085 906 3380 1016 longiore
3422 905 3665 1016 disser-

279 996 522 1085 tatione
589 1034 731 1080 eam
797 996 1274 1097 subsequente.
1335 1005 1547 1081 Aliud,
1593 996 1809 1090 spero,
1851 996 2227 1089 jifdidicum
2286 999 2438 1079 erit,
2479 996 2886 1065 momentum
2951 996 3148 1086 hujus
3194 996 3346 1064 libri
3416 997 3662 1085 ponde-

283 1117 509 1173 rantis.

370 1219 432 1286 Si
467 1217 622 1306 quid
677 1216 742 1280 in
787 1215 914 1279 hoc
945 1231 1167 1306 opere,
1208 1209 1300 1306 vel
1354 1209 1419 1273 in
1462 1206 1606 1306 aliis
1646 1205 2209 1306 publicationibus
2250 1204 2436 1306 meis,
2459 1203 2685 1304 “minus
2725 1214 3019 1303 exactum
3061 1203 3158 1269 vel
3197 1202 3661 1306 orthodoxam,

282 1290 506 1375 contra
535 1306 957 1381 voluntatem,
991 1290 1163 1365 'mihi
1207 1299 1500 1383 elapsum
1533 1290 1750 1374 fuerit,
1804 1299 1930 1363 hoc
1974 1305 2185 1362 totum
2241 1291 2946 1383 subjicioicorrectioni
3014 1302 3251 1359 sanctae
3295 1292 3514 1383 Matris
3545 1290 3665 1359 Ec-

283 1399 496 1466 clesize
537 1395 871 1472 Romanae,
910 1389 1212 1476 sacrique
1255 1381 1430 1452 illius
1468 1385 1762 1476 Vertieis,
1793 1385 2038 1474 quibus
2079 1381 2377 1473 spondeo
2415 1404 2490 1450 ac
2525 1382 2682 1470 juro
2725 1382 3166 1450 omnimodam
3210 1399 3283 1448 ac
3317 1381 3669 1461 sinceram,

289 1488 527 1554 intimo
558 1505 631 1550 ex
667 1482 892 1559 corde,
937 1475 1308 1546 ﬁdelitatem
1353 1486 1415 1542 et
1455 1475 1917 1542 obedientiam.

382 1599 500 1677 Qui
537 1596 696 1663 mihi
746 1594 1082 1693 inspiravit
1125 1602 1192 1690 ut
1227 1591 1356 1693 hoc.
1388 1610 1553 1676 opus
1589 1589 1716 1693 tibi
1747 1589 2440 1693 iledicarem,‘_Pr§sul‘
2471 1588 3146 1693 ornati‘ssime,nl)_eu_s,
3197 1588 3488 1693 omnium
3531 1589 3672 1689 fons

296 1690 649 1765 bonorum,
695 1677 953 1768 spiritui
999 1696 1108 1748 tuo
1154 1678 1598 1746 indesinenter
1643 1678 1834 1760 adsit,
1882 1692 2076 1768 teque
2130 1679 2242 1747 diu
2295 1678 2598 1748 Ecclesiae
2659 1679 2887 1759 decus,
2923 1678 3217 1745 ﬁdelium
3259 1678 3482 1746 lumen
3523 1677 3668 1744 ani-

296 1706 649 1765 bonorum,
695 1707 720 1749 S
775 1706 953 1749 H'HUI
999 1706 1108 1748 [UO
1154 1706 1598 1746 IIIUBSHICIHCF
1643 1706 1834 1760 δαδιι,
1883 1706 2076 1768 teque
2130 1706 2194 1747 (ll

295 1798 578 1856 marum,
617 1787 679 1842 et
718 1706 1078 1840 Brmsulum
1129 1769 1486 1856 exemplar,
1529 1768 1924 1835 incolumem
1965 1780 2194 1836 servet.

380 1891 558 1958 Tuus
600 1891 664 1956 in
707 1887 971 1954 Christo
1033 1896 1094 1950 et
1141 1883 1337 1952 Maria
1374 1883 1854 1950 addictissimus
1896 1905 2146 1968 servus,

2723 1977 2782 2060 σγ
2829 1971 3220 2055 CLEMENS,

2345 2105 2667 2155 BPISCOPUS
2714 2105 3102 2153 RUPELLENSIS
3144 2106 3218 2153 ΕΤ
3259 2107 3669 2154 SANTONENSIS.

675 2227 964 2286 Scribebam
996 2225 1248 2296 Rupellae,
1286 2224 1365 2279 die
1401 2233 1577 2280 octava
1605 2224 1896 2281 Nativitatis
1934 2226 1996 2284 Β.
2038 2225 2106 2282 ll.
2140 2225 2196 2281 ν.
2237 2224 2394 2282 1852.

1548 2634 1648 2702 DE
1693 2633 2003 2704 DUABUS
2046 2635 2446 2708 EPISTOLIS

367 2830 1208 2968 SANCTI
1295 2830 2586 2964 CLEMENTIS
2683 2829 3599 2963 ROMANI

1574 3091 1732 3180 Al)
1811 3088 2410 3186 VlRGlNES

1025 3331 2164 3462 ΟΙΞΗΕΗΤΑΤΙΟ
2274 3333 2958 3461 PRZEVIA

475 3587 544 3654 In
573 3607 705 3674 qua
749 3583 1135 3674 expenditur
1180 3601 1407 3649 earum
1450 3582 1915 3651 authenticitas
1947 3592 2012 3650 et
2041 3584 2434 3654 refelluntur
2460 3581 2866 3672 objectiones
2909 3597 3057 3670 quae
3097 3580 3251 3649 huic
3290 3601 3490 3674 Oppo-

1861 3691 2132 3750 nuntur.

563 4083 734 4131 amo
773 4083 943 4130 novas
986 4082 1167 4128 auws
1209 4082 1672 4130 PUBLICATIONIS.
1955 4079 1996 4127 Α
2101 4063 2946 4142 Prorsusﬁrmatumestquod
2965 4065 3686 4146 perseuseram,quando-

2038 4159 2098 4220 in
2131 4156 2574 4237 possessionem
2603 4172 2794 4217 meam
2816 4152 3005 4216 ambas
3026 4153 3153 4214 ista:
3175 4153 3460 4234 Epistolaa
3491 4171 3696 4235 perve-

387 4248 497 4311 Diu
529 4246 862 4309 desideravi
887 4257 946 4307 et
976 4246 1219 4323 quaesivi
1243 4245 1391 4308 duas
1414 4247 1600 4308 sancti
1633 4245 1958 4310 Clementis
2043 4255 2282 4328 nerunt,
2318 4265 2539 4327 easque
2593 4250 2815 4308 attente
2863 4242 3256 4305 consideravi.
3294 4244 3539 4325 Insuper
3569 4243 3696 4306 sola

308 4336 558 4398 Romani
637 4335 934 4417 Epistolas
1020 4336 1092 4397 ad
1174 4333 1466 4413 Virgines,
1532 4355 1663 4418 qua;
1741 4336 1958 4399 saeculo
2043 4335 2351 4410 Wetstini,
2385 4338 2485 4417 qui
2518 4337 2624 4398 has
2653 4355 2685 4397 e
2719 4335 2958 4416 Syriaco
2994 4335 3051 4394 in
3099 4334 3367 4394 Latinum
3403 4343 3691 4413 verterat,

315 4425 697 4505 praecedenti,
732 4426 932 4487 divina
981 4426 1213 4487 favente
1258 4424 1657 4508 Providentia,
1708 4427 1963 4488 inventze
2049 4426 2412 4508 negligentia
2432 4425 2706 4488 suﬂicere
2733 4423 2880 4486 mihi
2901 4423 3426 4498 visaest,utlector
3447 4441 3699 4504 respue-

313 4517 568 4577 fuerant.
2047 4527 2141 4578 ret
2174 4518 2463 4597 scriptum
2498 4516 2648 4578 adeo
2694 4514 3098 4577 inconditum:
3133 4512 3367 4574 etiamsi
3416 4513 3574 4574 enim
3608 4513 3698 4574 vel

391 4603 680 4666 Noveram
715 4603 954 4683 quidem
1011 4605 1223 4667 acriter
1269 4605 1670 4684 impugnatam
1717 4607 1902 4668 fuisse
1932 4625 1965 4668 a

311 4691 904 4774 pseudo-reformatis
977 4711 1179 4753 earum
1242 4693 1775 4765 authenticitatem,
1835 4711 1968 4774 quae

313 4783 490 4843 etiam
523 4780 880 4860 quibusdam
915 4781 1232 4843 Catholicis
1257 4801 1480 4862 anceps
1512 4791 1568 4843 et
1615 4782 1796 4844 dubia
1843 4785 1967 4846 visa

314 4872 532 4932 fuerat.
559 4870 705 4930 Cum
731 4878 930 4930 autem
954 4879 1116 4931 certe
1137 4872 1352 4932 scirem
1372 4871 1431 4931 in
1447 4872 1538 4933 his
1561 4872 1811 4952 reperiri
1836 4893 1969 4952 qua:

316 4958 576 5038 perfecte
595 4959 1000 5036 congruebant
1023 4959 1376 5023 testimoniis
1403 4962 1593 5023 sancti
1627 4961 1968 5043 Hieronymi

316 5056 373 5109 et
403 5048 593 5108 sancti
614 5046 954 5128 Epiphanii,
982 5049 1332 5127 suspicabar
1350 5069 1383 5110 a
1402 5049 1708 5130 discipulis
1728 5051 1969 5114 Lutheri

320 5145 376 5198 et
406 5137 636 5200 Calvini
667 5137 792 5208 haec
821 5137 1192 5217 antiquitatis
1234 5150 1617 5202 monumenta
1664 5141 1847 5204 fuisse
1880 5161 1970 5204 re-

322 5225 567 5304 probata
594 5226 892 5305 praecipue
917 5245 986 5286 ex
1011 5226 1145 5286 odio
1169 5227 1547 5310 virginitatis,
1579 5239 1636 5291 et
1655 5249 1688 5291 a
1713 5233 1968 5313 quibus-

2049 4607 2295 4667 minime
2324 4605 2732 4667 attenderetur
2751 4603 3013 4676 ruditati,
3045 4621 3121 4664 ne
3143 4602 3337 4664 dicam
3360 4601 3698 4682 imperitiae,

2050 4695 2404 4776 Latinitatis,
2452 4695 2785 4768 rarissime,
2821 4701 2883 4753 ut
2926 4693 3051 4773 jam
3103 4691 3250 4766 dixi,
3285 4698 3478 4754 textus
3534 4687 3700 4753 Scri-

2053 4793 2237 4865 pturae
2261 4785 2560 4865 interpres
2582 4782 2999 4845 animadvertit
3017 4790 3075 4843 et
3098 4781 3333 4861 agnovit
3350 4806 3365 4853 ς
3382 4799 3492 4842 nec
3509 4781 3704 4841 forsan

2053 4875 2253 4936 minus
2279 4893 2416 4936 raro
2447 4873 2710 4936 auctoris
2765 4872 2852 4934 sui
2907 4871 3082 4952 plene
3136 4889 3380 4932 sensum
3436 4869 3697 4949 attingit.

2054 4964 2198 5026 Inde
2269 4965 2488 5026 factum
2552 4972 2642 5024 est
2695 4971 2757 5022 ut
2811 4961 3028 5040 saepius
3089 4959 3553 5038 inintelligibilis
3611 4966 3709 5020 aut

2054 5053 2341 5116 barbarus
2426 5052 2696 5134 prodiret
2772 5051 2905 5132 pius
2977 5050 3168 5111 sancti
3251 5049 3575 5113 Clementis
3629 5050 3710 5108 la-

2055 5145 2187 5206 bor.

2138 5230 2836 5305 Exhorrui,fateor,hanc
2863 5229 3274 5292 difﬁcultatum
3294 5228 3500 5290 silvam
3521 5230 3689 5308 ingre

323 5314 457 5374 dam
493 5313 801 5374 catholicis
827 5315 962 5376 ideo
1007 5333 1123 5374 non
1159 5315 1342 5376 fuisse
1373 5321 1632 5380 admissa
1663 5323 1816 5400 quod
1850 5325 1974 5386 haec
1998 5344 2034 5394 Β
2057 5324 2276 5386 diendo
2301 5339 2320 5382 :
2348 5339 2460 5382 nec
2477 5322 2725 5382 deerant
2746 5321 3008 5383 rationes
3040 5320 3257 5402 quibus
3289 5318 3361 5380 ab
3395 5319 3490 5380 his
3521 5321 3712 5381 extri-

314 5420 350 5492 a
375 5403 668 5482 suspectis
701 5403 974 5465 manibus
1009 5403 1204 5466 oblata
1232 5425 1350 5467 non
1393 5407 1536 5468 satis
1567 5419 1797 5474 mature
1827 5431 1971 5492 pon-
2055 5413 2258 5475 caudis
2287 5411 2486 5472 dumis
2506 5428 2874 5473 removerer.
2901 5407 3009 5473 Hic
3034 5411 3193 5473 enim
3219 5408 3389 5471 labor
3411 5409 3567 5490 exigi
3590 5425 3712 5470 non

318 5490 654 5555 derassent.

2057 5510 2248 5584 potest
2279 5499 2353 5562 ab
2385 5499 2666 5582 episcopo
2713 5499 2878 5562 mille
2925 5502 3058 5566 aliis
3101 5498 3379 5581 gravibus
3432 5499 3594 5562 curis
3623 5497 3718 5559 in-
