4114 6418
355 364 473 432 357

1282 346 1672 419 ΕΡΙΞΤΟΜΕ
1714 348 1816 410 AD
1859 343 2139 409 VIRGIN
2155 333 2262 404 ES.
2298 376 2365 386 --
2416 336 2812 404 PROOEMIA.

3625 321 3744 392 358

356 512 540 565 tento.
577 503 877 564 Praeterea
922 493 1182 558 sciebam
1215 489 1501 567 sectarios
1562 503 1679 545 non
1719 480 2008 562 aequiores
2029 483 2070 530 Α
2094 471 2162 532 ed
2189 471 2589 567 etdcfunctus
2613 468 2814 567 adhuc
2836 467 3062 567 locutus
3083 476 3167 528 est
3189 462 3744 567 9,dum,pcrpluras

345 592 577 654 futuros
598 607 730 652 esse
757 605 901 666 erga
916 580 1432 645 elucubrationem
1455 581 1994 666 meam,postqn_am

2100 563 2340 640 saecula,
2379 560 2561 639 ipsius
2595 559 2823 639 scripta
2854 557 3128 619 fidelibus
3152 557 3511 634 legerentur.
3535 551 3617 614 Eo
3641 571 3747 633 pu-

347 642 614 762 ejusdem
642 642 881 758 generi’s
931 674 1113 762 fetum
1145 691 1178 732 a
1209 667 1396 731 sodali
1451 642 2009 762 editmriltam'dire
2098 650 2223 712 rior
2253 658 2635 762 aqua'mtapat
2667 668 2784 725 quo
2816 646 2966 749 fonti
2994 645 3384 762 prqpinquior
3413 651 3526 762 est,
3557 642 3747 762 Nemp

345 734 1201 845 lyrici-asseruit..—Eit'pendebam
1255 772 1495 838 quoque
1547 750 1875 827 modicum,
1906 750 2007 830 qui
2095 760 2234 802 vero
2268 740 2458 802 nescit
2491 739 2664 801 ﬁdem
2700 757 2767 799 ac
2810 737 3048 798 vivendi
3083 738 3328 797 formam
3363 734 3526 794 cordi
3558 734 3748 795 sancti

351 859 582 942 sperari
637 865 858 938 posset,
894 853 1073 932 hujus
1092 941 1101 942 ί
1123 869 1197 930 op

357 929 516 1011 enim
551 929 741 1007 nostri
764 929 1062 1014 errantes,
1091 929 1204 1000 hoc
1233 936 1395 997 edito
1420 929 1648 1004 libello,
1672 947 1788 989 non
1816 929 2014 988 minus

363 1055 540 1118 quam
589 1043 763 1096 antea
790 1028 1110 1111 virginitati
1140 1023 1355 1087 infensi
1388 1030 1586 1100 erunt,
1621 1017 1851 1118 etiamsi
1884 1018 2017 1078 luce

363 1107 583 1189 clarius
599 1107 954 1205 probaretur
995 1115 1367 1180 authenticas
1389 1128 1524 1205 esse
1534 1109 1725 1205 sancti
1746 1107 1908 1168 Clem
1919 1125 2020 1167 en-

371 1218 441 1277 tis
467 1197 764 1294 Epistolas
784 1221 857 1275 ad
884 1209 1183 1288 Virgines.
1209 1207 1339 1267 Non
1372 1197 1669 1280 siquidem
1695 1198 2009 1294 huic-pon-

367 1305 502 1367 tifici
521 1285 760 1365 felicior
784 1285 1098 1377 obtingere
1121 1313 1252 1356 sors
1267 1300 1457 1373 potest
1481 1307 1656 1367 quam
1675 1287 1806 1346 divo
1833 1285 2014 1346 Paulo

366 1395 535 1469 cuius
575 1400 701 1455 erat
751 1388 1104 1469 discipulus.
1159 1380 1448 1447 Catholici
1481 1381 1594 1438 hoc
1647 1393 1797 1434 novo
1834 1391 2015 1469 argu-

368 1463 564 1545 mento
601 1500 723 1543 non
755 1463 1026 1558 indigent
1056 1485 1118 1536 ut
1162 1469 1499 1558 doctrinam
1547 1471 1762 1558 sanctae
1793 1463 2020 1558 matris

364 1572 648 1635 Ecclesiae
668 1551 1146 1632 commendatam
1169 1551 2013 1633 habeant.Tandem,aiebam,

366 1664 412 1723 si
444 1661 566 1724 Deo
605 1659 898 1740 placuerit
936 1651 1243 1719 emendari
1276 1659 1334 1711 et
1381 1645 1738 1726 explicatum
1769 1641 2016 1740 prodire

362 1770 511 1833 opus
541 1732 724 1819 istud,
762 1750 952 1810 lucem
991 1763 1060 1806 ac
1094 1741 1498 1833 voluntatem,
1535 1743 1599 1795 ut
1652 1732 2016 1833 perﬁciatur,

1203 822 1416 909 usculi-
1441 844 1739 904 fructum:
1791 822 2010 902 fratres
2099 830 2421 893 Clementis
2455 829 2766 890 instillatas
2821 827 3000 888 fuisse
3031 825 3102 887 ab
3133 824 3276 904 ipsis
3321 822 3604 903 apostolis
3632 823 3745 884 Pe-

2101 929 2189 979 tro
2214 927 2272 980 et
2295 919 2475 982 Paulo
2500 936 2748 998 quorum
2772 915 3107 996 discipulus
3123 923 3270 976 erat.
3297 912 3520 975 Horum
3549 928 3750 973 mores

2102 1009 2514 1071 sanctissimos
2530 1026 2730 1068 coram
2760 1006 3006 1066 intuitus
3027 1004 3500 1083 est,emterisque
3517 1002 3752 1063 intuen-

2103 1098 2211 1160 dos
2237 1117 2305 1159 ac
2337 1097 2658 1159 imitandos
2690 1094 3037 1177 preposuit:
3073 1094 3286 1171 dignus
3335 1092 3597 1172 profecto
3649 1090 3751 1169 qui

2103 1187 2177 1248 ab
2211 1187 2340 1267 ipso
2395 1189 2568 1249 Petro
2617 1188 2677 1246 in
2730 1203 3138 1247 successorem
3195 1184 3558 1261 eligeretur;
3619 1180 3750 1259 ejus

2107 1279 2327 1357 quippe
2359 1275 2630 1350 scientia,
2659 1276 2799 1351 vita,
2829 1275 3172 1356 martyrium
3205 1272 3348 1334 satis
3375 1273 3697 1353 probarunt
3721 1287 3755 1329 a

2104 1369 2255 1430 caelo
2311 1367 2655 1447 inspiratam
2725 1366 2910 1427 fuisse
2983 1373 3099 1426 tam
3159 1362 3434 1424 eximiam
3501 1358 3749 1421 electio-

2103 1477 2262 1520 nem.

2184 1548 2371 1621 Quale
2402 1547 2516 1610 fuit
2557 1546 2714 1607 illius
2765 1545 3041 1606 meritum
3092 1545 3263 1623 cujus
3311 1540 3754 1623 prtedestinatio

2104 1638 2368 1716 gloriosa
2401 1636 2473 1698 ab
2507 1637 2632 1716 ipso
2667 1637 2839 1698 beato
2875 1637 3052 1697 Paulo
3092 1633 3372 1714 praedicta
3408 1640 3497 1693 est
3523 1638 3536 1693 t
3563 1631 3756 1705 Quem

2105 1728 2371 1790 certatim
2406 1725 2683 1787 laudibus
2717 1725 2972 1786 efferunt
3021 1722 3294 1785 maximis
3337 1723 3595 1800 lgnatins
3623 1722 3756 1782 An-

365 1810 802 1920 itisvp‘irabituni
835 1856 906 1898 ex
939 1843 1020 1896 tot
1051 1831 1165 1912 piis
1213 1825 1555 1889 doctoribus
1586 1810 1683 1902 qui
1736 1820 2019 1920 insudant
2046 1810 2081 1860 Β
2105 1816 2438 1920 ῐξοριιεηυξ,
2460 1813 3181 1920 ξτεηωυετξλυίζίξιξηθηείδζ
3200 1813 3479 1912 Clemens
3500 1812 3761 1920 éleitlan-

367 1901 547 1992 hodie
570 1928 629 1991 in
648 1925 933 1990 eruendis
954 1932 1012 1985 et
1031 1901 1377 1997 evulgandis
1401 1901 1760 1977 totveterum
1773 1907 2013 1970 Patrum
2102 1909 2341 1997 drinus,
2366 1903 2685 1997 Origenes,
2719 1903 3039 1997 Eusebius,
3065 1902 3471 1997 athenasius,
3491 1901 3758 1997 _Cy_rillus

367 2017 664 2080 thesauris
691 2013 1080 2078 absconditis.

444 2110 704 2191 Semper
728 2117 928 2169 tamen
962 2099 1366 2184 perseveravit
1413 2097 1476 2157 in
1505 2112 1601 2191 me
1632 2101 1830 2191 motus
1857 2091 2017 2152 inte-

375 2202 506 2261 rior
537 2181 651 2280 quo
682 2198 755 2259 ad
788 2181 1553 2280 hunc—laboremAurgebar.
1573 2185 1664 2246 An
1696 2181 1798 2243 ille
1829 2189 2027 2242 motus

365 2275 842 2369 supernaturalis
867 2281 1048 2344 fuerit
1070 2297 1180 2342 nec
1209 2275 1651 2369 affirtnare,nec
1673 2287 1892 2349 negare
1911 2287 2026 2330 au-

364 2364 714 2440 deo.Dicam
738 2370 1116 2437 solummodo
1133 2366 1290 2450 quod
1317 2383 1422 2446 per
1444 2364 1644 2446 plures
1666 2378 1863 2450 annos
1876 2377 2021 2450 cun-

366 2475 628 2530 ctantem
644 2470 887 2527 sanctus
903 2447 1356 2523 ClemenSintus
1369 2470 1621 2533 arguere
1650 2468 1746 2512 me
1774 2447 2028 2512 videba-

363 2555 666 2635 tur;quasi
686 2553 1096 2634 tidejussorem
1113 2553 1171 2610 et
1192 2539 2030 2635 adjutorem‘operis_oﬂ‘erens

377 2627 536 2710 sese:
564 2654 626 2708 ut
648 2627 1152 2725 quemadmodum
1183 2636 1313 2725 ipse
1328 2631 1728 2725 virginitatem
1754 2627 2029 2725 laudibus

380 2717 794 2812 exornaverat,
821 2731 1128 2810 cautisque
1151 2724 1392 2788 monitis
1418 2739 1553 2812 eam
1582 2717 2026 2812 praemunierat,

376 2827 461 2889 sic
485 2844 596 2905 ego
615 2809 1014 2905 Epistolarum
1031 2833 1270 2878 suarum
1289 2809 1800 2905 authenticitatem
1827 2814 2036 2905 contra

385 2896 766 2978 oblocutores
797 2909 1024 2971 naviter
1054 2907 1355 2968 ﬁrmarem
1384 2920 1398 2966 :
1425 2901 1528 2980 qui
1543 2902 1711 2960 enim
1742 2896 1952 2976 aperit
1972 2912 2039 2957 os

391 3013 696 3068 mutorum
737 3003 785 3076 ί,
821 3001 1020 3071 etiam,
1053 2997 1291 3074 quando
1321 2992 1467 3068 vult,
1500 2987 1958 3070 loquacissimos
1983 2993 2041 3048 et

392 3092 810 3156 audacissimos
843 3097 1038 3150 mutos
1071 3085 1275 3147 efficit.

468 3183 655 3256 Quare
681 3181 902 3242 diutius
935 3177 1324 3249 haesitassem,
1351 3189 1484 3233 cum
1511 3168 1686 3247 hujus
1708 3164 2042 3256 iibelli,per
2060 3135 2102 3188 θ

396 3253 712 3336 ιοῐὲωειιιᾶ
743 3265 1105 3345 absconditi,
1139 3261 1460 3345 publicatio
1503 3258 1576 3321 ad
1611 3253 1900 3345 majorem
1934 3253 2043 3315 Dei

397 3363 634 3443 gloriam
672 3371 730 3422 et
764 3359 834 3420 ad
868 3344 1096 3418 sanctae
1143 3344 1348 3414 matris
1407 3346 1692 3411 Ecclesiae
1743 3344 2033 3405 honorem

397 3469 635 3532 vergere
665 3458 800 3512 nata
832 3451 1044 3509 esset?

462 3523 638 3602 (ξένιε
672 3541 723 3600 si
747 3537 873 3598 sola
895 3533 1235 3615 eloquentia
1257 3530 1319 3591 in
1335 3527 1574 3608 scriptis
1598 3523 2041 3615 antiquisquae-

387 3630 719 3703 reretur,in
753 3612 1051 3688 oblivione
1072 3621 1334 3702 relinqui
1353 3620 1684 3700 potuissent
1705 3613 1894 3674 sancti
1917 3612 2044 3675 Clc-

387 3721 607 3786 mentis
636 3715 917 3798 Epistolm
949 3731 1096 3795 quas
1150 3710 1522 3798 publicamus
1553 3727 1564 3765 :
1597 3703 1738 3765 libri
1784 3721 2042 3798 namque

387 3789 1291 3893 snperabubdantespolitioris
1343 3789 1691 3858 litteraturae
1721 3801 1778 3893 et
1812 3790 2047 3890 eximiae

385 3880 640 3983 poeseos
664 3880 1062 3980 undequaque
1075 3891 1148 3953 ad
1162 3908 1270 3951 nos
1295 3880 1802 3983 pervenerutit.Et
1819 3881 2042 3942 utinam

389 3971 716 4075 periissem.
747 3971 1049 4064 tot‘ope—ra
1080 3981 1256 4075 plena
1286 3971 2038 4075 fmditatibus-e't'immun-

394 4061 556 4144 ditiis
587 4079 792 4138 vitium
842 4061 1147 4152 eleganter
1195 4064 1675 4130 insinuantibus!
1711 4061 1972 4135 Utinam,
2009 4077 2041 4119 e

393 4180 628 4249 contra,
683 4162 1015 4227 conservati
1073 4159 1346 4232 fuissent,
1400 4173 1606 4218 eorum
1659 4155 1814 4231 loco,
1861 4155 2042 4212 innu-

394 4261 548 4322 meri
595 4244 935 4318 sanctorum
1000 4254 1241 4314 Patrum
1298 4244 1563 4308 thesauri
1616 4244 1836 4325 injuria
1891 4253 2040 4304 tem-

395 4367 610 4432 porum
679 4343 908 4419 amissi,
969 4339 1401 4418 ccelestemque
1482 4333 1835 4415 sapientiam
1916 4331 2046 4412 spi-

389 4447 599 4502 rantes
631 4443 645 4500 ι

659 4627 916 4677 ΡΒΕΤΙΙΙΙ
943 4624 1128 4672 HUJUS
1154 4620 1495 4670 IONUMENTI
1521 4620 1773 4675 ANTIQUI.

469 4704 717 4786 Verum,
754 4704 861 4764 has
890 4700 1050 4762 inter
1079 4697 1337 4776 divitias,
1366 4695 1509 4754 tanti
1545 4694 1721 4757 nullae
1764 4692 2049 4756 aistimari

391 4797 613 4859 debent
645 4783 849 4875 quanti
880 4789 1142 4850 virorum
1176 4783 1638 4875 apostolicorum
1674 4785 1902 4863 scripta
1927 4799 2057 4862 quae

394 4886 588 4968 prima
618 4872 1088 4947 Christianorum
1113 4874 1353 4953 vestigia
1378 4872 1552 4934 nobis
1582 4874 1800 4952 detegu
1823 4882 2062 4952 nt,pr;e-

395 4961 570 5055 cipue
601 4982 798 5035 autem
832 4969 882 5031 si
912 4988 982 5029 ex
1011 4967 1105 5028 his
1135 4965 1207 5025 ad
1246 4981 1351 5023 nos
1376 4962 1585 5024 reboct
1609 4964 1879 5044 quaidam
1906 4961 2055 5023 echo

394 5054 630 5128 remota
659 5059 976 5144 pontiﬁciae
1003 5054 1164 5118 vocis
1193 5071 1324 5134 qua:
1355 5054 1591 5133 penitus
1609 5054 1907 5114 exstincta
1929 5069 2060 5112 cre-

402 5143 677 5216 debatur.
710 5151 876 5229 Quis,
905 5165 1108 5228 porro,
1135 5162 1340 5224 sonus,
1361 5149 1495 5222 post
1515 5143 1919 5225 apostolorum
1956 5162 2052 5206 vo-

410 5262 564 5320 cem,
599 5241 814 5306 clarior
839 5236 1013 5299 nobis
1042 5235 1134 5296 vel
1167 5233 1403 5294 charior
1455 5251 1586 5294 esse
1636 5247 1828 5316 potest
1874 5252 2054 5315 quam

411 5352 520 5395 vox
552 5333 745 5395 sancti
775 5325 1105 5392 Clementis
1135 5341 1265 5405 quae
1299 5323 1472 5385 toties
1506 5324 1564 5384 in
1597 5326 1861 5390 fidelium
1893 5324 2064 5389 coeti—

400 5423 516 5485 bus
546 5441 726 5486 aures
760 5426 1012 5482 attentas
1042 5412 1337 5495 implevit,
1373 5422 1616 5493 pectora
1646 5426 1850 5482 sancta
1881 5434 2053 5480 com-

418 5515 600 5576 movit
623 5522 636 5577 !
662 5511 792 5576 Non
809 5507 988 5572 modo
1019 5521 1276 5585 namque
1310 5503 1436 5584 ipsc
1466 5503 1670 5568 vivens
1702 5506 2062 5590 prazdicavit,

2105 1995 2704 2076 Hierosolymitanus,
2751 1994 3003 2073 Optatus
3060 1992 3456 2072 Milevitanus,
3489 1989 3757 2072 Epipha-

2109 2087 2272 2167 nius,
2305 2084 2584 2166 Basilius,
2620 2082 3035 2163 Hieronymus,
3060 2081 3330 2162 Ruﬁnus,
3359 2081 3760 2160 Augustinus,

2111 2175 2447 2240 Eucherius
2495 2173 2932 2251 Lugdunensis,
2967 2173 3387 2253 innumerique
3415 2169 3555 2233 alii!

2191 2269 2327 2331 Non
2357 2263 2499 2326 solae
2528 2263 2717 2324 sancti
2740 2261 3065 2326 Clementis
3086 2263 3160 2324 ait
3183 2260 3456 2341 Virgines
3485 2256 3763 2342 Epistolas

2108 2369 2448 2435 temporum
2485 2351 2761 2433 injuriam
2809 2350 3142 2427 subierant,
3176 2350 3432 2433 plurima
3471 2350 3588 2412 alia
3618 2345 3766 2411 tanti

2111 2443 2409 2533 pontificis
2439 2445 2659 2524 scripta
2684 2441 2902 2503 amissa
2948 2449 3111 2533 sunt,
3149 2449 3206 2505 et
3236 2459 3368 2522 quas
3415 2445 3760 2533 supersunt,

2113 2530 2213 2602 aut
2245 2533 2451 2596 mutila
2493 2540 2592 2593 aut
2640 2539 2916 2612 corrupta
2949 2532 3020 2593 ad
3066 2550 3175 2592 nos
3206 2530 3552 2592 transmissa
3601 2535 3770 2600 sunt.

2121 2628 2419 2690 Dominus
2447 2631 2645 2684 autem
2669 2627 2773 2701 qui
2795 2620 3056 2684 custodit
3083 2638 3213 2683 ossa
3234 2619 3601 2683 Sanctorum
3629 2635 3763 2681 suo-

2119 2734 2255 2779 rum
2287 2713 2313 2754 ³
2348 2761 2364 2793 ,
2399 2730 2614 2793 eaque,
2662 2730 2797 2774 cum
2846 2711 2959 2772 sibi
3014 2711 3228 2790 placet,
3263 2710 3508 2790 revelat,
3543 2709 3766 2789 scripta

2121 2807 2296 2869 etiam
2344 2821 2548 2864 eorum
2600 2801 2981 2884 quandoque,
3014 2820 3122 2881 per
3151 2799 3501 2883 quemlibet,
3537 2799 3766 2862 etiamsi

2121 2893 2404 2958 Ecclesiae
2432 2891 2738 2953 catholicae
2768 2900 3138 2966 extraneum,
3172 2890 3528 2952 manifestat.

2202 2983 2323 3055 Sic,
2358 2999 2516 3042 anno
2561 2980 2742 3060 1633,
2773 2979 3153 3042 doctissimus
3193 2980 3402 3042 Junius
3454 2978 3767 3054 Patricius,

2122 3071 2500 3146 Oxoniensis,
2527 3070 2715 3132 edidit
2738 3072 2943 3134 Graece
2976 3069 3300 3150 Latineque
3332 3069 3582 3150 primam
3615 3070 3771 3149 ejus-

2127 3165 2264 3225 dem
2297 3160 2484 3223 sancti
2517 3158 2844 3223 Clementis
2874 3157 3200 3238 Epistolam
3224 3159 3297 3219 ad
3330 3157 3770 3237 Corinthios,ex

2125 3252 2536 3333 antiquissimo
2577 3251 2982 3330 manuscripto
3031 3250 3454 3314 Alexandrino.
3489 3251 3610 3328 Sic,
3645 3251 3771 3312 fere

2133 3343 2344 3404 diebus
2369 3342 2615 3419 nostris,
2638 3343 2898 3400 Joannes
2914 3339 3167 3401 Jacobu‘s
3190 3339 3540 3415 Wetstinus,
3566 3361 3598 3400 e
3628 3359 3768 3420 pro-

2134 3434 2478 3494 testantium
2513 3430 2688 3490 etiam
2718 3447 2918 3509 grege,
2951 3429 3189 3509 Syriace
3228 3448 3295 3490 ac
3323 3429 3532 3491 Latine
3562 3430 3772 3509 edidit,

2130 3520 2399 3600 Lugduni
2419 3521 2793 3594 Batavorum,
2811 3519 2956 3579 duas
2978 3518 3121 3580 alias
3143 3519 3328 3580 sancti
3350 3519 3675 3581 Clementis
3695 3521 3770 3580 ad

2135 3612 2411 3690 Virgines
2442 3608 2756 3689 Epistolas,
2792 3627 2937 3689 quas
2967 3626 3040 3669 ex
3084 3610 3328 3687 antiquo
3370 3610 3772 3689 manuscripto

2133 3698 2372 3781 Syriaco
2429 3697 2577 3761 Novi
2623 3697 3015 3774 Testamenti,
3049 3698 3260 3779 Alepo,
3295 3697 3369 3760 ab
3416 3699 3774 3780 imperatore

2127 3791 2452 3852 Turcarum
2486 3791 2691 3860 misso,
2725 3787 2898 3850 eruit.

2213 3880 2464 3941 Litteras
2494 3878 2684 3939 sancti
2731 3877 3063 3940 Clementis
3099 3877 3175 3939 ad
3225 3878 3564 3940 Corinthios
3611 3887 3780 3940 vocat

2128 3979 2371 4033 sanctus
2405 3971 2672 4031 Irenaeus
2697 3968 3146 4046 potentissimas
3175 3968 3228 4030 4.
3275 3968 3534 4030 Primam
3565 3969 3637 4029 ad
3672 3986 3777 4029 eos

2128 4059 2452 4142 Epistolam
2486 4066 2722 4119 sanctus
2765 4054 3162 4138 Hieronymus
3194 4064 3440 4118 testatur
3465 4058 3778 4138 specialius

2129 4169 2263 4212 esse
2296 4149 2476 4211 valde
2498 4147 2732 4209 utilem.
2776 4170 2801 4202 κ
2831 4144 2970 4208 Haec
3015 4146 3263 4218 videtur,
3302 4146 3403 4221 ait,
3452 4147 3782 4209 characteri

2137 4238 2581 4319 Epistolaa,quae
2604 4236 2715 4298 sub
2732 4235 2899 4298 Pauli
2914 4237 3155 4297 nomine
3170 4235 3244 4296 ad
3259 4234 3544 4298 Hebraeos
3565 4236 3775 4312 fertur,

2136 4327 2455 4390 convenire
2473 4329 2525 4384 5.
2556 4349 2583 4381 ιο
2622 4325 2784 4387 idem
2815 4334 3056 4388 sanctus
3085 4325 3294 4387 doctor
3322 4325 3552 4388 dubitat
3582 4327 3658 4387 de
3678 4344 3779 4387 au-

2069 4458 2114 4510 D
2136 4417 2512 4510 thenticitate
2541 4414 2888 4496 posterioris
2919 4413 3186 4496 epistolae
3234 4416 3424 4478 sancti
3455 4415 3780 4478 Clementis

2129 4507 2205 4570 ad
2233 4503 2594 4570 Corinthios.

2137 4701 2418 4750 MOMENTA
2463 4699 2596 4755 QUE
2647 4697 2945 4746 ASTRUUNT
2992 4699 3340 4748 NOSTRABUM
3383 4700 3783 4749 RPISTOLABUH

2683 4790 3254 4838 AUTHENTICITATEH.

2228 4868 2315 4929 De
2345 4863 2633 4928 ambabus
2661 4862 2937 4944 Epistolis
2965 4883 3112 4944 quas
3143 4866 3344 4942 hodie,
3376 4874 3506 4946 post
3534 4863 3786 4927 Wetsti-

2153 4975 2317 5034 num,
2329 4955 2723 5036 publicamus,
2749 4954 2977 5016 locutus
2994 4963 3084 5016 est
3103 4964 3342 5017 sanctus
3364 4954 3784 5036 Hieronymus,

2145 5046 2252 5109 lib.
2282 5062 2299 5106 t
2324 5053 2538 5107 contra
2559 5043 2974 5122 Iovinianum,
2999 5045 3208 5106 dicens
3233 5066 3248 5109 :
3281 5070 3305 5102 α
3331 5042 3406 5106 Hi
3435 5055 3571 5106 sunt
3592 5063 3786 5106 eunu-

2145 5136 2242 5198 chi
2273 5153 2426 5214 quos
2475 5135 2756 5195 castravit
2784 5151 2909 5195 non
2956 5135 3307 5217 necessitas,
3341 5136 3446 5196 sed
3495 5135 3785 5214 voluntas,

2147 5235 2388 5309 propter
2415 5241 2662 5302 regnum
2695 5226 3004 5287 caelorum.
3031 5224 3123 5285 Ad
3148 5225 3256 5285 hos
3274 5233 3332 5285 et
3355 5224 3632 5287 Clemens
3650 5242 3790 5284 suc-

2147 5332 2352 5394 cessor
2373 5312 2622 5394 apostoli
2646 5311 2802 5373 Petri
2829 5313 3068 5395 scripsit
3092 5313 3372 5393 epistolas
3400 5330 3792 5396 ,omnemque

2151 5423 2304 5492 pene
2329 5419 2673 5464 sermonem
2698 5420 2872 5466 suum
2896 5403 2971 5464 de
2991 5403 3339 5484 virginitatis
3363 5403 3622 5485 puritate
3642 5420 3791 5466 con-

2153 5495 2336 5563 texuit
2364 5515 2375 5554 :
2411 5500 2467 5555 et
2496 5492 2781 5573 deinceps
2801 5492 2965 5554 multi
2990 5494 3394 5576 apostolici,et
3418 5500 3797 5574 martyres,et

485 5710 506 5750 ¹
539 5708 686 5785 Sap.
729 5721 796 5780 ι,
830 5703 930 5766 21.
1015 5699 1041 5741 9
1075 5698 1258 5761 Hebr.
1297 5715 1383 5774 XI,
1420 5697 1481 5762 4.
1566 5697 1597 5746 5
1629 5695 1782 5758 Psal.
1819 5712 2029 5780 sunt,

2141 5744 2160 5764 .
2245 5698 2276 5746 4
2306 5695 2349 5758 Ι.
2388 5711 2474 5770 ut,
2512 5713 2566 5756 c.
2601 5693 2658 5754 3.
2744 5695 2777 5744 ⁵
2812 5695 2894 5756 De
2921 5692 3133 5773 εον-ιρι.
3163 5690 3330 5766 ecct.,
3363 5709 3416 5753 c.
3457 5691 3549 5751 15.
