4124 6436
334 312 448 379 365

1261 315 1652 383 EPISTOLIE
1697 323 1797 417 AD
1842 320 2235 386 VIRGINES.
2273 353 2349 366 -
2380 317 2781 384 ΡΒΟἜΜΙΑ.

3634 310 3711 392 36

336 449 672 516 turae.inter
689 449 1022 531 praecipuos
1046 450 1352 513 modernae
1371 453 1757 534 phil030phiae
1776 464 1973 535 patro—
1997 465 2039 511 Α
2064 452 2293 533 pidatus
2311 460 2693 533 esset,praeco
2712 452 2899 516 factus
2920 457 2981 518 in
3005 455 3245 519 Oriente
3270 466 3330 521 et
3355 455 3705 539 Occidente;

338 560 465 613 nos,
489 558 746 622 quorum
779 540 1006 602 amicus
1035 550 1182 621 erat,
1212 550 1499 615 versatus,
1524 543 1839 605 innumera
1860 544 1981 605 fere

331 630 616 711 opuscula
641 647 759 691 ase
782 629 1108 710 composita
1133 631 1490 708 legitcoram
1518 633 1841 695 Academia
1865 635 1977 696 Ro-

328 719 718 798 tliomagensi,
769 719 941 799 cujus
1000 720 1333 782 membrum
1380 730 1523 781 erat.
1586 722 1782 783 Solam
1844 742 1983 784 vero

326 810 769 871 traductionem
832 807 1113 872 Gallicam
1181 819 1516 871 nostrarum
1579 811 1979 892 Epistolarum

324 898 636 978 evulgavit.
689 899 961 977 quamvis
1014 900 1176 960 varia
1225 898 1604 961 scientiarum
1658 902 1983 981 penetralia

324 989 561 1051 adierit.
606 987 919 1068 Catalogus
969 989 1503 1070 manuscriptorum
1558 1010 1690 1071 quae
1736 992 1983 1068 reliquit

323 1081 412 1161 (5)
449 1099 568 1141 non
624 1078 868 1141 exhibet
926 1079 1230 1140 hominem
1291 1079 1431 1140 ﬁdei
1492 1081 1811 1143 infensum.
1856 1083 1979 1144 Nec

328 1180 523 1232 tamen
560 1168 763 1248 negari
806 1176 999 1248 potest
1046 1167 1461 1230 adnotationes
1506 1170 1636 1250 ejus
1691 1171 1978 1250 plurimas

321 1259 583 1323 versioni
616 1258 915 1338 subjectas
966 1259 1438 1338 reprehensione
1489 1260 1696 1341 dignas
1727 1279 1880 1331 esse,
1918 1272 1978 1321 ut

324 1350 550 1433 patebit
581 1368 651 1412 ex
683 1348 773 1410 his
801 1366 933 1428 quae
966 1347 1143 1408 modo
1176 1348 1442 1410 dicturus
1474 1368 1629 1410 sum.

407 1439 696 1504 Ordinem
729 1456 949 1518 sequar
979 1456 1371 1499 numerorum
1406 1457 1558 1519 quos
1587 1440 1771 1503 afﬁxit
1797 1441 1865 1502 D.
1905 1440 1978 1501 de

322 1527 655 1608 Premaguy
686 1527 746 1587 in
779 1526 901 1588 suis
930 1527 1433 1588 adnotationibus

2066 542 2167 619 qui
2202 542 2481 604 eximium
2517 542 2655 603 ﬁdei
2686 545 3015 608 suaadecus
3035 547 3292 627 accepit,
3318 555 3503 610 totum
3530 568 3708 612 mun-

2068 632 2205 693 dum
2240 632 2461 693 docens
2497 632 2816 713 justitiam,
2851 642 2906 695 et
2956 634 3027 695 ad
3074 635 3417 700 Occidentis
3463 640 3710 702 veniens

2067 724 2412 795 terminum,
2441 731 2498 782 et
2527 722 2639 782 sub
2662 722 2954 802 praefectis
2976 726 3328 805 martyrium
3362 746 3569 807 passus
3595 729 3707 811 (6),

2068 810 2145 871 ita
2165 830 2197 873 e
2215 811 2437 872 mundo
2463 812 2753 890 migravit,
2781 822 2959 894 atque
2988 813 3047 875 in
3081 814 3275 876 locum
3297 826 3566 879 sanctum
3600 818 3710 879 ab-

2068 901 2152 973 iit,
2192 901 2488 981 patientiae
2518 921 2796 980 magnum
2832 905 3137 983 exemplar
3167 902 3357 967 factus
3422 903 3526 968 His
3571 907 3715 969 viris

2065 990 2168 1070 qui
2200 990 2454 1052 divinam
2488 991 2659 1051 vitam
2696 991 3020 1069 duxerunt,
3046 1004 3357 1073 aggregata
3386 1007 3475 1057 est
3508 999 3715 1077 ingens

2065 1080 2389 1141 electorum
2434 1080 2769 1162 multitudo,
2811 1107 2835 1137 »
2875 1090 2987 1144 etc.

2142 1167 2236 1232 IV.
2259 1169 2508 1231 Dubiam
2534 1189 2666 1230 esse
2692 1171 2902 1232 harum
2941 1172 3341 1252 Epistolarum
3364 1174 3717 1237 authentici-

2063 1258 2415 1329 tatem.inde
2440 1260 2788 1340 pronuntiat
2809 1260 2878 1321 D.
2908 1262 2982 1322 de
3008 1263 3337 1343 Premagny
3367 1263 3719 1343 quod,juxta

2060 1348 2661 1429 ipsum,impossibile
2685 1350 2762 1412 sit
2786 1352 3086 1431 conjicere
3101 1352 3457 1433 quibusnam
3478 1355 3718 1434 scriptze

2063 1439 2310 1500 fuerint.

2143 1527 2212 1589 Et
2239 1540 2434 1589 tamen
2455 1528 2639 1605 magis
2662 1530 2823 1591 clara
2843 1550 3107 1593 essenon
3123 1539 3371 1612 possunt
3386 1532 3566 1595 verba
3586 1552 3719 1614 quae

405 1620 450 1682 Ι.
483 1619 595 1681 Vix
620 1617 898 1678 morabor
948 1625 1009 1676 ut
1051 1617 1298 1696 probem
1332 1625 1537 1678 contra
1567 1618 1976 1683 adnotatorem
2063 1618 2232 1679 initio
2257 1617 3181 1700 primmEpistoleereperiuntur:
3208 1622 3499 1684 Omnibus
3515 1624 3715 1705 virgi-

322 1728 439 1771 non
474 1725 693 1770 nocere
723 1706 1117 1788 Epistolarum
1150 1706 1585 1769 authenticitati
1638 1720 1974 1771 sanctorum
2061 1706 2238 1768 nibus
2253 1706 3361 1788 beatisquiﬂponstitueruntservare
3382 1712 3716 1790 virginita-

323 1818 392 1862 ac
425 1797 733 1860 beatorum
761 1794 1047 1857 vocabula
1078 1795 1297 1875 quibus
1331 1795 1517 1857 utitur
1566 1809 1802 1860 sanctus
1837 1801 1975 1861 (ile-
2004 1831 2039 1880 Β
2063 1805 2177 1857 tem
2199 1804 2446 1874 propter
2476 1814 2737 1876 regnum
2762 1798 3072 1861 caelorum.
3108 1798 3197 1859 Ad
3232 1798 3340 1860 bos
3365 1799 3524 1861 solos
3563 1799 3718 1861 utri-

328 1886 597 1952 mens.Ut
617 1888 691 1949 ab
713 1885 872 1948 abeo
897 1885 1173 1946 adhiberi
1201 1888 1829 1965 potuerint,sufﬁceret
1852 1889 1979 1950 uni-
2065 1904 2253 1965 usque
2284 1905 2459 1948 sexus
2488 1887 2747 1966 virgines
2779 1890 3031 1969 scriptas
3062 1888 3249 1950 fuisse
3282 1889 3387 1950 has
3419 1887 3712 1969 Epistolas

326 1997 432 2041 cus
471 1980 681 2039 horum
734 1974 1053 2036 verborum
1112 1993 1255 2036 usus
1285 1975 1343 2035 in
1376 1973 1539 2039 Novo
1572 1974 1975 2053 Testamento,
2066 1975 2297 2053 agnovit
2330 1984 2568 2037 sanctus
2600 1977 2997 2057 Hieronymus
3030 1998 3043 2040 :
3073 1976 3154 2038 ita
3181 1978 3531 2039 utanimum
3568 1978 3720 2040 mire

327 2068 428 2130 ubi
460 2069 810 2148 frequenter
848 2064 1255 2145 reperiuntur.
2069 2065 2425 2127 distractum
2471 2066 2692 2128 habere
2727 2068 3001 2129 debuerit
3031 2067 3103 2131 D.
3137 2068 3213 2129 de
3248 2072 3577 2151 Premagny
3614 2069 3717 2148 qui

404 2155 512 2220 ILI
547 2156 817 2217 udirecte
843 2165 901 2214 et
926 2163 1302 2214 transeunter
1328 2155 1667 2234 perstringit
1690 2159 1980 2238 apostola-
2069 2172 2248 2234 supra
2279 2155 2435 2217 dicta
2468 2155 2645 2217 verba
2670 2156 2835 2236 prius
2857 2157 2930 2218 ab
2950 2158 3079 2238 ipso
3113 2158 3319 2220 Latine
3342 2158 3716 2240 transcripta,

324 2257 452 2310 tum
483 2246 639 2310 beati
658 2245 814 2307 Petri
838 2246 1067 2306 Romze.
1091 2242 1194 2304 Ille
1218 2255 1412 2304 autem
1434 2244 1708 2307 incursus
1729 2266 1983 2327 respon-
2071 2242 2288 2304 deinde
2315 2245 2372 2303 in
2408 2255 2674 2306 nostram
2708 2245 2967 2324 linguam
2991 2249 3274 2327 verterat,
3301 2247 3540 2324 quando
3572 2246 3725 2310 dixit

328 2357 461 2399 sum
485 2356 601 2398 non
630 2344 911 2397 meretur:
933 2331 1231 2394 innumeri
1252 2333 1469 2414 quippe
1491 2333 1625 2396 libri
1649 2338 1979 2409 exstabant,
2070 2332 2286 2412 conjici
2320 2352 2435 2394 non
2471 2352 2649 2414 posse
2681 2335 2901 2412 quibus
2943 2336 3073 2397 istae
3102 2335 3545 2398 destinarentur
3573 2336 3722 2417 Ερί-

326 2436 600 2508 tempore
623 2425 777 2489 D.de
800 2422 1985 2505 Premagny,etnuncexstant,probantes
2070 2421 2236 2482 stolae

322 2517 548 2579 nullam
573 2513 951 2577 insulsiorem
978 2511 1037 2573 in
1065 2512 1366 2573 mentibus
1386 2513 1752 2575 eruditorum
1780 2534 1984 2578 rema-
2151 2511 2301 2574 Boni
2330 2512 2582 2593 pastoris
2607 2512 2868 2574 ofﬁcium
2895 2514 3727 2595 implebatsanctusClemeus

330 2626 481 2668 nere
504 2624 682 2687 posse
705 2603 1134 2664 dubitationem
1162 2620 1332 2683 quam
1356 2600 1429 2662 de
1453 2601 1627 2681 longa
1650 2606 1838 2665 sancti
1872 2605 1984 2667 Pe-
2070 2602 2209 2663 dum
2236 2601 2577 2680 invigilaret
2604 2602 2969 2681 perfectioni
2991 2623 3197 2667 eorum
3222 2603 3723 2685 quiillustriorem

332 2698 407 2758 tri
432 2698 639 2760 Romae
661 2690 1155 2755 commoratione:
1178 2692 1239 2751 in
1260 2691 1373 2751 hoc
1398 2691 1557 2752 enim
1586 2693 1847 2756 historiae
1870 2695 1985 2756 fac-
2069 2691 2266 2769 gregis
2281 2690 2498 2752 Christi
2522 2690 2855 2771 portionem
2874 2693 3161 2755 efﬁciunt.
3180 2692 3443 2756 Dilectus
3455 2694 3714 2775 discipu-

332 2795 389 2847 to
415 2785 732 2848 unanimes
756 2791 892 2843 sunt
914 2800 1047 2843 cum
1068 2789 1190 2843 tota
1212 2788 1373 2843 retro
1398 2782 1749 2862 antiquitate
1771 2784 1987 2847 doctis-
2071 2779 2163 2840 lus
2188 2780 2318 2859 ipse
2335 2780 2528 2841 locum
2545 2780 2605 2840 in
2621 2779 2789 2841 caelis
2806 2782 3330 2844 honoratissimum
3344 2782 3723 2863 eisassignat.

339 2874 470 2938 simi
487 2876 836 2956 scriptores,
866 2879 985 2933 tum
1012 2871 1168 2932 inter
1187 2871 1684 2947 Catholicos,tum
1708 2874 1885 2936 etiam
1905 2881 1991 2935 in-
2076 2868 2389 2949 Postquam
2426 2871 2586 2930 enim
2622 2870 2914 2933 nuntiavit
2944 2890 3048 2933 eos
3076 2872 3302 2935 habere
3331 2891 3552 2934 nomen
3583 2874 3726 2954 Agni

342 2971 428 3026 ter
454 2971 869 3045 protestantes.
1764 3030 1767 3031 ν
2073 2957 2181 3019 Dei
2216 2968 2273 3018 et
2294 2956 2484 3019 Patris
2508 2958 2639 3037 ejus
2669 2959 2959 3039 scriptum
2992 2961 3053 3021 in
3084 2960 3383 3023 frontibus
3402 2963 3552 3035 suis,
3578 2963 3729 3025 dicit

420 3049 1349 3131 lll.MiraturquodsanctoPaulo
1368 3050 1571 3113 titulus
1596 3052 1987 3132 Dz’vz‘m‘Apo-
2074 3066 2177 3108 eos
2209 3054 2454 3110 cantare
2496 3054 2636 3109 ante
2686 3049 2892 3109 sedem
2944 3050 3237 3112 canticum
3293 3068 3532 3125 novum,
3567 3050 3726 3132 quod

337 3145 485 3206 εει)ιὶ
523 3162 555 3204 a
607 3151 1111 3222 contemporaneo
1159 3140 1484 3243 tribuatur,
1520 3141 1688 3223 isque
1745 3152 1989 3205 vocetur
2007 3192 2046 3243 Ο
2074 3155 2252 3199 nemo
2289 3144 2503 3237 praster
2555 3136 2725 3243 illos,
2747 3146 2985 3243 cantare
3033 3146 3246 3219 potest,
3281 3139 3570 3220 additque
3601 3161 3614 3203 :
3648 3140 3728 3203 Hi

334 3232 655 3313 Apostolus
674 3234 806 3296 sine
832 3233 1086 3294 nominis
1102 3230 1621 3311 additione,etper
1641 3242 1987 3294 antonoma-
2009 3228 2046 3243 ν
2070 3234 2210 3288 sunt
2248 3228 2356 3306 qui
2396 3242 2532 3288 cum
2572 3228 2937 3288 mulieribus
2962 3245 3082 3289 non
3110 3236 3253 3289 sunt
3299 3232 3720 3309 coinquinatz':

332 3324 511 3384 siam.
545 3323 657 3385 Sed
688 3330 927 3384 sanctus
974 3321 1250 3382 Clemens
1294 3320 1357 3380 in
1391 3320 1585 3401 prima
1615 3320 1882 3402 Epistola
1913 3322 1984 3383 ad
2070 3320 2340 3397 virgines
2366 3316 2527 3377 enim
2546 3316 2801 3377 sunt.Hz
2832 3323 3177 3395 sequuntur
3196 3318 3445 3395 Agnum
3461 3335 3729 3398 quocun-

329 3412 832 3493 Corintbios,quae
852 3411 1195 3472 authentica
1215 3408 1287 3469 ab
1316 3409 1599 3471 omnibus
1619 3415 1982 3489 agnoscitur,
2071 3423 2184 3485 que
2216 3406 2383 3466 ierit.
2416 3402 2506 3463 Hi
2536 3407 2726 3493 empti
2754 3413 2893 3465 sunt
2927 3421 3004 3466 ea:
3035 3404 3388 3466 hominibus
3426 3406 3727 3485 primitiae

328 3503 517 3565 dicit:
551 3524 573 3559 α
609 3491 839 3565 Sumite
870 3499 1190 3581 Epistolam
1217 3498 1376 3560 beati
1402 3498 1590 3563 Pauli.
1627 3526 1649 3556 υ
1676 3499 1984 3572 Quodnam
2070 3496 2191 3557 Deo
2223 3501 2280 3556 et
2312 3494 2485 3571 Agna
2516 3491 2597 3556 ιϐ.

331 3601 559 3654 tantum
592 3580 933 3654 discrimen
955 3600 1046 3651 est
1090 3590 1247 3650 inter
1289 3589 1564 3651 divinum
1599 3599 1656 3650 et
1688 3592 1926 3651 beatum
1961 3597 1988 3651 ‘t
2152 3586 2224 3645 V.
2247 3582 2505 3644 Domino
2531 3583 2606 3644 de
2626 3580 3116 3664 Premagny,post
3136 3582 3500 3646 Wetstinum
3524 3584 3723 3646 anim-

328 3683 582 3748 Nullum
612 3685 897 3763 profecto.
935 3684 1228 3743 Praeterea
1260 3688 1573 3760 utrumque
1603 3680 1981 3754 vocabutum,

334 3782 606 3853 tempore
628 3771 820 3834 sancti
843 3771 1166 3833 Clementis
1196 3768 1608 3831 indill‘erenter
1653 3768 1982 3848 usurpaba-

334 3870 459 3925 tur.
492 3862 642 3923 Hinc
673 3862 734 3923 in
766 3862 930 3923 Actis
976 3860 1235 3940 martyrii
1286 3866 1473 3922 sancti
1527 3859 1730 3939 lgnatii
1779 3860 1986 3922 Antio-

334 3954 535 4036 cheni,
561 3971 695 4030 quae
725 3952 943 4033 scripta
978 3959 1116 4011 sunt
1148 3948 1220 4011 ab
1249 3951 1380 4032 ejus
1413 3946 1749 4030 discipulis,
1773 3948 1988 4027 legitur

337 4046 425 4127 (ιι.
455 4046 563 4125 9);
606 4042 734 4107 «Ut
779 4041 1207 4104 convenienter
1236 4042 1290 4101 ei
1340 4040 1497 4120 quod
1547 4040 1698 4101 dixit
1751 4038 1986 4099 divinus

330 4135 576 4211 Paulus,
604 4135 733 4216 ipse
759 4150 998 4214 quoque
1030 4132 1195 4192 ﬁeret
1230 4129 1640 4210 spectaculum
1674 4127 1987 4209 mundo,et

329 4227 566 4307 angelis
601 4234 659 4286 et
688 4222 1056 4285 hominibus.
1086 4244 1114 4275 η
1142 4220 1323 4300 Igitur
1348 4220 1458 4281 hac
1484 4228 1654 4281 aetate
1690 4217 1984 4299 ejusmodi

335 4335 515 4380 voces
545 4313 820 4377 adhiberi
852 4310 1149 4373 solebant.

410 4409 537 4471 Nec
565 4405 780 4466 mirum
805 4402 965 4485 quod
996 4402 1173 4463 etiam
1208 4407 1347 4462 tunc
1378 4406 1619 4460 sanctus
1637 4396 1853 4460 Paulus
1882 4414 1989 4478 per
2008 4425 2055 4478 ι)

326 4499 807 4563 antonomasiam
858 4491 1178 4573 Apostolus
1217 4490 1412 4551 dictus
1442 4488 1641 4564 fuerit,
1675 4505 1811 4549 cum
1867 4497 1984 4548 tam

2069 3673 2382 3735 advertere
2436 3672 2653 3752 placet,
2687 3671 2835 3734 nihil
2886 3674 2945 3733 in
2994 3672 3087 3733 his
3134 3674 3417 3754 Epistolis
3469 3673 3727 3736 inveniri

2070 3764 2291 3825 dictum
2326 3762 2402 3823 de
2435 3761 2779 3824 hierarchia
2808 3770 2864 3824 et
2898 3762 3304 3825 ecclesiastica
3331 3764 3723 3829 auctoritate:

2070 3862 2127 3914 et
2150 3852 2291 3914 inde
2309 3851 2668 3914 concludere
2691 3852 2813 3913 vult
2828 3852 3071 3913 dubiam
3087 3871 3221 3914 esse
3235 3871 3437 3914 earum
3461 3854 3723 3917 authen-

2067 3944 2375 4005 ticitatem.
2408 3942 2649 4003 Dixerat
2666 3960 2807 4004 vero
2830 3942 3161 4005 Wetstinus
3184 3945 3337 4006 hanc
3354 3944 3721 4007 authentici-

2073 4044 2247 4096 tatem
2283 4033 2463 4094 astrui
2496 4033 2743 4112 praecise
2800 4034 2903 4093 illo
2947 4034 3206 4095 silentio.
3257 4032 3552 4097 Wetstino
3594 4036 3720 4115 jam

2070 4141 2425 4203 responsum
2450 4122 2828 4184 dedi.Restat
2855 4141 2994 4201 ergo
3016 4131 3078 4185 ut
3108 4124 3504 4203 respondeam
3525 4123 3721 4185 adno-

2074 4213 2247 4275 tatori
2278 4211 2504 4273 ibidem
2540 4212 2929 4293 quaestionem
2963 4212 3186 4273 nullam
3223 4212 3407 4275 fuisse
3455 4212 3533 4275 de
3582 4213 3719 4274 bie-

2071 4301 2306 4365 rarchia
2368 4308 2427 4363 et
2486 4300 2561 4362 de
2618 4302 2968 4363 auctoritate
3024 4302 3449 4364 ecclesiastica.
3509 4300 3723 4365 Omnia

2072 4404 2307 4473 tempus
2338 4398 2395 4453 et
2428 4390 2623 4451 locum
2666 4409 2836 4453 suum
2870 4391 3115 4453 habent.

2151 4479 2249 4543 Vl.
2300 4480 2561 4559 Vitiligat
2583 4498 2824 4559 quoque
2847 4483 2915 4543 D.
2953 4481 3027 4543 de
3060 4480 3388 4562 Premagny
3404 4500 3587 4564 super
3612 4502 3721 4545 vo-

330 4585 624 4652 ilivinitus
654 4585 727 4647 ad
772 4569 1167 4664 apostolatum
1216 4580 1398 4641 fuerit
1426 4585 1693 4657 vocatus,
1727 4594 1795 4638 ac
1827 4583 1986 4637 tanto
2071 4571 2301 4635 cabulis
2329 4569 2700 4664 Apostoli-et
2728 4569 3085 4664 Evangelii,
3113 4573 3286 4664 quasi
3309 4572 3422 4664 hoc
3453 4581 3724 4664 tempore

332 4678 609 4743 encomio
630 4696 664 4738 a
686 4660 888 4738 sancto
911 4672 1085 4735 Petro
1106 4670 1283 4733 fuerit
1304 4667 1610 4731 celebrata
1628 4664 1990 4747 sapientia“
2071 4660 2343 4742 usurpari
2376 4679 2493 4721 non
2530 4660 2871 4724 debuerint.
2912 4660 3112 4723 Liceat
3144 4660 3292 4723 mihi
3314 4662 3523 4725 dicere
3554 4663 3720 4725 litem

339 4769 480 4834 talis
504 4766 767 4848 viri,qni,
792 4773 855 4826 ut
875 4765 954 4826 ait
976 4770 1213 4825 sanctus
1234 4760 1517 4822 Clemens
1538 4759 1599 4819 in
1625 4759 1814 4838 prima
1838 4756 1984 4848 Epi-
2070 4752 2222 4814 hanc
2254 4769 2386 4848 esse
2416 4767 2799 4848 summopere
2828 4750 3185 4848 ridiculam:
3223 4760 3534 4832 postquam
3558 4753 3722 4848 enim

338 4860 497 4925 stola
525 4859 600 4922 ad
620 4839 973 4923 ‘C-orinthios
994 4852 1047 4895 1⁵
1074 4875 1087 4912 :
1119 4878 1141 4908 «
1171 4849 1474 4913 Patientia;
1500 4848 1807 4929 praemium
1832 4846 1986 4908 obti-
2069 4860 2246 4903 voces
2275 4841 2405 4902 istae
2439 4858 2473 4900 a
2517 4841 2771 4913 Christo,
2810 4839 2884 4902 ab
2914 4841 3199 4921 apostolis
3231 4849 3292 4902 et
3339 4841 3723 4923 evangelistis

331 4953 489 5029 nuit,
508 4967 643 5016 cum
668 4956 909 5011 catenas
940 4944 1163 5028 septies
1184 4938 1863 5024 portasset,vapulasset,
1898 4936 1987 4998 la-
2074 4930 2355 4996 adhibitae
2376 4930 2617 5010 fuerint,
2644 4929 2778 5013 quis
2795 4929 2999 4993 dicere
3028 4930 3281 4993 auderet
3300 4949 3333 4993 a
3354 4936 3563 4995 sancto
3584 4932 3727 4995 Cle-

413 5102 468 5146 “
494 5107 547 5171 Ii
581 5104 745 5167 Petr.
774 5114 861 5182 Ill,
893 5099 995 5179 45,
1034 5097 1129 5160 16.
1214 5091 1269 5136 ¹⁵
1299 5092 1374 5157 Ν.
1406 5093 1465 5155 5.
1555 5088 1610 5133 ⁸⁸
1639 5086 1887 5171 Apocal.
1919 5103 2045 5153 xxv.

426 5259 511 5341 (5)
542 5258 717 5320 Hunc
748 5243 1369 5341 catalogumbenigne
1392 5241 1536 5334 mihi
1568 5240 1984 5341 trapsmisitD.
2073 5224 3116 5341 hrugt‘itl‘3293139kniggisanittii

338 5302 1635 5423 n.$45633;gastﬁauidaa’gensi?cum
1659 5302 1817 5383 brevi
1844 5319 1991 5423 110ξὶ-
2081 5397 2107 5423 ο
2156 5315 2245 5423 (β)
2267 5305 3117 5423 Εκῃιξὶεῑοιξᾶἓξξξξῐῐέξξέυοε
3139 5304 3323 5369 fuisse
3352 5302 3557 5370 Romae
3580 5324 3729 5389 pm

338 5388 1459 5503 ἱῖἑ’ῐιύἷιὲἒῖἓῐὲιέἳῖέξτεηιρ.Ρῑῖίεευὲί
1490 5412 1701 5503 states-
1720 5401 1992 5503 γεξρθηεέο
2079 5388 3150 5503 τθίέξίὶεριὶ¹ἒὲξῑξὲἓῗῖίέἓ[³..δὲἓὲ·,...;,

324 5464 1233 5584 ebi‘tstupgrthtqiieEliis
1256 5464 1567 5584 beneﬁciis
1587 5464 1735 5544 mihi
1753 5464 1988 5584 .p'rgesti-
2114 5557 2142 5584 Δ
2584 5466 3155 5584 Egi-nfunq'u‘tfﬂuia
3175 5464 3434 5548 Epistsla
3449 5467 3728 5548 dirigitur

340 5557 853 5654 didici
886 5572 957 5637 D.
979 5557 1062 5635 de
1092 5570 1452 5654 Premagny.
1478 5566 1657 5654 inter“
1670 5557 1990 5654 religionis
2073 5557 2145 5622 ad
2174 5557 2436 5634 virgines
2459 5557 2770 5630 utriusque
2801 5567 3001 5611 sexus.

335 5643 650 5754 Epic};
675 5666 815 5727 ante
846 5661 1103 5719 mortem
1136 5666 1203 5711 se
1235 5643 1580 5728 projecisse.
1616 5643 1776 5707 Obiit
1804 5643 1841 5706 3
1871 5646 1989 5706 Fe-
