4124 6476
338 426 463 492 369

1271 421 1659 484 EPISTOL/E
1688 420 1788 482 AD
1819 415 2210 482 VIBGINES.
2243 449 2321 460 ——
2351 413 2745 479 PROCEMIA.

3607 412 3729 480 370

335 569 407 620 ut
437 568 643 622 auctor
670 558 918 636 Dialogi
949 555 1305 636 Philopatris
1345 555 1442 632 qui
1465 553 1574 614 sub
1603 551 1845 632 'l‘rajani
1877 554 1989 614 im-
2013 565 2044 610 Α
2071 551 2315 630 scipulis
2338 551 2463 612 suis
2495 559 2557 610 ut
2579 568 2680 636 eos
2713 547 2828 630 ipsi
2851 548 3202 627 abjicerent,
3258 549 3499 630 quando
3531 549 3723 620 dixit:

345 651 514 729 peric
545 649 804 727 scripsit,
844 649 950 707 hac
976 647 1098 724 ipsa
1135 645 1364 706 ratione
1411 643 1778 707 Christianos
1830 644 1993 705 deri-

338 743 504 812 deat,
539 750 595 802 et
625 739 860 800 cuidam
889 738 1220 798 ﬁdelidicat
1246 757 1264 796 :
1303 734 1456 796 Jura
1487 735 1641 794 mihi
1670 751 1773 812 per
1801 734 1997 795 Deum

334 832 492 910 creti,
530 839 587 892 et
619 847 967 907 supremum
998 827 1344 889 Dominum.
1371 843 1481 904 per
1514 823 1737 884 Filium
1769 825 1990 896 Patris,

337 939 459 999 per
488 921 803 1001 Spiritum
848 921 948 999 qui
975 935 1011 978 α
1037 917 1226 978 Patre
1254 915 1547 996 procedit,
1581 913 1771 974 Deum
1803 932 1993 976 unum

337 1012 411 1072 in
441 1011 654 1089 tribus,
680 1018 736 1072 et
763 1011 993 1072 trinum
1026 1011 1090 1069 in.
1120 1025 1262 1068 uno.

431 1101 748 1164 Abstinere
779 1099 1089 1160 debuisset
1116 1099 1189 1157 ah
1223 1098 1382 1158 omni
1409 1094 1791 1157 contentione
1813 1097 1861 1156 D
1921 1093 1995 1154 de

353 1195 675 1270 Premagny
707 1191 1021 1252 occasione
1042 1187 1285 1249 alterius
1310 1195 1496 1248 textus
1521 1205 1696 1264 quem
1721 1183 1992 1262 deprom-

355 1291 550 1364 pserat
591 1289 826 1341 sanctus
857 1280 1109 1340 Basilius
1161 1277 1234 1338 ab
1263 1277 1376 1338 alio
1433 1275 1618 1336 sancti
1671 1273 1994 1336 Clementis

351 1390 533 1453 opere
557 1371 708 1449 quod
740 1370 936 1449 periit.
973 1368 1058 1429 En
1088 1367 1186 1428 ille
1213 1376 1440 1427 textus:
1467 1367 1744 1425 (.‘(emens
1775 1364 1995 1425 Roma-

343 1481 467 1524 ητις
516 1464 828 1542 antiquiOr
885 1461 1042 1542 dicit
1075 1458 1290 1542 :erivit
1350 1458 1538 1525 Deus,
1593 1462 1654 1542 et
1703 1455 1997 1542 Quini-nus

344 1547 524 1604 Iesus
588 1534 892 1614 Cliri'stus,
927 1549 980 1602 et
1006 1540 1281 1618 Spiritus
1339 1535 1670 1598 sanctusﬁfi.
1731 1534 1996 1596 Credidit

345 1643 583 1693 sant-tus
615 1633 866 1694 Basilius
896 1631 1020 1691 haec
1052 1628 1239 1690 sancti
1272 1625 1596 1687 Clementis
1625 1623 1803 1685 verba
1865 1623 1994 1684 suf-

344 1725 527 1783 ﬁcere
552 1735 610 1784 ut
677 1722 1044 1782 stabiliretur
1073 1715 1651 1779 consubstantialitas
1690 1711 1870 1774 Verbi
1899 1712 1993 1773 di-

343 1814 488 1879 vini.
545 1813 873 1887 Arianique
923 1809 1366 1870 refellerentur.
1416 1804 1538 1867 Hoc
1591 1822 1706 1863 non
1740 1802 1995 1864 admittit

2085 642 2385 702 Daemones
2407 641 2608 716 ejicite
2637 635 2712 702 Ξῖ.
2774 638 2924 711 Quid
2973 639 3187 700 mirum
3237 641 3417 720 igitur
3439 646 3490 708 si
3520 649 3730 704 auctor

2081 730 2479 812 Epistolarum
2510 729 2743 808 regulas
2775 737 2990 790 statuat
3038 748 3184 810 quas
3237 735 3409 814 sequi
3467 732 3730 798 debeant

2080 820 2575 892 exorcistae?Quitl
2597 838 2773 899 porro
2797 820 2925 880 istae
2943 819 3216 883 redolent
3234 823 3344 885 nisi
3369 827 3726 898 castitatem,

2083 911 2629 983 mortiﬁcationem,
2665 909 3068 971 humilitatem
3099 914 3128 969 ?
3185 913 3415 976 lndicat
3447 917 3589 997 quid
3648 915 3729 978 sit

2078 1001 2372 1080 agendum
2402 1009 2462 1060 ut
2491 1000 2736 1081 spiritus
2769 1000 3061 1077 malignus
3092 999 3421 1065 efﬁcaciter
3461 1006 3727 1085 expella-

2082 1102 2177 1151 tur
2211 1109 2225 1163 ;
2261 1090 2364 1151 sed
2401 1107 2520 1152 non
2548 1090 2682 1150 ideo
2710 1090 2937 1151 fraudis
2970 1091 3276 1153 insimulat
3307 1113 3411 1156 eos
3441 1096 3542 1177 qui
3573 1095 3728 1156 hanc

2081 1179 2452 1240 exorcizandi
2485 1178 2780 1239 rationem
2813 1198 2929 1240 non
2953 1179 3509 1264 adhibuerint.lpse
3530 1185 3726 1248 Chris-

2083 1281 2173 1330 tus
2196 1269 2398 1330 docuit
2418 1267 2746 1348 discipulos
2767 1286 2907 1331 suos
2930 1269 3287 1349 quibusnam
3310 1273 3492 1335 armis
3517 1272 3728 1334 muniti

2085 1378 2300 1440 pravos
2318 1357 2565 1437 Spiritus
2597 1357 2900 1420 debellare
2933 1358 3357 1436 deberent;sed
3375 1363 3599 1426 fraudis
3629 1371 3730 1425 aut

2085 1449 2378 1512 mendacii
2408 1467 2544 1510 reos
2589 1467 2720 1509 esse
2757 1468 2874 1508 non
2934 1451 3336 1529 pronuntiavit
3383 1452 3625 1530 quando
3671 1453 3728 1515 ei

2085 1548 2490 1601 narraruntse
2524 1547 2722 1617 optato
2750 1539 3016 1599 caruisse
3055 1540 3287 1603 effectu.
3327 1543 3478 1605 Rem
3512 1543 3599 1605 sic
3630 1561 3729 1604 ex-

2083 1630 2248 1711 ponit
2281 1628 2683 1704 Evangelista:
2719 1627 2885 1692 Tunc
2916 1629 3209 1711 discipuli
3239 1641 3630 1696 accesserunt
3648 1633 3731 1696 ad

2076 1721 2282 1782 Jesum
2316 1728 2555 1787 secreto.
2584 1726 2637 1780 et
2668 1719 3199 1795 dixeruntzQuare
3221 1740 3332 1783 nos
3361 1739 3486 1784 non
3515 1723 3728 1802 potui-

2082 1829 2211 1870 mus
2243 1811 2462 1883 eiicere
2478 1808 2858 1870 illummixit
2879 1808 3006 1870 illis
3027 1808 3224 1872 Jesus:
3257 1812 3513 1892 Propter
3531 1812 3730 1874 incre-

349 1907 418 1966 D.
459 1904 530 1962 de
557 1902 908 1981 Premagny.
938 1899 1080 1971 Quis
1119 1915 1252 1958 vero
1306 1894 1554 1956 haerebit
1614 1893 1770 1953 inter
1824 1891 1990 1952 afﬁr-
2018 1901 2398 1969 Bduma/em
2423 1891 3731 1979 vestram,Amen,quippe,d¢'c0pobis,siha-

349 1993 562 2054 mantis
600 2001 657 2053 et
689 1992 952 2069 negantis
983 1988 1394 2051 auctoritatem
1429 1991 1456 2047 '?

428 2081 494 2144 X.
529 2082 706 2158 [Egre
759 2081 826 2142 D.
891 2081 964 2140 de
1015 2078 1339 2156 Premagny
1401 2074 1634 2134 videtur
1687 2072 1991 2149 suscipere

2077 1989 2250 2052 bueri
2256 1991 2332 2052 tis
2350 1990 2535 2068 [idem
2565 1991 2721 2051 sicut
2741 2006 3010 2068 granum
3026 1991 3504 2071 sinapis,dicetis
3529 1993 3730 2056 monti

2074 2081 2254 2142 huic:
2300 2081 2521 2140 Transi
2541 2078 2682 2140 hinc
2712 2077 2857 2140 illuc
2879 2086 2937 2140 et
2967 2080 3276 2161 transibit,
3305 2089 3360 2140 et
3385 2080 3544 2142 nihil
3603 2082 3726 2144 im—

341 2173 526 2234 verba
557 2172 773 2254 quibus
809 2170 1202 2250 Epistolarum
1229 2175 1436 2226 auctor
1467 2164 1674 2224 incitat
1698 2162 1770 2254 ad
1793 2161 1988 2254 imita-
2073 2169 2358 2246 possibile
2386 2173 2499 2231 erit
2530 2171 2714 2232 vobis.
2745 2167 2873 2230 Hoc
2897 2175 3096 2230 autem
3118 2187 3306 2246 genus
3333 2187 3459 2232 non
3483 2171 3729 2250 ejicitur

341 2253 586 2326 tionem
625 2264 802 2322 trium
859 2259 1195 2321 divinarum
1247 2272 1663 2336 personarum.
1724 2253 1985 2315 Remitto
2072 2262 2195 2322 nisi.
2223 2278 2327 2339 per
2354 2260 2690 2322 orationem
2717 2261 3093 2336 etiejunium
3121 2258 3193 2316 28.

339 2356 456 2414 hac
490 2355 565 2413 de
595 2371 661 2412 re
693 2353 977 2413 lectorem
1013 2349 1082 2410 ad
1120 2366 1188 2409 ea
1219 2365 1350 2427 quae
1371 2343 1600 2423 subjeci
1634 2343 1694 2403 in
1735 2341 1988 2403 adnota»

341 2443 508 2504 tione
539 2442 654 2504 loci
686 2442 885 2518 hujus.

427 2531 523 2597 ΧΙ.
557 2531 736 2595 Juxta
765 2531 1172 2592 adnotatorem
1222 2526 1470 2588 multum
1500 2532 1664 2585 nutat
1695 2522 1993 2604 Epistola-

351 2641 485 2684 rum
525 2630 860 2684 nostrarum
885 2619 1201 2681 auctoritas
1256 2636 1324 2678 ex
1371 2614 1580 2676 fraude
1613 2621 1672 2674 et
1699 2611 1996 2692 hypocrisi

2155 2348 2404 2413 Cessent
2429 2367 2569 2428 ergo
2596 2348 2935 2429 phil050phi
2959 2348 3135 2428 hujus
3167 2351 3369 2412 saeculi
3401 2350 3463 2411 in
3505 2352 3728 2414 sanctis

2077 2437 2353 2499 Patribus
2385 2440 2719 2519 vituperare
2747 2457 2877 2518 quae
2909 2437 2971 2499 in
3022 2439 3257 2501 Christo
3303 2440 3568 2502 revereri
3615 2439 3729 2503 de-

2081 2530 2242 2594 bent.
2279 2529 2396 2590 nisi
2418 2528 2571 2591 forte
2593 2529 2824 2591 Christo
2859 2529 3353 2591 renuntiaverint.

2163 2617 2278 2680 Sed
2312 2637 2408 2680 res
2438 2626 2638 2679 notatu
2669 2618 3026 2694 dignissima
3054 2627 3167 2699 est,
3196 2622 3518 2701 plerosque
3539 2620 3731 2682 haere-

349 2732 487 2791 quaa
517 2712 954 2792 exprobrantur
1001 2706 1356 2788 quibusdam
1410 2703 1825 2765 directoribus.
1865 2701 1997 2763 Non
2085 2709 2230 2771 ticos
2259 2721 2318 2771 et
2341 2709 2752 2790 philosophos,
2784 2708 2858 2771 ad
2876 2711 3063 2771 solam
3099 2716 3730 2774 commemorationem

343 2804 569 2882 major,
595 2803 696 2875 ait,
722 2801 1085 2864 declamatio
1109 2803 1239 2860 erat
1270 2806 1534 2873 tempore
1561 2793 1992 2872 Chrysostomi.

350 2881 464 2954 Sed
501 2893 550 2953 si
597 2893 736 2952 inde
769 2909 992 2971 auceps
1023 2895 1176 2950 esset
1210 2885 1613 2966 Epistolarum
1649 2881 1993 2956 auctoritas,

357 2992 707 3061 sequeretur
727 2981 941 3042 dubias
958 2977 1459 3060 quoquejudicari
1488 2993 1660 3054 posse
1685 2973 1994 3052 plerasque

2086 2801 2421 2860 daemonum
2455 2807 2513 2859 et
2565 2803 3031 2860 exorcismorum
3066 2801 3506 2863 excandescere
3539 2809 3597 2863 et
3627 2819 3730 2865 ex-

2082 2890 2293 2969 agitari
2317 2888 2483 2970 quasi
2517 2889 2632 2968 ipsl
2666 2908 2700 2950 a
2744 2889 3118 2953 daemonibus
3146 2890 3590 2954 obsiderentur.

2159 2981 2293 3043 XII.
2349 2981 2671 3041 Auctorem
2722 2978 3118 3059 Epistolarum
3170 2983 3364 3058 arguit
3420 2981 3735 3045 adnotator

358 3073 538 3132 sancti
599 3072 760 3134 Pauli
795 3071 1085 3150 Epistulas
1124 3087 1134 3130 :
1192 3070 1250 3127 in
1287 3067 1378 3127 his
1414 3066 1568 3125 enim
1606 3063 1999 3124 vehementer
2080 3071 2247 3150 quasi
2282 3078 2647 3131 narratorem
2681 3088 2886 3149 parum
2923 3088 3194 3132 veracem
3227 3089 3434 3133 eorum
3494 3089 3630 3149 quae
3657 3071 3734 3137 ad

361 3160 646 3222 invehitur
672 3179 771 3221 vas
797 3159 1108 3223 electionis
1143 3167 1344 3218 contra
1399 3152 1991 3235 pseudo-apostolos.

2083 3160 2396 3221 Dominum
2425 3169 2694 3220 nostrum
2724 3160 3122 3238 pertinebant.
3148 3185 3174 3217 α
3200 3161 3728 3240 Clemens,inquit,

359 3253 486 3312 Nos
516 3269 642 3310 vero
675 3255 777 3328 (lett
807 3263 1078 3310 tenemus
1103 3247 1178 3309 ab
1213 3246 1378 3307 initio
1406 3244 1753 3304 mendacem
1779 3262 1846 3343 ac
1879 3245 2053 3343 ho-C
2079 3270 2197 3311 non
2230 3257 2319 3312 est
2347 3249 2601 3328 diligens
2633 3248 2851 3310 relator
2895 3250 3182 3312 itinerum
3215 3251 3458 3314 Christi.
3491 3251 3732 3332 Absque

359 3338 631 3399 micidam
661 3342 841 3400 fuisse
881 3339 1237 3408 daemonem,
1276 3337 1501 3395 scimus
1526 3351 1759 3413 quoque
1793 3332 1864 3392 ab
1897 3333 1994 3393 in-
2017 3332 2053 3343 “’
2081 3340 2259 3401 dubio
2285 3338 2471 3419 enim,
2497 3339 2698 3419 plures
2732 3340 3024 3402 comitata:
3053 3349 3191 3402 sunt
3232 3359 3369 3402 eum
3421 3341 3728 3420 mulieres,

356 3427 662 3490 cunabulis
715 3429 999 3489 Ecclesia:
1035 3428 1169 3488 huic
1212 3436 1423 3506 praesto
1459 3425 1642 3485 fuisse
1693 3422 1997 3482 ministros
2083 3429 2253 3510 paulo
2295 3436 2432 3488 ante
2464 3446 2643 3508 quam
2675 3427 2851 3489 vitam
2885 3437 3355 3493 consummaret,
3385 3431 3517 3492 Non
3542 3431 3730 3493 semel

349 3538 598 3595 quorum
627 3517 901 3580 γεγευιίξὲ
923 3518 1086 3578 omni
1122 3527 1389 3595 tempore
1447 3514 1720 3575 revelatte
1755 3523 1890 3573 sunt
1941 3521 1997 3573 et
2081 3518 2409 3598 hospitatus
2431 3526 2522 3579 est
2552 3536 2620 3580 ac
2652 3518 3030 3580 manducavit
3079 3521 3145 3580 in
3191 3519 3371 3580 domo
3427 3516 3624 3581 Maria)
3675 3527 3733 3583 et

345 3608 582 3669 fortiter
604 3611 883 3690 explosae.
916 3610 1048 3671 Non
1073 3606 1258 3668 defuit
1281 3608 1513 3667 Satanae
1533 3607 1907 3684 suppositum
1936 3603 1994 3664 in

2081 3610 2319 3670 Marthze
2353 3627 2368 3688 ;
2407 3626 2519 3670 nec
2549 3608 2735 3669 semel
2769 3609 3053 3671 mulieres
3081 3609 3422 3672 effuderunt
3453 3627 3732 3690 unguen-

343 3699 475 3776 ipsa
507 3698 721 3760 Christi
756 3700 1040 3760 societate
1070 3722 1083 3766 ;
1121 3716 1228 3758 nec
1261 3706 1456 3757 tamen
1487 3695 1895 3755 testimonium
1921 3692 1996 3756 de
2082 3710 2203 3759 tum
2235 3717 2417 3779 super
2441 3706 2616 3778 caput
2641 3708 2698 3760 et
2730 3699 2912 3779 pedes
2939 3699 3123 3780 illius,
3153 3726 3175 3759 ii
3207 3709 3323 3763 etc.

342 3786 503 3849 illius
537 3789 785 3868 perﬁdia
808 3789 879 3849 ab
911 3788 1288 3866 evangelistis
1316 3789 1664 3860 praestitum,
1691 3785 1996 3846 inﬁrmare

346 3897 602 3958 unquam
635 3880 852 3958 proluit
883 3889 1106 3940 «:tetvra
1130 3896 1260 3958 quae
1292 3876 1686 3955 scripserunt.

423 3965 754 4030 Occasione
778 3968 1223 4049 possessionum
1249 3976 1305 4027 et
1349 3967 1837 4044 exorcismorum,
1895 3965 1990 4024 in-

343 4060 460 4120 fert
489 4060 806 4120 ailuotator
828 4059 885 4119 in
908 4059 1023 4120 illis
1049 4059 1276 4118 abditas
1302 4058 1484 4118 fuisse
1512 4076 1704 4118 meras
1729 4057 1987 4118 fraudes.

341 4149 413 4209 ab
447 4149 603 4211 Asiae
644 4148 869 4211 Judzeis
900 4149 1212 4211 derivatas.
1249 4147 1393 4209 Inde
1429 4150 1487 4208 in
1561 4166 1835 4227 campum
1895 4147 1990 4206 di-

347 4239 519 4298 vertit
553 4240 924 4300 morborum‘
957 4237 1288 4318 praesertim
1322 4256 1526 4298 eorum
1588 4237 1688 4316 qui
1739 4235 1990 4298 convul-

345 4329 544 4389 siones
569 4329 825 4410 pariunt,
861 4327 1077 4409 quibus
1126 4328 1333 4389 ﬁdeles
1365 4327 1604 4387 delusos
1659 4327 1842 4388 fuisse
1891 4345 1991 4387 as—

343 4420 510 4497 serit,
536 4418 705 4498 quasi
729 4420 1019 4480 daemonis
1051 4417 1433 4496 Operationes
1471 4416 1529 4476 in
1563 4417 1654 4477 his
1686 4416 1992 4495 ﬁngeren-

346 4518 459 4570 tur.
497 4511 630 4570 Post
670 4508 824 4570 ltanc
853 4507 1277 4586 irruptionem,
1308 4506 1699 4587 philosophus
1752 4507 1988 4569 Bothu-

345 4598 643 4676 magensls
669 4598 794 4658 ait:
849 4621 870 4652 ‹ι
932 4595 1057 4668 Quo
1113 4596 1305 4677 major
1355 4595 1672 4675 antiquitas
1703 4595 1992 4657 ambabus

2161 3789 2373 3851 Nullus
2403 3797 2492 3849 est
2524 3789 2584 3850 in
2623 3808 2948 3870 pauperum
3005 3790 3233 3852 scholis
3293 3791 3584 3871 puerulus
3634 3799 3735 3855 aut

2086 3878 2350 3958 puellula
2379 3897 2511 3958 quae
2551 3879 2822 3940 eamdem
2853 3898 2920 3940 ac
2980 3879 3370 3962 philosophus
3402 3881 3734 3944 Rotboma-

2081 3968 2282 4048 gensis
2313 3968 2708 4030 eruditionem
2745 3968 2842 4031 hic
2894 3971 3232 4050 producere
3265 3990 3383 4033 non
3424 3971 3732 4038 valuisset.

2079 4059 2359 4140 Nunquid
2380 4066 2696 4140 propterea
2728 4060 2855 4120 ausi
2886 4059 3375 4124 fuissentdocere
3398 4069 3499 4124 aut
3517 4079 3732 4144 repre-

2079 4151 2346 4212 hendere
2373 4149 2568 4210 virum
2603 4150 3023 4231 apostolicum,
3056 4170 3356 4214 summum
3383 4151 3728 4232 pontiﬁcem

2079 4249 2138 4301 et
2160 4250 2474 4320 martyrem
2505 4248 2532 4303 ’ἰ
2563 4238 2635 4302 Ut
2663 4249 2858 4312 autem
2893 4241 3358 4304 reclamationes
3391 4241 3620 4303 domini
3651 4241 3730 4304 de

2079 4332 2408 4410 Premagny
2443 4330 2700 4410 alicujus
2728 4329 3010 4411 ponderis
3040 4340 3265 4412 essent,
3296 4329 3607 4394 debuisset
3635 4331 3733 4394 ci-

2079 4431 2203 4483 tare
2228 4419 2497 4500 quaedam
2517 4419 2706 4482 sancti
2733 4420 3057 4483 Clementis
3079 4420 3256 4483 verba
3306 4439 3439 4500 quae
3477 4422 3602 4484 suis
3627 4439 3730 4484 re-

2077 4509 2535 4574 clamationibus
2569 4510 2947 4571 occasionem
2975 4529 3201 4591 aequam
3236 4510 3544 4574 dedissent
3579 4512 3731 4588 ;sed

2078 4602 2240 4663 nulla
2273 4618 2517 4680 prorsus
2551 4600 2847 4680 ejusmodi
2895 4600 3072 4662 verba
3135 4599 3420 4664 existunt.
3482 4600 3732 4666 Dicetur

340 4693 562 4753 nostris
595 4692 872 4773 Episiolis
905 4691 1168 4764 dabitur,
1204 4710 1272 4752 eo
1310 4688 1552 4772 propius
1593 4690 1662 4750 ad
1700 4689 1987 4769 originem
2017 4667 2225 4752 Dforte
2273 4667 2397 4751 non
2460 4667 2690 4764 vertim,
2768 4689 2872 4751 sed
2935 4689 3569 4771 pseudo-Clementem
3630 4691 3731 4754 hic

339 4781 813 4844 Christianorum
877 4781 1090 4843 abusus
1147 4780 1564 4841 adducentur:

337 4871 783 4933 incommodum
814 4881 871 4931 et
901 4870 1132 4932 creditu
1166 4870 1433 4931 difﬁcile.

419 4961 493 5022 Ai
519 4961 665 5022 mihi
686 4961 1054 5041 respondere
1078 4961 1590 5039 pertnillaturzcur
1611 4968 1794 5019 mutat
1809 4958 1984 5019 adno.

341 5059 496 5112 tator
528 5061 795 5112 naturam
831 5069 1029 5112 rerum
1065 5050 1140 5110 ile
1172 5049 1388 5130 quibus
1442 5049 1673 5112 locutus
1706 5057 1793 5109 est
1846 5048 1987 5128 Epi-

1655 4781 1809 4858 quod
1900 4786 1990 4840 est

2077 4779 2285 4862 itnpeti
2320 4797 2334 4841 :
2365 4777 2594 4840 admitti
2623 4783 2819 4856 potest
2850 4779 3149 4858 ejusmodi
3199 4782 3517 4848 excusatio.
3584 4781 3732 4863 quin

2075 4869 2421 4931 admittatur
2454 4868 2797 4949 hypothesis
2826 4870 3081 4948 gratuita
3131 4889 3311 4953 quam
3371 4880 3567 4934 textus
3624 4890 3729 4935 se-

2075 4958 2214 5020 dulo
2238 4957 2609 5021 examinatus
2641 4957 2888 5038 respuit.

2155 5047 2322 5122 Quod
2354 5055 2552 5109 autem
2587 5047 2902 5109 adnotator
2925 5055 3041 5109 tam
3067 5067 3280 5113 serena
3297 5049 3493 5113 fronte
3513 5052 3729 5116 asserit

339 5140 624 5202 stolarum
653 5137 910 5202 auctor?
942 5142 1034 5202 Ne
1062 5157 1243 5199 unum
1293 5138 1533 5218 quidem
1585 5138 1828 5199 verbum
1889 5138 1990 5200 ille
2074 5139 2379 5202 Christum
2414 5155 2530 5197 non
2567 5137 2751 5197 semel
2785 5137 3148 5218 hospitatum
3183 5139 3366 5204 fuisse
3425 5142 3484 5203 in
3547 5141 3728 5206 domo

345 5230 588 5311 protulit
613 5230 688 5290 de
721 5229 1032 5290 fraudibus
1052 5240 1150 5290 aut
1183 5231 1256 5290 de
1291 5229 1439 5289 lictis
1495 5229 1744 5308 morbis,
1784 5239 1882 5288 aut
1913 5229 1990 5290 de
2072 5229 2316 5291 Marthae
2346 5235 2405 5286 et
2431 5227 2653 5301 Mariae,
2681 5245 2889 5289 verum
2925 5235 3015 5290 est
3040 5228 3281 5310 quidem
3328 5233 3404 5295 de
3439 5231 3730 5314 prandiis;

338 5321 830 5383 convulsionibus
862 5320 1103 5380 diabolo
1130 5317 1451 5381 attributis.
1505 5319 1661 5396 Ergo
1691 5321 1748 5379 in
1786 5336 1984 5380 aerem
2071 5319 2176 5380 sed
2211 5315 2838 5380 facillimecontradici
2875 5327 3070 5397 potest
3095 5321 3290 5400 quoad
3326 5324 3725 5402 pernoctatio-

344 5411 574 5474 Iocutus
592 5420 682 5472 est
706 5409 772 5471 D.
801 5409 874 5470 de
904 5409 1252 5488 Premagny,
1289 5410 1544 5490 ejusque
1575 5426 1757 5490 opera
1789 5409 1983 5488 periit.
2073 5428 2233 5470 nem:
2261 5416 2493 5469 veteres
2525 5406 2686 5468 enim
2725 5406 3025 5470 tradidere
3083 5411 3384 5474 Christum
3437 5413 3729 5476 secedere

343 5501 692 5563 Certissima
719 5500 989 5562 Christus
1043 5498 1225 5578 (velit,
1261 5498 1410 5558 nolit
1465 5499 1708 5561 criticus
1763 5500 1990 5575 uoster)
2073 5509 2427 5560 consuetum
2459 5496 2520 5558 in
2539 5509 2806 5586 montem
2826 5505 2885 5559 et
2915 5497 3302 5564 solitudinem
3328 5503 3566 5586 quando
3587 5522 3729 5584 apo-

341 5589 703 5670 abjecittpse
726 5588 1463 5669 dzemones,prtecepitque
1488 5590 1774 5670 apostolis
1803 5607 1870 5650 ac
1895 5588 1983 5648 di-
2072 5588 2208 5652 stoli
2234 5587 2348 5669 ipsi
2378 5586 2450 5648 ad
2486 5585 2744 5668 quietem
2780 5588 3132 5652 sumendam
3167 5585 3387 5655 lectum
3422 5591 3727 5676 petebant.

420 5759 484 5810 16
518 5763 648 5824 Bas.
689 5763 776 5824 De
797 5760 1015 5841 Spirit.
1047 5759 1144 5834 S.,
1181 5779 1234 5822 c.
1271 5759 1368 5822 ‘29.
1425 5758 1516 5831 ,³7
1559 5759 1766 5826 Matth.
1805 5777 1864 5836 Χ,
1902 5761 1960 5826 8.
2048 5759 2107 5810 ³8
2134 5758 2338 5824 Matth.
2373 5773 2515 5834 xvn,
2558 5756 2626 5823 18
2659 5763 2871 5836 etseq.
