4114 6470
330 362 437 427 371

1149 363 1208 424 S.
1247 361 1688 425 CLEMENTIS
1720 364 1743 425 Ι
1782 360 1971 424 ROM.
2008 353 2233 421 PONT.
2269 355 2517 421 OPERA
2553 357 2927 438 GENUINA.

3609 350 3727 416 372

332 498 471 561 Haec
503 516 681 579 porro
742 496 978 559 traditio
1032 497 1254 577 optime
1305 495 1578 572 congruit
1634 496 1728 558 his
1792 494 1989 561 verbis
2010 500 2048 550 Α
2073 496 2235 555 ctum
2265 500 2355 554 est
2384 510 2489 573 pro
2519 491 2806 572 propheta
2838 508 3069 579 novum
3107 488 3449 579 cubiculum
3481 487 3725 550 omnino

332 587 654 666 Evangelii:
688 586 868 649 Ewiit
903 588 966 647 in
995 594 1255 648 montem
1287 602 1489 647 orare:
1527 591 1584 647 et
1610 596 1741 649 erat
1762 608 1993 670 perno-

330 687 506 740 ctans
532 682 597 738 in
616 683 896 739 oratione
924 674 1118 737 Det”.
1150 676 1239 737 En
1259 675 1477 736 factum
1506 680 1991 754 pernoctationis.

334 766 519 831 Visne
541 766 767 828 habere
786 764 1404 828 consuetudinemﬂit
1429 770 1815 849 egressus,ait
1840 769 1994 829 idem

338 857 699 934 evangelista
729 856 805 917 de
836 864 1108 935 tempore
1142 864 1434 916 nocturno
1463 854 1994 937 loquens,ibat,sc-

338 947 598 1008 cundum
628 946 1152 1019 consuetudinem,
1178 946 1239 1005 in
1264 952 1531 1005 montem
1567 946 1884 1009 Oliuarum
1913 948 1984 1008 30.

338 1034 561 1099 Omnes
593 1035 977 1114 evangelista
1002 1036 1314 1113 signarunt
1340 1032 1549 1095 sedulo
1572 1035 1731 1097 hunc
1765 1038 1991 1118 specia-

339 1125 457 1188 lem
505 1126 707 1186 locum
742 1124 1029 1186 orationis
1058 1122 1271 1187 Christi
1328 1130 1388 1183 in
1424 1133 1625 1186 monte
1660 1124 1985 1199 Olivarum,

339 1225 617 1277 vocantes
646 1214 813 1276 illum
841 1214 1153 1294 praedium,
1192 1213 1279 1275 vel
1314 1213 1551 1274 hortum
1578 1213 1990 1277 Gethsemani.

343 1304 410 1366 In
443 1304 708 1386 publico,
746 1305 983 1367 easdem
1016 1305 1141 1367 fere
1164 1302 1768 1367 relationesChristus
1791 1306 1995 1367 habuit

344 1413 477 1456 cum
527 1394 672 1456 viris
729 1404 785 1456 et
841 1394 1243 1457 mulieribus:
1303 1395 1376 1454 ad
1432 1393 1777 1456 salvandum
1832 1397 1991 1457 enim

343 1490 662 1565 utrumque
696 1503 899 1547 sexum
936 1491 1177 1546 venerat
1214 1483 1361 1557 ;sed
1419 1482 1713 1563 privatim,
1782 1486 1993 1547 eodem

346 1574 523 1634 modo
555 1593 671 1635 non
698 1592 761 1635 se
792 1573 1072 1653 gerebat:
1110 1573 1370 1649 ideoque
1393 1574 1684 1635 mirantur
1747 1574 1996 1655 apostoli

346 1663 583 1743 quando
619 1683 753 1725 eum
786 1664 976 1725 solum
1013 1662 1591 1743 vident,quamvisin
1623 1676 1991 1744 aperto,cum

348 1752 598 1815 muliere
632 1754 1006 1815 Samaritana
1036 1752 1499 1834 colloquentem.

2081 591 2416 662 separatum
2451 581 2523 642 ab
2559 599 2626 643 ea
2657 578 2730 639 39.
2797 580 3015 643 Textus
3062 578 3391 641 Hebraicus
3450 595 3729 658 expresse

2081 670 2772 750 designatseparationis
2824 688 3061 731 murum
3096 669 3198 749 qui
3251 668 3579 730 aediﬁcatus
3609 677 3720 727 est.

2080 760 2204 822 Hoc
2239 761 2528 838 ignoravit
2554 760 2622 822 D.
2659 760 2732 821 de
2764 764 3113 839 Premaguy,
3141 759 3392 838 ideoque
3417 758 3725 837 insupera-

2082 848 2262 910 bilem
2303 850 2599 928 judicavit
2632 850 3206 928 argumentationem
3244 868 3433 911 suam.
3472 848 3725 909 Aliunde

2078 957 2193 1000 non
2228 942 2413 1019 exigit
2433 950 2673 1002 sanctus
2707 940 2984 1002 Clemens
3019 948 3081 999 ut
3112 937 3271 999 nulla
3300 938 3375 999 sit
3404 938 3621 999 mulier
3653 939 3712 998 in

2076 1029 2251 1091 domo
2278 1049 2458 1107 quam
2492 1028 3046 1091 habitanthomines
3078 1028 3359 1107 virgines,
3394 1028 3718 1108 praesertim

2076 1120 2316 1194 quando
2352 1120 2467 1182 iter
2499 1119 2747 1191 faciunt,
2798 1119 2900 1180 sed
2955 1126 3017 1178 ut
3078 1118 3299 1195 fugiant
3330 1118 3726 1180 contubernia

2077 1227 2208 1269 cum
2242 1209 2614 1277 mulieribus,
2647 1219 2703 1270 et
2767 1220 2828 1269 ut
2859 1209 3004 1289 ipsis
3039 1227 3156 1269 non
3192 1208 3531 1269 ministrent
3587 1227 3722 1269 mu—

2079 1297 2280 1360 lieres.
2317 1299 2445 1361 Jam
2480 1300 2597 1359 dixi
2632 1298 2974 1360 cubiculum
3008 1297 3189 1358 Elisei
3222 1300 3378 1376 apud
3442 1298 3725 1360 Sunami-

2080 1388 2258 1448 tidem
2308 1389 2488 1450 fuisse
2520 1399 2856 1469 separatum
2894 1407 2909 1463 ;
2965 1387 3047 1448 ibi
3092 1406 3231 1449 vero
3264 1388 3657 1449 ministerium
3694 1405 3727 1447 a

2083 1477 2433 1539 mulieribus
2468 1498 2586 1539 non
2618 1477 2950 1559 recipiebat
2982 1498 2995 1537 :
3035 1477 3118 1538 illi
3172 1478 3329 1539 enim
3392 1477 3727 1540 sufﬁciebat

2079 1582 2284 1627 servus
2309 1569 2405 1648 qui
2439 1587 2679 1647 semper
2710 1567 3101 1629 comitabatur
3133 1586 3290 1627 eum.

2160 1654 2364 1717 Neevos
2397 1659 2609 1734 quazrit
2648 1658 2912 1717 invenire
2958 1658 3199 1718 criticus
3252 1657 3636 1737 philosophus
3666 1660 3727 1717 in

2082 1742 2359 1823 Epistolis
2391 1747 2610 1807 nostris
2667 1755 2727 1806 ut
2777 1747 3189 1808 auctoritatem
3243 1764 3447 1807 earum
3508 1747 3725 1809 elevet.

425 1854 509 1917 Ex
540 1875 610 1918 eo
635 1855 791 1937 quod
820 1864 1061 1918 sanctus
1092 1855 1370 1917 Clemens
1402 1858 1616 1919 Christi
1668 1857 1847 1919 verba
1896 1877 1998 1918 re-
2024 1864 2059 1914 Β
2083 1834 2350 1937 Grandi?
2371 1835 3028 1937 ίὲίέξιτνίρείυῖρυᾂίίῖὲο›
3056 1855 3253 1897 ηῖθνυδ
3279 1845 3366 1935 (ῗδῖ
3391 1837 3547 1936 ιιιιίξά
3574 1857 3722 1915 ηυδ-

346 1943 553 2006 tulerit
580 1945 654 2007 ad
681 1945 920 2007 Mariam
956 1945 1361 2022 Magdalenam
1397 1946 1694 2009 dicentis:
1732 1948 1875 2007 Noti
1906 1966 2000 2008 me

350 2042 623 2116 tangere,
647 2036 1011 2098 concludere
1043 2035 1217 2096 vellet
1245 2034 1800 2109 adnotator,contra
1832 2035 1999 2098 Wet-

348 2125 593 2199 stinum,
622 2125 696 2187 ab
729 2134 972 2187 auctore
1002 2125 1404 2205 Epistolarum
1449 2126 1664 2186 melius
1694 2130 1995 2204 cognitum

349 2212 531 2275 fuisse
544 2213 1383 2292 sanctiJoannisEvangelium
1410 2232 1586 2293 quam
1608 2216 1997 2295 Evangelinm

351 2303 539 2364 sancti
573 2304 831 2366 Matthtei
855 2302 957 2382 qui
988 2305 1142 2364 hanc
1160 2302 1665 2364 circumstantiam
1686 2310 1999 2369 tacet.Hoc

349 2391 727 2455 ratiocinium
765 2392 1120 2472 philosopho
1186 2410 1391 2472 parum
1426 2394 1703 2455 convenit
1738 2415 1749 2455 :
1804 2415 2000 2476 neque

353 2482 514 2544 enim
546 2492 785 2544 sanctus
814 2482 1151 2560 Matthmus,
1186 2500 1380 2561 neque
1403 2482 1601 2544 caeteri
1624 2484 2002 2564 evangelista;

352 2570 819 2646 voluerunt,imo
837 2571 989 2632 velle
1020 2579 1342 2651 potuerunt
1366 2572 1631 2634 scribere
1650 2580 1849 2635 omnia
1870 2593 2001 2655 quae

354 2660 625 2725 Christus
667 2660 941 2740 gesserit.
1005 2661 1189 2739 Igitur
1245 2659 1317 2721 ab
1382 2661 1495 2722 hoc
1555 2662 1794 2725 silentio
1856 2663 2001 2725 nihil

358 2748 603 2812 omnino
634 2749 914 2813 concludi
936 2758 1149 2830 potest.
1176 2748 1286 2822 Qui
1310 2750 1468 2811 enim
1491 2752 1881 2815 concluderet
1902 2754 2004 2815 do-

352 2837 580 2900 minum
609 2839 686 2902 de
730 2842 1058 2920 Premagny
1113 2840 1261 2901 nihil
1294 2840 1448 2901 aliud
1486 2841 1796 2923 scripsisse
1821 2862 1998 2923 quam

349 2928 685 2992 versionem
718 2928 1006 2992 Gallicam
1040 2937 1381 2992 nostrarum
1413 2929 1840 3010 Epistolarum,
1866 2952 1999 2993 cum

352 3018 655 3099 adjunctis
686 3018 1192 3094 adnotationibus,
1253 3026 1389 3100 quia
1440 3020 1546 3081 has
1604 3020 1795 3082 solum
1850 3022 2004 3103 typis

354 3106 677 3183 mandavit,
710 3127 829 3169 non
859 3108 1003 3171 satis
1032 3108 1201 3170 fama;
1231 3110 1387 3171 illius
1418 3109 1761 3174 consuleret
1796 3132 1811 3187 ;
1860 3130 2003 3192 pro—

2087 1930 2176 1983 ter
2191 1926 2719 1987 sanctusClemens
2743 1927 3113 1988 Christianos
3140 1926 3553 2000 nominaverit,
3591 1945 3723 1987 cum

2087 2031 2192 2073 vox
2226 2014 2335 2074 ista
2368 2024 2455 2076 ter
2482 2024 2703 2076 tantum
2758 2017 2814 2075 in
2849 2019 3014 2077 Novo
3049 2014 3425 2077 Testamento
3454 2016 3725 2097 reperia-

2086 2110 2196 2163 tur.
2232 2102 2751 2183 Perspicacitatem
2786 2105 2964 2183 hujus
3004 2104 3405 2166 adnotationis
3440 2106 3723 2186 judican-

2083 2191 2217 2253 dam
2250 2194 2532 2274 relinquo
2566 2195 2810 2256 cuilibet
2856 2195 3087 2256 lectori.
3124 2195 3181 2257 Si
3234 2195 3330 2256 cui
3381 2206 3577 2257 tamen
3612 2216 3726 2257 non

2084 2280 2384 2344 sufﬁceret
2405 2284 2518 2347 hoc
2549 2303 2926 2364 responsum,
2954 2284 3110 2345 scire
3132 2284 3308 2346 debet
3326 2286 3437 2346 hoc
3467 2290 3726 2347 vocabu-

2085 2369 2204 2431 lum
2237 2372 2388 2432 adeo
2422 2392 2740 2433 commune
2797 2372 2976 2433 fuisse
3013 2375 3119 2434 hac
3152 2382 3342 2452 aatate,
3377 2383 3494 2434 uta
3547 2375 3734 2453 genti-

2087 2460 2245 2521 libus
2265 2462 2482 2541 passim
2510 2462 2921 2537 adhiberetur,
2940 2464 3093 2524 sicut
3112 2471 3349 2542 patctex
3378 2465 3545 2525 Actis
3565 2482 3732 2525 mar-

2087 2553 2237 2629 tyrii
2267 2550 2484 2613 Sancti
2516 2552 2746 2628 Ignatz’i
2805 2552 3183 2633 Antiocheni,
3244 2563 3300 2615 et
3333 2571 3402 2613 ex
3460 2552 3733 2634 Epistula

2086 2639 2283 2701 Plinii
2304 2641 2383 2702 ad
2410 2641 2746 2721 Trujanum
2773 2645 3224 2723 imperatorem,
3249 2644 3320 2705 de
3348 2642 3729 2705 Christianis.

2166 2729 2323 2793 XIV.
2359 2732 2692 2793 Wetstinus
2716 2733 3071 2811 allegaverat
3102 2733 3514 2795 auctoritatem
3544 2733 3731 2794 sancti

2086 2818 2397 2898 Epiphanii
2429 2821 2528 2899 qui
2555 2821 2852 2882 haereticis
2885 2823 2988 2883 aevi
3049 2822 3139 2883 sui
3192 2821 3528 2901 opponebat
3587 2821 3731 2899 Epi-

2086 2910 2268 2969 stolas
2297 2910 2488 2971 sancti
2521 2911 2846 2973 Clementis
2871 2911 2945 2972 ad
2970 2911 3319 2990 virgines,in
3340 2910 3553 2992 quibus
3577 2930 3737 2971 com-

2091 3007 2499 3060 memorantur
2528 2998 2713 3073 Elias,
2745 3000 2948 3075 David,
2978 3001 3226 3063 Samson
3261 3010 3317 3062 et
3350 3018 3556 3060 omnes
3594 3018 3733 3080 pro-

2092 3086 2303 3167 phetae.
2337 3088 2418 3148 Ad
2441 3090 2552 3150 hoc
2571 3102 2985 3169 argumentum
3014 3090 3218 3152 reduci
3240 3099 3427 3170 potest
3457 3090 3746 3151 Wctstini

353 3196 631 3260 babiliter
660 3178 916 3279 namque
972 3218 1125 3278 opus
1158 3198 1314 3261 istud
1369 3200 1583 3262 merito
1630 3178 1882 3263 inferius
1915 3209 2064 3277 estC
2088 3178 2483 3279 Γᾶίίοοίηίξξίίξε
2506 3178 2715 3279 ΔαιΝίξη
2738 3181 2931 3279 $9M"
2960 3180 3745 3279 ΕΡίΡῧειηίυεθἕξουίΗίθΓοτ

352 3287 657 3365 sexaginta
697 3287 831 3349 aliis
860 3287 1163 3369 opusculis
1190 3290 1321 3367 ejus
1336 3306 1468 3365 quas
1483 3291 1885 3370 manuscripta
1914 3309 2004 3351 re-

356 3388 726 3440 manserunt.

438 3504 590 3568 XIII.
622 3507 943 3568 Auctorem
976 3506 1373 3586 Epistolarum
1409 3509 1740 3572 accusatD.
1763 3511 1836 3571 de
1866 3510 2007 3571 Pre-

358 3612 569 3676 magny
598 3596 768 3676 quasi
800 3595 1126 3658 inﬁdeliter
1178 3599 1433 3659 narrarit
1464 3598 1773 3661 historiam
1828 3599 2009 3661 Elisei

360 3692 422 3748 et
450 3683 863 3747 Sunamitidis.
896 3682 1013 3748 Sed
1047 3704 1180 3765 quae
1211 3687 1415 3767 paucis
1436 3686 1635 3749 verbis
1665 3690 1848 3750 refert
1877 3708 2009 3751 san-

363 3782 493 3837 ctus
523 3773 800 3836 Clemens
831 3775 1051 3853 optime
1111 3776 1479 3837 concordant
1528 3797 1662 3839 cum
1696 3778 1876 3839 rebus
1907 3799 2007 3841 re-

364 3864 500 3925 latis
528 3862 590 3925 in
624 3871 833 3944 quarto
861 3863 1014 3925 libro
1045 3866 1299 3946 Regum,
1330 3873 1595 3946 quamvis
1615 3886 1716 3929 res
1740 3870 2009 3931 minutis-

364 3953 548 4015 simas
576 3972 697 4014 non
726 3952 908 4015 fuerit
939 3962 1343 4018 consectatus.
1368 3955 1698 4019 Achilleam
1734 3960 2005 4039 philoso-

361 4043 515 4125 phus
548 4052 751 4104 noster
781 4043 1094 4105 aestimavit
1123 4047 1272 4106 hanc
1308 4046 1738 4126 objectionem:
1774 4048 2007 4111 Eliseus

363 4134 689 4214 acceptavit
718 4132 1057 4195 cubiculum
1090 4135 1148 4196 in
1181 4137 1359 4197 domo
1392 4138 1786 4201 Sunamitidis
1825 4162 1836 4202 :
1869 4159 2007 4217 ergo

363 4242 483 4285 non
517 4232 642 4285 erat
672 4223 768 4284 hic
802 4224 1090 4304 propheta
1141 4233 1457 4287 extraneus
1515 4228 1678 4289 omni
1736 4228 2004 4290 relationi

365 4331 499 4374 cum
547 4312 918 4375 mulieribus.
950 4316 1104 4395 Ergo
1125 4325 1333 4377 auctor
1363 4317 1767 4395 Epistolarum
1802 4318 2005 4379 falsam

363 4402 596 4465 induxit
621 4403 1018 4485 hypothesim.
1076 4404 1228 4485 Ergo
1280 4406 1532 4467 honorat
1562 4416 1834 4469 sanctum
1868 4409 1995 4470 Cle-

362 4501 625 4554 mentem
651 4494 753 4575 qui
784 4494 942 4556 hunc
972 4512 1091 4557 non
1123 4496 1338 4576 recipit
1366 4495 1533 4575 quasi
1555 4496 1797 4558 istarum
1834 4495 2007 4577 Epis-

362 4581 615 4645 tolarum
652 4592 954 4647 auctorem
969 4622 995 4648 .»

442 4684 515 4749 Ut
548 4686 810 4749 funditus
839 4688 1339 4768 ruathujusmodi
1383 4692 1817 4769 argumentatio
1872 4690 2010 4752 satis

364 4775 478 4839 erit
504 4776 793 4839 adnotare
826 4777 1290 4858 hOSpitalitatem
1324 4799 1501 4860 quam
1529 4780 1831 4842 interdum
1867 4800 2007 4862 pro-

364 4868 544 4949 pheta
578 4867 981 4948 recepitapud
1014 4869 1473 4944 Sunamitidem,
1529 4889 1645 4931 non
1691 4869 1869 4932 fuisse
1900 4890 2006 4934 co-

362 4958 793 5021 hahitationem
827 4976 1003 5034 quam
1039 4959 1319 5039 prohibet
1350 4970 1590 5022 sanctus
1630 4960 1930 5023 Clemens.

444 5062 763 5123 Enimvero
791 5060 1003 5122 domus
1055 5058 1444 5125 Sunamitidis
1503 5082 1619 5125 una
1648 5073 1773 5126 erat
1804 5083 1872 5127 ex
1923 5065 2015 5127 his

365 5151 666 5233 opulentis
720 5149 1193 5213 habitationibus
1243 5171 1373 5232 quae
1422 5154 1773 5236 plerumque
1824 5156 2012 5217 servis

368 5240 691 5303 abundant.
722 5242 857 5321 Ipsa
878 5240 1147 5301 declarat
1182 5259 1246 5302 se
1276 5241 1336 5303 in
1370 5244 1567 5305 medio
1603 5244 1805 5325 populi
1851 5247 1937 5305 sui
1959 5245 2007 5288 ³¹

369 5330 535 5412 quasi
571 5329 903 5411 principem
928 5328 1223 5404 habitare,
1254 5340 1312 5392 et
1337 5331 1501 5394 nulla
1530 5352 1595 5395 re
1624 5334 1915 5414 indigere.
1946 5333 2010 5395 In

365 5422 469 5483 illa
483 5420 865 5501 domo,quasi
892 5420 1189 5481 transiens
1204 5420 1668 5487 habitatEliseus
1682 5444 1815 5486 cum
1842 5443 2011 5485 servo

367 5529 495 5573 suo.
524 5510 717 5584 Quare
773 5510 935 5574 enim
969 5509 1079 5572 sub
1111 5510 1208 5573 dio
1240 5520 1650 5592 pernoctasset
1680 5513 1704 5576 ?
1732 5514 2014 5586 Quamvis

365 5609 571 5665 autem
618 5599 832 5663 domus
862 5599 965 5663 illa
1003 5603 1201 5682 ampla
1231 5601 1385 5666 foret
1407 5612 1710 5685 vastaque,
1738 5613 2014 5667 constru-

2090 3284 2318 3345 nymus,
2355 3265 2886 3347 Epistolasindicat
2916 3289 3063 3347 quas
3089 3279 3330 3330 sanctus
3364 3269 3645 3331 Clemens
3667 3268 3737 3329 ad

2089 3356 2346 3433 virgines
2372 3358 2612 3437 scripsit
2639 3382 2652 3433 ;
2681 3359 2784 3419 sed
2814 3361 2917 3420 has
2950 3359 3289 3439 specialiter
3310 3357 3603 3437 Epistolas
3625 3357 3743 3417 dis-

2091 3443 2261 3505 tinxit
2295 3448 2712 3511 enuntiatione
2746 3457 2937 3510 textus
2970 3449 3071 3529 qui
3105 3449 3162 3509 in
3199 3449 3434 3509 caeteris
3464 3445 3743 3527 operibus

2090 3534 2279 3595 sancti
2310 3534 2633 3598 Clementis
2674 3538 2883 3599 nullibi
2917 3539 3240 3618 reperitur.
3274 3539 3335 3599 ln
3393 3536 3529 3597 solis
3580 3534 3733 3594 enim

2096 3624 2377 3704 Epistolis
2408 3627 2479 3687 ad
2508 3627 2767 3705 virgines
2801 3628 3024 3688 mentio
3059 3630 3122 3688 ﬁt
3175 3629 3249 3689 de
3296 3626 3446 3705 Elia,
3498 3624 3735 3698 Davide,

2094 3710 2381 3774 Samsone
2416 3726 2469 3775 et
2503 3718 2784 3780 omnibus
2811 3717 3140 3797 prophetis.
3182 3744 3207 3771 »

2172 3800 2378 3864 Robur
2400 3805 2577 3885 hujus
2608 3807 2910 3868 ratiocinit
2942 3808 3110 3886 quasi
3145 3826 3261 3868 non
3321 3806 3640 3867 advertens
3670 3804 3739 3867 D.

2092 3888 2166 3951 de
2200 3893 2546 3974 Premagny,
2582 3912 2925 3957 sermonem
2958 3896 3291 3977 gyroﬁectit
3313 3895 3386 3956 ad
3447 3895 3742 3956 inscitiam

2092 3980 2345 4060 exempli
2376 3980 2699 4057 Samsonis,
2731 3988 2898 4066 quasi
2923 3987 3177 4066 pessime
3208 3994 3446 4047 sant-tus
3468 3984 3745 4047 Clemens

2092 4067 2439 4133 Samsonem
2469 4073 2584 4136 huc
2632 4074 2984 4137 induxisset.
3021 4075 3135 4137 Sed
3174 4076 3282 4137 etsi
3313 4074 3749 4137 concederetur

2093 4158 2334 4221 domino
2359 4164 2431 4224 de
2455 4162 2784 4246 Premagny
2807 4168 3158 4227 Samsonem
3185 4184 3300 4227 non
3320 4164 3598 4226 debuisse
3626 4164 3743 4224 huc

2094 4249 2414 4329 introduci,
2454 4272 2571 4314 non
2605 4253 2801 4315 minus
2825 4256 3042 4317 invicta
3065 4264 3221 4319 esset
3252 4253 3555 4317 conclusio
3578 4254 3748 4314 Wet-

2094 4338 2256 4414 stini,
2292 4343 2413 4420 qui,
2440 4362 2507 4403 ex
2544 4342 2653 4405 hac
2688 4345 3020 4424 prolatione
3052 4344 3559 4406 authenticitatem
3596 4341 3739 4423 Epi-

2094 4430 2381 4491 stolarum
2416 4442 2687 4495 nostraru
2732 4454 2750 4489 ‘r
2784 4434 2983 4495 infert.

2179 4522 2240 4580 Ut
2271 4530 2492 4603 autem,
2527 4542 2602 4585 ex
2633 4524 2741 4585 hac
2769 4524 2945 4585 etiam
2983 4533 3171 4605 parte,
3199 4524 3455 4585 debilem
3490 4540 3620 4584 esse
3638 4522 3735 4582 aJ-

2035 4600 2074 4649 ί)
2096 4618 2419 4673 notatoretn
2457 4600 2669 4692 pateat,
2706 4614 2840 4674 dico
2868 4600 3140 4694 exempla
3172 4614 3476 4676 Samsonis
3510 4622 3568 4674 et
3622 4611 3740 4672 Da-

2092 4698 2239 4761 vidis
2266 4701 2515 4763 miriﬁce
2536 4702 2824 4764 inservire
2857 4704 3011 4766 thesi
3042 4707 3300 4772 auctoris
3325 4702 3744 4783 Epistolarum.

2095 4787 2154 4851 Si
2188 4808 2440 4872 namque
2464 4793 2777 4871 prudentia
2802 4794 3229 4873 prophetarum
3259 4813 3366 4854 nos
3390 4802 3592 4853 cautos
3614 4809 3746 4851 esse

2102 4890 2324 4954 monet,
2361 4882 2749 4961 quorumdam
2784 4890 3119 4943 sanctorum
3154 4882 3414 4944 virorum
3449 4901 3621 4943 casus
3644 4900 3744 4941 va-

2099 4969 2317 5032 lentior
2347 4971 2539 5032 adhuc
2564 4971 2906 5052 praedicatio
2928 4982 3096 5033 estut
3125 4972 3570 5053 nobismetipsis
3598 4972 3746 5032 difﬁ-

2099 5060 2332 5122 damus.
2364 5060 2492 5122 Non
2523 5064 2711 5122 solum
2730 5064 3082 5123 Samsonem
3109 5063 3459 5125 etDavidem
3492 5063 3749 5142 appellat

2099 5159 2337 5211 sanctus
2370 5149 2771 5232 Hieronymus
2806 5154 2864 5212 in
2921 5153 3029 5213 hac
3067 5154 3337 5225 materia,
3398 5151 3500 5212 sed
3567 5153 3740 5212 etiam

2097 5237 2502 5302 Salomonem.
2534 5242 2759 5303 Omnes
2792 5252 3007 5303 norunt
3064 5243 3190 5304 haec
3244 5241 3433 5304 sancti
3487 5240 3750 5301 doctoris

2094 5329 2275 5390 verba
2302 5330 2373 5389 ad
2406 5331 2865 5410 Nepotianumza
2904 5332 2990 5394 Ne
3020 5332 3129 5393 sub
3154 5332 3363 5393 eodem
3395 5340 3548 5392 tecto
3585 5348 3748 5389 man-

2097 5419 2263 5499 sites,
2300 5439 2408 5481 nec
2464 5420 2522 5479 in
2577 5422 2874 5500 praeterita
2939 5422 3211 5482 castitate
3268 5421 3553 5482 conﬁdas.
3620 5420 3743 5481 Nec

2098 5509 2361 5569 srnctior
2408 5510 2611 5585 David,
2649 5528 2758 5571 nec
2791 5510 3083 5574 Samsone
3115 5511 3344 5591 fortior,
3408 5528 3515 5570 nec
3569 5510 3742 5571 Salo-

2103 5618 2279 5663 mone
2311 5609 2477 5679 potes
2535 5618 2669 5661 esse
2717 5601 3070 5683 sapientior.
3107 5626 3129 5657 η

446 5740 501 5785 ³ο
528 5736 675 5802 Luc.
704 5754 787 5818 Vi,
822 5742 916 5801 t2.
1004 5737 1055 5784 ³ο
1087 5740 1231 5804 Luc.
1272 5756 1417 5818 χχιι,
1450 5740 1555 5805 39.
1642 5739 1689 5784 ³¹
1725 5740 1800 5803 IV
1829 5739 1977 5819 Reg.

2123 5738 2217 5801 l3.
2306 5731 2359 5777 ⁸³
2388 5732 2571 5813 Ibid.,
2605 5735 2704 5802 10.
