4114 6438
236 372 367 439 373

1158 375 1545 438 EPISTOLE
1574 373 1673 438 AD
1704 377 1981 442 VIRGIN
1992 378 2101 439 ES.
2132 409 2210 422 --
2262 378 2662 442 PROOEMIA.

3519 381 3636 449 374

335 511 1312 594 Praeterea,peccaveruntquidem
1331 511 1578 574 Samson
1608 522 1663 574 et
1690 511 1894 592 David;
1918 526 1954 566 Α
1981 509 2439 582 futuro,certum
2463 513 2721 576 incerto.
2753 513 3006 576 Ministri
3027 518 3280 578 Romani
3307 517 3481 579 aliter
3497 536 3641 580 son»

237 603 356 664 sed
384 603 442 664 in
465 605 730 681 peccatis
753 621 868 662 nou
896 612 1448 682 pcrseveraveruntt
1482 601 1736 683 ideoque
1763 621 1890 663 san-

235 702 383 755 ctus
407 691 1097 774 EpiphaniusEbionitas
1111 691 1304 770 arguit
1322 692 1476 770 quod
1493 709 1596 752 eos
1619 693 1904 773 repudia-

237 784 446 845 verint
475 802 612 844 cum
644 783 884 845 caeteris
918 783 1252 862 prophetis.

329 874 634 947 Quantum
658 871 733 934 ad
759 871 1008 933 verbum
1051 870 1258 933 laudat
1291 888 1408 950 quo
1434 890 1578 932 usus
1609 883 1698 932 est
1728 873 1902 933 Wet-

239 969 442 1025 stinus
464 962 703 1025 citando
735 969 960 1023 textum
991 962 1177 1023 sancti
1234 961 1577 1041 Epiphanii,
1617 961 1770 1022 scire
1793 961 1904 1022 de-

239 1054 480 1116 buisset
509 1056 576 1117 D.
602 1051 678 1114 de
702 1054 1032 1131 Premagny
1051 1051 1158 1112 hac
1181 1070 1350 1129 voce,
1376 1051 1730 1130 saepissime,
1760 1050 1905 1112 nihil

1992 600 2140 661 tiunt
2173 611 2231 661 et
2261 611 2462 679 agunt,
2498 621 2532 662 ει
2567 602 2921 682 quibusdam
2963 607 3217 680 saeculis,
3253 613 3311 668 et
3348 625 3380 667 a
3431 609 3640 670 matri-

1992 689 2189 751 monio
2221 691 2543 754 abstinent.
2587 718 2612 747 »
2663 691 2871 754 Priora
2917 695 3096 756 verba
3145 698 3474 759 orthodoxa
3519 718 3638 761 non

1990 781 2490 860 sunt;posteriora
2518 782 2801 846 historice
2837 794 2973 844 sunt
2994 785 3164 846 falsa.
3186 787 3355 866 Saepe
3388 786 3639 867 legendo

1986 870 2400 932 adnotationes
2435 872 2662 933 domini
2695 874 2769 935 de
2803 875 3159 953 Premagny,
3198 878 3460 957 suspicio
3495 878 3641 940 mihi

1982 961 2187 1021 oborta
2219 969 2308 1020 est
2347 961 2514 1021 illum
2566 962 2821 1024 fortasse
2875 965 3241 1043 pertinuisse
3291 966 3362 1027 ad
3416 975 3638 1029 sectam

1987 1051 2462 1131 protestantium.
2485 1051 2767 1113 Errabam
2795 1071 2807 1114 :
2837 1053 3064 1114 nullum
3094 1055 3312 1135 quippe
3338 1057 3516 1135 hujus
3546 1056 3636 1118 fa-

241 1144 413 1208 aliud
438 1141 1897 1221 signiﬁcariquamcommemorationem,neclau-
1989 1140 2164 1201 miliae
2221 1141 2552 1202 membrum
2605 1162 2864 1222 unquam
2917 1142 3054 1203 huic
3104 1145 3317 1206 haeresi
3367 1146 3636 1209 adhaesit.

244 1235 394 1294 dem
429 1231 502 1294 ab
533 1251 600 1293 eo
631 1249 872 1312 seraper
901 1230 1175 1294 indicari.
1984 1228 2421 1291 Tantummodo
2483 1233 2706 1293 certior
2782 1232 2963 1292 fsctus
3016 1251 3144 1293 sum
3226 1233 3636 1297 adnotatorem

338 1321 468 1387 XV.
501 1321 832 1386 Prudenter
861 1321 1125 1382 siluisset
1155 1322 1470 1383 adnotator
1519 1339 1650 1398 quas
1699 1322 1902 1382 dicere
1987 1319 2194 1391 fuisse,
2220 1320 2422 1398 utjam
2449 1320 2589 1381 alibi
2625 1323 2848 1382 dictum
2884 1333 2992 1400 est,
3024 1322 3252 1383 socium
3287 1332 3634 1386 consuetum

248 1411 632 1494 praesumpsit
665 1413 741 1472 de
778 1411 1105 1492 privatione
1141 1410 1507 1471 matrimonii
1570 1409 1707 1470 Vult
1740 1412 1894 1471 enim
1990 1409 2479 1489 philosophorum
2506 1410 2707 1471 saeculi
2729 1411 3122 1491 praecedentis
3154 1412 3255 1490 qui
3286 1413 3638 1491 religionem

246 1511 494 1564 sanctus
519 1502 737 1566 Paulus
761 1509 876 1562 uta
903 1500 1077 1562 nobis
1107 1500 1262 1561 absit
1283 1499 1625 1562 scurrilitas
1651 1518 1785 1579 qua?
1816 1502 1898 1562 ad
1985 1499 2277 1559 lacessere
2304 1498 2728 1575 gloriabantur.
2763 1500 2826 1560 In
2852 1501 3039 1562 altera
3063 1500 3327 1562 editione
3348 1503 3640 1563 versionis

243 1612 383 1656 rem
407 1611 526 1655 non
555 1593 825 1672 pertinet
847 1589 922 1651 33.
948 1589 1228 1670 Plerique
1255 1589 1528 1650 homines
1551 1589 1780 1650 nubere
1803 1607 1899 1650 vo-
1983 1587 2220 1650 Gallicae
2245 1597 2581 1650 nostrarum
2604 1590 3110 1671 Epistolarum,D.
3134 1591 3208 1652 de
3228 1593 3556 1672 Premagny
3579 1591 3638 1652 id

239 1684 399 1756 lunt,
436 1683 575 1764 quia
609 1680 927 1743 celibatum
961 1679 1184 1741 viribus
1231 1680 1350 1739 suis
1384 1679 1760 1759 superiorem
1791 1681 1893 1759 ju-
1985 1678 2854 1758 supperaddendumjudicavit
2878 1682 2966 1741 his
2985 1699 3114 1761 qum
3141 1681 3198 1741 in
3225 1681 3407 1761 priori
3433 1682 3640 1742 editio-

234 1772 471 1857 dicant.
491 1771 595 1833 His
620 1770 764 1832 dicit
785 1768 1451 1857 Apostoluszlleliusest
1475 1768 1897 1847 nuberequam
1921 1807 1960 1857 Β
1985 1769 2193 1846 nejatn
2220 1769 2444 1829 dixerat
2470 1787 2482 1830 :
2521 1795 2548 1824 ες
2571 1769 2726 1831 Deus
2747 1789 2863 1831 non
2895 1771 3171 1850 proponit
3198 1771 3635 1833 incrementum

239 1856 445 1924 ωιθι.
484 1861 585 1924 lsti
644 1879 778 1921 vero
838 1855 1352 1939 reprehensibiles
1411 1856 1607 1918 forent
1655 1857 1704 1916 si
1760 1874 1897 1935 pro-
1923 1855 1942 1857 ί
1991 1857 2284 1917 mercedis
2316 1876 2422 1936 pro
2455 1858 2806 1921 caelibibus:
2846 1868 2905 1920 et
2936 1868 2997 1920 et
3040 1859 3186 1921 satis
3235 1860 3450 1920 mirum
3485 1868 3574 1922 est
3604 1878 3638 1920 a

238 1962 453 2032 pterea
509 1951 907 2030 virginitatem
961 1949 1405 2029 impugnarent,
1443 1957 1542 2008 aut
1591 1967 1718 2008 eam
1768 1967 1901 2008 om-

237 2042 426 2104 nibus
480 2039 916 2119 impossibilem
1004 2038 1501 2117 pronuntiarent:
1569 2035 1901 2097 doctrinam

237 2135 468 2215 quippe
489 2152 522 2194 e
545 2133 838 2192 diametro
864 2129 1226 2190 contrariam
1255 2127 1454 2189 statuit
1480 2127 1775 2202 Christus,
1805 2128 1906 2188 do-

243 2224 446 2284 cendo
463 2241 577 2282 non
595 2237 806 2281 omnes
829 2219 1071 2299 quidem
1099 2234 1316 2296 capere
1339 2215 1581 2277 verbum
1607 2215 1902 2297 istud,sed

243 2312 467 2393 quibus
490 2312 691 2372 datum
725 2318 832 2382 est,
861 2317 919 2369 et
948 2306 1222 2368 addendo
1251 2324 1263 2369 :
1296 2307 1409 2380 Qui
1448 2313 1635 2386 potest
1667 2322 1901 2386 capere,

246 2399 525 2480 capiat“
553 2418 566 2460 :
596 2417 730 2479 quae
762 2397 1204 2460 verbainvitant
1237 2396 1469 2456 animas
1502 2413 1825 2471 generosas
1846 2403 1906 2456 et

248 2489 434 2552 fil'iCS
465 2488 540 2550 ad
571 2488 994 2567 virginitatem,
1030 2495 1273 2567 prOpter
1300 2503 1550 2564 regnum
1586 2485 1897 2548 caelorum.

256 2579 540 2641 Eamdem
558 2578 962 2640 invitationem
982 2575 1387 2637 etdoctrinam
1405 2573 1643 2654 protulit
1664 2583 1906 2635 sanctus

256 2667 890 2740 Paulus,dicens:l’olo
916 2685 1119 2729 omnes
1141 2685 1242 2728 vos
1267 2667 1560 2728 essesicut
1583 2667 1905 2744 mcipsum;

255 2759 354 2821 sed
373 2760 784 2838 unusquisque
810 2757 1130 2837 proprium
1162 2758 1391 2817 donum
1420 2753 1596 2817 habet
1625 2772 1702 2817 ex
1744 2755 1862 2816 Deo
1890 2777 1901 2818 :

261 2847 415 2911 alius
443 2849 683 2928 quidem
717 2847 806 2908 sic
837 2846 999 2908 alius
1029 2865 1170 2908 vero
1201 2848 1288 2908 sic
1314 2843 1388 2904 35.

345 2939 605 3014 Nugatur
629 2945 826 2999 autem
853 2935 923 2997 D.
949 2935 1024 2996 de
1049 2934 1762 3016 l'remagny,insinuando
1789 2953 1906 2996 ma-

272 3027 596 3089 trimonium
633 3027 830 3107 potius
861 3025 1219 3107 expiationis
1242 3044 1419 3103 quam
1449 3025 1750 3086 felicitatis
1782 3034 1902 3085 sta-

268 3125 392 3178 tum
417 3134 568 3189 esse,
591 3117 842 3198 ideoque
871 3116 1002 3196 plus
1035 3115 1252 3178 mereri
1285 3115 1384 3194 qui
1415 3114 1582 3174 nubit
1603 3132 1776 3194 quam
1804 3115 1903 3196 qui

261 3225 297 3266 a
330 3206 556 3286 nuptiis
582 3223 646 3267 se
675 3204 932 3268 abstinet
964 3227 976 3267 :
1013 3210 1178 3285 quasi
1210 3204 1310 3284 qui
1343 3203 1767 3264 continentiam
1799 3221 1902 3264 re-

261 3304 480 3376 Spuunt
511 3295 873 3375 pmnitontiae
906 3295 1179 3356 meritum
1215 3293 1632 3355 intendissent.

344 3385 532 3447 Nemo
567 3385 804 3466 quidem
843 3403 1060 3464 negare
1094 3391 1284 3463 potest
1331 3402 1577 3462 magnas
1611 3382 1904 3444 sollicitu-

267 3474 433 3535 dines
464 3474 823 3556 conjugibus
846 3477 1160 3536 reservari.
1187 3473 1276 3534 Ab
1301 3474 1392 3535 his
1419 3491 1780 3551 prmservare
1797 3493 1902 3534 cu-

269 3562 455 3644 piebat
479 3564 804 3644 Apostolus
830 3565 962 3625 illos
995 3564 1212 3645 quibus
1235 3563 1508 3624 dicebat:
1548 3563 1682 3624 Volo
1705 3571 1908 3625 autem

267 3671 364 3714 vos
383 3655 506 3717 sine
534 3654 949 3716 sollicitudine
979 3671 1104 3716 esse
1125 3653 1174 3694 3"
1204 3671 1218 3726 ;
1242 3653 1344 3713 sed
1384 3652 1782 3713 certissimum
1820 3666 1909 3715 est

274 3743 776 3806 mortiﬁcationem
805 3743 1002 3804 carnis
1024 3751 1124 3804 aut
1147 3743 1389 3822 spiritus
1423 3761 1538 3803 non
1573 3761 1704 3804 esse
1729 3744 1906 3804 tinem

277 3849 466 3894 eorum
499 3834 598 3914 qui
631 3833 975 3914 conjugium
1031 3833 1273 3913 eligunt.
1315 3833 1388 3894 Et
1450 3833 1672 3893 utinam
1727 3833 1909 3893 multo

280 3919 576 4002 paucicres
613 3933 812 3986 essent
844 3923 1059 4003 quibus
1097 3922 1383 4003 applicari
1438 3923 1703 3982 valerent
1735 3921 1912 3983 verba

276 4010 577 4091 Raphaelis
607 4014 990 4092 archangeli:
1019 4015 1185 4076 Audi
1215 4031 1333 4092 me,
1359 4022 1410 4074 et
1441 4014 1754 4075 ostendam
1801 4013 1912 4074 tibi

271 4107 380 4183 qui
406 4112 534 4162 sunt
565 4102 790 4184 quibus
817 4105 1159 4184 praevalere
1189 4110 1378 4183 potest
1399 4102 1764 4164 daemonium
1792 4125 1802 4160 :
1843 4103 1913 4168 lii

1989 1958 2198 2007 sancto
2229 1948 2535 2008 Clemente
2568 1949 2858 2028 prolatum
2911 1949 3094 2010 fuisse
3128 1951 3242 2011 hoc
3272 1950 3636 2029 paradoxum

1993 2047 2108 2096 tem
2121 2054 2262 2114 pore
2275 2036 2343 2097 ad
2354 2055 2421 2097 ea
2435 2039 2718 2117 apostolis
2737 2037 3417 2118 vicino,pracsertimque
3431 2047 3636 2101 sancto

1995 2132 2168 2191 Petro
2205 2130 2631 2209 praedecessori
2665 2149 2794 2206 suo,
2829 2133 2999 2212 cujus
3043 2131 3487 2192 matrimonium
3521 2152 3638 2193 non

1994 2219 2243 2281 habetur
2264 2227 2324 2279 ut
2340 2220 2735 2294 dubium,nec
2756 2221 2934 2282 etiam
2958 2221 3404 2282 matrimonium
3422 2223 3637 2283 horum

1990 2308 2408 2387 episcoporum
2466 2329 2618 2384 quos
2675 2310 2907 2371 volebat
2964 2318 3206 2371 sanctus
3256 2309 3479 2372 Paulus
3508 2329 3639 2372 esse

1990 2399 2166 2458 unius
2200 2397 2406 2458 uxoris
2439 2398 2620 2460 viros.
2656 2421 2684 2458 ιι

2069 2488 2423 2566 Textusjam
2446 2506 2479 2548 a
2510 2506 2605 2549 me
2635 2487 2874 2550 adducti
2906 2486 3050 2549 satis
3089 2488 3411 2568 explodunt
3441 2507 3509 2551 ac
3539 2507 3639 2550 re-

1989 2577 2177 2638 futant
2204 2578 2355 2638 hanc
2379 2577 2604 2638 domini
2629 2579 2704 2639 de
2732 2581 3060 2657 Premagny
3084 2577 3641 2641 assertionem.Non

1991 2668 2321 2747 expectavit
2344 2668 2574 2728 Novum
2594 2666 3040 2729 Testamentum
3073 2665 3363 2729 Dominus
3387 2676 3451 2728 ut
3475 2686 3638 2730 mer-

1991 2757 2155 2817 cedis
2172 2756 2606 2817 incrementum
2627 2756 2956 2834 virginibus
2976 2757 3322 2837 spontaneis
3336 2757 3644 2836 pollicere-

1994 2845 2282 2907 tur.Dobo
2299 2845 2605 2926 eis,inquit
2631 2864 2738 2926 per
2771 2845 3004 2920 Isaiam,
3033 2847 3100 2907 in
3123 2846 3298 2908 domo
3319 2865 3473 2917 mea,
3501 2855 3554 2908 ct
3576 2851 3642 2908 in

1991 2938 2184 2996 muris
2207 2938 2358 2997 meis
2403 2936 2624 3016 locum,
2651 2943 2703 2999 ct
2731 2954 2953 2998 nomen
2982 2939 3201 2998 melius
3229 2955 3267 2998 a
3291 2936 3440 3016 ﬁliis
3475 2944 3532 2999 et
3560 2937 3642 3016 ﬁ-

1991 3024 2226 3087 liabus:
2257 3043 2472 3088 nomen
2520 3029 2955 3104 sempiternum
2990 3025 3145 3088 dabo
3180 3028 3292 3105 eis,
3332 3027 3490 3105 quod
3517 3043 3642 3088 non

1990 3116 2210 3190 peribit
2231 3113 2304 3174 39.
2335 3115 2542 3177 Merito
2576 3116 2758 3194 igitur
2787 3115 3108 3176 concilium
3143 3115 3560 3176 Tridentinum
3591 3114 3647 3159 ⁸ο

1992 3205 2366 3267 anathemate
2399 3205 2672 3285 percellit
2710 3229 2734 3258 α
2772 3223 2875 3265 eos
2905 3204 3007 3284 qui
3061 3205 3272 3265 dicunt
3303 3205 3552 3266 clericos
3582 3204 3643 3265 in

1993 3295 2175 3356 sacris
2205 3294 2516 3356 ordinibus
2545 3295 2920 3368 constitutos,
2947 3294 3036 3354 vel
3066 3293 3371 3373 regulares
3401 3293 3642 3354 castita-

1997 3393 2110 3445 tem
2127 3383 2482 3446 solemniter
2505 3385 3014 3464 professos,posse
3033 3384 3480 3444 matrimonium
3504 3400 3643 3444 con-

1994 3475 2253 3548 trahere,
2287 3492 2403 3534 non
2430 3473 2704 3534 obstante
2728 3474 2858 3552 lege
2879 3472 3409 3546 ecclesiastica,vel
3441 3479 3638 3534 voto.»

1991 3563 2211 3625 Eadem
2249 3583 2419 3640 omna
2445 3564 2648 3644 plectit
2670 3583 2772 3624 eos
2799 3585 2820 3619 (ι
2850 3563 2950 3644 qui
2975 3563 3180 3624 dicunt
3205 3581 3324 3623 non
3345 3580 3477 3624 esse
3512 3579 3642 3623 me-

1995 3654 2109 3714 lius
2135 3673 2202 3715 ac
2237 3653 2468 3715 beatius
2501 3671 2745 3715 manere
2778 3653 2838 3713 in
2872 3651 3210 3730 virginitate
3254 3651 3646 3714 autcaelibatu

1994 3763 2169 3824 quam
2200 3745 2364 3822 jungi
2413 3741 2812 3806 matrimonio.
2850 3766 2877 3798 »

2074 3833 2369 3907 Quantum
2401 3833 2473 3894 ad
2508 3833 2884 3912 ltypothesim
2919 3831 3146 3894 domini
3180 3832 3254 3894 de
3295 3831 3646 3913 Premagny,

1993 3943 2024 3984 a
2051 3922 2410 4001 quibusdam
2467 3929 2690 3982 tantum
2742 3921 2975 3983 saeculis
3006 3922 3432 3983 continentiam
3467 3920 3651 3982 fuisse

1993 4013 2277 4074 Ecclesia:
2334 4010 2620 4072 ministris
2674 4011 3103 4092 praescriptam,
3140 4011 3333 4072 dicam
3385 4011 3552 4072 illum
3585 4028 3651 4071 se

2001 4104 2264 4165 historiae
2289 4100 2708 4163 ecclesiastica)
2727 4101 3068 4178 imperitum
3098 4101 3360 4181 praebere
3382 4099 3482 4181 qui
3514 4118 3647 4160 om—

275 4208 528 4269 namque
545 4195 654 4272 qui
676 4195 1026 4273 coniugium
1048 4194 1836 4273 itasuscipiunt,utDeumo
1858 4210 1918 4253 se
2001 4194 2176 4254 nibus
2211 4192 2615 4252 monumentis
2645 4189 3072 4252 ecclesiasticis
3107 4189 3480 4268 contradicit,
3515 4205 3646 4268 qua:

279 4289 331 4342 et
355 4301 392 4340 ιι
411 4296 524 4342 sua
548 4291 724 4345 nente
748 4284 1298 4363 exetudaut,etsute
1320 4281 1574 4344 libidini
1596 4285 1680 4344 ita
1709 4289 1917 4344 rucmt
2001 4285 2353 4343 inconcusse
2384 4279 2670 4342 evincunt
2695 4279 2754 4340 in
2786 4279 3051 4341 Ecclesia
3077 4277 3430 4339 occidentali
3453 4277 3647 4338 conti—

274 4373 430 4433 sicut
463 4386 633 4450 eqtus
659 4382 713 4436 et
750 4374 973 4444 mulus,
1009 4375 1224 4452 quibus
1257 4391 1376 4434 non
1405 4380 1486 4434 est
1532 4371 1910 4435 intellectus:
1940 4391 1981 4440 ο
2005 4373 2264 4434 nentiam
2289 4377 2574 4451 perpetua
2595 4371 2722 4448 lego
2759 4369 3169 4449 prmscriptam
3203 4367 3386 4428 fuisse
3415 4365 3652 4429 clericis

278 4461 450 4521 habet
468 4469 798 4540 poestatem
827 4463 1189 4525 daemonium
1222 4465 1289 4524 in
1320 4481 1416 4525 eos
1445 4460 1520 4524 ³8.

361 4545 422 4609 Si
449 4553 781 4614 atteldisset
836 4554 926 4614 his
975 4553 1212 4613 monitis
1264 4553 1602 4626 adnotatur,
1639 4560 1905 4613 nontam

282 4636 480 4699 leviter
510 4642 572 4702 de
606 4643 716 4703 hac
747 4643 991 4703 materia
1024 4642 1260 4705 locutus
1291 4643 1522 4704 fuisset.

368 4725 658 4812 (laterum,
693 4732 792 4812 qui
827 4740 1074 4813 propter
1090 4751 1344 4812 regnum
1375 4732 1661 4794 caelorum
1702 4737 1908 4794 matri-

283 4815 472 4880 monii
507 4821 864 4884 valedicunt.
908 4823 1130 4884 nullam
1185 4821 1643 4886 similitudinem
1697 4821 1916 4884 habent

287 4925 427 4969 cum
452 4905 528 4972 hc
553 4912 785 4990 impura
803 4912 1288 4992 philosophorum
1322 4914 1418 4974 lue
1444 4913 1540 4992 qui
1569 4932 1750 4974 nexus
1767 4931 1912 4972 con-

281 4997 591 5080 jugalemt,
621 5010 684 5062 ut
713 5001 913 5063 verbis
935 5002 1204 5083 Apostoli
1231 5001 1746 5076 utar,honombile
1768 5020 1913 5064 con-

292 5089 868 5174 itubiut.fugiunt,ut
891 5092 1142 5155 liberius
1163 5112 1229 5154 ac
1254 5095 1483 5174 turpius
1507 5092 1909 5172 voluptatibus

295 5177 498 5240 carnis
517 5177 740 5244 libenas
759 5183 975 5244 laxent.
1010 5183 1106 5245 Vae
1131 5181 1347 5246 talibus
1385 5183 1485 5264 qni
1523 5183 1762 5262 generis
1793 5183 1908 5244 hu-

298 5266 462 5330 mani
494 5273 842 5346 oprobrium
873 5282 1034 5335 sunt.

385 5354 483 5419 Sic
513 5355 732 5422 louitur
756 5365 823 5422 D.
861 5362 936 5422 de
962 5365 1287 5442 Prcmagny
1320 5385 1330 5423 :
1372 5384 1400 5422 ‹
1431 5361 1680 5422 Μὶηἱειγί
1712 5361 1907 5422 refor-

306 5446 444 5508 mati
479 5447 702 5525 (nntius
755 5452 1192 5529 contrahendo)
1225 5452 1613 5533 praetulerunt
1649 5467 1912 5530 praesens

393 5616 444 5660 ⁸³
487 5616 704 5702 _prs.
740 5640 794 5702 ν,
832 5624 884 5681 4.

975 5616 1031 5662 ³⁸
1056 5626 1072 5686 l
1099 5627 1234 5702 Cor.
1272 5638 1372 5702 vn,
1405 5623 1465 5684 9.

321 5697 552 5774 16,47.

1553 5620 1845 5702 357Matth.
1885 5639 2006 5702 xxx,
2040 5624 2136 5686 12.

637 5723 642 5731 ’
675 5701 786 5764 lsa.
819 5719 933 5782 LVI,
970 5705 1029 5767 5.
1116 5701 1170 5746 ⁸⁸
1200 5701 1363 5766 Sess.
1397 5717 1558 5776 xxw,
1598 5701 1678 5762 De
1708 5701 2018 5785 matr-im,
2053 5723 2187 5768 can.
2219 5703 2283 5765 9.

1994 4466 2050 4525 in
2077 4462 2266 4524 sacris
2289 4459 2597 4522 ordinibus
2622 4457 3420 4520 constitutisJubetsanctus
3434 4455 3650 4517 Paulus

1993 4563 2054 4615 ut
2081 4552 2181 4633 qui
2213 4550 2285 4612 ad
2315 4551 2720 4630 episcopatum
2756 4556 3209 4628 promoventur,
3236 4547 3285 4610 si
3313 4555 3484 4609 antea
3515 4547 3650 4608 fue-

1993 4645 2112 4705 rint
2137 4641 2394 4720 uxorati,
2428 4639 2616 4700 sancti
2649 4647 2708 4700 et
2744 4638 3145 4716 continentes,
3182 4645 3312 4716 post
3343 4653 3653 4698 consecra-

2003 4736 2220 4794 tionem
2260 4748 2450 4808 suam,
2488 4737 2871 4810 permaneant
2891 4725 2968 4788 ⁴¹.

2079 4819 2235 4886 XVI.
2260 4818 2472 4880 Paucis
2494 4818 2874 4899 respondebo
2902 4815 3256 4878 cavillationi
3281 4813 3650 4877 adnotatoris

2002 4914 2075 4973 de
2109 4909 2288 4972 verbo
2317 4909 2504 4981 dixit,
2529 4910 2684 4988 quod
2721 4907 3022 4986 reperitur
3043 4904 3402 4987 quandoque
3424 4905 3482 4965 in
3517 4903 3656 4983 Epi-

2003 5002 2170 5065 stolis
2201 4999 2330 5060 sine
2355 4997 2646 5078 subjecto.
2674 4999 2818 5059 llum
2843 5005 3084 5059 sanctus
3115 4995 3395 5057 Clemens
3415 4993 3655 5055 assidue

1997 5109 2224 5159 sacram
2279 5088 2649 5169 Scripturam
2710 5089 2976 5168 legisset,
3027 5084 3534 5167 probabiliterque
3591 5083 3653 5146 in

1998 5181 2293 5268 primitivo
2325 5187 2512 5258 textu,
2537 5179 2910 5268 locutionum
2942 5177 3077 5268 ejus
3105 5193 3277 5268 usum
3309 5174 3651 5268 assumpsit.

1998 5265 2058 5339 Si
2094 5271 2386 5350 tantisper
2423 5268 2492 5330 D.
2529 5268 2603 5329 de
2653 5267 2980 5347 Premagny
3032 5265 3355 5328 Hebraicos
3397 5273 3498 5325 aut
3547 5265 3652 5343 Sy-

1998 5366 2194 5427 riacos
2225 5361 2422 5421 fontes
2447 5357 2793 5438 delibasset,
2827 5357 2975 5419 nihil
3030 5359 3086 5418 in
3119 5354 3304 5417 sacris
3331 5352 3656 5434 Scripturis

1998 5450 2371 5534 frequentius
2394 5447 2728 5527 agnovisset
2750 5465 2925 5529 quam
2947 5444 3255 5508 subaudiri
3289 5444 3652 5524 subjectum,

2224 5620 2278 5663 ³6
2311 5622 2352 5682 Ι.
2379 5623 2513 5699 Cor.
2548 5619 2731 5699 vn,7.
2819 5616 2870 5659 ⁸⁷
2904 5615 3087 5689 lbid.,
3120 5613 3219 5674 3?.

2371 5699 2417 5744 44
2451 5697 2645 5781 Tit..i,
2677 5700 2737 5761 8.

3307 5613 3362 5656 ⁸8
3391 5611 3540 5675 Tob.
3575 5626 3652 5691 v1,
