4124 6466
424 387 539 455 375

1346 390 1406 452 S.
1440 391 1876 455 CLEMENTIS
1905 394 1931 454 Ι
1962 394 2145 458 ROM.
2183 394 2414 459 PONT.
2451 396 2829 461 GENUINA.

3686 397 3802 462 376

419 525 656 608 quando
687 543 760 588 ex
790 531 1070 588 contextu
1104 525 1247 587 satis
1268 525 1638 604 intelligitur.
1666 524 1859 608 Smpe,
1887 529 1946 590 in
1973 530 2064 590 Bi-
2089 542 2120 588 Α
2147 531 2355 610 guine,
2381 531 2687 610 insperata
2718 525 2976 593 victoria
3001 531 3168 608 potiti
3200 540 3421 613 essent,
3443 551 3577 595 cum
3603 553 3810 597 cerne-

418 616 582 688 bliis,
617 614 870 678 verbum
899 615 1067 678 dixit
1095 616 1188 676 his
1217 615 1526 696 aaquivalet
1555 617 1802 686 dicitur,
1845 620 2069 682 dictum
2154 621 2596 701 renttemporis
2619 622 3127 700 puncto,hostium
3154 623 3806 705 internecionem,dua5

419 714 524 770 est.
557 707 795 769 Poterat
825 723 963 783 ergo
989 707 1245 784 scriptor
1273 705 1518 766 criticus
1544 707 2069 787 Pythagoricorum
2157 709 2428 783 choreas,
2478 729 2656 770 uuam
2713 711 2994 779 virorum,
3045 710 3293 771 alteram
3354 711 3696 786 mulierum,
3751 715 3807 774 in

420 814 694 862 somnum
719 813 839 856 non
867 795 1136 876 turbare,
1167 814 1278 857 nec
1302 796 1699 858 eruditionem
1723 817 1970 877 prorsus
1987 800 2044 860 in

421 887 626 949 utilem
661 884 832 946 nobis
857 893 1179 948 ostentare.
1205 885 1368 948 Hanc
1391 905 1499 966 ego
1529 886 1936 950 difﬁcultatem
1967 910 2072 952 ex-

2158 797 2356 860 littore
2417 799 2783 859 instituunt:
2842 809 2901 859 et
2962 803 3163 879 Moyse
3233 800 3371 860 viris
3426 805 3808 884 praecinente,

2160 889 2291 967 ejus
2317 905 2524 950 sorore
2550 888 3394 968 mulieribus,gratulationem
3420 889 3544 952 Deo
3565 899 3809 954 cecine-

422 975 602 1058 puuxi
633 981 693 1036 in
727 975 1002 1037 versione
1025 994 1195 1038 mea:
1224 977 1497 1038 eamdem
1525 979 1846 1058 poteratde
1880 980 2077 1042 medio
2161 987 2300 1037 rnut
2325 977 2402 1040 49.
2441 1003 2466 1032 »

423 1067 639 1130 tollere
668 1066 797 1145 ipse
827 1064 1186 1128 Wetstinus.
2252 1065 2521 1129 Ultimam
2538 1067 2606 1127 ad
2619 1070 2904 1129 notatoris
2921 1067 3376 1148 objectationem
3400 1070 3631 1131 demari
3647 1073 3810 1150 Suph

501 1153 1423 1220 XVlletXthl.Adnotationes
1446 1160 1710 1237 quaesub
1735 1159 1827 1222 his
1851 1159 2082 1222 duobus
2167 1156 2542 1234 altingamus.
2577 1159 2703 1218 Non
2747 1157 2976 1219 dubitat
3036 1158 3274 1218 criticus
3330 1161 3588 1238 scriptor
3635 1161 3812 1240 huius

426 1247 693 1312 numeris
715 1244 1386 1325 includuntur,probant
1411 1247 1721 1310 dominum
1751 1250 1824 1312 de
1850 1250 2081 1311 Prema-
2169 1247 2371 1306 matris
2396 1265 2610 1307 nomen
2642 1247 2850 1307 nullibi
2877 1248 2932 1307 in
2958 1247 3158 1308 Exodo
3184 1249 3461 1312 inveniri.
3489 1249 3549 1312 Si
3572 1251 3646 1311 de
3674 1252 3812 1312 Vul-

419 1358 534 1419 gny
563 1353 685 1398 non
719 1353 958 1414 semper
991 1335 1348 1416 praajudiciis
1379 1339 1750 1399 obcaecatum
1785 1347 1842 1400 et
1876 1340 2083 1400 alluci-
2162 1347 2293 1414 gata
2323 1336 2597 1397 versione
2621 1337 2854 1398 lor-utus
2884 1338 3114 1411 fuisset,
3145 1357 3344 1399 verum
3371 1341 3608 1419 quidem
3633 1341 3808 1403 dixis-

423 1437 626 1491 natum
653 1425 861 1490 fuisse.
885 1427 1004 1488 Has
1035 1426 1354 1487 scribendo
1383 1426 1594 1508 lineas,
1621 1430 1842 1508 optime
1873 1431 1948 1490 de
1973 1430 2077 1508 ju-
2163 1437 2292 1500 set;
2327 1425 2378 1486 si
2413 1445 2547 1487 vero
2579 1427 2653 1487 de
2704 1436 2862 1488 textu
2917 1428 3212 1489 Hebraico
3271 1437 3368 1488 aut
3417 1429 3681 1507 Syriaco,
3715 1439 3806 1492 te-

424 1517 583 1580 stitia
614 1523 672 1577 et
701 1515 946 1577 veritate
980 1515 1228 1578 meritus
1251 1523 1361 1577 est.
1390 1515 1650 1587 Quilibet
1683 1519 2078 1581 nihilominus
2165 1533 2328 1576 mere
2353 1526 2512 1575 certe
2538 1517 2774 1576 locutus
2813 1525 2924 1596 est,
2953 1519 3279 1596 praesertim
3313 1536 3448 1577 cum
3481 1529 3641 1580 esset
3670 1539 3808 1582 aca-

423 1605 856 1669 animadvertet
887 1605 1078 1685 ipsum
1122 1603 1417 1668 Wetstino
1472 1625 1713 1688 semper
1768 1609 2072 1670 contradi—
2158 1605 2428 1667 demicus
2466 1606 2586 1685 vir;
2629 1625 2932 1686 nunquam
2970 1608 3129 1666 enim
3183 1609 3307 1670 sive
3341 1607 3398 1667 in
3436 1609 3655 1688 Exodo,
3693 1613 3815 1673 sive

423 1697 601 1769 xisse,
628 1694 751 1756 sive
783 1694 1023 1775 quando
1058 1703 1280 1758 rectam
1325 1695 1480 1756 viam
1531 1697 1916 1778 sequebatur,
1953 1699 2075 1759 sive
2161 1694 2219 1754 in
2245 1695 2394 1756 locis
2412 1695 2541 1755 aliis
2567 1715 2750 1756 sacra;
2776 1696 3812 1781 Scriptura:,HebraiceautSyriaco,

423 1785 659 1867 quando
691 1783 763 1846 ab
795 1803 864 1846 ea
896 1784 1271 1848 deﬁectebat.
1298 1783 1635 1864 Optandum
1662 1797 1824 1849 certe
1858 1794 1984 1849 erat
2016 1797 2078 1849 ut
2159 1784 2288 1844 aliis
2325 1785 2522 1846 verbis
2558 1803 2720 1846 mare
2765 1784 3029 1846 Rubrum
3089 1787 3435 1864 designatur
3470 1807 3642 1867 quam
3677 1807 3814 1851 ver-

426 1875 520 1938 his
548 1874 770 1938 ultimis
799 1873 1067 1936 numeris
1098 1873 1248 1936 nihil
1281 1875 1613 1938 addidisset
1645 1879 1714 1940 D.
1741 1879 1815 1938 de
1840 1881 2076 1940 Prema-

2170 1873 2260 1934 bis
2287 1874 2379 1936 Im
2403 1875 2590 1953 Sup/t,
2613 1895 2746 1951 quae
2777 1875 2978 1936 reddit
3008 1873 3258 1954 Vulgata
3279 1887 3480 1936 nostra
3515 1897 3619 1957 per
3651 1881 3816 1942 dlare

421 1983 556 2045 gny.
590 1963 702 2026 Sed
733 1963 938 2042 altera,
965 1963 1041 2024 de
1071 1966 1332 2045 quajam
1362 1965 1598 2028 locutus
1629 1985 1787 2041 sum,
1810 1965 2083 2048 opusculi
2113 1963 2147 1979 ν
2167 1963 2464 2026 Rubrum.

422 2056 554 2135 ejus
576 2054 756 2116 editio
782 2054 949 2136 quasi
966 2055 1351 2135 pmnitentem
1372 2056 1564 2137 ipsum
1589 2057 1836 2120 exhibet
1858 2058 2081 2138 optime

2245 2052 2387 2126 Quis
2422 2072 2598 2133 porro
2635 2055 2780 2115 ferat
2813 2053 3116 2114 hominem
3152 2063 3617 2134 praesumentem
3655 2058 3814 2139 loqui

422 2145 650 2207 ﬁniisse
681 2145 837 2224 quod
861 2143 1015 2206 male
1043 2156 1332 2224 coeperat.
1359 2148 1520 2209 Duas
1546 2166 1687 2227 ergo
1707 2166 1890 2208 novas
1915 2148 2076 2226 prio-
2164 2141 2238 2203 de
2271 2143 2363 2203 his
2395 2162 2526 2222 quae
2558 2143 2828 2204 absolute
2859 2142 3140 2221 ignorat?

421 2234 590 2298 ribus
615 2233 743 2297 suis
773 2234 1254 2298 adnotationibus
1280 2235 1524 2317 adjecit,
1555 2255 1688 2316 quae
1717 2237 1887 2299 fama:
1919 2239 2078 2299 illius

424 2325 558 2407 plus
585 2322 885 2385 nocebunt
914 2342 1090 2404 quam
1129 2325 1477 2404 proderunt.

508 2413 706 2475 Prima
733 2415 990 2475 refertur
1015 2413 1087 2474 ad
1133 2416 1572 2494 separationem
1621 2435 1794 2495 quam
1829 2431 2071 2480 sanctus

428 2503 706 2567 Clemens
751 2521 784 2563 a
834 2504 1030 2583 Moyse
1061 2503 1270 2565 factam
1304 2505 1486 2566 fuisse
1506 2506 1890 2567 asseritinter
1912 2512 2070 2570 viros

428 2601 488 2656 et
517 2590 826 2665 mulieres,
856 2591 995 2653 dum
1030 2593 1379 2657 incederent
1421 2595 1722 2670 lsraelitae,
1758 2596 2066 2678 Egyptum

422 2682 1149 2761 relinquentes.Secunda
1171 2693 1398 2764 spectat
1427 2704 1665 2747 nomem
1703 2688 1884 2748 maris
1914 2687 2068 2768 quod

425 2774 588 2840 sicco
615 2771 867 2851 vestigio
907 2772 1015 2833 lilii
1041 2772 1223 2835 Israel
1257 2775 1663 2838 transieriunt.

500 2871 567 2924 to
591 2864 768 2925 Juxta
798 2863 1232 2938 adnotatorem,
1260 2873 1502 2926 sanctus
1527 2865 1807 2928 Clemens
1837 2867 2071 2928 locutus

420 2962 512 3018 est
539 2953 615 3016 de
657 2951 916 3014 virorum
977 2970 1046 3014 ac
1095 2954 1410 3017 mulierum
1470 2957 1842 3035 separatione
1894 2976 2067 3036 quam

419 3050 651 3126 Moyses
671 3042 1014 3104 nullatenus
1037 3045 1410 3107 memoravit.
1430 3045 1747 3107 Probabile
1764 3065 1902 3126 ergo
1910 3047 1933 3127 j
1947 3047 2074 3107 udi-

419 3143 514 3198 cat
559 3133 820 3214 Moysen,
856 3131 1048 3194 virum
1103 3141 1220 3196 tam
1274 3135 1657 3214 prudentem,
1693 3137 2071 3199 consensisse

2242 2230 2503 2292 Verbum
2539 2231 2711 2312 Suph
2769 2241 2980 2311 quater
3031 2233 3332 2294 invenitur
3373 2235 3432 2294 in
3481 2245 3636 2297 textu
3688 2236 3810 2299 He-

2159 2319 2358 2381 braico
2391 2331 2450 2381 et
2491 2322 2730 2402 Syriaco
2767 2320 2967 2382 Exodi.
3013 2323 3072 2383 Si
3126 2324 3272 2384 recti
3327 2324 3549 2384 fuerint
3599 2327 3806 2389 calculi

2157 2410 2298 2484 mei,
2329 2410 2576 2471 vicesies
2610 2411 2816 2473 novies
2849 2413 2959 2472 hoc
3012 2413 3256 2472 verbum
3302 2415 3472 2492 Suph
3527 2417 3803 2478 eumdem

2156 2517 2397 2561 sensum
2421 2503 2764 2581 exprimens
2791 2501 3089 2562 invenitur
3118 2503 3173 2564 in
3205 2502 3803 2566 VeteriTestamento

2156 2587 2543 2665 Hebraico,et
2566 2593 2696 2672 plus
2720 2611 2896 2668 quam
2932 2593 3205 2654 trieesies
3225 2594 3283 2652 in
3309 2591 3549 2673 Syriaco
3573 2594 3799 2658 Novum

2155 2682 2600 2744 Testamentum
2643 2682 3104 2760 complecteule.
3141 2681 3352 2744 Santes
3411 2682 3704 2761 Pagninus
3736 2686 3796 2746 in

2156 2789 2262 2832 sua
2309 2777 2588 2833 versfone
2636 2772 2840 2832 Latina
2905 2771 3142 2833 litterali
3205 2791 3443 2851 semper
3497 2785 3806 2836 conservat

2156 2878 2372 2921 nomen
2407 2862 2793 2941 primitivum,
2830 2879 2899 2921 ac
2935 2862 3104 2921 vertit
3139 2883 3151 2922 :
3188 2861 3355 2922 Mare
3405 2864 3604 2940 Suph.

2239 2951 2606 3014 Existimavit
2636 2961 2877 3012 sanctus
2909 2950 3308 3030 Hieronymus
3341 2953 3522 3014 verbo
3547 2952 3697 3031 sup/1
3723 2953 3807 3013 si-

2154 3040 2424 3118 gniﬁcari
2471 3042 2732 3103 rubrum
2794 3040 2984 3104 Grmci
3027 3041 3184 3103 idem
3223 3061 3383 3102 mare
3435 3043 3807 3122 Erythrmum

2153 3140 2380 3204 vocant,
2413 3132 2569 3211 quod
2590 3131 2766 3191 etiam
2805 3133 3053 3192 rubrum
3076 3142 3266 3192 sonat.
3295 3133 3412 3191 Sed
3447 3132 3686 3212 quidam
3711 3134 3803 3193 isti

419 3237 485 3287 ut
515 3223 858 3305 promiscue
887 3231 1168 3284 sexcenta
1198 3223 1383 3287 millia
1415 3225 1671 3285 virorum
1705 3235 2069 3290 armatorum
2097 3297 2128 3305 Α
2157 3221 2304 3279 mari
2340 3221 2451 3281 hoc
2486 3239 2703 3281 nomen
2739 3223 2941 3282 datum
2990 3227 3299 3281 autumant
3330 3240 3360 3280 a
3391 3239 3531 3298 rege
3557 3223 3798 3300 Erythro

419 3297 819 3397 procederent
867 3331 1002 3374 cum
1063 3314 1248 3374 multo
1297 3315 1592 3393 superiori
1626 3333 1874 3376 numero
1934 3336 2067 3378 mu-
2090 3297 2130 3347 C
2155 3309 2254 3388 QUi
2289 3311 2554 3388 regnavit
2588 3311 2646 3370 in
2682 3311 2874 3370 insula
2905 3310 3081 3389 hujus
3111 3313 3290 3370 maris
3317 3297 3589 3371 ﬁnitima.

419 3403 657 3479 lierum,
692 3401 1026 3484 puellarum
1095 3411 1154 3464 et
1204 3402 1520 3466 infantium
1555 3405 1570 3464 ι
1608 3404 1757 3478 Quis
1809 3425 2068 3486 unquam

419 3493 594 3644 halzm
627 3491 1040 3555 confusionem
1070 3493 1393 3555 admissam
1419 3493 1935 3574 fuisseimaginari
1969 3515 2071 3557 au-

463 3601 498 3645 e
543 3584 630 3645 it?

421 3583 558 3646 debi

499 3671 668 3734 Hanc
687 3689 825 3734 vero
837 3670 1385 3735 considerationem
1401 3673 1472 3735 ad
1482 3679 1910 3756 notator,quasi
1929 3697 2074 3757 puer

419 3762 787 3842 inexpertus,
821 3761 1020 3823 forsan
1052 3769 1256 3823 mente
1297 3763 1587 3826 revolvit:
1639 3762 1812 3828 Unde
1862 3768 2073 3829 didicit

419 3858 659 3914 sanctus
679 3849 956 3914 Clemens
990 3851 1144 3913 hanc
1175 3851 1390 3913 factam
1414 3851 1597 3914 fuisse
1633 3856 2070 3934 separationem

419 3941 496 4004 de
524 3958 641 4022 qua
667 3939 977 4020 Scriptura
1012 3958 1130 4002 non
1163 3941 1472 4022 loquitur?

498 4030 675 4096 Nulla
699 4030 847 4093 mihi
873 4030 1139 4111 profecto
1175 4031 1500 4095 difﬁcultas
1530 4043 1690 4095 esset
1721 4035 2074 4098 admittendi

427 4129 696 4185 sanctum
730 4121 1098 4186 Clementem
1132 4139 1168 4183 a
1200 4121 1520 4183 traditione
1563 4122 1929 4205 Judaeorum,
1967 4127 2075 4187 hac

418 4213 493 4275 de
523 4211 995 4292 circumstantia,
1030 4211 1216 4274 fuisse
1251 4211 1554 4274 edoctum.

2236 3398 2345 3470 Qui
2364 3399 2604 3462 uberius
2624 3400 3083 3480 lmjusvocabuli
3101 3401 3598 3479 signiﬁcationem
3620 3398 3802 3461 calle-

2155 3508 2222 3550 re
2257 3491 2529 3570 cupiuut,
2563 3491 2974 3551 doctissimum
3029 3491 3241 3552 adeant
3280 3491 3559 3552 Drusium
3595 3491 3799 3566 (Com-

2154 3589 2338 3641 ment.
2374 3581 2442 3640 -in
2477 3579 2685 3642 Exod.
2717 3630 2732 3655 ,
2768 3599 2822 3642 c.
2855 3581 2973 3657 ‘26).

2237 3667 2375 3730 Haec
2399 3679 2533 3729 sunt
2557 3670 2684 3732 fere
2717 3689 2847 3750 quae
2868 3690 2900 3731 a
2925 3669 3197 3749 pluribus
3223 3672 3396 3732 annis
3427 3669 3798 3750 scripsissem

2159 3757 2233 3818 de
2266 3758 2502 3822 duabus
2525 3759 2807 3839 Epistolis
2839 3761 3027 3821 sancti
3056 3760 3380 3824 Clementis
3404 3762 3475 3822 ad
3512 3758 3797 3836 Virgines,

2163 3849 2276 3908 nisi
2303 3849 2517 3928 partim
2546 3851 2838 3930 temporis
2867 3852 3158 3931 angustia,
3189 3854 3398 3932 partim
3418 3851 3636 3913 laboris
3653 3847 3804 3907 difﬁ-

2101 3979 2108 3984 -
2160 3937 2348 3998 cultas
2379 3939 2667 4000 voluntati
2704 3959 2851 4001 mete
2897 3941 3099 4003 obices
3133 3945 3492 4022 posuissent.

2241 4026 2363 4088 Has
2385 4026 2680 4107 Epistolas
2703 4031 3042 4092 firmissime
3064 4033 3242 4093 credo
3264 4052 3398 4093 esse
3420 4027 3802 4107 authenticas,

2161 4117 2544 4196 quantumvis
2573 4121 2952 4183 amarissimo
2986 4122 3168 4182 feram
3207 4123 3473 4183 nondum
3512 4123 3805 4198 huiusque

2162 4216 2466 4287 repertum
2489 4209 2672 4272 fuisse
2701 4213 3121 4291 primigenium
3150 4213 3461 4274 textum.Si
3483 4208 3805 4271 iuvmiatur

496 4300 616 4366 Sed
646 4301 807 4364 nulla
839 4301 1014 4364 nobis
1044 4310 1135 4363 est
1165 4300 1505 4363 traditionis
1538 4319 1658 4362 non
1692 4303 1928 4383 scripta;
1961 4323 2072 4365 ue-
2161 4298 3052 4375 tandem,quodinstantissimis
3073 4303 3538 4382 precibusaDeo
3559 4301 3793 4368 tostulo.

417 4392 684 4468 cessitas,
709 4392 946 4473 quando
979 4388 1469 4474 aequivalentibus
1518 4391 1724 4452 verbis
1775 4393 1927 4454 hanc
1978 4396 2066 4455 vi--

414 4500 618 4545 rerum
632 4500 700 4545 ac
715 4481 1032 4544 mulierum
1049 4479 1489 4561 separationem
1513 4480 1745 4562 Moyses
1767 4482 2066 4563 exprimit.

2158 4387 2438 4449 omnibus
2465 4389 2800 4451 innotescet
2829 4411 2998 4452 verus
3023 4393 3207 4453 sancti
3242 4391 3790 4471 pontiﬁcissensus.

2153 4478 2257 4558 qui
2278 4498 2385 4560 per
2410 4483 2818 4542 traductorem
2843 4483 3144 4562 Syriacum
3167 4482 3357 4543 vitiari
3382 4481 3572 4560 potui.
3602 4476 3793 4556 Spero

495 4573 810 4637 Enimvero
836 4571 925 4636 sic
957 4571 1178 4650 legitur
1207 4571 1267 4632 in
1304 4571 1494 4651 capite
1517 4588 1598 4632 xu
1631 4571 1845 4650 Exodi,
1867 4592 1923 4637 ν,
1951 4576 2024 4636 57
2055 4595 2067 4637 :
2095 4577 2137 4626 D
2161 4579 2354 4630 tamen
2389 4570 2787 4633 traductionis
2826 4574 2957 4633 vitia
2985 4592 3019 4634 a
3053 4591 3146 4633 me
3192 4591 3308 4633 non
3343 4571 3517 4632 modo
3553 4567 3794 4630 adaucta

415 4663 683 4742 Profecti
712 4670 854 4725 sunt
882 4661 1001 4742 ﬁlii
1029 4659 1226 4724 Israel
1271 4661 1346 4724 de
1384 4660 1676 4723 Ramesse
1717 4663 1786 4724 in
1833 4664 2072 4740 Socoth,

412 4761 700 4817 sexcenta
719 4754 848 4832 fere
868 4751 1066 4814 millia
1086 4752 1358 4833 peditum
1373 4753 1904 4834 oirorum,absque
1925 4773 2072 4832 par-

415 4842 596 4907 vulis.
629 4842 740 4905 Hic
770 4841 886 4904 soli
914 4841 1052 4917 viri,
1082 4843 1247 4922 quasi
1275 4861 1368 4904 em
1379 4842 1640 4922 phatice,
1662 4842 2070 4922 designantur.

414 4931 618 5015 Capite
640 4951 718 4996 xv
740 4931 1087 5013 expressius
1119 4932 1388 4994 innuitur
1411 4932 1732 5012 separatio.
1763 4934 2071 4996 Canticum

413 5024 576 5086 enim
607 5024 843 5101 Moyses
872 5040 1006 5084 cum
1030 5021 1175 5083 viris
1196 5022 1484 5085 concinit.
1505 5021 1734 5085 Deinde
1757 5025 2073 5101 egrediun-

416 5122 515 5179 tur
545 5111 857 5193 mulieres,
884 5120 947 5175 et
977 5112 1122 5194 ipsa;
1150 5113 1279 5174 vice
1332 5131 1438 5174 sua
1485 5111 1547 5174 id
1599 5113 1893 5176 canticum
1938 5135 2071 5178 cum

413 5202 598 5267 Maria
629 5202 846 5284 Moysis
877 5211 936 5265 et
959 5203 1222 5266 Aaronis
1263 5221 1494 5277 sorore,
1526 5203 1827 5268 recinunt.

493 5291 665 5355 Philo
678 5291 943 5370 Judaaus,
970 5301 1178 5357 sancto
1202 5293 1495 5358 Clementi
1520 5302 1884 5370 coaetaneus,
1919 5295 2077 5358 hanc

415 5381 851 5465 separationem
877 5384 1038 5447 clare
1063 5383 1698 5466 exprimit.Postquam
1722 5384 1881 5447 enim
1907 5385 2078 5466 Egy-

415 5473 675 5553 ptiorum
721 5474 985 5537 narravit
1033 5473 1297 5556 ruinam,
1331 5473 1538 5539 addit:
1580 5494 1609 5536 (
1640 5473 1882 5537 Factum
1920 5474 2075 5536 istud

414 5561 625 5642 ingens
644 5569 705 5626 et
721 5565 1084 5646 stupendum
1107 5562 1347 5628 Hebraei
1373 5563 1758 5645 mirati,quod
1786 5562 1919 5626 sine
1945 5582 2078 5626 san-

496 5719 551 5765 “
579 5723 751 5790 Philo
773 5726 862 5792 De
884 5731 1013 5791 vita
1043 5725 1292 5809 Μουκία,
1335 5724 1443 5789 lib.
1481 5745 1551 5790 ι.-

2161 4679 2279 4720 ηοιι
2313 4660 2522 4732 fuisse,
2558 4661 2662 4722 sed
2699 4662 2865 4723 valde
2909 4662 3245 4724 imminuta.

2240 4749 2390 4812 Mira
2422 4749 2533 4811 fuit
2566 4768 2698 4812 sors
2737 4751 3095 4828 scriptorum
3134 4751 3325 4812 sancti
3380 4745 3689 4812 Clementi.
3731 4747 3781 4806 Α

2160 4840 2339 4903 Iunio
2371 4839 2625 4901 Patricio
2651 4841 2977 4918 Anglicano
3002 4841 3244 4902 inventa
3267 4848 3355 4901 est
3387 4843 3517 4918 ejus
3549 4832 3779 4926 Epilgla

2163 4930 2233 4991 ad
2269 4928 2610 4992 Corinthios
2641 4931 2862 5011 scripta
2891 4951 2906 5006 ;
2939 4949 2973 4990 a
3005 4929 3298 4991 Wetstino
3335 4949 3450 4990 non
3485 4921 3649 5011 minii
3678 4921 3780 4984 Ec-

2165 5019 2362 5082 clesiae
2392 5021 2680 5083 Romanae
2711 5005 2945 5081 in'fensO
2980 5021 3238 5082 iuventte
3269 5030 3406 5080 sunt
3439 5005 3778 5098 ambqujt'Js-

2162 5109 2299 5171 dem
2334 5110 2526 5170 sancti
2557 5107 2881 5171 Clementis
2912 5111 2982 5170 ad
3017 5111 3295 5187 Virgines
3324 5105 3615 5189 Epistolay’

2243 5198 2409 5261 Notae
2441 5198 2687 5260 Patricii
2740 5201 2794 5261 in
2855 5185 3178 5279 Epistolam
3235 5185 3409 5280 quam
3463 5185 3645 5280 invq'it
3686 5195 3777 5256 vix

2244 5205 2409 5261 Notae
2441 5205 2687 5260 Patricii
2740 5205 2794 5261 in
2855 5205 3178 5279 Epistolam
3235 5217 3409 5280 quam
3463 5205 3559 5258 inv
3605 5205 3645 5252 It
3686 5205 3777 5256 vix

2163 5289 2554 5352 dissidentem
2575 5291 2873 5352 hominem
2894 5205 3599 5456 deteguntProlegomjz
3615 5280 3779 5345 Wet-

2163 5381 2327 5454 stiui,
2348 5381 2588 5442 duobus
2615 5381 2758 5441 locis
2787 5379 3053 5456 exceptis
3078 5381 3135 5441 in
3161 5381 3377 5456 quibus
3409 5378 3530 5441 Odit
3598 5391 3769 5435 suum

2163 5381 2327 5454 stiui,
2348 5381 2588 5442 duobus
2615 5381 2758 5441 locis
2787 5379 3053 5460 exceptis
3078 5381 3135 5441 in
3161 5381 3377 5461 quibus
3409 5378 3563 5461 odin
3598 5391 3769 5435 suum

2164 5488 2306 5551 erga
2326 5471 2655 5533 Romanam
2681 5457 3010 5532 Ecclesiam
3036 5457 3248 5552 exerit,
3278 5457 3568 5580 testimofl
3592 5463 3766 5525 exhi-

2162 5562 2308 5625 bent
2337 5560 2707 5625 sinceritatis
2737 5579 2806 5624 ac
2834 5561 3123 5623 veritatis.
3512 5560 3524 5625 ἒ
