  <div class='ocr_page' id='page_1' title='image "/cluster/home/n/w/nwhite01/storage/ocr_20150623/1:no.1/coo.31924054872803/196.png"; bbox 0 0 4124 6478; ppageno 0'>
   <div class='ocr_carea' id='block_1_1' title="bbox 356 421 531 488">
    <p class='ocr_par' dir='ltr' id='par_1_1' title="bbox 356 421 531 488">
     <span class='ocr_line' id='line_1_1' title="bbox 356 421 531 488; baseline -0.017 -1"><span class='ocrx_word' id='word_1_1' title='bbox 356 428 361 431; x_wconf 82' lang='grc'><em>’</em></span> <span class='ocrx_word' id='word_1_2' title='bbox 416 421 531 488; x_wconf 76' lang='lat'><strong>3&#39;17</strong></span> 
     </span>
    </p>
   </div>
   <div class='ocr_carea' id='block_1_2' title="bbox 420 650 2067 733">
    <p class='ocr_par' dir='ltr' id='par_1_2' title="bbox 420 650 2067 733">
     <span class='ocr_line' id='line_1_2' title="bbox 420 650 2067 733; baseline 0.002 -22"><span class='ocrx_word' id='word_1_3' title='bbox 420 650 645 712; x_wconf 69' lang='lat' dir='ltr'><strong>stolicze</strong></span> <span class='ocrx_word' id='word_1_4' title='bbox 676 651 996 713; x_wconf 88' lang='lat' dir='ltr'><strong>hostilibus</strong></span> <span class='ocrx_word' id='word_1_5' title='bbox 1028 653 1220 733; x_wconf 83' lang='lat' dir='ltr'><strong>detegi</strong></span> <span class='ocrx_word' id='word_1_6' title='bbox 1244 662 1302 715; x_wconf 90' lang='lat' dir='ltr'><strong>et</strong></span> <span class='ocrx_word' id='word_1_7' title='bbox 1326 654 1635 732; x_wconf 79' lang='lat' dir='ltr'><strong>publicari,</strong></span> <span class='ocrx_word' id='word_1_8' title='bbox 1664 664 1778 714; x_wconf 91' lang='lat' dir='ltr'><strong>uta</strong></span> <span class='ocrx_word' id='word_1_9' title='bbox 1801 655 2067 716; x_wconf 90' lang='lat' dir='ltr'><strong>sectariis</strong></span> 
     </span>
    </p>
   </div>
   <div class='ocr_carea' id='block_1_3' title="bbox 425 740 2066 821">
    <p class='ocr_par' dir='ltr' id='par_1_3' title="bbox 425 740 2066 821">
     <span class='ocr_line' id='line_1_3' title="bbox 425 740 2066 821; baseline 0.003 -22"><span class='ocrx_word' id='word_1_10' title='bbox 425 740 621 802; x_wconf 89' lang='lat' dir='ltr'><strong>minus</strong></span> <span class='ocrx_word' id='word_1_11' title='bbox 669 741 1187 821; x_wconf 81' lang='lat' dir='ltr'><strong>impugnarentur,</strong></span> <span class='ocrx_word' id='word_1_12' title='bbox 1222 753 1320 805; x_wconf 92' lang='lat' dir='ltr'><strong>aut</strong></span> <span class='ocrx_word' id='word_1_13' title='bbox 1371 744 1530 805; x_wconf 83' lang='lat' dir='ltr'><strong>fraus</strong></span> <span class='ocrx_word' id='word_1_14' title='bbox 1574 745 1893 807; x_wconf 89' lang='lat' dir='ltr'><strong>Catholicis</strong></span> <span class='ocrx_word' id='word_1_15' title='bbox 1948 764 2066 806; x_wconf 92' lang='lat' dir='ltr'><strong>non</strong></span> 
     </span>
    </p>
   </div>
   <div class='ocr_carea' id='block_1_4' title="bbox 423 831 2070 914">
    <p class='ocr_par' dir='ltr' id='par_1_4' title="bbox 423 831 2070 914">
     <span class='ocr_line' id='line_1_4' title="bbox 423 831 2070 914; baseline 0.002 -22"><span class='ocrx_word' id='word_1_16' title='bbox 423 831 837 909; x_wconf 90' lang='lat' dir='ltr'><strong>imputaretur.</strong></span> <span class='ocrx_word' id='word_1_17' title='bbox 878 831 1052 893; x_wconf 89' lang='lat' dir='ltr'><strong>Siluit</strong></span> <span class='ocrx_word' id='word_1_18' title='bbox 1081 834 1440 909; x_wconf 75' lang='lat' dir='ltr'><strong>generaliter</strong></span> <span class='ocrx_word' id='word_1_19' title='bbox 1467 834 1707 895; x_wconf 67' lang='lat' dir='ltr'><strong>haeresis</strong></span> <span class='ocrx_word' id='word_1_20' title='bbox 1726 834 1799 894; x_wconf 90' lang='lat' dir='ltr'><strong>de</strong></span> <span class='ocrx_word' id='word_1_21' title='bbox 1816 835 2070 914; x_wconf 87' lang='lat' dir='ltr'><strong>epistola</strong></span> 
     </span>
    </p>
   </div>
   <div class='ocr_carea' id='block_1_5' title="bbox 421 919 2064 1005">
    <p class='ocr_par' dir='ltr' id='par_1_5' title="bbox 421 919 2064 1005">
     <span class='ocr_line' id='line_1_5' title="bbox 421 919 2064 1005; baseline 0.004 -26"><span class='ocrx_word' id='word_1_22' title='bbox 421 938 455 979; x_wconf 85' lang='lat' dir='ltr'><strong>a</strong></span> <span class='ocrx_word' id='word_1_23' title='bbox 477 920 658 981; x_wconf 86' lang='lat' dir='ltr'><strong>Junio</strong></span> <span class='ocrx_word' id='word_1_24' title='bbox 689 919 943 984; x_wconf 85' lang='lat' dir='ltr'><strong>Patricio</strong></span> <span class='ocrx_word' id='word_1_25' title='bbox 987 924 1226 985; x_wconf 88' lang='lat' dir='ltr'><strong>inventa</strong></span> <span class='ocrx_word' id='word_1_26' title='bbox 1252 944 1265 984; x_wconf 90' lang='lat'><strong>:</strong></span> <span class='ocrx_word' id='word_1_27' title='bbox 1299 925 1641 1005; x_wconf 85' lang='lat' dir='ltr'><strong>nullusque,</strong></span> <span class='ocrx_word' id='word_1_28' title='bbox 1673 924 1827 1005; x_wconf 88' lang='lat' dir='ltr'><strong>quod</strong></span> <span class='ocrx_word' id='word_1_29' title='bbox 1856 926 2064 997; x_wconf 83' lang='lat' dir='ltr'><strong>sciam,</strong></span> 
     </span>
    </p>
   </div>
   <div class='ocr_carea' id='block_1_6' title="bbox 422 1012 2076 1093">
    <p class='ocr_par' dir='ltr' id='par_1_6' title="bbox 422 1012 2076 1093">
     <span class='ocr_line' id='line_1_6' title="bbox 422 1012 2076 1093; baseline 0.004 -22"><span class='ocrx_word' id='word_1_30' title='bbox 422 1021 667 1071; x_wconf 88' lang='lat' dir='ltr'><strong>novator</strong></span> <span class='ocrx_word' id='word_1_31' title='bbox 710 1013 886 1092; x_wconf 81' lang='lat' dir='ltr'><strong>hujus</strong></span> <span class='ocrx_word' id='word_1_32' title='bbox 936 1012 1444 1076; x_wconf 86' lang='lat' dir='ltr'><strong>authenticitatem</strong></span> <span class='ocrx_word' id='word_1_33' title='bbox 1477 1033 1790 1093; x_wconf 71' lang='lat' dir='ltr'><strong>aggressus</strong></span> <span class='ocrx_word' id='word_1_34' title='bbox 1821 1025 1947 1076; x_wconf 84' lang='lat' dir='ltr'><strong>est:</strong></span> <span class='ocrx_word' id='word_1_35' title='bbox 1980 1015 2076 1078; x_wconf 84' lang='lat' dir='ltr'><strong>vix</strong></span> 
     </span>
    </p>
   </div>
   <div class='ocr_carea' id='block_1_7' title="bbox 425 1101 2079 1181">
    <p class='ocr_par' dir='ltr' id='par_1_7' title="bbox 425 1101 2079 1181">
     <span class='ocr_line' id='line_1_7' title="bbox 425 1101 2079 1181; baseline 0.004 -18"><span class='ocrx_word' id='word_1_36' title='bbox 425 1101 610 1177; x_wconf 87' lang='lat' dir='ltr'><strong>enim,</strong></span> <span class='ocrx_word' id='word_1_37' title='bbox 640 1102 700 1162; x_wconf 90' lang='lat' dir='ltr'><strong>in</strong></span> <span class='ocrx_word' id='word_1_38' title='bbox 726 1103 837 1164; x_wconf 88' lang='lat' dir='ltr'><strong>hac</strong></span> <span class='ocrx_word' id='word_1_39' title='bbox 860 1102 1140 1181; x_wconf 87' lang='lat' dir='ltr'><strong>Epistola,</strong></span> <span class='ocrx_word' id='word_1_40' title='bbox 1165 1114 1402 1166; x_wconf 89' lang='lat' dir='ltr'><strong>sanctus</strong></span> <span class='ocrx_word' id='word_1_41' title='bbox 1426 1104 1690 1167; x_wconf 78' lang='lat' dir='ltr'><strong>Pontifex</strong></span> <span class='ocrx_word' id='word_1_42' title='bbox 1716 1105 2079 1169; x_wconf 86' lang='lat' dir='ltr'><strong>delibaverat</strong></span> 
     </span>
    </p>
   </div>
   <div class='ocr_carea' id='block_1_8' title="bbox 431 1191 2078 1276">
    <p class='ocr_par' dir='ltr' id='par_1_8' title="bbox 431 1191 2078 1276">
     <span class='ocr_line' id='line_1_8' title="bbox 431 1191 2078 1276; baseline 0.002 -26"><span class='ocrx_word' id='word_1_43' title='bbox 431 1191 703 1253; x_wconf 80' lang='lat' dir='ltr'><strong>veritates</strong></span> <span class='ocrx_word' id='word_1_44' title='bbox 737 1193 948 1253; x_wconf 48' lang='lat' dir='ltr'><strong>hairesi</strong></span> <span class='ocrx_word' id='word_1_45' title='bbox 981 1192 1238 1258; x_wconf 89' lang='lat' dir='ltr'><strong>odiosas.</strong></span> <span class='ocrx_word' id='word_1_46' title='bbox 1263 1195 1395 1257; x_wconf 83' lang='lat' dir='ltr'><strong>Dixi</strong></span> <span class='ocrx_word' id='word_1_47' title='bbox 1425 1193 1517 1257; x_wconf 81' lang='lat' dir='ltr'><strong>vix</strong></span> <span class='ocrx_word' id='word_1_48' title='bbox 1549 1195 1910 1257; x_wconf 87' lang='lat' dir='ltr'><strong>delibaverat</strong></span> <span class='ocrx_word' id='word_1_49' title='bbox 1940 1196 2078 1276; x_wconf 82' lang='lat' dir='ltr'><strong>quia</strong></span> 
     </span>
    </p>
   </div>
   <div class='ocr_carea' id='block_1_9' title="bbox 432 1282 2075 1365">
    <p class='ocr_par' dir='ltr' id='par_1_9' title="bbox 432 1282 2075 1365">
     <span class='ocr_line' id='line_1_9' title="bbox 432 1282 2075 1365; baseline 0.002 -24"><span class='ocrx_word' id='word_1_50' title='bbox 432 1301 545 1343; x_wconf 91' lang='lat' dir='ltr'><strong>non</strong></span> <span class='ocrx_word' id='word_1_51' title='bbox 576 1282 845 1343; x_wconf 86' lang='lat' dir='ltr'><strong>absolute</strong></span> <span class='ocrx_word' id='word_1_52' title='bbox 872 1282 946 1343; x_wconf 85' lang='lat' dir='ltr'><strong>de</strong></span> <span class='ocrx_word' id='word_1_53' title='bbox 975 1283 1064 1343; x_wconf 89' lang='lat' dir='ltr'><strong>his</strong></span> <span class='ocrx_word' id='word_1_54' title='bbox 1095 1284 1372 1345; x_wconf 91' lang='lat' dir='ltr'><strong>omnibus</strong></span> <span class='ocrx_word' id='word_1_55' title='bbox 1399 1293 1683 1365; x_wconf 83' lang='lat' dir='ltr'><strong>tacuerat,</strong></span> <span class='ocrx_word' id='word_1_56' title='bbox 1711 1285 1908 1365; x_wconf 87' lang='lat' dir='ltr'><strong>uljam</strong></span> <span class='ocrx_word' id='word_1_57' title='bbox 1933 1285 2075 1347; x_wconf 88' lang='lat' dir='ltr'><strong>alibi</strong></span> 
     </span>
    </p>
   </div>
   <div class='ocr_carea' id='block_1_10' title="bbox 431 1374 2069 1455">
    <p class='ocr_par' dir='ltr' id='par_1_10' title="bbox 431 1374 2069 1455">
     <span class='ocr_line' id='line_1_10' title="bbox 431 1374 2069 1455; baseline 0.002 -23"><span class='ocrx_word' id='word_1_58' title='bbox 431 1381 685 1432; x_wconf 88' lang='lat' dir='ltr'><strong>notatum</strong></span> <span class='ocrx_word' id='word_1_59' title='bbox 720 1381 831 1433; x_wconf 87' lang='lat' dir='ltr'><strong>est.</strong></span> <span class='ocrx_word' id='word_1_60' title='bbox 868 1375 1073 1451; x_wconf 83' lang='lat' dir='ltr'><strong>Longe</strong></span> <span class='ocrx_word' id='word_1_61' title='bbox 1101 1374 1274 1435; x_wconf 84' lang='lat' dir='ltr'><strong>aliter</strong></span> <span class='ocrx_word' id='word_1_62' title='bbox 1302 1394 1367 1436; x_wconf 91' lang='lat' dir='ltr'><strong>se</strong></span> <span class='ocrx_word' id='word_1_63' title='bbox 1401 1393 1498 1435; x_wconf 91' lang='lat' dir='ltr'><strong>res</strong></span> <span class='ocrx_word' id='word_1_64' title='bbox 1532 1375 1736 1436; x_wconf 84' lang='lat' dir='ltr'><strong>habuit</strong></span> <span class='ocrx_word' id='word_1_65' title='bbox 1764 1378 1823 1437; x_wconf 90' lang='lat' dir='ltr'><strong>in</strong></span> <span class='ocrx_word' id='word_1_66' title='bbox 1855 1377 2069 1455; x_wconf 23' lang='lat' dir='ltr'><strong>epistor</strong></span> 
     </span>
    </p>
   </div>
   <div class='ocr_carea' id='block_1_11' title="bbox 428 1461 2071 1540">
    <p class='ocr_par' dir='ltr' id='par_1_11' title="bbox 428 1461 2071 1540">
     <span class='ocr_line' id='line_1_11' title="bbox 428 1461 2071 1540; baseline 0.002 -19"><span class='ocrx_word' id='word_1_67' title='bbox 428 1461 500 1521; x_wconf 91' lang='lat' dir='ltr'><strong>lis</strong></span> <span class='ocrx_word' id='word_1_68' title='bbox 531 1461 605 1521; x_wconf 91' lang='lat' dir='ltr'><strong>de</strong></span> <span class='ocrx_word' id='word_1_69' title='bbox 638 1462 973 1540; x_wconf 82' lang='lat' dir='ltr'><strong>virginitate</strong></span> <span class='ocrx_word' id='word_1_70' title='bbox 1007 1464 1401 1525; x_wconf 77' lang='lat' dir='ltr'><strong>tractantibus</strong></span> <span class='ocrx_word' id='word_1_71' title='bbox 1434 1486 1446 1527; x_wconf 93' lang='lat'><strong>:</strong></span> <span class='ocrx_word' id='word_1_72' title='bbox 1480 1463 1880 1525; x_wconf 83' lang='lat' dir='ltr'><strong>Protestantes</strong></span> <span class='ocrx_word' id='word_1_73' title='bbox 1914 1465 2071 1525; x_wconf 91' lang='lat' dir='ltr'><strong>enim</strong></span> 
     </span>
    </p>
   </div>
   <div class='ocr_carea' id='block_1_12' title="bbox 1385 428 2859 493">
    <p class='ocr_par' dir='ltr' id='par_1_12' title="bbox 1385 428 2859 493">
     <span class='ocr_line' id='line_1_12' title="bbox 1385 428 2859 493; baseline 0.001 -4"><span class='ocrx_word' id='word_1_74' title='bbox 1385 428 1774 491; x_wconf 67' lang='lat' dir='ltr'><strong>EPISTOL/E</strong></span> <span class='ocrx_word' id='word_1_75' title='bbox 1802 429 1907 491; x_wconf 80' lang='lat' dir='ltr'><strong>AD</strong></span> <span class='ocrx_word' id='word_1_76' title='bbox 1934 429 2321 493; x_wconf 74' lang='lat' dir='ltr'><strong>VIRGINES.</strong></span> <span class='ocrx_word' id='word_1_77' title='bbox 2356 463 2433 474; x_wconf 93' lang='lat'><strong>——</strong></span> <span class='ocrx_word' id='word_1_78' title='bbox 2450 430 2859 493; x_wconf 62' lang='lat' dir='ltr'><strong>,PROCEMIA.</strong></span> 
     </span>
    </p>
   </div>
   <div class='ocr_carea' id='block_1_13' title="bbox 500 559 2120 643">
    <p class='ocr_par' dir='ltr' id='par_1_13' title="bbox 500 559 2120 643">
     <span class='ocr_line' id='line_1_13' title="bbox 500 559 2120 643; baseline 0.002 -22"><span class='ocrx_word' id='word_1_79' title='bbox 500 559 779 622; x_wconf 83' lang='lat' dir='ltr'><strong>Permisit</strong></span> <span class='ocrx_word' id='word_1_80' title='bbox 802 563 959 624; x_wconf 87' lang='lat' dir='ltr'><strong>Deus</strong></span> <span class='ocrx_word' id='word_1_81' title='bbox 979 564 1105 624; x_wconf 66' lang='lat' dir='ltr'><strong>haec</strong></span> <span class='ocrx_word' id='word_1_82' title='bbox 1129 576 1518 624; x_wconf 85' lang='lat' dir='ltr'><strong>monumenta</strong></span> <span class='ocrx_word' id='word_1_83' title='bbox 1538 581 1572 625; x_wconf 90' lang='lat' dir='ltr'><strong>a</strong></span> <span class='ocrx_word' id='word_1_84' title='bbox 1592 564 1733 625; x_wconf 87' lang='lat' dir='ltr'><strong>viris</strong></span> <span class='ocrx_word' id='word_1_85' title='bbox 1764 564 1889 626; x_wconf 83' lang='lat' dir='ltr'><strong>sedi</strong></span> <span class='ocrx_word' id='word_1_86' title='bbox 1920 583 2061 643; x_wconf 85' lang='lat' dir='ltr'><strong>apo-</strong></span> <span class='ocrx_word' id='word_1_87' title='bbox 2083 572 2120 619; x_wconf 82' lang='grc' dir='ltr'><strong>Α</strong></span> 
     </span>
    </p>
   </div>
   <div class='ocr_carea' id='block_1_14' title="bbox 3676 430 3793 496">
    <p class='ocr_par' dir='ltr' id='par_1_14' title="bbox 3676 430 3793 496">
     <span class='ocr_line' id='line_1_14' title="bbox 3676 430 3793 496; baseline 0 -1"><span class='ocrx_word' id='word_1_88' title='bbox 3676 430 3793 496; x_wconf 81' lang='lat'><strong>378</strong></span> 
     </span>
    </p>
   </div>
   <div class='ocr_carea' id='block_1_15' title="bbox 2226 562 3795 645">
    <p class='ocr_par' dir='ltr' id='par_1_15' title="bbox 2226 562 3795 645">
     <span class='ocr_line' id='line_1_15' title="bbox 2226 562 3795 645; baseline 0.001 -20"><span class='ocrx_word' id='word_1_89' title='bbox 2226 566 2358 625; x_wconf 82' lang='lat' dir='ltr'><strong>Non</strong></span> <span class='ocrx_word' id='word_1_90' title='bbox 2376 562 2895 625; x_wconf 84' lang='lat' dir='ltr'><strong>nocebltinventer</strong></span> <span class='ocrx_word' id='word_1_91' title='bbox 2906 565 3182 645; x_wconf 87' lang='lat' dir='ltr'><strong>quicerte</strong></span> <span class='ocrx_word' id='word_1_92' title='bbox 3196 573 3647 627; x_wconf 82' lang='lat' dir='ltr'><strong>monumentum</strong></span> <span class='ocrx_word' id='word_1_93' title='bbox 3668 566 3795 645; x_wconf 87' lang='lat' dir='ltr'><strong>ipse</strong></span> 
     </span>
    </p>
   </div>
   <div class='ocr_carea' id='block_1_16' title="bbox 2154 654 3794 734">
    <p class='ocr_par' dir='ltr' id='par_1_16' title="bbox 2154 654 3794 734">
     <span class='ocr_line' id='line_1_16' title="bbox 2154 654 3794 734; baseline 0.004 -23"><span class='ocrx_word' id='word_1_94' title='bbox 2154 672 2268 713; x_wconf 89' lang='lat' dir='ltr'><strong>non</strong></span> <span class='ocrx_word' id='word_1_95' title='bbox 2303 654 2513 714; x_wconf 80' lang='lat' dir='ltr'><strong>struxit</strong></span> <span class='ocrx_word' id='word_1_96' title='bbox 2546 654 2701 734; x_wconf 89' lang='lat' dir='ltr'><strong>quod</strong></span> <span class='ocrx_word' id='word_1_97' title='bbox 2759 662 2839 715; x_wconf 93' lang='lat' dir='ltr'><strong>tot</strong></span> <span class='ocrx_word' id='word_1_98' title='bbox 2889 664 3026 715; x_wconf 82' lang='lat' dir='ltr'><strong>ante</strong></span> <span class='ocrx_word' id='word_1_99' title='bbox 3070 655 3235 716; x_wconf 88' lang='lat' dir='ltr'><strong>illum</strong></span> <span class='ocrx_word' id='word_1_100' title='bbox 3288 656 3520 717; x_wconf 81' lang='lat' dir='ltr'><strong>saeculis</strong></span> <span class='ocrx_word' id='word_1_101' title='bbox 3565 656 3794 717; x_wconf 84' lang='lat' dir='ltr'><strong>existe-</strong></span> 
     </span>
    </p>
   </div>
   <div class='ocr_carea' id='block_1_17' title="bbox 2155 741 3797 825">
    <p class='ocr_par' dir='ltr' id='par_1_17' title="bbox 2155 741 3797 825">
     <span class='ocr_line' id='line_1_17' title="bbox 2155 741 3797 825; baseline 0.004 -24"><span class='ocrx_word' id='word_1_102' title='bbox 2155 741 2271 813; x_wconf 89' lang='lat' dir='ltr'><strong>bat,</strong></span> <span class='ocrx_word' id='word_1_103' title='bbox 2307 744 2461 805; x_wconf 90' lang='lat' dir='ltr'><strong>sicut</strong></span> <span class='ocrx_word' id='word_1_104' title='bbox 2518 743 2713 805; x_wconf 89' lang='lat' dir='ltr'><strong>adhuc</strong></span> <span class='ocrx_word' id='word_1_105' title='bbox 2768 743 2989 823; x_wconf 80' lang='lat' dir='ltr'><strong>existit,</strong></span> <span class='ocrx_word' id='word_1_106' title='bbox 3022 745 3396 825; x_wconf 82' lang='lat' dir='ltr'><strong>antiquitatis</strong></span> <span class='ocrx_word' id='word_1_107' title='bbox 3450 764 3572 807; x_wconf 66' lang='lat' dir='ltr'><strong>suae</strong></span> <span class='ocrx_word' id='word_1_108' title='bbox 3628 746 3797 823; x_wconf 85' lang='lat' dir='ltr'><strong>signa</strong></span> 
     </span>
    </p>
   </div>
   <div class='ocr_carea' id='block_1_18' title="bbox 2155 832 3798 916">
    <p class='ocr_par' dir='ltr' id='par_1_18' title="bbox 2155 832 3798 916">
     <span class='ocr_line' id='line_1_18' title="bbox 2155 832 3798 916; baseline 0.003 -24"><span class='ocrx_word' id='word_1_109' title='bbox 2155 832 2496 912; x_wconf 74' lang='lat' dir='ltr'><strong>prmferens.</strong></span> <span class='ocrx_word' id='word_1_110' title='bbox 2534 833 2657 894; x_wconf 89' lang='lat' dir='ltr'><strong>Imo</strong></span> <span class='ocrx_word' id='word_1_111' title='bbox 2690 853 2806 913; x_wconf 90' lang='lat' dir='ltr'><strong>quo</strong></span> <span class='ocrx_word' id='word_1_112' title='bbox 2840 835 3027 911; x_wconf 78' lang='lat' dir='ltr'><strong>magis</strong></span> <span class='ocrx_word' id='word_1_113' title='bbox 3069 846 3360 916; x_wconf 82' lang='lat' dir='ltr'><strong>suspectae</strong></span> <span class='ocrx_word' id='word_1_114' title='bbox 3407 835 3541 897; x_wconf 85' lang='lat' dir='ltr'><strong>ﬁdei</strong></span> <span class='ocrx_word' id='word_1_115' title='bbox 3586 836 3798 897; x_wconf 89' lang='lat' dir='ltr'><strong>inven-</strong></span> 
     </span>
    </p>
   </div>
   <div class='ocr_carea' id='block_1_19' title="bbox 2155 923 3794 1006">
    <p class='ocr_par' dir='ltr' id='par_1_19' title="bbox 2155 923 3794 1006">
     <span class='ocr_line' id='line_1_19' title="bbox 2155 923 3794 1006; baseline 0.002 -23"><span class='ocrx_word' id='word_1_116' title='bbox 2155 930 2246 983; x_wconf 88' lang='lat' dir='ltr'><strong>tor</strong></span> <span class='ocrx_word' id='word_1_117' title='bbox 2322 923 2693 1004; x_wconf 83' lang='lat' dir='ltr'><strong>probabitur,</strong></span> <span class='ocrx_word' id='word_1_118' title='bbox 2756 942 2826 984; x_wconf 89' lang='lat' dir='ltr'><strong>eo</strong></span> <span class='ocrx_word' id='word_1_119' title='bbox 2904 924 3122 985; x_wconf 86' lang='lat' dir='ltr'><strong>clarius</strong></span> <span class='ocrx_word' id='word_1_120' title='bbox 3189 925 3411 1006; x_wconf 84' lang='lat' dir='ltr'><strong>patebit</strong></span> <span class='ocrx_word' id='word_1_121' title='bbox 3486 925 3794 986; x_wconf 90' lang='lat' dir='ltr'><strong>inimicum</strong></span> 
     </span>
    </p>
   </div>
   <div class='ocr_carea' id='block_1_20' title="bbox 2158 1012 3796 1096">
    <p class='ocr_par' dir='ltr' id='par_1_20' title="bbox 2158 1012 3796 1096">
     <span class='ocr_line' id='line_1_20' title="bbox 2158 1012 3796 1096; baseline 0.002 -24"><span class='ocrx_word' id='word_1_122' title='bbox 2158 1012 2495 1091; x_wconf 84' lang='lat' dir='ltr'><strong>dogmatum</strong></span> <span class='ocrx_word' id='word_1_123' title='bbox 2530 1013 3024 1096; x_wconf 72' lang='lat' dir='ltr'><strong>orthodoxerum,</strong></span> <span class='ocrx_word' id='word_1_124' title='bbox 3062 1033 3178 1075; x_wconf 83' lang='lat' dir='ltr'><strong>non</strong></span> <span class='ocrx_word' id='word_1_125' title='bbox 3225 1024 3439 1095; x_wconf 78' lang='lat' dir='ltr'><strong>sponte</strong></span> <span class='ocrx_word' id='word_1_126' title='bbox 3484 1014 3543 1075; x_wconf 91' lang='lat' dir='ltr'><strong>in</strong></span> <span class='ocrx_word' id='word_1_127' title='bbox 3591 1034 3796 1076; x_wconf 91' lang='lat' dir='ltr'><strong>eorum</strong></span> 
     </span>
    </p>
   </div>
   <div class='ocr_carea' id='block_1_21' title="bbox 2160 1101 3803 1184">
    <p class='ocr_par' dir='ltr' id='par_1_21' title="bbox 2160 1101 3803 1184">
     <span class='ocr_line' id='line_1_21' title="bbox 2160 1101 3803 1184; baseline 0.002 -23"><span class='ocrx_word' id='word_1_128' title='bbox 2160 1102 2416 1163; x_wconf 81' lang='lat' dir='ltr'><strong>favorem</strong></span> <span class='ocrx_word' id='word_1_129' title='bbox 2450 1110 2566 1163; x_wconf 89' lang='lat' dir='ltr'><strong>tam</strong></span> <span class='ocrx_word' id='word_1_130' title='bbox 2602 1101 2982 1183; x_wconf 89' lang='lat' dir='ltr'><strong>splendidum</strong></span> <span class='ocrx_word' id='word_1_131' title='bbox 3018 1104 3331 1184; x_wconf 85' lang='lat' dir='ltr'><strong>protulisse</strong></span> <span class='ocrx_word' id='word_1_132' title='bbox 3362 1104 3803 1165; x_wconf 89' lang='lat' dir='ltr'><strong>fulcimentum.</strong></span> 
     </span>
    </p>
   </div>
   <div class='ocr_carea' id='block_1_22' title="bbox 2157 1192 3802 1256">
    <p class='ocr_par' dir='ltr' id='par_1_22' title="bbox 2157 1192 3802 1256">
     <span class='ocr_line' id='line_1_22' title="bbox 2157 1192 3802 1256; baseline 0.001 -3"><span class='ocrx_word' id='word_1_133' title='bbox 2157 1193 2283 1253; x_wconf 88' lang='lat' dir='ltr'><strong>Nec</strong></span> <span class='ocrx_word' id='word_1_134' title='bbox 2305 1192 2443 1253; x_wconf 91' lang='lat' dir='ltr'><strong>illud</strong></span> <span class='ocrx_word' id='word_1_135' title='bbox 2480 1192 2749 1253; x_wconf 81' lang='lat' dir='ltr'><strong>exhibuit</strong></span> <span class='ocrx_word' id='word_1_136' title='bbox 2779 1193 2910 1254; x_wconf 90' lang='lat' dir='ltr'><strong>sine</strong></span> <span class='ocrx_word' id='word_1_137' title='bbox 2932 1194 3217 1256; x_wconf 89' lang='lat' dir='ltr'><strong>conviciis</strong></span> <span class='ocrx_word' id='word_1_138' title='bbox 3248 1196 3305 1255; x_wconf 91' lang='lat' dir='ltr'><strong>in</strong></span> <span class='ocrx_word' id='word_1_139' title='bbox 3340 1193 3663 1256; x_wconf 90' lang='lat' dir='ltr'><strong>Ecclesiam</strong></span> <span class='ocrx_word' id='word_1_140' title='bbox 3686 1193 3802 1255; x_wconf 90' lang='lat' dir='ltr'><strong>sibi</strong></span> 
     </span>
    </p>
   </div>
   <div class='ocr_carea' id='block_1_23' title="bbox 2159 1281 2429 1344">
    <p class='ocr_par' dir='ltr' id='par_1_23' title="bbox 2159 1281 2429 1344">
     <span class='ocr_line' id='line_1_23' title="bbox 2159 1281 2429 1344; baseline 0.007 -3"><span class='ocrx_word' id='word_1_141' title='bbox 2159 1281 2429 1344; x_wconf 77' lang='lat' dir='ltr'><strong>invisam.</strong></span> 
     </span>
    </p>
   </div>
   <div class='ocr_carea' id='block_1_24' title="bbox 2241 1371 3799 1453">
    <p class='ocr_par' dir='ltr' id='par_1_24' title="bbox 2241 1371 3799 1453">
     <span class='ocr_line' id='line_1_24' title="bbox 2241 1371 3799 1453; baseline 0 -20"><span class='ocrx_word' id='word_1_142' title='bbox 2241 1373 2568 1434; x_wconf 77' lang='lat' dir='ltr'><strong>Ailnotator</strong></span> <span class='ocrx_word' id='word_1_143' title='bbox 2611 1371 3009 1453; x_wconf 87' lang='lat' dir='ltr'><strong>Epistolarum</strong></span> <span class='ocrx_word' id='word_1_144' title='bbox 3059 1373 3491 1435; x_wconf 90' lang='lat' dir='ltr'><strong>authenticitati</strong></span> <span class='ocrx_word' id='word_1_145' title='bbox 3535 1391 3649 1433; x_wconf 92' lang='lat' dir='ltr'><strong>non</strong></span> <span class='ocrx_word' id='word_1_146' title='bbox 3684 1391 3799 1433; x_wconf 90' lang='lat' dir='ltr'><strong>no—</strong></span> 
     </span>
    </p>
   </div>
   <div class='ocr_carea' id='block_1_25' title="bbox 2159 1461 3802 1543">
    <p class='ocr_par' dir='ltr' id='par_1_25' title="bbox 2159 1461 3802 1543">
     <span class='ocr_line' id='line_1_25' title="bbox 2159 1461 3802 1543; baseline 0 -21"><span class='ocrx_word' id='word_1_147' title='bbox 2159 1470 2271 1522; x_wconf 83' lang='lat' dir='ltr'><strong>cet.</strong></span> <span class='ocrx_word' id='word_1_148' title='bbox 2313 1461 2575 1534; x_wconf 82' lang='lat' dir='ltr'><strong>Quilibet</strong></span> <span class='ocrx_word' id='word_1_149' title='bbox 2602 1463 2793 1525; x_wconf 83' lang='lat' dir='ltr'><strong>lector</strong></span> <span class='ocrx_word' id='word_1_150' title='bbox 2834 1463 3129 1525; x_wconf 59' lang='lat' dir='ltr'><strong>aestimare</strong></span> <span class='ocrx_word' id='word_1_151' title='bbox 3162 1462 3348 1543; x_wconf 91' lang='lat' dir='ltr'><strong>potuit</strong></span> <span class='ocrx_word' id='word_1_152' title='bbox 3396 1464 3655 1524; x_wconf 68' lang='lat' dir='ltr'><strong>valerem</strong></span> <span class='ocrx_word' id='word_1_153' title='bbox 3688 1462 3802 1522; x_wconf 84' lang='lat' dir='ltr'><strong>ob-</strong></span> 
     </span>
    </p>
   </div>
   <div class='ocr_carea' id='block_1_26' title="bbox 428 1551 3803 1634">
    <p class='ocr_par' dir='ltr' id='par_1_26' title="bbox 428 1551 3803 1634">
     <span class='ocr_line' id='line_1_26' title="bbox 428 1551 3803 1634; baseline 0.001 -24"><span class='ocrx_word' id='word_1_154' title='bbox 428 1551 779 1630; x_wconf 86' lang='lat' dir='ltr'><strong>virginitatis</strong></span> <span class='ocrx_word' id='word_1_155' title='bbox 804 1572 1031 1627; x_wconf 86' lang='lat' dir='ltr'><strong>osores,</strong></span> <span class='ocrx_word' id='word_1_156' title='bbox 1068 1553 1235 1634; x_wconf 89' lang='lat' dir='ltr'><strong>quasi</strong></span> <span class='ocrx_word' id='word_1_157' title='bbox 1272 1555 1537 1615; x_wconf 91' lang='lat' dir='ltr'><strong>unanimi</strong></span> <span class='ocrx_word' id='word_1_158' title='bbox 1568 1571 1710 1617; x_wconf 90' lang='lat' dir='ltr'><strong>voce</strong></span> <span class='ocrx_word' id='word_1_159' title='bbox 1741 1565 1947 1616; x_wconf 89' lang='lat' dir='ltr'><strong>contra</strong></span> <span class='ocrx_word' id='word_1_160' title='bbox 1976 1574 2075 1617; x_wconf 90' lang='lat' dir='ltr'><strong>au-</strong></span> <span class='ocrx_word' id='word_1_161' title='bbox 2155 1551 2547 1631; x_wconf 84' lang='lat' dir='ltr'><strong>jectalionum</strong></span> <span class='ocrx_word' id='word_1_162' title='bbox 2584 1551 2764 1633; x_wconf 88' lang='lat' dir='ltr'><strong>illius,</strong></span> <span class='ocrx_word' id='word_1_163' title='bbox 2788 1572 2855 1613; x_wconf 91' lang='lat' dir='ltr'><strong>ac</strong></span> <span class='ocrx_word' id='word_1_164' title='bbox 2888 1564 3201 1633; x_wconf 90' lang='lat' dir='ltr'><strong>penetrare</strong></span> <span class='ocrx_word' id='word_1_165' title='bbox 3232 1552 3492 1614; x_wconf 89' lang='lat' dir='ltr'><strong>animum</strong></span> <span class='ocrx_word' id='word_1_166' title='bbox 3528 1551 3803 1613; x_wconf 85' lang='lat' dir='ltr'><strong>hostilem</strong></span> 
     </span>
    </p>
   </div>
   <div class='ocr_carea' id='block_1_27' title="bbox 425 1640 3807 1725">
    <p class='ocr_par' dir='ltr' id='par_1_27' title="bbox 425 1640 3807 1725">
     <span class='ocr_line' id='line_1_27' title="bbox 425 1640 3807 1725; baseline -0.001 -24"><span class='ocrx_word' id='word_1_167' title='bbox 425 1641 853 1704; x_wconf 57' lang='lat' dir='ltr'><strong>thentit-itatem</strong></span> <span class='ocrx_word' id='word_1_168' title='bbox 884 1661 1091 1703; x_wconf 88' lang='lat' dir='ltr'><strong>earum</strong></span> <span class='ocrx_word' id='word_1_169' title='bbox 1126 1643 1602 1706; x_wconf 81' lang='lat' dir='ltr'><strong>insurrexerunt.</strong></span> <span class='ocrx_word' id='word_1_170' title='bbox 1626 1643 1746 1704; x_wconf 90' lang='lat' dir='ltr'><strong>Nec</strong></span> <span class='ocrx_word' id='word_1_171' title='bbox 1765 1645 2075 1725; x_wconf 84' lang='lat' dir='ltr'><strong>quisquam</strong></span> <span class='ocrx_word' id='word_1_172' title='bbox 2161 1660 2278 1722; x_wconf 89' lang='lat' dir='ltr'><strong>quo</strong></span> <span class='ocrx_word' id='word_1_173' title='bbox 2314 1640 2692 1705; x_wconf 85' lang='lat' dir='ltr'><strong>movebatur:</strong></span> <span class='ocrx_word' id='word_1_174' title='bbox 2723 1642 2860 1705; x_wconf 84' lang='lat' dir='ltr'><strong>Non</strong></span> <span class='ocrx_word' id='word_1_175' title='bbox 2891 1645 3051 1704; x_wconf 80' lang='lat' dir='ltr'><strong>enim</strong></span> <span class='ocrx_word' id='word_1_176' title='bbox 3083 1660 3191 1705; x_wconf 83' lang='lat' dir='ltr'><strong>cor</strong></span> <span class='ocrx_word' id='word_1_177' title='bbox 3230 1644 3359 1722; x_wconf 81' lang='lat' dir='ltr'><strong>ejus</strong></span> <span class='ocrx_word' id='word_1_178' title='bbox 3401 1649 3528 1704; x_wconf 82' lang='lat' dir='ltr'><strong>erat</strong></span> <span class='ocrx_word' id='word_1_179' title='bbox 3578 1649 3807 1704; x_wconf 84' lang='lat' dir='ltr'><strong>rectum</strong></span> 
     </span>
    </p>
   </div>
   <div class='ocr_carea' id='block_1_28' title="bbox 428 1730 3809 1814">
    <p class='ocr_par' dir='ltr' id='par_1_28' title="bbox 428 1730 3809 1814">
     <span class='ocr_line' id='line_1_28' title="bbox 428 1730 3809 1814; baseline 0 -24"><span class='ocrx_word' id='word_1_180' title='bbox 428 1730 567 1791; x_wconf 90' lang='lat' dir='ltr'><strong>inde</strong></span> <span class='ocrx_word' id='word_1_181' title='bbox 597 1732 798 1792; x_wconf 87' lang='lat' dir='ltr'><strong>mirari</strong></span> <span class='ocrx_word' id='word_1_182' title='bbox 829 1732 1042 1793; x_wconf 85' lang='lat' dir='ltr'><strong>debet:</strong></span> <span class='ocrx_word' id='word_1_183' title='bbox 1074 1758 1098 1787; x_wconf 86' lang='lat'><strong><em>«</em></strong></span> <span class='ocrx_word' id='word_1_184' title='bbox 1129 1731 1349 1795; x_wconf 87' lang='lat' dir='ltr'><strong>Omnes</strong></span> <span class='ocrx_word' id='word_1_185' title='bbox 1383 1753 1640 1812; x_wconf 87' lang='lat' dir='ltr'><strong>namque</strong></span> <span class='ocrx_word' id='word_1_186' title='bbox 1667 1744 1938 1813; x_wconf 59' lang='lat' dir='ltr'><strong>quaerunt</strong></span> <span class='ocrx_word' id='word_1_187' title='bbox 1962 1736 2080 1814; x_wconf 89' lang='lat' dir='ltr'><strong>pla-</strong></span> <span class='ocrx_word' id='word_1_188' title='bbox 2161 1748 2364 1792; x_wconf 87' lang='lat' dir='ltr'><strong>coram</strong></span> <span class='ocrx_word' id='word_1_189' title='bbox 2398 1733 2655 1794; x_wconf 85' lang='lat' dir='ltr'><strong>Domino</strong></span> <span class='ocrx_word' id='word_1_190' title='bbox 2685 1730 2758 1806; x_wconf 61' lang='grc' dir='ltr'><strong>κ,</strong></span> <span class='ocrx_word' id='word_1_191' title='bbox 2794 1750 2931 1794; x_wconf 89' lang='lat' dir='ltr'><strong>cum</strong></span> <span class='ocrx_word' id='word_1_192' title='bbox 2964 1742 3120 1794; x_wconf 90' lang='lat' dir='ltr'><strong>esset</strong></span> <span class='ocrx_word' id='word_1_193' title='bbox 3150 1751 3381 1794; x_wconf 80' lang='lat' dir='ltr'><strong>vesanae</strong></span> <span class='ocrx_word' id='word_1_194' title='bbox 3414 1732 3809 1812; x_wconf 61' lang='lat' dir='ltr'><strong>philosophia</strong></span> 
     </span>
    </p>
   </div>
   <div class='ocr_carea' id='block_1_29' title="bbox 426 1820 2081 1903">
    <p class='ocr_par' dir='ltr' id='par_1_29' title="bbox 426 1820 2081 1903">
     <span class='ocr_line' id='line_1_29' title="bbox 426 1820 2081 1903; baseline 0.003 -22"><span class='ocrx_word' id='word_1_195' title='bbox 426 1820 621 1881; x_wconf 88' lang='lat' dir='ltr'><strong>centia</strong></span> <span class='ocrx_word' id='word_1_196' title='bbox 650 1842 664 1892; x_wconf 90' lang='lat'><strong>;</strong></span> <span class='ocrx_word' id='word_1_197' title='bbox 696 1840 905 1881; x_wconf 87' lang='lat' dir='ltr'><strong>onmes</strong></span> <span class='ocrx_word' id='word_1_198' title='bbox 955 1839 1023 1883; x_wconf 88' lang='lat' dir='ltr'><strong>ea</strong></span> <span class='ocrx_word' id='word_1_199' title='bbox 1072 1823 1280 1884; x_wconf 85' lang='lat' dir='ltr'><strong>audire</strong></span> <span class='ocrx_word' id='word_1_200' title='bbox 1330 1824 1594 1901; x_wconf 75' lang='lat' dir='ltr'><strong>gestiunt</strong></span> <span class='ocrx_word' id='word_1_201' title='bbox 1637 1843 1768 1903; x_wconf 57' lang='lat' dir='ltr'><strong>quas</strong></span> <span class='ocrx_word' id='word_1_202' title='bbox 1816 1824 2081 1887; x_wconf 88' lang='lat' dir='ltr'><strong>habenas</strong></span> 
     </span>
    </p>
   </div>
   <div class='ocr_carea' id='block_1_30' title="bbox 427 1911 2078 1992">
    <p class='ocr_par' dir='ltr' id='par_1_30' title="bbox 427 1911 2078 1992">
     <span class='ocr_line' id='line_1_30' title="bbox 427 1911 2078 1992; baseline 0.002 -21"><span class='ocrx_word' id='word_1_203' title='bbox 427 1911 592 1972; x_wconf 86' lang='lat' dir='ltr'><strong>carni</strong></span> <span class='ocrx_word' id='word_1_204' title='bbox 617 1911 836 1985; x_wconf 87' lang='lat' dir='ltr'><strong>laxent,</strong></span> <span class='ocrx_word' id='word_1_205' title='bbox 869 1929 984 1975; x_wconf 91' lang='lat' dir='ltr'><strong>non</strong></span> <span class='ocrx_word' id='word_1_206' title='bbox 1012 1931 1145 1992; x_wconf 78' lang='lat' dir='ltr'><strong>quae</strong></span> <span class='ocrx_word' id='word_1_207' title='bbox 1170 1912 1458 1973; x_wconf 90' lang='lat' dir='ltr'><strong>inducant</strong></span> <span class='ocrx_word' id='word_1_208' title='bbox 1482 1914 1864 1975; x_wconf 82' lang='lat' dir='ltr'><strong>conscientiae</strong></span> <span class='ocrx_word' id='word_1_209' title='bbox 1880 1924 2078 1975; x_wconf 81' lang='lat' dir='ltr'><strong>custo-</strong></span> 
     </span>
    </p>
   </div>
   <div class='ocr_carea' id='block_1_31' title="bbox 2163 1819 2636 1884">
    <p class='ocr_par' dir='ltr' id='par_1_31' title="bbox 2163 1819 2636 1884">
     <span class='ocr_line' id='line_1_31' title="bbox 2163 1819 2636 1884; baseline 0.008 -4"><span class='ocrx_word' id='word_1_210' title='bbox 2163 1819 2295 1881; x_wconf 88' lang='lat' dir='ltr'><strong>labe</strong></span> <span class='ocrx_word' id='word_1_211' title='bbox 2328 1822 2636 1884; x_wconf 85' lang='lat' dir='ltr'><strong>infectum.</strong></span> 
     </span>
    </p>
   </div>
   <div class='ocr_carea' id='block_1_32' title="bbox 2244 1909 3806 1993">
    <p class='ocr_par' dir='ltr' id='par_1_32' title="bbox 2244 1909 3806 1993">
     <span class='ocr_line' id='line_1_32' title="bbox 2244 1909 3806 1993; baseline 0 -22"><span class='ocrx_word' id='word_1_212' title='bbox 2244 1910 2512 1973; x_wconf 85' lang='lat' dir='ltr'><strong>Tandem</strong></span> <span class='ocrx_word' id='word_1_213' title='bbox 2550 1911 2907 1973; x_wconf 84' lang='lat' dir='ltr'><strong>inventionis</strong></span> <span class='ocrx_word' id='word_1_214' title='bbox 2937 1919 3075 1973; x_wconf 65' lang='lat' dir='ltr'><strong>astas</strong></span> <span class='ocrx_word' id='word_1_215' title='bbox 3105 1912 3203 1974; x_wconf 81' lang='lat' dir='ltr'><strong>vix</strong></span> <span class='ocrx_word' id='word_1_216' title='bbox 3244 1930 3519 1993; x_wconf 90' lang='lat' dir='ltr'><strong>campum</strong></span> <span class='ocrx_word' id='word_1_217' title='bbox 3552 1909 3806 1973; x_wconf 89' lang='lat' dir='ltr'><strong>liberum</strong></span> 
     </span>
    </p>
   </div>
   <div class='ocr_carea' id='block_1_33' title="bbox 426 2000 3811 2083">
    <p class='ocr_par' dir='ltr' id='par_1_33' title="bbox 426 2000 3811 2083">
     <span class='ocr_line' id='line_1_33' title="bbox 426 2000 3811 2083; baseline -0.001 -20"><span class='ocrx_word' id='word_1_218' title='bbox 426 2001 661 2063; x_wconf 69' lang='lat' dir='ltr'><strong>diendaz</strong></span> <span class='ocrx_word' id='word_1_219' title='bbox 682 2001 972 2075; x_wconf 90' lang='lat' dir='ltr'><strong>studium,</strong></span> <span class='ocrx_word' id='word_1_220' title='bbox 1002 2002 1312 2083; x_wconf 81' lang='lat' dir='ltr'><strong>religionis</strong></span> <span class='ocrx_word' id='word_1_221' title='bbox 1339 2023 1568 2080; x_wconf 90' lang='lat' dir='ltr'><strong>curam,</strong></span> <span class='ocrx_word' id='word_1_222' title='bbox 1599 2004 2073 2067; x_wconf 78' lang='lat' dir='ltr'><strong>Christianorum</strong></span> <span class='ocrx_word' id='word_1_223' title='bbox 2104 2028 2137 2076; x_wconf 73' lang='grc' dir='ltr'>Β</span> <span class='ocrx_word' id='word_1_224' title='bbox 2162 2000 2709 2081; x_wconf 71' lang='lat' dir='ltr'><strong>relinquebatverm</strong></span> <span class='ocrx_word' id='word_1_225' title='bbox 2730 2001 3265 2082; x_wconf 77' lang='lat' dir='ltr'><strong>eruditionizhujus</strong></span> <span class='ocrx_word' id='word_1_226' title='bbox 3284 2004 3441 2064; x_wconf 89' lang='lat' dir='ltr'><strong>enim</strong></span> <span class='ocrx_word' id='word_1_227' title='bbox 3474 2001 3657 2063; x_wconf 73' lang='lat' dir='ltr'><strong>aetatis</strong></span> <span class='ocrx_word' id='word_1_228' title='bbox 3683 2000 3811 2079; x_wconf 86' lang='lat' dir='ltr'><strong>phi-</strong></span> 
     </span>
    </p>
   </div>
   <div class='ocr_carea' id='block_1_34' title="bbox 426 2088 3802 2176">
    <p class='ocr_par' dir='ltr' id='par_1_34' title="bbox 426 2088 3802 2176">
     <span class='ocr_line' id='line_1_34' title="bbox 426 2088 3802 2176; baseline 0.001 -31"><span class='ocrx_word' id='word_1_229' title='bbox 426 2107 654 2151; x_wconf 90' lang='lat' dir='ltr'><strong>morum</strong></span> <span class='ocrx_word' id='word_1_230' title='bbox 737 2092 987 2171; x_wconf 83' lang='lat' dir='ltr'><strong>pondus,</strong></span> <span class='ocrx_word' id='word_1_231' title='bbox 1043 2116 1066 2146; x_wconf 72' lang='grc' dir='ltr'><strong>ι»</strong></span> <span class='ocrx_word' id='word_1_232' title='bbox 1129 2092 1266 2153; x_wconf 57' lang='lat' dir='ltr'><strong>Hac</strong></span> <span class='ocrx_word' id='word_1_233' title='bbox 1345 2093 1639 2155; x_wconf 81' lang='lat' dir='ltr'><strong>Wicelius</strong></span> <span class='ocrx_word' id='word_1_234' title='bbox 1695 2093 1909 2155; x_wconf 74' lang='lat' dir='ltr'><strong>senior</strong></span> <span class='ocrx_word' id='word_1_235' title='bbox 1965 2088 2066 2176; x_wconf 76' lang='lat' dir='ltr'><strong>qui</strong></span> <span class='ocrx_word' id='word_1_236' title='bbox 2150 2092 2927 2172; x_wconf 76' lang='lat' dir='ltr'><strong>[osophiaundiquesannis</strong></span> <span class='ocrx_word' id='word_1_237' title='bbox 2950 2110 3017 2152; x_wconf 91' lang='lat' dir='ltr'><strong>ac</strong></span> <span class='ocrx_word' id='word_1_238' title='bbox 3044 2090 3314 2154; x_wconf 84' lang='lat' dir='ltr'><strong>dicteriis</strong></span> <span class='ocrx_word' id='word_1_239' title='bbox 3340 2091 3802 2153; x_wconf 85' lang='lat' dir='ltr'><strong>veritatesetiam</strong></span> 
     </span>
    </p>
   </div>
   <div class='ocr_carea' id='block_1_35' title="bbox 426 2180 1979 2262">
    <p class='ocr_par' dir='ltr' id='par_1_35' title="bbox 426 2180 1979 2262">
     <span class='ocr_line' id='line_1_35' title="bbox 426 2180 1979 2262; baseline 0.003 -24"><span class='ocrx_word' id='word_1_240' title='bbox 426 2180 650 2259; x_wconf 84' lang='lat' dir='ltr'><strong>optime</strong></span> <span class='ocrx_word' id='word_1_241' title='bbox 682 2190 927 2241; x_wconf 83' lang='lat' dir='ltr'><strong>noverat</strong></span> <span class='ocrx_word' id='word_1_242' title='bbox 958 2190 1177 2243; x_wconf 87' lang='lat' dir='ltr'><strong>sectam</strong></span> <span class='ocrx_word' id='word_1_243' title='bbox 1212 2201 1345 2262; x_wconf 68' lang='lat' dir='ltr'><strong>quae</strong></span> <span class='ocrx_word' id='word_1_244' title='bbox 1373 2184 1687 2246; x_wconf 86' lang='lat' dir='ltr'><strong>seduxerat</strong></span> <span class='ocrx_word' id='word_1_245' title='bbox 1718 2184 1881 2245; x_wconf 92' lang='lat' dir='ltr'><strong>illum</strong></span> <span class='ocrx_word' id='word_1_246' title='bbox 1904 2182 1979 2243; x_wconf 73' lang='grc'><strong>4³.</strong></span> 
     </span>
    </p>
   </div>
   <div class='ocr_carea' id='block_1_36' title="bbox 508 2270 2065 2354">
    <p class='ocr_par' dir='ltr' id='par_1_36' title="bbox 508 2270 2065 2354">
     <span class='ocr_line' id='line_1_36' title="bbox 508 2270 2065 2354; baseline -0.001 -20"><span class='ocrx_word' id='word_1_247' title='bbox 508 2273 685 2335; x_wconf 87' lang='lat' dir='ltr'><strong>Certe</strong></span> <span class='ocrx_word' id='word_1_248' title='bbox 716 2270 766 2331; x_wconf 91' lang='lat' dir='ltr'><strong>si</strong></span> <span class='ocrx_word' id='word_1_249' title='bbox 799 2271 1229 2352; x_wconf 82' lang='lat' dir='ltr'><strong>qualiscunque</strong></span> <span class='ocrx_word' id='word_1_250' title='bbox 1278 2274 1551 2354; x_wconf 85' lang='lat' dir='ltr'><strong>epistola,</strong></span> <span class='ocrx_word' id='word_1_251' title='bbox 1584 2274 1828 2336; x_wconf 89' lang='lat' dir='ltr'><strong>nomine</strong></span> <span class='ocrx_word' id='word_1_252' title='bbox 1874 2272 2065 2337; x_wconf 88' lang='lat' dir='ltr'><strong>sancti</strong></span> 
     </span>
    </p>
   </div>
   <div class='ocr_carea' id='block_1_37' title="bbox 428 2360 2080 2444">
    <p class='ocr_par' dir='ltr' id='par_1_37' title="bbox 428 2360 2080 2444">
     <span class='ocr_line' id='line_1_37' title="bbox 428 2360 2080 2444; baseline 0.001 -20"><span class='ocrx_word' id='word_1_253' title='bbox 428 2360 750 2424; x_wconf 86' lang='lat' dir='ltr'><strong>Clementis</strong></span> <span class='ocrx_word' id='word_1_254' title='bbox 777 2361 1321 2441; x_wconf 83' lang='lat' dir='ltr'><strong>insignita,reperta</strong></span> <span class='ocrx_word' id='word_1_255' title='bbox 1343 2362 2080 2444; x_wconf 85' lang='lat' dir='ltr'><strong>fuisset,cujusin1erpre-</strong></span> 
     </span>
    </p>
   </div>
   <div class='ocr_carea' id='block_1_38' title="bbox 428 2450 2082 2529">
    <p class='ocr_par' dir='ltr' id='par_1_38' title="bbox 428 2450 2082 2529">
     <span class='ocr_line' id='line_1_38' title="bbox 428 2450 2082 2529; baseline 0.004 -18"><span class='ocrx_word' id='word_1_256' title='bbox 428 2454 567 2513; x_wconf 88' lang='lat' dir='ltr'><strong>tatio</strong></span> <span class='ocrx_word' id='word_1_257' title='bbox 591 2468 837 2512; x_wconf 89' lang='lat' dir='ltr'><strong>sensum</strong></span> <span class='ocrx_word' id='word_1_258' title='bbox 872 2450 1221 2529; x_wconf 69' lang='lat' dir='ltr'><strong>praebuisset</strong></span> <span class='ocrx_word' id='word_1_259' title='bbox 1247 2451 1884 2524; x_wconf 67' lang='lat' dir='ltr'><strong>eaalihatuiinfensum,</strong></span> <span class='ocrx_word' id='word_1_260' title='bbox 1917 2454 2082 2517; x_wconf 87' lang='lat' dir='ltr'><strong>mille</strong></span> 
     </span>
    </p>
   </div>
   <div class='ocr_carea' id='block_1_39' title="bbox 428 2541 2076 2623">
    <p class='ocr_par' dir='ltr' id='par_1_39' title="bbox 428 2541 2076 2623">
     <span class='ocr_line' id='line_1_39' title="bbox 428 2541 2076 2623; baseline 0 -19"><span class='ocrx_word' id='word_1_261' title='bbox 428 2541 844 2604; x_wconf 88' lang='lat' dir='ltr'><strong>buccinatores</strong></span> <span class='ocrx_word' id='word_1_262' title='bbox 866 2541 1339 2623; x_wconf 85' lang='lat' dir='ltr'><strong>adlaborassent,</strong></span> <span class='ocrx_word' id='word_1_263' title='bbox 1366 2541 1524 2603; x_wconf 89' lang='lat' dir='ltr'><strong>inter</strong></span> <span class='ocrx_word' id='word_1_264' title='bbox 1546 2544 1931 2616; x_wconf 86' lang='lat' dir='ltr'><strong>seclarios,ut</strong></span> <span class='ocrx_word' id='word_1_265' title='bbox 1948 2563 2076 2605; x_wconf 88' lang='lat' dir='ltr'><strong>eam</strong></span> 
     </span>
    </p>
   </div>
   <div class='ocr_carea' id='block_1_40' title="bbox 427 2632 2078 2712">
    <p class='ocr_par' dir='ltr' id='par_1_40' title="bbox 427 2632 2078 2712">
     <span class='ocr_line' id='line_1_40' title="bbox 427 2632 2078 2712; baseline 0.002 -20"><span class='ocrx_word' id='word_1_266' title='bbox 427 2632 987 2712; x_wconf 79' lang='lat' dir='ltr'><strong>superextollereut,</strong></span> <span class='ocrx_word' id='word_1_267' title='bbox 1041 2633 1289 2712; x_wconf 86' lang='lat' dir='ltr'><strong>ejusque</strong></span> <span class='ocrx_word' id='word_1_268' title='bbox 1354 2632 1865 2696; x_wconf 85' lang='lat' dir='ltr'><strong>authenticitatem</strong></span> <span class='ocrx_word' id='word_1_269' title='bbox 1916 2651 2078 2696; x_wconf 85' lang='lat' dir='ltr'><strong>asse-</strong></span> 
     </span>
    </p>
   </div>
   <div class='ocr_carea' id='block_1_41' title="bbox 426 2729 649 2783">
    <p class='ocr_par' dir='ltr' id='par_1_41' title="bbox 426 2729 649 2783">
     <span class='ocr_line' id='line_1_41' title="bbox 426 2729 649 2783; baseline 0.009 -2"><span class='ocrx_word' id='word_1_270' title='bbox 426 2729 649 2783; x_wconf 89' lang='lat' dir='ltr'><strong>rerent.</strong></span> 
     </span>
    </p>
   </div>
   <div class='ocr_carea' id='block_1_42' title="bbox 508 2810 2077 2892">
    <p class='ocr_par' dir='ltr' id='par_1_42' title="bbox 508 2810 2077 2892">
     <span class='ocr_line' id='line_1_42' title="bbox 508 2810 2077 2892; baseline 0.001 -19"><span class='ocrx_word' id='word_1_271' title='bbox 508 2813 574 2873; x_wconf 88' lang='lat' dir='ltr'><strong>Id</strong></span> <span class='ocrx_word' id='word_1_272' title='bbox 617 2811 857 2873; x_wconf 86' lang='lat' dir='ltr'><strong>abunde</strong></span> <span class='ocrx_word' id='word_1_273' title='bbox 919 2810 1132 2891; x_wconf 88' lang='lat' dir='ltr'><strong>probat</strong></span> <span class='ocrx_word' id='word_1_274' title='bbox 1191 2810 1597 2872; x_wconf 85' lang='lat' dir='ltr'><strong>testimonium</strong></span> <span class='ocrx_word' id='word_1_275' title='bbox 1661 2813 1816 2892; x_wconf 89' lang='lat' dir='ltr'><strong>quod</strong></span> <span class='ocrx_word' id='word_1_276' title='bbox 1874 2824 2077 2875; x_wconf 86' lang='lat' dir='ltr'><strong>sancto</strong></span> 
     </span>
    </p>
   </div>
   <div class='ocr_carea' id='block_1_43' title="bbox 431 2900 2074 2982">
    <p class='ocr_par' dir='ltr' id='par_1_43' title="bbox 431 2900 2074 2982">
     <span class='ocr_line' id='line_1_43' title="bbox 431 2900 2074 2982; baseline 0.001 -18"><span class='ocrx_word' id='word_1_277' title='bbox 431 2902 771 2980; x_wconf 85' lang='lat' dir='ltr'><strong>Paphnucio</strong></span> <span class='ocrx_word' id='word_1_278' title='bbox 804 2900 1084 2965; x_wconf 84' lang='lat' dir='ltr'><strong>Socrates</strong></span> <span class='ocrx_word' id='word_1_279' title='bbox 1118 2910 1233 2961; x_wconf 87' lang='lat' dir='ltr'><strong>tam</strong></span> <span class='ocrx_word' id='word_1_280' title='bbox 1265 2901 1635 2963; x_wconf 87' lang='lat' dir='ltr'><strong>mendaciter</strong></span> <span class='ocrx_word' id='word_1_281' title='bbox 1656 2904 2074 2982; x_wconf 84' lang='lat' dir='ltr'><strong>imputat,tan-</strong></span> 
     </span>
    </p>
   </div>
   <div class='ocr_carea' id='block_1_44' title="bbox 430 2991 2079 3074">
    <p class='ocr_par' dir='ltr' id='par_1_44' title="bbox 430 2991 2079 3074">
     <span class='ocr_line' id='line_1_44' title="bbox 430 2991 2079 3074; baseline 0.001 -21"><span class='ocrx_word' id='word_1_282' title='bbox 430 3008 599 3070; x_wconf 86' lang='lat' dir='ltr'><strong>quam</strong></span> <span class='ocrx_word' id='word_1_283' title='bbox 642 2991 701 3052; x_wconf 94' lang='lat' dir='ltr'><strong>in</strong></span> <span class='ocrx_word' id='word_1_284' title='bbox 740 2993 864 3072; x_wconf 91' lang='lat' dir='ltr'><strong>ipso</strong></span> <span class='ocrx_word' id='word_1_285' title='bbox 890 2991 1143 3051; x_wconf 91' lang='lat' dir='ltr'><strong>concilio</strong></span> <span class='ocrx_word' id='word_1_286' title='bbox 1170 2991 1411 3054; x_wconf 72' lang='lat' dir='ltr'><strong>Nicaeno</strong></span> <span class='ocrx_word' id='word_1_287' title='bbox 1458 2992 1774 3070; x_wconf 89' lang='lat' dir='ltr'><strong>prolatum,</strong></span> <span class='ocrx_word' id='word_1_288' title='bbox 1800 2993 2079 3074; x_wconf 81' lang='lat' dir='ltr'><strong>quodque</strong></span> 
     </span>
    </p>
   </div>
   <div class='ocr_carea' id='block_1_45' title="bbox 437 3081 2069 3160">
    <p class='ocr_par' dir='ltr' id='par_1_45' title="bbox 437 3081 2069 3160">
     <span class='ocr_line' id='line_1_45' title="bbox 437 3081 2069 3160; baseline 0.002 -21"><span class='ocrx_word' id='word_1_289' title='bbox 437 3098 589 3141; x_wconf 88' lang='lat' dir='ltr'><strong>nunc</strong></span> <span class='ocrx_word' id='word_1_290' title='bbox 622 3088 704 3141; x_wconf 90' lang='lat' dir='ltr'><strong>tot</strong></span> <span class='ocrx_word' id='word_1_291' title='bbox 733 3081 1183 3160; x_wconf 84' lang='lat' dir='ltr'><strong>probationibus</strong></span> <span class='ocrx_word' id='word_1_292' title='bbox 1216 3082 1425 3142; x_wconf 90' lang='lat' dir='ltr'><strong>falsum</strong></span> <span class='ocrx_word' id='word_1_293' title='bbox 1460 3081 1928 3143; x_wconf 88' lang='lat' dir='ltr'><strong>demonstratum</strong></span> <span class='ocrx_word' id='word_1_294' title='bbox 1962 3094 2069 3145; x_wconf 91' lang='lat' dir='ltr'><strong>est.</strong></span> 
     </span>
    </p>
   </div>
   <div class='ocr_carea' id='block_1_46' title="bbox 517 3169 2080 3252">
    <p class='ocr_par' dir='ltr' id='par_1_46' title="bbox 517 3169 2080 3252">
     <span class='ocr_line' id='line_1_46' title="bbox 517 3169 2080 3252; baseline 0.003 -22"><span class='ocrx_word' id='word_1_295' title='bbox 517 3169 629 3231; x_wconf 85' lang='lat' dir='ltr'><strong>Nec</strong></span> <span class='ocrx_word' id='word_1_296' title='bbox 660 3171 889 3250; x_wconf 81' lang='lat' dir='ltr'><strong>negabo</strong></span> <span class='ocrx_word' id='word_1_297' title='bbox 926 3172 1036 3231; x_wconf 89' lang='lat' dir='ltr'><strong>tria</strong></span> <span class='ocrx_word' id='word_1_298' title='bbox 1073 3172 1475 3245; x_wconf 87' lang='lat' dir='ltr'><strong>concurrisse,</strong></span> <span class='ocrx_word' id='word_1_299' title='bbox 1503 3191 1618 3232; x_wconf 92' lang='lat' dir='ltr'><strong>non</strong></span> <span class='ocrx_word' id='word_1_300' title='bbox 1646 3182 1710 3232; x_wconf 89' lang='lat' dir='ltr'><strong>ut</strong></span> <span class='ocrx_word' id='word_1_301' title='bbox 1736 3174 2080 3252; x_wconf 85' lang='lat' dir='ltr'><strong>pessumda-</strong></span> 
     </span>
    </p>
   </div>
   <div class='ocr_carea' id='block_1_47' title="bbox 436 3235 2140 3340">
    <p class='ocr_par' dir='ltr' id='par_1_47' title="bbox 436 3235 2140 3340">
     <span class='ocr_line' id='line_1_47' title="bbox 436 3235 2140 3340; baseline 0.002 -19"><span class='ocrx_word' id='word_1_302' title='bbox 436 3270 617 3340; x_wconf 86' lang='lat' dir='ltr'><strong>retur,</strong></span> <span class='ocrx_word' id='word_1_303' title='bbox 641 3235 841 3323; x_wconf 50' lang='lat' dir='ltr'><strong>sedvut</strong></span> <span class='ocrx_word' id='word_1_304' title='bbox 876 3261 1217 3323; x_wconf 80' lang='lat' dir='ltr'><strong>differretur</strong></span> <span class='ocrx_word' id='word_1_305' title='bbox 1239 3261 1458 3339; x_wconf 82' lang='lat' dir='ltr'><strong>agnitio</strong></span> <span class='ocrx_word' id='word_1_306' title='bbox 1476 3235 1942 3323; x_wconf 79' lang='lat' dir='ltr'><strong>authenticitatis</strong></span> <span class='ocrx_word' id='word_1_307' title='bbox 1968 3283 2077 3324; x_wconf 88' lang='lat'><strong>110-</strong></span> <span class='ocrx_word' id='word_1_308' title='bbox 2101 3235 2140 3285; x_wconf 64' lang='grc' dir='ltr'>Ο</span> 
     </span>
    </p>
   </div>
   <div class='ocr_carea' id='block_1_48' title="bbox 435 3351 2080 3431">
    <p class='ocr_par' dir='ltr' id='par_1_48' title="bbox 435 3351 2080 3431">
     <span class='ocr_line' id='line_1_48' title="bbox 435 3351 2080 3431; baseline 0.001 -20"><span class='ocrx_word' id='word_1_309' title='bbox 435 3351 1104 3431; x_wconf 87' lang='lat' dir='ltr'><strong>strarumEpistolarum</strong></span> <span class='ocrx_word' id='word_1_310' title='bbox 1135 3374 1148 3409; x_wconf 89' lang='lat'><strong>:</strong></span> <span class='ocrx_word' id='word_1_311' title='bbox 1177 3352 1368 3431; x_wconf 88' lang='lat' dir='ltr'><strong>primo</strong></span> <span class='ocrx_word' id='word_1_312' title='bbox 1402 3353 1791 3425; x_wconf 88' lang='lat' dir='ltr'><strong>inventorem,</strong></span> <span class='ocrx_word' id='word_1_313' title='bbox 1813 3353 2080 3414; x_wconf 90' lang='lat' dir='ltr'><strong>secundo</strong></span> 
     </span>
    </p>
   </div>
   <div class='ocr_carea' id='block_1_49' title="bbox 438 3441 1789 3517">
    <p class='ocr_par' dir='ltr' id='par_1_49' title="bbox 438 3441 1789 3517">
     <span class='ocr_line' id='line_1_49' title="bbox 438 3441 1789 3517; baseline -0.004 -15"><span class='ocrx_word' id='word_1_314' title='bbox 438 3441 873 3517; x_wconf 79' lang='lat' dir='ltr'><strong>adnotatorem,</strong></span> <span class='ocrx_word' id='word_1_315' title='bbox 913 3441 1088 3501; x_wconf 86' lang='lat' dir='ltr'><strong>tertio</strong></span> <span class='ocrx_word' id='word_1_316' title='bbox 1141 3441 1505 3502; x_wconf 90' lang='lat' dir='ltr'><strong>inventionis</strong></span> <span class='ocrx_word' id='word_1_317' title='bbox 1536 3448 1789 3503; x_wconf 68' lang='lat' dir='ltr'><strong>aetatem.</strong></span> 
     </span>
    </p>
   </div>
   <div class='ocr_carea' id='block_1_50' title="bbox 516 3531 2083 3611">
    <p class='ocr_par' dir='ltr' id='par_1_50' title="bbox 516 3531 2083 3611">
     <span class='ocr_line' id='line_1_50' title="bbox 516 3531 2083 3611; baseline 0.001 -19"><span class='ocrx_word' id='word_1_318' title='bbox 516 3532 1030 3611; x_wconf 84' lang='lat' dir='ltr'><strong>lnventorem,qui</strong></span> <span class='ocrx_word' id='word_1_319' title='bbox 1045 3531 1198 3610; x_wconf 90' lang='lat' dir='ltr'><strong>apud</strong></span> <span class='ocrx_word' id='word_1_320' title='bbox 1216 3550 1357 3591; x_wconf 85' lang='lat' dir='ltr'><strong>suos</strong></span> <span class='ocrx_word' id='word_1_321' title='bbox 1375 3531 1552 3592; x_wconf 88' lang='lat' dir='ltr'><strong>etiam</strong></span> <span class='ocrx_word' id='word_1_322' title='bbox 1578 3541 1866 3611; x_wconf 67' lang='lat' dir='ltr'><strong>suspectae</strong></span> <span class='ocrx_word' id='word_1_323' title='bbox 1884 3533 2083 3594; x_wconf 86' lang='lat' dir='ltr'><strong>admo-</strong></span> 
     </span>
    </p>
   </div>
   <div class='ocr_carea' id='block_1_51' title="bbox 426 3621 2084 3701">
    <p class='ocr_par' dir='ltr' id='par_1_51' title="bbox 426 3621 2084 3701">
     <span class='ocr_line' id='line_1_51' title="bbox 426 3621 2084 3701; baseline 0.002 -19"><span class='ocrx_word' id='word_1_324' title='bbox 426 3622 566 3682; x_wconf 88' lang='lat' dir='ltr'><strong>dum</strong></span> <span class='ocrx_word' id='word_1_325' title='bbox 604 3621 744 3682; x_wconf 86' lang='lat' dir='ltr'><strong>[idei</strong></span> <span class='ocrx_word' id='word_1_326' title='bbox 777 3630 904 3683; x_wconf 88' lang='lat' dir='ltr'><strong>erat</strong></span> <span class='ocrx_word' id='word_1_327' title='bbox 933 3642 948 3695; x_wconf 86' lang='lat'><strong>;</strong></span> <span class='ocrx_word' id='word_1_328' title='bbox 980 3621 1417 3698; x_wconf 87' lang='lat' dir='ltr'><strong>adnotatorem,</strong></span> <span class='ocrx_word' id='word_1_329' title='bbox 1447 3622 1543 3701; x_wconf 86' lang='lat' dir='ltr'><strong>qui</strong></span> <span class='ocrx_word' id='word_1_330' title='bbox 1580 3640 1795 3682; x_wconf 88' lang='lat' dir='ltr'><strong>nomen</strong></span> <span class='ocrx_word' id='word_1_331' title='bbox 1829 3622 2084 3685; x_wconf 86' lang='lat' dir='ltr'><strong>habebat</strong></span> 
     </span>
    </p>
   </div>
   <div class='ocr_carea' id='block_1_52' title="bbox 436 3710 2079 3792">
    <p class='ocr_par' dir='ltr' id='par_1_52' title="bbox 436 3710 2079 3792">
     <span class='ocr_line' id='line_1_52' title="bbox 436 3710 2079 3792; baseline -0.003 -20"><span class='ocrx_word' id='word_1_332' title='bbox 436 3712 589 3772; x_wconf 87' lang='lat' dir='ltr'><strong>inter</strong></span> <span class='ocrx_word' id='word_1_333' title='bbox 613 3711 806 3772; x_wconf 88' lang='lat' dir='ltr'><strong>ultimi</strong></span> <span class='ocrx_word' id='word_1_334' title='bbox 832 3710 1031 3771; x_wconf 71' lang='lat' dir='ltr'><strong>steculi</strong></span> <span class='ocrx_word' id='word_1_335' title='bbox 1061 3711 1447 3792; x_wconf 84' lang='lat' dir='ltr'><strong>philosophos</strong></span> <span class='ocrx_word' id='word_1_336' title='bbox 1470 3725 1520 3769; x_wconf 81' lang='lat' dir='ltr'><strong>et</strong></span> <span class='ocrx_word' id='word_1_337' title='bbox 1554 3711 1611 3771; x_wconf 91' lang='lat' dir='ltr'><strong>in</strong></span> <span class='ocrx_word' id='word_1_338' title='bbox 1634 3712 1936 3772; x_wconf 88' lang='lat' dir='ltr'><strong>academia</strong></span> <span class='ocrx_word' id='word_1_339' title='bbox 1958 3712 2079 3774; x_wconf 78' lang='lat' dir='ltr'><strong>Ru—</strong></span> 
     </span>
    </p>
   </div>
   <div class='ocr_carea' id='block_1_53' title="bbox 2152 2180 3801 2262">
    <p class='ocr_par' dir='ltr' id='par_1_53' title="bbox 2152 2180 3801 2262">
     <span class='ocr_line' id='line_1_53' title="bbox 2152 2180 3801 2262; baseline -0.002 -19"><span class='ocrx_word' id='word_1_340' title='bbox 2152 2180 2566 2260; x_wconf 88' lang='lat' dir='ltr'><strong>apertissimas</strong></span> <span class='ocrx_word' id='word_1_341' title='bbox 2617 2182 2905 2243; x_wconf 82' lang='lat' dir='ltr'><strong>audacter</strong></span> <span class='ocrx_word' id='word_1_342' title='bbox 2957 2182 3448 2262; x_wconf 86' lang='lat' dir='ltr'><strong>persequebatur.</strong></span> <span class='ocrx_word' id='word_1_343' title='bbox 3481 2180 3620 2242; x_wconf 88' lang='lat' dir='ltr'><strong>Ideo</strong></span> <span class='ocrx_word' id='word_1_344' title='bbox 3653 2197 3801 2241; x_wconf 84' lang='lat' dir='ltr'><strong>con-</strong></span> 
     </span>
    </p>
   </div>
   <div class='ocr_carea' id='block_1_54' title="bbox 2162 2268 3811 2351">
    <p class='ocr_par' dir='ltr' id='par_1_54' title="bbox 2162 2268 3811 2351">
     <span class='ocr_line' id='line_1_54' title="bbox 2162 2268 3811 2351; baseline -0.002 -18"><span class='ocrx_word' id='word_1_345' title='bbox 2162 2288 2404 2333; x_wconf 77' lang='lat' dir='ltr'><strong>versum</strong></span> <span class='ocrx_word' id='word_1_346' title='bbox 2435 2281 2522 2332; x_wconf 85' lang='lat' dir='ltr'><strong>est</strong></span> <span class='ocrx_word' id='word_1_347' title='bbox 2553 2278 2896 2334; x_wconf 78' lang='lat' dir='ltr'><strong>retrorsum</strong></span> <span class='ocrx_word' id='word_1_348' title='bbox 2916 2272 3250 2351; x_wconf 72' lang='lat' dir='ltr'><strong>judicium,</strong></span> <span class='ocrx_word' id='word_1_349' title='bbox 3285 2281 3336 2333; x_wconf 85' lang='lat' dir='ltr'><strong>et</strong></span> <span class='ocrx_word' id='word_1_350' title='bbox 3358 2272 3607 2349; x_wconf 78' lang='lat' dir='ltr'><strong>justitia</strong></span> <span class='ocrx_word' id='word_1_351' title='bbox 3636 2268 3811 2349; x_wconf 79' lang='lat' dir='ltr'><strong>longe</strong></span> 
     </span>
    </p>
   </div>
   <div class='ocr_carea' id='block_1_55' title="bbox 2163 2361 3809 2441">
    <p class='ocr_par' dir='ltr' id='par_1_55' title="bbox 2163 2361 3809 2441">
     <span class='ocr_line' id='line_1_55' title="bbox 2163 2361 3809 2441; baseline -0.001 -20"><span class='ocrx_word' id='word_1_352' title='bbox 2163 2363 2327 2423; x_wconf 80' lang='lat' dir='ltr'><strong>stetit</strong></span> <span class='ocrx_word' id='word_1_353' title='bbox 2350 2369 2404 2422; x_wconf 84' lang='lat' dir='ltr'><strong>et</strong></span> <span class='ocrx_word' id='word_1_354' title='bbox 2435 2363 2674 2423; x_wconf 83' lang='lat' dir='ltr'><strong>corruit</strong></span> <span class='ocrx_word' id='word_1_355' title='bbox 2715 2367 2779 2421; x_wconf 83' lang='lat' dir='ltr'><strong>in</strong></span> <span class='ocrx_word' id='word_1_356' title='bbox 2804 2361 3003 2441; x_wconf 81' lang='lat' dir='ltr'><strong>platea</strong></span> <span class='ocrx_word' id='word_1_357' title='bbox 3041 2364 3276 2425; x_wconf 81' lang='lat' dir='ltr'><strong>veritas</strong></span> <span class='ocrx_word' id='word_1_358' title='bbox 3305 2370 3361 2425; x_wconf 85' lang='lat' dir='ltr'><strong>et</strong></span> <span class='ocrx_word' id='word_1_359' title='bbox 3399 2361 3656 2440; x_wconf 66' lang='lat' dir='ltr'><strong>aequitas</strong></span> <span class='ocrx_word' id='word_1_360' title='bbox 3685 2376 3809 2422; x_wconf 85' lang='lat' dir='ltr'><strong>non</strong></span> 
     </span>
    </p>
   </div>
   <div class='ocr_carea' id='block_1_56' title="bbox 2161 2451 2725 2531">
    <p class='ocr_par' dir='ltr' id='par_1_56' title="bbox 2161 2451 2725 2531">
     <span class='ocr_line' id='line_1_56' title="bbox 2161 2451 2725 2531; baseline -0.002 -20"><span class='ocrx_word' id='word_1_361' title='bbox 2161 2452 2358 2530; x_wconf 83' lang='lat' dir='ltr'><strong>potuit</strong></span> <span class='ocrx_word' id='word_1_362' title='bbox 2388 2452 2631 2531; x_wconf 75' lang='lat' dir='ltr'><strong>ingredi</strong></span> <span class='ocrx_word' id='word_1_363' title='bbox 2651 2451 2725 2510; x_wconf 66' lang='lat'><strong>‘5.</strong></span> 
     </span>
    </p>
   </div>
   <div class='ocr_carea' id='block_1_57' title="bbox 2246 2537 3809 2621">
    <p class='ocr_par' dir='ltr' id='par_1_57' title="bbox 2246 2537 3809 2621">
     <span class='ocr_line' id='line_1_57' title="bbox 2246 2537 3809 2621; baseline 0 -23"><span class='ocrx_word' id='word_1_364' title='bbox 2246 2537 2433 2600; x_wconf 84' lang='lat' dir='ltr'><strong>Hodie</strong></span> <span class='ocrx_word' id='word_1_365' title='bbox 2468 2558 2599 2600; x_wconf 86' lang='lat' dir='ltr'><strong>vero</strong></span> <span class='ocrx_word' id='word_1_366' title='bbox 2634 2539 2900 2602; x_wconf 78' lang='lat' dir='ltr'><strong>Ecclesia</strong></span> <span class='ocrx_word' id='word_1_367' title='bbox 2937 2549 3122 2601; x_wconf 83' lang='lat' dir='ltr'><strong>mater</strong></span> <span class='ocrx_word' id='word_1_368' title='bbox 3149 2541 3337 2621; x_wconf 84' lang='lat' dir='ltr'><strong>longis</strong></span> <span class='ocrx_word' id='word_1_369' title='bbox 3384 2539 3615 2620; x_wconf 83' lang='lat' dir='ltr'><strong>expleta</strong></span> <span class='ocrx_word' id='word_1_370' title='bbox 3646 2537 3809 2600; x_wconf 86' lang='lat' dir='ltr'><strong>fasti-</strong></span> 
     </span>
    </p>
   </div>
   <div class='ocr_carea' id='block_1_58' title="bbox 2166 2628 3810 2710">
    <p class='ocr_par' dir='ltr' id='par_1_58' title="bbox 2166 2628 3810 2710">
     <span class='ocr_line' id='line_1_58' title="bbox 2166 2628 3810 2710; baseline 0 -21"><span class='ocrx_word' id='word_1_371' title='bbox 2166 2628 2279 2690; x_wconf 88' lang='lat' dir='ltr'><strong>diis</strong></span> <span class='ocrx_word' id='word_1_372' title='bbox 2308 2635 2755 2709; x_wconf 87' lang='lat' dir='ltr'><strong>contemptores</strong></span> <span class='ocrx_word' id='word_1_373' title='bbox 2780 2648 2923 2691; x_wconf 91' lang='lat' dir='ltr'><strong>snos</strong></span> <span class='ocrx_word' id='word_1_374' title='bbox 2955 2633 3316 2710; x_wconf 71' lang='lat' dir='ltr'><strong>contemptui</strong></span> <span class='ocrx_word' id='word_1_375' title='bbox 3338 2630 3585 2692; x_wconf 88' lang='lat' dir='ltr'><strong>traditos</strong></span> <span class='ocrx_word' id='word_1_376' title='bbox 3614 2628 3810 2689; x_wconf 87' lang='lat' dir='ltr'><strong>intue-</strong></span> 
     </span>
    </p>
   </div>
   <div class='ocr_carea' id='block_1_59' title="bbox 2167 2719 3812 2800">
    <p class='ocr_par' dir='ltr' id='par_1_59' title="bbox 2167 2719 3812 2800">
     <span class='ocr_line' id='line_1_59' title="bbox 2167 2719 3812 2800; baseline 0.001 -23"><span class='ocrx_word' id='word_1_377' title='bbox 2167 2720 2415 2800; x_wconf 81' lang='lat' dir='ltr'><strong>tuersi</strong></span> <span class='ocrx_word' id='word_1_378' title='bbox 2425 2719 2556 2798; x_wconf 82' lang='lat' dir='ltr'><strong>jam</strong></span> <span class='ocrx_word' id='word_1_379' title='bbox 2579 2719 2893 2781; x_wconf 79' lang='lat' dir='ltr'><strong>comedunt</strong></span> <span class='ocrx_word' id='word_1_380' title='bbox 2911 2720 3157 2796; x_wconf 84' lang='lat' dir='ltr'><strong>fructus</strong></span> <span class='ocrx_word' id='word_1_381' title='bbox 3174 2726 3288 2781; x_wconf 70' lang='lat' dir='ltr'><strong>vim</strong></span> <span class='ocrx_word' id='word_1_382' title='bbox 3308 2737 3435 2783; x_wconf 69' lang='lat' dir='ltr'><strong>sua:</strong></span> <span class='ocrx_word' id='word_1_383' title='bbox 3452 2729 3508 2781; x_wconf 84' lang='lat' dir='ltr'><strong>et</strong></span> <span class='ocrx_word' id='word_1_384' title='bbox 3530 2724 3659 2781; x_wconf 89' lang='lat' dir='ltr'><strong>suis</strong></span> <span class='ocrx_word' id='word_1_385' title='bbox 3674 2735 3812 2780; x_wconf 87' lang='lat' dir='ltr'><strong>con-</strong></span> 
     </span>
    </p>
   </div>
   <div class='ocr_carea' id='block_1_60' title="bbox 2167 2806 3811 2889">
    <p class='ocr_par' dir='ltr' id='par_1_60' title="bbox 2167 2806 3811 2889">
     <span class='ocr_line' id='line_1_60' title="bbox 2167 2806 3811 2889; baseline -0.001 -21"><span class='ocrx_word' id='word_1_386' title='bbox 2167 2808 2325 2869; x_wconf 79' lang='lat' dir='ltr'><strong>siliis</strong></span> <span class='ocrx_word' id='word_1_387' title='bbox 2376 2815 2741 2869; x_wconf 79' lang='lat' dir='ltr'><strong>saturantur</strong></span> <span class='ocrx_word' id='word_1_388' title='bbox 2770 2806 2839 2861; x_wconf 55' lang='grc' dir='ltr'><strong>ιδ»</strong></span> <span class='ocrx_word' id='word_1_389' title='bbox 2870 2809 2927 2871; x_wconf 90' lang='lat' dir='ltr'><strong>Si</strong></span> <span class='ocrx_word' id='word_1_390' title='bbox 2961 2808 3230 2889; x_wconf 56' lang='lat' dir='ltr'><strong>quaedam</strong></span> <span class='ocrx_word' id='word_1_391' title='bbox 3273 2809 3466 2870; x_wconf 90' lang='lat' dir='ltr'><strong>adhuc</strong></span> <span class='ocrx_word' id='word_1_392' title='bbox 3496 2812 3811 2868; x_wconf 81' lang='lat' dir='ltr'><strong>remanent</strong></span> 
     </span>
    </p>
   </div>
   <div class='ocr_carea' id='block_1_61' title="bbox 2166 2897 3806 2978">
    <p class='ocr_par' dir='ltr' id='par_1_61' title="bbox 2166 2897 3806 2978">
     <span class='ocr_line' id='line_1_61' title="bbox 2166 2897 3806 2978; baseline 0.002 -23"><span class='ocrx_word' id='word_1_393' title='bbox 2166 2897 2376 2975; x_wconf 61' lang='lat' dir='ltr'><strong>priscas</strong></span> <span class='ocrx_word' id='word_1_394' title='bbox 2407 2897 2629 2958; x_wconf 81' lang='lat' dir='ltr'><strong>fraudis</strong></span> <span class='ocrx_word' id='word_1_395' title='bbox 2675 2906 3022 2975; x_wconf 86' lang='lat' dir='ltr'><strong>sectatores,</strong></span> <span class='ocrx_word' id='word_1_396' title='bbox 3059 2897 3222 2959; x_wconf 67' lang='lat' dir='ltr'><strong>ultra</strong></span> <span class='ocrx_word' id='word_1_397' title='bbox 3274 2916 3396 2959; x_wconf 83' lang='lat' dir='ltr'><strong>non</strong></span> <span class='ocrx_word' id='word_1_398' title='bbox 3442 2898 3806 2978; x_wconf 77' lang='lat' dir='ltr'><strong>proﬁcient:</strong></span> 
     </span>
    </p>
   </div>
   <div class='ocr_carea' id='block_1_62' title="bbox 2164 2986 3565 3063">
    <p class='ocr_par' dir='ltr' id='par_1_62' title="bbox 2164 2986 3565 3063">
     <span class='ocr_line' id='line_1_62' title="bbox 2164 2986 3565 3063; baseline -0.001 -17"><span class='ocrx_word' id='word_1_399' title='bbox 2164 2987 2525 3061; x_wconf 74' lang='lat' dir='ltr'><strong>insipientia</strong></span> <span class='ocrx_word' id='word_1_400' title='bbox 2559 2988 2725 3047; x_wconf 83' lang='lat' dir='ltr'><strong>enim</strong></span> <span class='ocrx_word' id='word_1_401' title='bbox 2758 3004 2963 3048; x_wconf 73' lang='lat' dir='ltr'><strong>eorum</strong></span> <span class='ocrx_word' id='word_1_402' title='bbox 2984 2988 3315 3063; x_wconf 81' lang='lat' dir='ltr'><strong>manifesto</strong></span> <span class='ocrx_word' id='word_1_403' title='bbox 3348 2989 3466 3049; x_wconf 84' lang='lat' dir='ltr'><strong>erit</strong></span> <span class='ocrx_word' id='word_1_404' title='bbox 3490 2986 3565 3045; x_wconf 72' lang='grc'><strong>⁸⁷.</strong></span> 
     </span>
    </p>
   </div>
   <div class='ocr_carea' id='block_1_63' title="bbox 2244 3074 3810 3157">
    <p class='ocr_par' dir='ltr' id='par_1_63' title="bbox 2244 3074 3810 3157">
     <span class='ocr_line' id='line_1_63' title="bbox 2244 3074 3810 3157; baseline -0.001 -21"><span class='ocrx_word' id='word_1_405' title='bbox 2244 3074 2314 3136; x_wconf 89' lang='lat' dir='ltr'><strong>Et</strong></span> <span class='ocrx_word' id='word_1_406' title='bbox 2346 3094 2523 3149; x_wconf 90' lang='lat' dir='ltr'><strong>nunc,</strong></span> <span class='ocrx_word' id='word_1_407' title='bbox 2546 3076 2742 3139; x_wconf 86' lang='lat' dir='ltr'><strong>divine</strong></span> <span class='ocrx_word' id='word_1_408' title='bbox 2762 3076 3061 3143; x_wconf 85' lang='lat' dir='ltr'><strong>Clemens.</strong></span> <span class='ocrx_word' id='word_1_409' title='bbox 3089 3094 3439 3155; x_wconf 75' lang='lat' dir='ltr'><strong>exsurgere,</strong></span> <span class='ocrx_word' id='word_1_410' title='bbox 3465 3087 3520 3137; x_wconf 88' lang='lat' dir='ltr'><strong>et</strong></span> <span class='ocrx_word' id='word_1_411' title='bbox 3544 3076 3709 3157; x_wconf 86' lang='lat' dir='ltr'><strong>quasi</strong></span> <span class='ocrx_word' id='word_1_412' title='bbox 3736 3075 3810 3136; x_wconf 89' lang='lat' dir='ltr'><strong>de</strong></span> 
     </span>
    </p>
   </div>
   <div class='ocr_carea' id='block_1_64' title="bbox 2168 3163 3811 3245">
    <p class='ocr_par' dir='ltr' id='par_1_64' title="bbox 2168 3163 3811 3245">
     <span class='ocr_line' id='line_1_64' title="bbox 2168 3163 3811 3245; baseline 0.001 -20"><span class='ocrx_word' id='word_1_413' title='bbox 2168 3165 2433 3227; x_wconf 89' lang='lat' dir='ltr'><strong>tenebris</strong></span> <span class='ocrx_word' id='word_1_414' title='bbox 2465 3183 2739 3244; x_wconf 88' lang='lat' dir='ltr'><strong>erumpe.</strong></span> <span class='ocrx_word' id='word_1_415' title='bbox 2767 3163 2952 3227; x_wconf 92' lang='lat' dir='ltr'><strong>Sonet</strong></span> <span class='ocrx_word' id='word_1_416' title='bbox 2976 3169 3184 3227; x_wconf 83' lang='lat' dir='ltr'><strong>iterum</strong></span> <span class='ocrx_word' id='word_1_417' title='bbox 3216 3186 3319 3226; x_wconf 78' lang='lat' dir='ltr'><strong>vos</strong></span> <span class='ocrx_word' id='word_1_418' title='bbox 3347 3176 3443 3227; x_wconf 88' lang='lat' dir='ltr'><strong>tua</strong></span> <span class='ocrx_word' id='word_1_419' title='bbox 3467 3166 3656 3228; x_wconf 86' lang='lat' dir='ltr'><strong>dulcis</strong></span> <span class='ocrx_word' id='word_1_420' title='bbox 3679 3184 3811 3245; x_wconf 72' lang='lat' dir='ltr'><strong>quae</strong></span> 
     </span>
    </p>
   </div>
   <div class='ocr_carea' id='block_1_65' title="bbox 2169 3254 3811 3335">
    <p class='ocr_par' dir='ltr' id='par_1_65' title="bbox 2169 3254 3811 3335">
     <span class='ocr_line' id='line_1_65' title="bbox 2169 3254 3811 3335; baseline 0 -19"><span class='ocrx_word' id='word_1_421' title='bbox 2169 3255 2358 3335; x_wconf 88' lang='lat' dir='ltr'><strong>prima</strong></span> <span class='ocrx_word' id='word_1_422' title='bbox 2381 3254 2876 3330; x_wconf 67' lang='lat' dir='ltr'><strong>virginitatislilia</strong></span> <span class='ocrx_word' id='word_1_423' title='bbox 2900 3256 3279 3317; x_wconf 89' lang='lat' dir='ltr'><strong>immaculato</strong></span> <span class='ocrx_word' id='word_1_424' title='bbox 3295 3266 3353 3316; x_wconf 89' lang='lat' dir='ltr'><strong>et</strong></span> <span class='ocrx_word' id='word_1_425' title='bbox 3368 3259 3589 3317; x_wconf 79' lang='lat' dir='ltr'><strong>intacto</strong></span> <span class='ocrx_word' id='word_1_426' title='bbox 3610 3256 3811 3334; x_wconf 72' lang='lat' dir='ltr'><strong>splen-</strong></span> 
     </span>
    </p>
   </div>
   <div class='ocr_carea' id='block_1_66' title="bbox 2167 3345 3808 3425">
    <p class='ocr_par' dir='ltr' id='par_1_66' title="bbox 2167 3345 3808 3425">
     <span class='ocr_line' id='line_1_66' title="bbox 2167 3345 3808 3425; baseline 0.001 -22"><span class='ocrx_word' id='word_1_427' title='bbox 2167 3348 2313 3405; x_wconf 79' lang='lat' dir='ltr'><strong>dore</strong></span> <span class='ocrx_word' id='word_1_428' title='bbox 2332 3345 2469 3404; x_wconf 91' lang='lat' dir='ltr'><strong>olim</strong></span> <span class='ocrx_word' id='word_1_429' title='bbox 2495 3345 2784 3405; x_wconf 88' lang='lat' dir='ltr'><strong>adornare</strong></span> <span class='ocrx_word' id='word_1_430' title='bbox 2811 3346 3129 3425; x_wconf 75' lang='lat' dir='ltr'><strong>gestiebat.</strong></span> <span class='ocrx_word' id='word_1_431' title='bbox 3157 3347 3239 3408; x_wconf 89' lang='lat' dir='ltr'><strong>Te</strong></span> <span class='ocrx_word' id='word_1_432' title='bbox 3266 3347 3552 3425; x_wconf 87' lang='lat' dir='ltr'><strong>perﬂante</strong></span> <span class='ocrx_word' id='word_1_433' title='bbox 3571 3347 3808 3407; x_wconf 88' lang='lat' dir='ltr'><strong>hortum</strong></span> 
     </span>
    </p>
   </div>
   <div class='ocr_carea' id='block_1_67' title="bbox 2170 3435 3812 3516">
    <p class='ocr_par' dir='ltr' id='par_1_67' title="bbox 2170 3435 3812 3516">
     <span class='ocr_line' id='line_1_67' title="bbox 2170 3435 3812 3516; baseline -0.001 -19"><span class='ocrx_word' id='word_1_434' title='bbox 2170 3435 2475 3507; x_wconf 59' lang='lat' dir='ltr'><strong>Ecclesiae,</strong></span> <span class='ocrx_word' id='word_1_435' title='bbox 2511 3436 2699 3496; x_wconf 87' lang='lat' dir='ltr'><strong>ﬂuant</strong></span> <span class='ocrx_word' id='word_1_436' title='bbox 2727 3448 2992 3498; x_wconf 75' lang='lat' dir='ltr'><strong>aromata</strong></span> <span class='ocrx_word' id='word_1_437' title='bbox 3023 3437 3223 3516; x_wconf 84' lang='lat' dir='ltr'><strong>illius;</strong></span> <span class='ocrx_word' id='word_1_438' title='bbox 3263 3437 3400 3497; x_wconf 70' lang='lat' dir='ltr'><strong>novi</strong></span> <span class='ocrx_word' id='word_1_439' title='bbox 3445 3455 3685 3516; x_wconf 87' lang='lat' dir='ltr'><strong>semper</strong></span> <span class='ocrx_word' id='word_1_440' title='bbox 3716 3454 3812 3516; x_wconf 86' lang='lat' dir='ltr'><strong>ap-</strong></span> 
     </span>
    </p>
   </div>
   <div class='ocr_carea' id='block_1_68' title="bbox 2171 3524 3808 3607">
    <p class='ocr_par' dir='ltr' id='par_1_68' title="bbox 2171 3524 3808 3607">
     <span class='ocr_line' id='line_1_68' title="bbox 2171 3524 3808 3607; baseline 0 -22"><span class='ocrx_word' id='word_1_441' title='bbox 2171 3533 2411 3607; x_wconf 84' lang='lat' dir='ltr'><strong>pareant</strong></span> <span class='ocrx_word' id='word_1_442' title='bbox 2436 3525 2612 3585; x_wconf 87' lang='lat' dir='ltr'><strong>ﬂores</strong></span> <span class='ocrx_word' id='word_1_443' title='bbox 2637 3524 2692 3584; x_wconf 90' lang='lat' dir='ltr'><strong>in</strong></span> <span class='ocrx_word' id='word_1_444' title='bbox 2732 3534 2889 3588; x_wconf 87' lang='lat' dir='ltr'><strong>terra</strong></span> <span class='ocrx_word' id='word_1_445' title='bbox 2920 3536 3144 3588; x_wconf 86' lang='lat' dir='ltr'><strong>nostra.</strong></span> <span class='ocrx_word' id='word_1_446' title='bbox 3180 3524 3299 3588; x_wconf 88' lang='lat' dir='ltr'><strong>Hos</strong></span> <span class='ocrx_word' id='word_1_447' title='bbox 3330 3528 3509 3587; x_wconf 88' lang='lat' dir='ltr'><strong>flores</strong></span> <span class='ocrx_word' id='word_1_448' title='bbox 3542 3535 3808 3606; x_wconf 84' lang='lat' dir='ltr'><strong>protege,</strong></span> 
     </span>
    </p>
   </div>
   <div class='ocr_carea' id='block_1_69' title="bbox 2169 3613 3815 3697">
    <p class='ocr_par' dir='ltr' id='par_1_69' title="bbox 2169 3613 3815 3697">
     <span class='ocr_line' id='line_1_69' title="bbox 2169 3613 3815 3697; baseline 0 -22"><span class='ocrx_word' id='word_1_449' title='bbox 2169 3633 2468 3694; x_wconf 89' lang='lat' dir='ltr'><strong>nunquam</strong></span> <span class='ocrx_word' id='word_1_450' title='bbox 2506 3615 2822 3684; x_wconf 84' lang='lat' dir='ltr'><strong>deficiant;</strong></span> <span class='ocrx_word' id='word_1_451' title='bbox 2873 3635 3169 3697; x_wconf 84' lang='lat' dir='ltr'><strong>nunquam</strong></span> <span class='ocrx_word' id='word_1_452' title='bbox 3208 3627 3592 3678; x_wconf 83' lang='lat' dir='ltr'><strong>marcescant.</strong></span> <span class='ocrx_word' id='word_1_453' title='bbox 3628 3613 3815 3677; x_wconf 87' lang='lat' dir='ltr'><strong>Sacer</strong></span> 
     </span>
    </p>
   </div>
   <div class='ocr_carea' id='block_1_70' title="bbox 2171 3704 3815 3786">
    <p class='ocr_par' dir='ltr' id='par_1_70' title="bbox 2171 3704 3815 3786">
     <span class='ocr_line' id='line_1_70' title="bbox 2171 3704 3815 3786; baseline 0.003 -22"><span class='ocrx_word' id='word_1_454' title='bbox 2171 3704 2463 3786; x_wconf 82' lang='lat' dir='ltr'><strong>pontifex,</strong></span> <span class='ocrx_word' id='word_1_455' title='bbox 2498 3706 2665 3784; x_wconf 79' lang='lat' dir='ltr'><strong>virgo</strong></span> <span class='ocrx_word' id='word_1_456' title='bbox 2720 3705 3025 3779; x_wconf 86' lang='lat' dir='ltr'><strong>sacerdos,</strong></span> <span class='ocrx_word' id='word_1_457' title='bbox 3061 3706 3329 3768; x_wconf 62' lang='lat' dir='ltr'><strong>caelestis</strong></span> <span class='ocrx_word' id='word_1_458' title='bbox 3358 3724 3497 3768; x_wconf 85' lang='lat' dir='ltr'><strong>rere</strong></span> <span class='ocrx_word' id='word_1_459' title='bbox 3528 3706 3815 3769; x_wconf 70' lang='lat' dir='ltr'><strong>doctrina:</strong></span> 
     </span>
    </p>
   </div>
   <div class='ocr_carea' id='block_1_71' title="bbox 432 3793 3811 3879">
    <p class='ocr_par' dir='ltr' id='par_1_71' title="bbox 432 3793 3811 3879">
     <span class='ocr_line' id='line_1_71' title="bbox 432 3793 3811 3879; baseline 0.001 -18"><span class='ocrx_word' id='word_1_460' title='bbox 432 3801 801 3879; x_wconf 82' lang='lat' dir='ltr'><strong>thomagensi</strong></span> <span class='ocrx_word' id='word_1_461' title='bbox 858 3810 919 3861; x_wconf 90' lang='lat' dir='ltr'><strong>ut</strong></span> <span class='ocrx_word' id='word_1_462' title='bbox 968 3800 1276 3862; x_wconf 83' lang='lat' dir='ltr'><strong>oraculum</strong></span> <span class='ocrx_word' id='word_1_463' title='bbox 1320 3800 1693 3863; x_wconf 87' lang='lat' dir='ltr'><strong>audiebatur.</strong></span> <span class='ocrx_word' id='word_1_464' title='bbox 1729 3800 2088 3863; x_wconf 75' lang='lat' dir='ltr'><strong>lnventionis</strong></span> <span class='ocrx_word' id='word_1_465' title='bbox 2173 3812 2347 3877; x_wconf 83' lang='lat' dir='ltr'><strong>pasce</strong></span> <span class='ocrx_word' id='word_1_466' title='bbox 2371 3793 3811 3877; x_wconf 63' lang='lat' dir='ltr'><strong>clericoswascepresbyteros;pasceprmsules;</strong></span> 
     </span>
    </p>
   </div>
   <div class='ocr_carea' id='block_1_72' title="bbox 431 3890 2081 3971">
    <p class='ocr_par' dir='ltr' id='par_1_72' title="bbox 431 3890 2081 3971">
     <span class='ocr_line' id='line_1_72' title="bbox 431 3890 2081 3971; baseline 0 -18"><span class='ocrx_word' id='word_1_467' title='bbox 431 3903 864 3971; x_wconf 60' lang='lat' dir='ltr'><strong>astatem,quam</strong></span> <span class='ocrx_word' id='word_1_468' title='bbox 884 3908 1090 3952; x_wconf 81' lang='lat' dir='ltr'><strong>vocare</strong></span> <span class='ocrx_word' id='word_1_469' title='bbox 1112 3890 1869 3969; x_wconf 78' lang='lat' dir='ltr'><strong>possemusiucredulitatis</strong></span> <span class='ocrx_word' id='word_1_470' title='bbox 1885 3911 2081 3953; x_wconf 60' lang='lat' dir='ltr'><strong>ieram.</strong></span> 
     </span>
    </p>
   </div>
   <div class='ocr_carea' id='block_1_73' title="bbox 427 3980 2078 4060">
    <p class='ocr_par' dir='ltr' id='par_1_73' title="bbox 427 3980 2078 4060">
     <span class='ocr_line' id='line_1_73' title="bbox 427 3980 2078 4060; baseline -0.001 -16"><span class='ocrx_word' id='word_1_471' title='bbox 427 3982 563 4044; x_wconf 84' lang='lat' dir='ltr'><strong>Haec</strong></span> <span class='ocrx_word' id='word_1_472' title='bbox 623 4001 782 4043; x_wconf 91' lang='lat' dir='ltr'><strong>nunc</strong></span> <span class='ocrx_word' id='word_1_473' title='bbox 841 3982 1117 4060; x_wconf 84' lang='lat' dir='ltr'><strong>podesse,</strong></span> <span class='ocrx_word' id='word_1_474' title='bbox 1154 4000 1267 4041; x_wconf 92' lang='lat' dir='ltr'><strong>non</strong></span> <span class='ocrx_word' id='word_1_475' title='bbox 1320 3998 1539 4041; x_wconf 85' lang='lat' dir='ltr'><strong>nocere</strong></span> <span class='ocrx_word' id='word_1_476' title='bbox 1583 3980 1806 4043; x_wconf 86' lang='lat' dir='ltr'><strong>debent</strong></span> <span class='ocrx_word' id='word_1_477' title='bbox 1849 3983 2078 4060; x_wconf 78' lang='lat' dir='ltr'><strong>judicio</strong></span> 
     </span>
    </p>
   </div>
   <div class='ocr_carea' id='block_1_74' title="bbox 426 4074 826 4135">
    <p class='ocr_par' dir='ltr' id='par_1_74' title="bbox 426 4074 826 4135">
     <span class='ocr_line' id='line_1_74' title="bbox 426 4074 826 4135; baseline -0.013 0"><span class='ocrx_word' id='word_1_478' title='bbox 426 4074 826 4135; x_wconf 88' lang='lat' dir='ltr'><strong>eruditorum.</strong></span> 
     </span>
    </p>
   </div>
   <div class='ocr_carea' id='block_1_75' title="bbox 456 4348 1255 4434">
    <p class='ocr_par' dir='ltr' id='par_1_75' title="bbox 456 4348 1255 4434">
     <span class='ocr_line' id='line_1_75' title="bbox 456 4348 1255 4434; baseline -0.021 -10"><span class='ocrx_word' id='word_1_479' title='bbox 456 4415 463 4424; x_wconf 89' lang='lat'><strong>.</strong></span> <span class='ocrx_word' id='word_1_480' title='bbox 507 4351 561 4394; x_wconf 77' lang='lat'><strong><em>‘3</em></strong></span> <span class='ocrx_word' id='word_1_481' title='bbox 592 4351 781 4434; x_wconf 88' lang='lat' dir='ltr'><strong>Epist.</strong></span> <span class='ocrx_word' id='word_1_482' title='bbox 819 4355 855 4415; x_wconf 88' lang='lat'>8</span> <span class='ocrx_word' id='word_1_483' title='bbox 888 4348 1255 4431; x_wconf 35' lang='lat' dir='ltr'><strong>.iun.,1533,</strong></span> 
     </span>
    </p>
   </div>
   <div class='ocr_carea' id='block_1_76' title="bbox 2177 3883 3817 3967">
    <p class='ocr_par' dir='ltr' id='par_1_76' title="bbox 2177 3883 3817 3967">
     <span class='ocr_line' id='line_1_76' title="bbox 2177 3883 3817 3967; baseline 0.001 -22"><span class='ocrx_word' id='word_1_484' title='bbox 2177 3902 2352 3967; x_wconf 81' lang='lat' dir='ltr'><strong>pasce</strong></span> <span class='ocrx_word' id='word_1_485' title='bbox 2383 3883 2666 3945; x_wconf 86' lang='lat' dir='ltr'><strong>candidas</strong></span> <span class='ocrx_word' id='word_1_486' title='bbox 2714 3904 2960 3966; x_wconf 81' lang='lat' dir='ltr'><strong>sponsas</strong></span> <span class='ocrx_word' id='word_1_487' title='bbox 2991 3887 3231 3950; x_wconf 83' lang='lat' dir='ltr'><strong>Christi.</strong></span> <span class='ocrx_word' id='word_1_488' title='bbox 3267 3886 3359 3947; x_wconf 88' lang='lat' dir='ltr'><strong>cui</strong></span> <span class='ocrx_word' id='word_1_489' title='bbox 3388 3906 3521 3947; x_wconf 92' lang='lat' dir='ltr'><strong>cum</strong></span> <span class='ocrx_word' id='word_1_490' title='bbox 3554 3885 3726 3948; x_wconf 81' lang='lat' dir='ltr'><strong>Patre</strong></span> <span class='ocrx_word' id='word_1_491' title='bbox 3757 3893 3817 3946; x_wconf 86' lang='lat' dir='ltr'><strong>et</strong></span> 
     </span>
    </p>
   </div>
   <div class='ocr_carea' id='block_1_77' title="bbox 2167 3975 3816 4056">
    <p class='ocr_par' dir='ltr' id='par_1_77' title="bbox 2167 3975 3816 4056">
     <span class='ocr_line' id='line_1_77' title="bbox 2167 3975 3816 4056; baseline 0.001 -21"><span class='ocrx_word' id='word_1_492' title='bbox 2167 3975 2391 4056; x_wconf 89' lang='lat' dir='ltr'><strong>Spiritu</strong></span> <span class='ocrx_word' id='word_1_493' title='bbox 2428 3982 2633 4034; x_wconf 87' lang='lat' dir='ltr'><strong>sancto</strong></span> <span class='ocrx_word' id='word_1_494' title='bbox 2665 3976 2738 4037; x_wconf 88' lang='lat' dir='ltr'><strong>sit</strong></span> <span class='ocrx_word' id='word_1_495' title='bbox 2769 3976 2959 4036; x_wconf 81' lang='lat' dir='ltr'><strong>honor</strong></span> <span class='ocrx_word' id='word_1_496' title='bbox 2989 3983 3046 4039; x_wconf 90' lang='lat' dir='ltr'><strong>et</strong></span> <span class='ocrx_word' id='word_1_497' title='bbox 3070 3975 3258 4054; x_wconf 81' lang='lat' dir='ltr'><strong>gloria</strong></span> <span class='ocrx_word' id='word_1_498' title='bbox 3291 3977 3345 4036; x_wconf 93' lang='lat' dir='ltr'><strong>in</strong></span> <span class='ocrx_word' id='word_1_499' title='bbox 3379 3976 3592 4039; x_wconf 70' lang='lat' dir='ltr'><strong>smeula</strong></span> <span class='ocrx_word' id='word_1_500' title='bbox 3620 3994 3816 4037; x_wconf 65' lang='lat' dir='ltr'><strong>saecu-</strong></span> 
     </span>
    </p>
   </div>
   <div class='ocr_carea' id='block_1_78' title="bbox 2163 4065 2649 4131">
    <p class='ocr_par' dir='ltr' id='par_1_78' title="bbox 2163 4065 2649 4131">
     <span class='ocr_line' id='line_1_78' title="bbox 2163 4065 2649 4131; baseline -0.025 1"><span class='ocrx_word' id='word_1_501' title='bbox 2163 4071 2384 4131; x_wconf 89' lang='lat' dir='ltr'><strong>lorum.</strong></span> <span class='ocrx_word' id='word_1_502' title='bbox 2428 4065 2649 4128; x_wconf 84' lang='lat' dir='ltr'><strong>Amen,</strong></span> 
     </span>
    </p>
   </div>
   <div class='ocr_carea' id='block_1_79' title="bbox 1351 4341 2076 4434">
    <p class='ocr_par' dir='ltr' id='par_1_79' title="bbox 1351 4347 2076 4425">
     <span class='ocr_line' id='line_1_79' title="bbox 1351 4347 2076 4425; baseline 0.007 -16"><span class='ocrx_word' id='word_1_503' title='bbox 1351 4347 1404 4390; x_wconf 65' lang='grc' dir='ltr'><strong><em>Μ</em></strong></span> <span class='ocrx_word' id='word_1_504' title='bbox 1434 4349 1583 4412; x_wconf 87' lang='lat' dir='ltr'><strong>Psal.</strong></span> <span class='ocrx_word' id='word_1_505' title='bbox 1625 4368 1842 4425; x_wconf 83' lang='lat' dir='ltr'><strong>Lxxvu,</strong></span> <span class='ocrx_word' id='word_1_506' title='bbox 1878 4351 1978 4413; x_wconf 87' lang='lat'><strong>37.</strong></span> <span class='ocrx_word' id='word_1_507' title='bbox 2068 4357 2076 4383; x_wconf 78' lang='lat'><em>‘</em></span> 
     </span>
    </p>
   </div>
   <div class='ocr_carea' id='block_1_80' title="bbox 2176 4341 3682 4434">
    <p class='ocr_par' dir='ltr' id='par_1_80' title="bbox 2176 4341 3682 4434">
     <span class='ocr_line' id='line_1_80' title="bbox 2176 4341 3682 4434; baseline -0.004 -25"><span class='ocrx_word' id='word_1_508' title='bbox 2176 4368 2251 4409; x_wconf 82' lang='lat' dir='ltr'><strong>5a.</strong></span> <span class='ocrx_word' id='word_1_509' title='bbox 2288 4361 2408 4434; x_wconf 75' lang='lat' dir='ltr'><strong>1.1x,</strong></span> <span class='ocrx_word' id='word_1_510' title='bbox 2450 4341 2543 4402; x_wconf 79' lang='grc'><strong>14.</strong></span> <span class='ocrx_word' id='word_1_511' title='bbox 2631 4345 2685 4391; x_wconf 74' lang='grc'><strong>⁸⁸</strong></span> <span class='ocrx_word' id='word_1_512' title='bbox 2717 4349 2889 4407; x_wconf 88' lang='lat' dir='ltr'><strong>Prov.</strong></span> <span class='ocrx_word' id='word_1_513' title='bbox 2920 4364 2961 4419; x_wconf 89' lang='lat'><strong>1,</strong></span> <span class='ocrx_word' id='word_1_514' title='bbox 3000 4344 3098 4407; x_wconf 88' lang='lat' dir='ltr'><strong>3t.</strong></span> <span class='ocrx_word' id='word_1_515' title='bbox 3188 4344 3240 4389; x_wconf 72' lang='grc' dir='ltr'><strong>ιτ</strong></span> <span class='ocrx_word' id='word_1_516' title='bbox 3268 4343 3318 4406; x_wconf 90' lang='grc' dir='ltr'>ΙΙ</span> <span class='ocrx_word' id='word_1_517' title='bbox 3346 4342 3499 4406; x_wconf 80' lang='lat' dir='ltr'><strong>Tim.</strong></span> <span class='ocrx_word' id='word_1_518' title='bbox 3535 4345 3682 4418; x_wconf 75' lang='lat'><strong>111,9.</strong></span> 
     </span>
    </p>
   </div>
  </div>
