4124 6432
442 382 556 445 539

1254 379 1311 440 S.
1358 378 1792 440 CLEMENTIS
1836 374 1856 437 Ι
1909 378 2083 438 ROM.
2138 379 2357 440 PONT.
2407 378 2650 440 OPERA
2699 380 2954 441 DUBIA.

3693 379 3813 443 540

438 519 619 596 pheta
639 525 664 578 ?
682 517 740 592 (8
756 516 809 590 ί)
829 513 1054 576 Deinde
1075 512 1146 572 ad
1167 511 1564 576 coercendam
1583 511 2074 575 muliercularum
2100 530 2135 570 Α
2165 513 2421 576 maxime
2453 514 2798 575 nitebantur
2827 512 3198 575 Montanistae
3227 530 3239 575 :
3275 523 3335 577 at
3360 522 3522 576 certa
3541 515 3808 596 jejunis,

441 605 763 684 licentiam,
791 622 923 686 qua
938 602 1120 664 nimia
1145 610 1272 664 erat
1292 601 1448 682 apud
1477 604 1886 670 Montanistas.
1917 602 2089 681 plura

441 694 918 775 congerunturin
935 693 1127 773 primo
1147 693 1659 754 Constitutionum
1675 690 2082 757 libro.eadem-

439 805 554 867 que
617 793 735 847 toto
787 802 972 864 opere
1021 782 1239 864 saepius
1300 781 1703 842 inculcantur.
1767 782 2083 844 Maximilla

440 884 604 937 certe
651 873 1136 936 Montanistarum
1173 871 1573 952 prophetissa,
1608 871 1833 933 nullum
1876 871 2087 932 habuit

439 965 829 1026 infensiorem
875 962 1212 1044 Hippolyto,
1247 962 1345 1042 qui
1399 980 1608 1021 novam
1652 961 1988 1022 .lesabelem
2024 963 2083 1022 in

439 1053 796 1134 Apocalypsi
836 1062 1248 1127 memoratam,
1286 1051 1413 1132 ipsa
1443 1050 1626 1112 fuisse
1655 1051 2084 1132 interpretatus

437 1151 528 1205 est
557 1144 716 1223 (85).

521 1233 618 1295 IV.
634 1232 893 1294 Errores
914 1231 1440 1294 Montanistarum
1456 1232 1816 1309 singillatim
1834 1232 1907 1293 ab
1933 1231 2086 1312 Hip-

435 1323 616 1395 polyto
640 1323 904 1395 τιμαί-
918 1321 1026 1378 Sed
1045 1337 1228 1393 neque
1242 1321 1395 1379 ullus
1408 1336 1570 1380 error
1587 1323 1853 1392 proprius
1877 1323 2087 1378 Monta-

442 1408 730 1468 nistarum
763 1406 892 1487 fuit,
918 1409 1016 1485 qui
1050 1426 1169 1467 non
1204 1407 1515 1469 refellatur
1536 1407 1596 1466 in
1621 1405 2088 1470 Constitutioni-

441 1496 574 1560 bus.
606 1496 702 1558 Illi
724 1495 1017 1575 negabant
1045 1495 1332 1558 Ecclesiae
1367 1502 1720 1574 potestatem
1746 1495 2088 1559 dimittendi

439 1587 713 1667 graviora
734 1585 1010 1665 crimina,
1035 1586 1515 1649 Constitutiones
1539 1585 1760 1666 ubique
1786 1595 2083 1647 asserunt:

445 1681 543 1736 Καὶ
577 1691 696 1741 τοῖς
729 1688 1075 1751 μεταιοοῦσιν
1137 1675 1320 1756 ἄφεσιν
1378 1675 1573 1732 διδόναι
1617 1677 1804 1756 χρή...
1869 1677 2089 1756 Γνώριζε

438 1767 549 1841 οὖν,
585 1769 630 1824 ὦ
662 1769 938 1842 ἐπίσκοπε,
973 1770 1033 1824 τὸ
1066 1767 1270 1841 ἀξίωμά
1335 1789 1448 1846 σου,
1483 1765 1564 1822 ὅτι
1607 1769 1679 1830 ὡς
1722 1773 1814 1823 τοῦ
1869 1765 2087 1842 δεσμεῖν
2115 1781 2148 1830 Β
2173 1772 2265 1821 τοῦ
2342 1765 2550 1841 Κυρίου,

439 1857 730 1934 ἐκληρώσω
788 1858 887 1924 τὴν
933 1856 1191 1928 ἐξουσίαν,
1225 1858 1361 1912 οὓτω
1403 1858 1486 1912 καὶ
1533 1864 1625 1912 τοῦ
1673 1856 1836 1915 λύειν.
1874 1855 2084 1916 Paeni-

440 1946 701 2009 tentibus
711 1954 922 2009 autem
935 1951 1119 2008 venia
1129 1946 1510 2008 concedenda
1523 1954 1608 2008 est
1619 1993 1654 2008 ..
1675 1996 1680 2002 .
1695 1948 1736 2006 Α
1742 1962 1959 2024 gnosce
1973 1946 2088 2025 igi-

441 2037 1230 2118 tur,episcope,dignitatem
1249 2042 1443 2115 tuam,
1467 2037 1631 2115 quod
1651 2037 1808 2096 sicut
1829 2037 2086 2096 sortitus

437 2145 500 2188 es
515 2133 875 2204 potestatem
896 2126 1163 2206 ligandi,
1190 2126 1282 2188 ita
1301 2133 1361 2188 et
1381 2126 1658 2188 solvendi
1667 2126 2085 2187 .Montanistas

439 2223 635 2277 autem
671 2215 852 2294 digito
888 2223 1177 2277 monstrat
1226 2224 1458 2284 auctor.
1495 2214 1596 2274 ubi
1627 2215 1750 2275 ait:
1791 2215 1944 2281 Δέξαι
1996 2215 2084 2272 οὖν

442 2308 530 2362 τὸν
566 2315 923 2380 μετανοοῦντα
972 2309 1051 2379 μὴ
1101 2305 1356 2376 διστάζων
1406 2305 1568 2375 ὅλως,
1603 2303 1741 2378 μηδὲ
1795 2327 2084 2383 παρεμπο-

441 2395 716 2470 διζόμενος
747 2397 850 2450 ὑπὸ
882 2401 988 2449 τῶν
1032 2393 1273 2461 ἀνηλεῶς
1317 2394 1606 2470 λεγόντων,
1640 2398 1715 2468 μη
1759 2392 1871 2449 δεῖν
1903 2396 2084 2450 τοιού-

445 2508 556 2546 τοις
613 2483 1058 2557 συμμολόνεσθαι,
1107 2487 1241 2558 μήτε
1303 2487 1463 2562 Λόγου
1527 2498 1828 2546 κοινωνεῖν,
1890 2481 2089 2562 Igitur

439 2574 778 2646 pauitantem
807 2573 1025 2644 recipe;
1051 2587 1145 2628 nec
1182 2578 1232 2630 te
1270 2574 1546 2630 ullatenus
1583 2573 1830 2630 dubitare
1849 2574 2085 2645 faciant.

440 2666 538 2716 aut
591 2676 624 2710 a
675 2658 950 2730 proposito
993 2657 1292 2720 retrahant.
1337 2659 1436 2731 qui
1464 2658 1965 2715 immisericorditer
1999 2659 2090 2713 di-

439 2749 586 2809 cunt,
616 2749 986 2815 nonoportere
1032 2758 1158 2797 cum
1203 2742 1507 2813 huiusmodi
1533 2742 1890 2817 coinquinari,
1923 2758 2086 2814 neque

444 2827 537 2889 vel
557 2845 828 2889 sermone
847 2832 1292 2890 communicare
1314 2828 1432 2908 (86)
1446 2830 1602 2889 .Haac
1620 2827 1904 2889 adversus
1927 2831 2091 2890 Mon-

442 2917 686 2979 tanistas
716 2917 873 2978 dicta
903 2935 1034 2977 esse
1083 2916 1382 2977 adnotavit
1427 2917 1892 2989 Cotelerius,aut
1916 2926 2088 2978 vetu-

442 3007 657 3068 stiores
707 3007 884 3069 etiam
933 3007 1272 3080 bmreticos,
1307 3007 1581 3087 quamvis
1612 3007 1983 3069 Moshemius
2013 3009 2086 3069 ad

440 3096 796 3160 Novatianos
827 3115 1137 3177 perperam
1187 3097 1488 3159 distulerit
1521 3098 1666 3175 (87).
1703 3100 1868 3160 Neve
1901 3098 2084 3158 ullum

440 3188 668 3251 crimen
690 3187 884 3268 excipi
920 3197 1317 3268 posset,exem
1329 3189 1423 3267 pla
1437 3187 1816 3266 proferuntur
1828 3185 2084 3260 Davidis,

438 3288 497 3339 et
529 3278 839 3350 Manassis,
865 3296 1116 3357 quorum
1150 3296 1306 3338 unus
1343 3278 1616 3340 mmcbite
1646 3287 1821 3358 atque
1845 3277 2093 3339 homici-

438 3368 542 3430 dii.
583 3369 736 3429 alter
766 3366 1121 3429 idololatrim
1151 3386 1292 3428 reus
1325 3367 1521 3430 fuerat
1549 3389 1561 3425 :
1589 3367 1717 3428 haec
1750 3367 1908 3427 enim
1947 3386 2090 3446 pec-

439 3467 567 3519 cata
591 3456 967 3535 excipiebant
986 3456 1538 3536 Montanistae,quos
1557 3456 1733 3517 veluti
1759 3454 2093 3535 alloquitur

437 3547 957 3610 Constitutionum
989 3554 1196 3606 auctor
1226 3564 1360 3606 cum
1395 3545 1516 3608 ait:
1550 3549 1753 3616 Μείζων
1793 3544 2089 3603 εἰδωλολα-

438 3640 610 3717 τρείας
659 3638 753 3692 οὐκ
785 3637 923 3693 ἔστιν
958 3639 1208 3714 ἁμαρτία,
1259 3639 1343 3699 Εἷς
1403 3639 1531 3692 Θεὸν
1592 3637 1691 3713 γάρ
1741 3635 1850 3691 ἐστι
1895 3635 2084 3690 δυσσέ-

439 3726 586 3787 ϐεια.
625 3725 770 3784 Ἀλλ’
827 3727 975 3800 ὅμως
1039 3727 1126 3782 καὶ
1190 3728 1320 3793 αὐτὴ
1380 3725 1463 3782 διὰ
1523 3726 1744 3803 γνησίας
1803 3726 2084 3799 μετανοίας

439 3816 1150 3897 συγκεχώρηταιοθναυίαε
1165 3815 1450 3877 delictum
1472 3815 1825 3876 idololatria
1849 3834 1969 3876 non
1991 3832 2088 3876 re-

434 3908 673 3987 peritur
699 3926 712 3966 :
735 3913 822 3968 est
849 3912 1013 3968 enim
1035 3908 1102 3966 in
1123 3903 1312 3966 Deum
1339 3908 1652 3984 impietas:
1681 3903 2087 3965 nihilominus

437 4007 613 4053 tamen
641 4005 689 4051 et
718 3994 859 4053 illud
883 4011 983 4067 per
1009 3996 1275 4052 sinceram
1319 3995 1695 4067 pmnitentiam
1730 3993 2090 4050 condonatum

437 4083 700 4164 est(88).
736 4082 825 4145 Illi
857 4081 1152 4144 secundas
1184 4082 1420 4162 nuptias
1452 4080 1842 4152 damnabant,
1871 4098 2002 4160 quae
2029 4080 2089 4140 in

2169 611 2348 681 atque
2373 623 2548 666 unam
2582 603 3110 681 Quadragesimam
3134 604 3330 683 prisco
3363 622 3529 666 more
3558 623 3818 668 servan-

2171 692 2303 754 dam
2340 693 2806 755 Constitutiones
2867 701 3236 754 memorant:
3275 694 3436 769 Τμῖν
3466 695 3738 774 φυλακτέα
3782 699 3816 766 ἦ

2173 785 2388 848 νηστεία
2418 790 2516 850 τῆς
2569 789 3030 863 Τεσσαρακοστῆς,
3059 786 3284 857 μνήμην
3341 785 3666 865 περιέλουσα
3713 788 3816 854 τῆς

2171 881 2262 929 τοῦ
2296 875 2482 950 Κυρίου
2512 872 2779 938 πολιτείας
2827 895 2882 928 τε
2921 874 3008 928 καὶ
3057 875 3392 947 νομοθεσίας.
3425 873 3822 937 Servanduns

2171 961 2331 1024 vcbis
2343 971 2430 1023 est
2431 963 2740 1040 jejunium
2756 961 3607 1042 Quadragesimce,continens
3624 981 3818 1026 recor-

2167 1050 2436 1107 dationem
2466 1053 2885 1107 conversationis
2934 1049 3238 1116 ﬂaminica,
3269 1057 3318 1107 et
3359 1051 3488 1122 legis
3526 1051 3649 1107 lata:
3688 1052 3818 1122 (90).

2169 1135 2441 1216 Denique
2463 1135 2843 1199 Montanistae
2861 1135 3027 1196 nefas
3048 1152 3182 1196 esse
3211 1135 3450 1200 aiebant
3480 1135 3818 1200 Christiano

2171 1226 2648 1304 persecutionem
2682 1225 2923 1302 fugere;
2956 1225 3432 1288 Constitutiones
3481 1234 3712 1303 contra,
3749 1246 3821 1290 ex

2172 1315 2265 1376 his
2289 1334 2421 1394 quae
2451 1315 2745 1394 Hippolyti
2775 1332 2996 1375 nomen
3031 1314 3439 1392 praeseferunt,
3481 1335 3600 1378 non
3636 1318 3814 1380 modo

2173 1423 2242 1466 ex
2275 1403 2582 1483 Evangelii
2610 1402 2955 1482 praescripto
3008 1402 3302 1481 fugientes
3337 1408 3817 1484 persecutionem

2175 1503 2437 1567 tuentur,
2473 1502 2576 1554 sed
2613 1493 2854 1554 laudant
2885 1493 3062 1553 etiam
3089 1511 3157 1554 ac
3187 1493 3470 1556 fratribus
3500 1515 3819 1558 commen-

2174 1585 2352 1646 dant:
2408 1586 2538 1648 Τοὺς
2603 1583 2956 1658 διωκομένους
3015 1583 3098 1639 διὰ
3156 1583 3367 1657 πίστιν,
3401 1587 3490 1640 καὶ
3545 1587 3618 1648 εἱς
3661 1587 3819 1644 πόλιν

2175 1675 2233 1731 ἐκ
2271 1673 2480 1738 πόλεως
2533 1675 2846 1751 φεύγοντας,
2886 1672 2969 1728 διὰ
3015 1675 3068 1728 τὸ
3115 1675 3412 1747 μεμνῆσθαι
3473 1677 3577 1730 τῶν
3637 1676 3816 1753 λόγων

2643 1760 3133 1837 προσλαμϐάνεσθε.
3227 1763 3602 1836 Ἐπιστάμενοι
3691 1768 3817 1845 γὰρ,

2169 1853 2249 1909 ὅτι
2305 1855 2365 1909 τὸ
2401 1855 2499 1913 μὲν
2559 1859 2763 1926 πνεῦμα
2833 1852 3122 1930 πρόθυμον,
3165 1854 3197 1920 ἡ
3258 1850 3309 1907 δὲ
3383 1853 3507 1930 σὰρξ
3567 1857 3815 1930 ἀσθενὴς,

2168 1942 2630 2021 ἀποδιδράσκουσι,
2689 1945 2774 1997 atati
2818 1943 2916 2008 τὴν
2987 1943 3235 2019 ἁρπαγὴν
3295 1946 3400 1998 τῶν
3457 1945 3816 2024 ὑπαρχόντων

2169 2032 2584 2110 προ“ίενται,’·ἷνα
2635 2031 2984 2110 ἁνεξάρνητον
3035 2031 3088 2086 ἐν
3141 2034 3354 2094 ἑαυτοῖς
3394 2034 3454 2088 τὸ
3495 2031 3665 2106 ὄνομα
3722 2035 3817 2092 τοῦ

2172 2129 2392 2200 Χριστοῦ
2437 2122 2856 2198 όιατηρήσωσιν.
2932 2118 3298 2200 Ἐπικουρεϊεε
3359 2121 3448 2177 οὖν
3507 2126 3692 2185 αὐτοῖς
3747 2125 3812 2180 τὰ

2170 2213 2298 2287 πρὸς
2331 2211 2544 2290 χρείαν,
2577 2210 2796 2277 ἐντολὴν
2851 2212 3117 2287 Κυριακὴν
3170 2209 3521 2286 πληροῦντες.
3559 2210 3684 2273 Εοε
3713 2217 3824 2292 qui

2166 2302 2637 2377 persecutionem
2659 2300 2983 2377 patiuntur
2999 2299 3142 2377 ﬁdei
3161 2316 3366 2367 causa.
3392 2307 3448 2362 et
3477 2300 3553 2361 de
3575 2302 3826 2364 civitate

2171 2390 2235 2449 in
2264 2391 2576 2451 civitatem
2600 2389 2868 2467 fugiunt,
2897 2390 3052 2468 quod
3083 2391 3473 2451 meminerint
3502 2390 3826 2454 verborum

2173 2479 2416 2540 Domini
2449 2478 2578 2557 (91)
2603 2479 2914 2558 suscipite.
2941 2479 3093 2539 Cum
3118 2480 3284 2540 enim
3309 2483 3516 2541 norint
3537 2483 3826 2558 spiritum

2171 2567 2412 2646 quidem
2443 2575 2799 2646 promptam
2829 2585 2975 2645 esse,
3011 2583 3262 2629 carnem
3311 2585 3453 2630 vero
3483 2569 3820 2648 inﬁrmam,

2172 2656 2531 2735 aufugiuut,
2583 2663 2639 2718 et
2692 2655 3054 2733 [acuttatum
3125 2673 3384 2718 suarum
3427 2657 3822 2736 direptionem

2169 2750 2537 2824 permittunt
2585 2764 2660 2808 ac
2715 2747 3060 2825 negligant,
3095 2755 3164 2807 ut
3194 2748 3258 2807 in
3289 2765 3352 2807 se
3402 2748 3550 2825 ipsis
3604 2764 3824 2809 nomen

2177 2836 2410 2897 Christi
2461 2834 2782 2915 itlibatam,
2829 2843 2886 2898 ct
2940 2838 3266 2916 negatione
3324 2853 3444 2897 non
3496 2836 3821 2915 proditum

2175 2932 2549 2987 conservent.
2582 2924 2978 3004 Suppeditate
3021 2943 3166 3005 ergo
3212 2924 3337 2986 illis
3364 2943 3493 3004 qua!
3533 2931 3674 2987 sunt
3703 2943 3821 2987 ne-

2171 3015 2817 3088 cessaria,mandatum
2847 3013 3236 3076 Dominicum
3259 3014 3819 3095 adimplentes(92).

2258 3102 2301 3166 V
2313 3153 2325 3166 .
2336 3103 2593 3183 Propri-i
2618 3102 2976 3165 Tertulliani
2994 3121 3228 3166 errores
3240 3105 3313 3165 ab
3329 3104 3670 3184 Hippolyto
3686 3122 3824 3166 con-

2176 3195 2471 3272 futati.—
2491 3193 2578 3256 Ad
2607 3194 2730 3254 hac
2751 3192 3159 3255 Tertullianus
3181 3195 3640 3268 Montanista,ex
3660 3212 3822 3254 nova;

2177 3292 2357 3346 secta:
2382 3283 2668 3345 institutis
2689 3283 3063 3344 consectaria
3089 3282 3358 3363 quaedam
3384 3283 3825 3357 deduxit,unde

2177 3382 2233 3435 et
2251 3374 2523 3454 privatim
2547 3391 2784 3434 errores
2800 3372 2949 3433 alios
2970 3373 3206 3436 ascivit.
3228 3371 3578 3451 Cujusmodi
3600 3373 3702 3433 ille
3727 3383 3820 3434 est

2177 3482 2355 3542 quem
2369 3462 2530 3524 edito
2555 3462 2707 3523 libro
2727 3463 2811 3523 De
2821 3463 2970 3540 fuga
2987 3464 3049 3523 iu
3064 3466 3486 3541 persecutione
3509 3463 3816 3536 docet,sui

2179 3553 2763 3625 Paracleti,Montani
2788 3551 3025 3613 scilicet
3050 3552 3401 3613 auctoritate
3431 3551 3827 3623 fretus,nulla

2171 3643 2484 3704 occasione
2508 3645 2881 3720 martyrium
2913 3642 3204 3703 redimere
3225 3644 3324 3719 fas
3341 3660 3488 3704 esse.
3516 3642 3825 3704 Adversus

2171 3750 2300 3793 eam
2317 3733 2677 3792 sententiam
2695 3732 2819 3792 haec
2834 3730 3588 3810 profertConstitutionum
3599 3740 3824 3792 auctor:

2174 3823 2230 3880 Εἰ
2262 3820 2314 3876 δὲ
2345 3823 2433 3877 καὶ
2465 3823 2581 3886 οἷός
2613 3821 2671 3877 τέ
2702 3821 2842 3877 ἐστιν
2891 3821 3100 3877 ἅπαντα
3145 3823 3236 3877 τὸν
3283 3823 3398 3898 βίον
3437 3824 3623 3880 ἑαυτοῦ
3674 3823 3815 3878 ἀπο.

2173 3911 2393 3986 δόμενος
2429 3911 2677 3987 ῥύσασθαι
2721 3913 2905 3975 αὐτούς
2957 3913 3017 3968 ἐκ
3066 3912 3159 3967 τοῦ
3211 3910 3599 3990 δεσμωτηρίου,
3635 3912 3822 3985 μακά⁸

2175 4024 2283 4080 ριος
2317 4001 2463 4056 ἔσται
2495 4003 2581 4057 καὶ
2623 4001 2773 4079 φίλος
2827 4005 2921 4058 τοῦ
2971 4009 3220 4078 Χριστοῦ.
3255 4003 3310 4058 ι-Σί
3349 4004 3448 4080 γὰρ
3479 4005 3506 4058 ὁ
3556 4006 3622 4059 τὰ
3651 4003 3826 4080 ὑπάρ-

2175 4113 2345 4170 χοντα
2407 4104 2658 4170 πτωχοῖς
2717 4089 2861 4168 δοὺς,
2923 4089 3148 4170 τέλειος,
3209 4091 3344 4164 μετὰ
3387 4092 3486 4158 τὴν
3541 4093 3658 4160 περὶ
3714 4097 3823 4146 τῶν

440 4172 988 4240 Constitutionibus
1005 4172 1084 4233 ita
1106 4191 1224 4233 non
1250 4173 1756 4251 improbantur,ut
1781 4169 2092 4231 manifeste

2174 4169 2323 4236 θείων
2396 4169 2612 4257 γνῶσιν,
2674 4179 2860 4254 πολλῴ
2938 4169 3143 4253 μᾶλλον
3221 4183 3248 4236 ὁ
3306 4181 3435 4252 ὑπὲρ
3510 4181 3820 4257 μαρτύρων.

439 4272 722 4344 arguatur
781 4262 1123 4325 contrarius
1173 4279 1382 4324 error:
1421 4263 1592 4338 Λόγον
1623 4258 1795 4340 ὑφέξει
1826 4268 1903 4333 τῷ
1950 4265 2089 4337 Θεῷ,

2174 4269 2309 4332 Jam
2327 4286 2468 4330 vero
2487 4271 2544 4330 si
2559 4269 2696 4349 quis
2707 4275 2898 4348 potest
2924 4269 3151 4329 tradita
3167 4269 3333 4329 omni
3353 4269 3693 4330 substantia
3709 4285 3825 4329 sua

437 4340 539 4433 οιΒί
572 4354 652 4410 ὅτι
684 4353 908 4430 δωτὲρῳ
959 4351 1116 4429 γάμῳ
1156 4354 1419 4430 συντεφθη,
1467 4351 1585 4406 ἀλλ’
1634 4349 1714 4406 ὅτι
1766 4359 1863 4416 την
1898 4350 2090 4414 ἑαυτῆς

2176 4376 2273 4421 eos
2297 4340 2624 4438 [martyres]
2664 4340 2742 4419 es:
2771 4375 3016 4419 carcere
3037 4356 3337 4438 liberare,
3369 4359 3574 4421 beatus
3603 4360 3724 4419 erit
3751 4375 3828 4418 ac

441 4443 762 4521 ἐπαγγελίαν
795 4446 884 4500 οὖν
919 4441 1160 4522 ἐφύλαξε.
1197 4441 1520 4504 Rationem
1553 4441 1673 4502 Deo
1704 4439 1944 4509 reddet.
1974 4456 2097 4500 non

2180 4449 2388 4505 Christi
2414 4449 2640 4505 amicus.
2663 4445 2802 4503 Nam
2833 4462 2953 4503 cum
2987 4447 3032 4501 is
3069 4445 3166 4518 qui
3213 4447 3350 4504 bona
3377 4463 3479 4504 sua
3506 4447 3832 4519 pauperibus

438 4535 594 4614 quod
625 4533 897 4594 secundis
927 4533 1159 4611 nuptiis
1191 4531 1478 4612 copulata
1503 4533 1607 4609 sit,
1634 4529 1738 4590 sed
1771 4529 1928 4607 quod
1957 4545 2096 4607 pro-
2179 4535 2288 4596 dat,
2327 4533 2698 4605 perfectus-gs“
2727 4538 2846 4604 post
2883 4531 3244 4602 cognitionem
3279 4547 3461 4587 rmm
3489 4532 3833 4596 divinarum,

435 4625 756 4702 fessionem
784 4640 962 4685 suam
1005 4640 1122 4683 non
1148 4622 1409 4683 servarit
1435 4621 1549 4696 (89,
1580 4642 1593 4678 :
1629 4639 1828 4680 sermo
1863 4626 1991 4679 erat
2026 4618 2099 4678 de
2185 4621 2346 4677 multo
2377 4619 2478 4673 erit
2501 4616 2936 4702 iperfectior‘qui
2960 4630 3063 4687 pro
3117 4617 3439 4702 martyribus
3485 4623 3672 4702 cuncta
3710 4617 3838 4674 lar-

441 4713 652 4791 viduis,
682 4733 814 4794 qua;
834 4711 1167 4774 castitatem
1185 4711 1423 4774 fuerant
1458 4710 1763 4791 professae.
1799 4707 2098 4781 Quoniam
2184 4708 2391 4783 gietur
2412 4701 2575 4794 £93).
2598 4700 3018 4794 libristianum
3069 4700 3231 4794 salva
3271 4701 3392 4794 ﬁde
3420 4701 3696 4794 militare
3712 4720 3839 4763 non

437 4821 574 4865 vero
600 4790 909 4865 Montanus
930 4800 1337 4862 dissolvendas
1363 4790 1498 4862 esse
1517 4799 1754 4880 nuptias
1777 4799 2093 4870 docuerat,
2187 4812 2361 4876 posse
2409 4790 2812 4880 Tertullianus
2862 4790 3265 4868 pronuntiavit
3299 4790 3450 4869 (04),
3483 4791 3842 4871 Hippolytus

439 4892 497 4953 id
531 4910 767 4973 quoque
801 4891 860 4950 in
893 4889 1445 4953 Constitutionibus
1503 4879 1613 4951 est
1641 4888 1920 4967 vetitum,
1955 4890 2103 4962 μήτε
2187 4883 2469 4946 contrain
2485 4879 2578 4973 his
2593 4881 3841 4973 quaeacorrUptoreservatasuntzxtpnub-

443 4985 549 5051 μὴν
606 4983 739 5056 μετὰ
811 4981 982 5058 γάμον
1065 4980 1342 5038 ὶκῖάλλειν
1402 4981 1814 5057 ἀκατάγνωστον
1881 4978 2097 5043 ἐξέστω.
2196 4997 2293 5039 της
2354 4971 2589 5047 προσιὼν
2650 4967 2969 5025 διδασκέσθω
3029 4971 3105 5044 μὶ.
3164 4967 3393 5042 ἀδικεῖν,
3435 4971 3512 5045 μὴ
3565 4992 3840 5047 συκοφαν-

446 5071 575 5132 Non
605 5088 746 5151 ergo
779 5079 909 5143 post
940 5071 1192 5149 nuptias
1227 5073 1403 5133 liceat
1437 5072 1660 5148 ejicere
1691 5067 2101 5147 inculpatam.

443 5145 1153 5240 Multiplicatisjejuniis,
1189 5160 1336 5238 quin
1374 5145 1547 5222 etiam
1583 5145 2102 5236 Quadragesimis.

2192 5174 2349 5228 μενος
2441 5147 2839 5227 προσδεχέσθω,
2929 5147 3217 5226 ἀντιλέγων
3306 5145 3362 5202 δὲ
3447 5145 3842 5205 ἁποὸαΛλέο-Θω

519 5319 638 5394 (84)
667 5319 777 5398 Ap.
809 5319 1029 5384 Euseb.
1065 5340 1124 5394 v,
1168 5322 1259 5385 18.

2265 5310 2389 5398 eo
2418 5304 2581 5398 ιιίςις.
2601 5324 2657 5380 ν.
2694 5305 2793 5368 43-

517 5386 645 5481 (85')
680 5386 796 5483 ᾇρ.
830 5400 892 5464 S.
933 5386 1228 5482 Epiplian.
1269 5402 1416 5463 hair.
1451 5417 1535 5475 LI,
1566 5401 1667 5463 33.
2424 5386 2824 5483 Malui-“XXVI.
2861 5388 2961 5483 4]"-

525 5469 648 5564 (86)
683 5469 939 5564 Constit.
979 5469 1059 5564 Ῐῐξ
1089 5484 1178 5561 14,
1219 5486 1290 5544 18
1321 5491 1377 5544 et
1418 5469 1583 5564 seq;
1644 5561 1660 5564 _
2420 5471 2843 5564 ,ᾁᾳῃειίιγιιῐε
2879 5469 2978 5530 45.

520 5547 648 5641 (873
691 5563 986 5644 Moshem.
1025 5547 1230 5626 'Instit.
1266 5569 1415 5626 mai.
1456 5547 1522 5644 p:
1554 5560 1697 5625 219.
2420 5547 2574 5644 LEM;
2606 5564 2680 5644 ᾖ,
2711 5555 2765 5610 1-
3189 5631 3197 5640 ο

525 5625 648 5721 ξὸὃῇ
681 5641 937 5721 (Ιοηδιίε.
978 5660 1064 5716 Ill,
1103 5625 1197 5708 1.77
1309 5625 1313 5626 ν
1456 5625 1469 5644 ’
1506 5625 1509 5626 ν

2261 5625 2390 5713 (94)
2427 5627 2533 5692 Te.
2558 5628 2787 5692 tullian.
2825 5625 2916 5689 De
2945 5646 3074 5690 cor.
3111 5629 3271 5703 mil.,
3314 5645 3393 5694 ιι.

519 5720 648 5807 (89)
685 5720 841 5790 Ibid.
881 5743 957 5810 Vl,
990 5725 1092 5791 it.

2189 5077 2330 5136 τεῒν,
2364 5062 2640 5138 ἀρκεῖσθαι
2699 5057 2751 5114 δὲ
2804 5072 2919 5121 τοῖς
2982 5056 3276 5134 διδομένοις
3334 5060 3608 5135 ὀψωνίοις·
3649 5060 3838 5114 πειθό-
