4124 6442
173 418 292 483 541

999 410 1658 480 CONSTITUTIONES
1702 410 2212 478 APOSTOLlC/E.
2248 448 2326 460 ——
2357 412 2756 480 PBOCEMIA.

3443 413 3573 476 342'

175 549 354 614 Miles
383 550 674 614 accedens
689 549 978 612 doceatur
1003 547 1234 609 nemini
1259 547 1554 628 injuriam
1576 547 1830 627 inferre,
1859 555 1894 604 Α
1920 547 2082 608 cium
2104 545 2484 628 complexum
2502 548 2710 627 magni
2730 548 3038 628 pontiﬁcis
3060 547 3438 612 JesuChristi
3453 546 3560 609 Re-

173 659 303 703 non
321 638 692 703 calumniari
699 645 1027 718 ,contentus
1040 655 1166 699 esse
1177 636 1294 698 sibi
1309 636 1471 698 datis
1484 634 1752 716 stipendi
1757 638 1828 704 is;

173 732 604 811 obtemperans
619 728 717 790 his
738 728 1022 790 admittat
1031 745 1124 794 ur.
1136 743 1488 808 repugnans
1510 725 1834 806 rejieiatur

175 820 327 901 (95).
355 820 679 882 Eotantem
705 815 1380 881 vesaniaeTertullianus
1399 815 1711 895 prolapsus
1737 817 1832 874 est

173 921 298 971 uta
331 907 938 988 levissima-deceptus
963 905 1238 978 muliere,
1264 905 1595 984 nuntioque
1620 902 1827 966 remis-

172 1017 240 1060 so
275 998 494 1061 nedum
519 1005 698 1059 rectae
730 995 894 1074 ﬁdei,
928 994 1033 1056 sed
1068 995 1243 1055 etiam
1287 993 1524 1055 rationi:
1556 995 1826 1056 animam

169 1088 582 1170 corporaliter
605 1096 904 1150 ostensam
929 1102 1056 1148 esse
1082 1085 1376 1164 crederet,
1411 1102 1543 1165 qua:
1575 1084 1832 1164 spiritus

174 1178 526 1244 videbatur.
557 1177 668 1240 sed
698 1193 824 1238 non
884 1175 1119 1254 inanis,
1144 1182 1201 1236 et
1231 1192 1430 1236 vae-uae
1471 1171 1825 1252 qualitatis:

178 1271 306 1331 imo
335 1285 465 1348 qua:
499 1267 692 1330 etiam
714 1266 912 1328 teneri
935 1265 1392 1344 repromitteret
1427 1263 1582 1342 (96).
1613 1260 1728 1324 Sed
1763 1277 1834 1321 ea

179 1375 420 1439 quoque
452 1356 649 1420 fabula
699 1355 758 1416 in
810 1353 1369 1417 Constitutionibus
1427 1349 1828 1414 convellitur:

178 1449 382 1527 Ψυχὴν
417 1447 706 1519 ἀσώματον
741 1445 792 1501 ἐν
826 1447 962 1520 ἡμῖν
1000 1445 1091 1499 καὶ
1121 1443 1377 1500 ἀθάνατον
1436 1441 1829 1519 ὁμολογοῦμεν,

174 1537 388 1594 ἄλλόὗ
414 1537 648 1616 φθαρτὴν
698 1536 768 1599 ὡς
797 1535 866 1590 τὰ
925 1533 1171 1608 σώματα,
1235 1530 1354 1589 ἀλλ’
1413 1532 1695 1604 ἀθάνατον,
1757 1531 1832 1589 ὡς

173 1626 508 1705 λογικὴνκαὶ
541 1623 894 1688 αὖτεξούαιον.
928 1623 1208 1684 Animam
1231 1626 1506 1684 nostram
1530 1621 1818 1700 incorpo-

1915 638 2006 716 gis
2031 639 2221 700 nostri
2243 638 2636 699 imitationem
2657 655 2766 715 pro
2800 636 2944 699 ludo
2986 636 3210 699 habent
3243 659 3263 708 ;
3298 637 3432 699 ideo
3457 637 3557 698 in-

1915 743 2358 805 quam.necesse
2367 728 2430 805 fu
2441 732 2486 788 it
2501 727 2571 787 de
2583 744 2651 788 eo
2665 744 2903 808 quoque
2915 726 3255 788 admonere:
3259 725 3389 803 iam
3403 727 3561 788 enim

1913 814 2162 892 quidam
2187 821 2461 877 conversi
2479 823 2618 877 sunt
2641 821 2804 877 retro
2821 823 2953 894 post
3005 817 3336 876 vanitatem
3383 831 3563 875 suam

1919 903 2042 984 (98)
2057 903 2214 966 .Haec
2240 904 2441 985 utique
2462 905 2520 965 in
2535 903 3160 985 codicibttsHippulylo
3181 903 3564 965 tributaMon-

1917 993 2159 1054 lanistas
2209 994 2450 1068 feriunt,
2485 995 2650 1075 apud
2688 1013 2835 1074 quos
2861 995 2955 1056 vel
2994 993 3276 1055 mulieres
3300 994 3563 1073 episcopi

1913 1093 2150 1146 erantet
2168 1085 2589 1163 prcsbylert',ct
2602 1085 2679 1145 ad
2701 1092 2955 1147 cceteros
2973 1085 3206 1162 gradus
3224 1083 3565 1162 altegeban-

1915 1179 2042 1246 tur,
2063 1173 2300 1235 nullum
2320 1181 2387 1235 ut
2417 1192 2597 1236 sexus
2624 1175 2949 1236 discrimen
2977 1183 3348 1235 servaretur.
3369 1173 3561 1230 Ἐπίσ-

1917 1265 2071 1320 κοποί
2100 1286 2155 1320 τε
2176 1265 2299 1341 παρ’
2337 1265 2515 1327 αὖτοῐς
2548 1279 2824 1342 γυναῖκες,
2863 1266 2948 1320 καὶ
2985 1261 3322 1342 πρεσϐύτεροι
3366 1275 3561 1339 γυναϊ-·

1915 1373 2028 1432 κες,
2062 1355 2150 1409 καὶ
2178 1355 2242 1408 τὰ
2277 1352 2432 1422 ἄλλα,
2469 1356 2540 1418 ὡς
2575 1351 2744 1427 μηδὲν
2768 1351 3032 1432 διαφέρειν
3065 1352 3219 1432 (99).
3256 1353 3564 1414 Postrema

1916 1449 2112 1502 autem
2146 1442 2324 1504 verba
2356 1441 2414 1502 in
2433 1441 2870 1503 Tertullianum
2898 1441 3056 1503 dicta
3079 1450 3216 1503 sunt.
3243 1459 3394 1502 vano
3420 1459 3560 1520 pro-

1920 1531 2135 1610 phetiae
2157 1531 2400 1593 nomine
2423 1531 2768 1612 deceptum;
2796 1551 2972 1613 quem
3002 1531 3175 1612 paulo
3193 1540 3329 1593 ante
3352 1531 3477 1591 suis
3501 1529 3560 1590 in

1909 1621 2218 1684 Danielem
2253 1621 2712 1684 Commentariis
2735 1622 2962 1703 pariter
2995 1621 3349 1703 Hippolytus
3385 1628 3560 1682 nota-

165 1733 342 1777 ream
366 1723 423 1778 et
447 1711 854 1776 immortalem
878 1711 1265 1791 conﬁtemur,
1286 1728 1413 1773 non
1443 1715 1647 1773 autem
1669 1711 1826 1772 inte-

1919 1719 2079 1773 verat
2105 1732 2118 1774 :
2155 1713 2353 1776 Πάντες
2382 1713 2481 1790 γὰρ
2515 1713 2750 1790 σήμερον
2779 1714 2824 1768 οἱ
2856 1715 2929 1774 εἰς
2981 1712 3137 1768 αὺτὸν
3188 1713 3558 1790 πιττεύοντες,

160 1806 322 1867 ritui
343 1804 669 1867 obnoxiam
694 1809 763 1863 ut
790 1801 1204 1881 corpora,imo
1235 1803 1452 1863 mortis
1481 1807 1816 1881 expertem,

160 1901 376 1974 utpote
394 1891 760 1955 rationalem
791 1909 862 1954 ac
882 1890 1091 1954 liberte
1121 1891 1435 1970 potestatis
1465 1889 1616 1970 (97).-

1906 1804 1973 1859 τὰ
2013 1802 2169 1880 λόγια
2213 1804 2438 1879 Κριτιτοῦ
2466 1803 2823 1882 φθεγγόμεθα,
2857 1803 2929 1865 ὡς
2981 1800 3064 1858 διὰ
3093 1802 3358 1876 πόματος
3404 1800 3561 1856 αὐτοῦ

1912 1890 2196 1955 λαλοῦντες
2227 1893 2293 1951 τὰ
2322 1891 2414 1948 ὑπ’
2445 1893 2604 1948 αὐτοῦ
2634 1893 3057 1970 προτεταγμένα⁶
3095 1906 3211 1954 τοῖς
3257 1892 3356 1968 γὰρ
3391 1891 3559 1966 ἁγίοις

255 1982 350 2045 VI.
405 1982 818 2045 Tertullianus
859 1998 933 2043 ac
981 1980 1364 2046 Montanistae
1405 1980 1824 2042 nominetenus

1919 1983 2001 2038 καὶ
2030 1980 2372 2062 φοϐουμένοις
2409 1983 2584 2053 αὐτὸν,
2622 1982 2804 2045 αὺτοῖς
2863 1981 3042 2052 μόνοις
3104 1982 3286 2036 ἑαυτὸν
3346 1981 3560 2036 ἀποκα-

164 2071 888 2156 prwteriti.sedundique
903 2069 969 2132 in
981 2068 1542 2132 Constitutionibus
1556 2070 1826 2149 emplosi.

171 2199 253 2210 —
275 2165 478 2243 Atque
501 2161 627 2224 haec
658 2159 1002 2221 necessario
1042 2157 1430 2221 edisserenda
1471 2158 1728 2228 fuerunt,
1756 2174 1831 2218 ne

171 2272 267 2315 am
278 2247 1289 2334 pliuslateretutrumqueHippolyti
1310 2251 1618 2328 npus,IIe,:t
1642 2271 1827 2328 χαρισ-

188 2345 462 2419 μάτων,εῑ
482 2339 878 2407 Ἀποστολικὴν
900 2340 1208 2416 παράδοσιν,
1237 2338 1609 2401 Montanistis
1641 2355 1831 2418 oppo-

192 2432 370 2495 situm
394 2430 984 2510 fuisse,maximequc
1001 2427 1368 2490 Tertulliano
1383 2427 1442 2488 in
1460 2445 1589 2488 eam
1612 2435 1832 2488 sectam

194 2522 480 2602 rergenti:
507 2526 617 2582 etsi
646 2538 862 2581 nomen
885 2518 1104 2599 ipsius,
1130 2536 1248 2599 quo
1275 2517 1506 2580 facilius
1526 2517 1599 2578 ab
1623 2517 1836 2579 haeresi

193 2613 406 2694 pedem
439 2611 713 2682 referret,
751 2607 908 2670 bene
959 2607 1034 2669 ab
1073 2605 1395 2688 Hippolyto
1449 2625 1834 2687 suppressum

186 2702 388 2762 fuerit.
428 2703 638 2778 Neque
669 2697 827 2758 enim
855 2695 1044 2778 ipsius
1101 2695 1273 2756 famae
1301 2694 1698 2758 Tertullianus
1731 2713 1837 2775 pe-

188 2789 504 2872 percisset,
538 2788 588 2848 si
615 2786 759 2868 quid
795 2785 856 2847 in
887 2804 953 2848 se
1002 2783 1350 2847 nominatim
1427 2785 1829 2866 conscriptum

187 2874 1210 2955 esset.lnConstitutionibusitaque
1235 2875 1451 2936 frustra
1472 2873 1831 2938 Tertulliani

187 2969 411 3031 mentio
439 2975 540 3029 aut
569 2965 828 3029 Montani
857 2973 1272 3047 quasreretur;
1321 2964 1648 3046 praisertim
1692 2981 1831 3024 vero

186 3078 319 3120 cum
355 3059 523 3139 plura
545 3056 854 3118 sustulerit
875 3063 1214 3134 corruptor,
1251 3075 1381 3135 qua:
1427 3057 1831 3134 apostolorum

185 3165 313 3210 avo
345 3147 664 3208 convenire
698 3164 814 3206 non
850 3153 1146 3225 poterant,
1179 3145 1347 3225 plura
1368 3145 1565 3206 adhuc
1598 3143 1837 3204 incaute

186 3238 519 3318 reliquerit,
553 3254 686 3317 qua
732 3234 806 3296 ad
843 3234 1171 3314 posteriora
1211 3243 1482 3314 tempora
1527 3233 1839 3295 manifeste

192 3325 509 3388 referenda
551 3333 706 3386 sunt.
726 3324 814 3386 Ad
841 3325 1228 3387 Montanistas
1260 3341 1398 3384 vero
1433 3341 1500 3384 ac
1531 3322 1815 3384 Tertullia

194 3433 339 3478 num
363 3424 569 3477 cuncta
591 3414 716 3475 fere
739 3422 1013 3493 spectant
1037 3431 1168 3494 quae
1194 3412 1516 3475 universim
1544 3413 1844 3476 inConsti-

192 3504 528 3568 tutionibus
557 3505 910 3567 afferuntur.
938 3504 1001 3566 ln
1029 3502 1159 3583 ipso
1193 3503 1352 3564 enim
1407 3503 1616 3564 ultimo
1647 3500 1840 3582 capite

190 3595 336 3656 illud
372 3594 745 3656 inculcetur:
799 3593 1077 3651 ’Ἔκαστον
1131 3594 1378 3668 ἐμμένειν
1427 3592 1570 3658 τάξει
1626 3599 1693 3669 τῇ
1745 3590 1838 3647 δο-

185 3687 338 3762 Gelon
371 3689 536 3760 αὒτῷ,
560 3685 748 3758 καὶμὴ
777 3681 1105 3758 ὑπερϐαίνειν
1135 3685 1255 3748 τοὺς
1285 3682 1458 3761 ὅρους.
1498 3680 1837 3761 Unusquis-

186 3793 308 3856 que
351 3776 416 3836 in
443 3774 661 3836 ordine
675 3773 795 3832 sibi
818 3772 963 3833 dato
981 3779 1358 3851 permaneat,
1385 3789 1577 3852 neque
1600 3770 1838 3850 regula—

186 3882 326 3926 rum
345 3865 638 3926 terminos
665 3861 1079 3923 transcendat.
1094 3861 1534 3924 Deindeauctor
1553 3859 1846 3924 Montani-

180 3967 303 4016 stas
330 3953 574 4033 propius
597 3951 990 4030 designando,
1026 3950 1084 4011 in
1121 3969 1326 4012 eorum
1349 3951 1650 4014 licentiam
1673 3953 1840 4013 inve-

181 4046 389 4107 hitur:
449 4043 680 4106 Εἰκότως
729 4043 821 4097 τὸν
879 4041 1252 4118 ἐπηρτημένον
1309 4041 1544 4099 κίνδυνον
1598 4057 1714 4107 τοῖς
1777 4044 1842 4098 ri

177 4143 406 4192 τοιαῦτα
436 4130 723 4211 πράττουτι
746 4129 1136 4210 προειδόμενοι,
1163 4133 1251 4187 καὶ
1281 4132 1378 4199 τὴν
1411 4133 1483 4194 εἷς
1514 4132 1608 4196 τὰς
1638 4132 1839 4202 θυσίας,

178 4228 272 4282 καὶ
305 4225 648 4305 εὖχαρισῖίας
685 4221 962 4301 ἆμέλειαν,
1012 4219 1098 4301 ὑφ’
1129 4225 1202 4277 ὧν
1235 4221 1328 4278 οὒκ
1356 4223 1530 4302 ἐχρῆν
1570 4244 1834 4300 προσαγο-

183 4315 352 4390 μένας
386 4310 615 4384 ἀσεϐῶς,
698 4312 938 4388 παίγνιον
967 4310 1279 4388 ἡγουμένων
1311 4311 1408 4377 τὴν
1457 4312 1843 4391 ἀρχιερατικὴν

183 4404 355 4480 τιμήν
397 4403 517 4472 ἣτις
554 4402 780 4476 μίμησιν
809 4400 1052 4480 περιέχει
1093 4408 1184 4458 τοῦ
1231 4400 1469 4478 μεγάλου
1543 4401 1840 4481 ἀρχιερέως

188 4494 370 4561 ἰησοῦ
400 4501 635 4570 Χριστοῦ
680 4489 949 4554 Βασιλέως
978 4493 1156 4565 ἡμῶν,
1193 4489 1430 4568 ἀνάγκην
1479 4490 1716 4571 ἔσχομεν
1755 4496 1846 4548 καὶ

1915 2073 1977 2128 λά
2054 2093 2073 2104 ⁸
2181 2073 2215 2092 ην
2302 2072 2314 2092 r
2440 2069 2565 2106 ,ῆι
2743 2072 2832 2109 \y‘
2907 2071 3016 2104 ,1“
3075 2096 3082 2102 υ
3155 2071 3164 2086 ,
3287 2077 3300 2086 ,
3472 2067 3487 2082 ε

1981 2094 2114 2128 πτιι.
2163 2079 2217 2127 [ιι
2251 2094 2350 2150 γαρ
2381 2093 2458 2132 τι..
2493 2083 2644 2127 eoae!
2673 2093 2759 2126 και
2791 2093 2846 2126 ει
2932 2071 3200 2142 laedam;
3253 2093 3338 2126 νυν
3397 2085 3560 2125 πολι-

1916 2162 2173 2240 τεύεςθαι,
2201 2158 2364 2239 φόνῗον
2397 2158 2449 2215 δὲ
2484 2168 2616 2218 Θεοῦ
2661 2160 2737 2234 μὴ
2772 2159 2914 2239 ἔχει,
2950 2158 3067 2216 οὔδε
3100 2167 3282 2215 τοῦτον
3304 2157 3506 2238 ὠφελεῖ
3526 2157 3560 2223 ἡ

1918 2252 2047 2327 πρὸς
2079 2252 2200 2313 τοὺς
2233 2251 2411 2326 ἁγῖους
2464 2248 2700 2308 σύνοδος.
2738 2251 3096 2328 Quicunque
3109 2249 3269 2308 enim
3297 2245 3476 2309 hodie
3499 2247 3566 2307 in

1917 2345 2113 2422 ipsum
2143 2343 2471 2423 credimus,
2504 2345 2761 2404 oracula
2794 2341 3019 2405 Christi
3055 2342 3392 2422 loquimur,
3423 2348 3562 2402 tan-

1919 2451 2100 2514 quam
2138 2434 2332 2514 ipsius
2361 2449 2465 2494 ore
2501 2432 2908 2512 praedicantes
2948 2449 3084 2511 qua:
3140 2435 3282 2493 sunt
3311 2429 3385 2492 ab
3443 2435 3567 2508 ipso

1921 2522 2773 2602 constituta.Sanctisquippe
2790 2539 2860 2583 ae
2872 2538 2937 2583 se
2953 2519 3570 2584 timentibustantum-

1920 2613 2095 2675 modo
2119 2629 2182 2674 se
2201 2614 2397 2691 ipsum
2421 2613 2678 2674 revelat.
2700 2611 2856 2672 Nam
2885 2613 2942 2673 si
2961 2611 3097 2691 quis
3129 2611 3372 2672 videtur
3390 2609 3482 2672 vel
3505 2614 3570 2669 in

1926 2702 2200 2764 Ecclesia
2224 2701 2398 2762 modo
2419 2701 2967 2771 versari,timorem
2985 2707 3185 2763 autem
3198 2699 3307 2761 Dei
3327 2718 3445 2761 non
3469 2699 3572 2762 ha-

1917 2789 2220 2869 betmeque
2264 2791 2405 2852 huic
2433 2791 2677 2870 prodest
2725 2791 2810 2852 ad
2863 2796 3096 2852 sanctos
3143 2790 3463 2851 accessisse
3506 2791 3571 2849 in

1917 2884 2254 2954 conventu(
2270 2879 2434 2960 100).
2462 2880 2546 2942 Ac
2573 2879 2865 2961 siquidem
2890 2877 3014 2940 haec
3037 2888 3175 2940 sunt
3196 2877 3573 2939 contumeliae

1917 2969 2286 3048 illaquibus
2302 2970 2385 3031 ait
2401 2969 2800 3050 Hieronymus
2816 2966 3249 3029 Tertullianum
3273 2985 3404 3029 esse
3429 2985 3568 3047 per-

1855 3109 1895 3159 c
1921 3071 2148 3159 motpm
2195 3058 2599 3121 utEcclesiam
2625 3058 2959 3159 desereret,
2991 3065 3232 3159 apparet
3258 3055 3564 3118 hominem

1921 3147 2012 3210 sui
2047 3148 2248 3228 lapsus
2274 3166 2538 3221 causam,
2583 3166 2758 3228 quam
2785 3146 3008 3208 habere
3041 3145 3265 3208 nullam
3315 3151 3567 3225 poterat,

1921 3237 1980 3298 in
2009 3239 2340 3300 Romanum
2365 3237 2592 3298 clerum
2620 3254 2850 3298 summa
2869 3237 3083 3315 injuria
3104 3237 3429 3297 detersisse
3456 3234 3504 3314 (Ι
3523 3241 3566 3308 ).

1923 3326 2139 3388 Notatu
2164 3328 2321 3387 enim
2346 3328 2587 3406 dignum
2609 3326 2884 3405 est,quml
2915 3326 3043 3406 ipse
3072 3343 3206 3387 cum
3235 3323 3571 3388 Catholicos

1924 3414 2269 3476 animalium
2298 3415 2537 3476 nomine
2562 3433 2629 3475 ac
2658 3414 2928 3493 pluribus
2957 3413 3237 3476 cenviciis
3294 3412 3568 3474 cumula-

1921 3512 2035 3585 ret,
2072 3523 2246 3565 nemo
2280 3511 2401 3564 tum
2437 3504 2722 3584 temporis
2752 3503 2864 3566 fuit
2893 3504 2990 3583 qui
3020 3502 3370 3564 nominatim
3421 3502 3566 3564 Ter—

1924 3595 2234 3655 tullianum
2260 3594 2584 3656 refelleret.
2613 3591 2790 3656 Caius
2804 3591 3575 3667 enim,EcclesiteHomana

1927 3685 2258 3764 presbyter,
2310 3683 2600 3746 adversus
2655 3683 2924 3744 Proclum
2981 3682 3240 3743 Montani
3299 3681 3575 3742 columen

1927 3773 2142 3835 eximie
2172 3772 2406 3852 scripsit
2440 3795 2456 3844 ;
2492 3770 2841 3853 Hippolytus
2886 3772 2940 3833 in
2978 3772 3024 3833 E
3093 3772 3163 3833 Β.
3203 3770 3325 3852 pari
3355 3769 3574 3848 gradu,

1927 3862 2212 3923 adversus
2263 3861 2694 3923 Montanistas:
2763 3871 3011 3941 uterque
3039 3879 3108 3921 ea
3166 3860 3576 3922 moderatione

1929 3960 1992 4013 ut
2022 3951 2151 4030 ipse
2205 3950 2612 4013 Tertullianus
2663 3959 2937 4012 neutrum
2993 3950 3066 4011 sit
3119 3951 3467 4019 insectatus,
3509 3968 3578 4010 ac

1930 4043 2126 4122 potius
2157 4041 2541 4120 Apollonium
2567 4039 3386 4120 csagitaverit,orthodoxum
3419 4039 3537 4100 scri
3558 4069 3576 4082 -

1930 4141 2185 4210 plorem,
2218 4140 2274 4191 at
2309 4149 2425 4192 non
2449 4147 2518 4192 ex
2578 4131 2845 4192 Romano
2877 4131 3064 4206 clero,
3100 4137 3306 4209 utpote
3359 4127 3459 4208 qui
3515 4127 3573 4187 in

1929 4219 2172 4283 Oriente
2197 4221 2430 4283 vixerit.
2483 4223 2774 4283 Caeterum
2832 4219 3148 4298 scripsisse
3193 4217 3573 4296 Hippolytum

1927 4320 2134 4371 contra
2166 4309 2578 4381 Montanistas,
2623 4326 2846 4388 eosque
2870 4307 3164 4369 acerrime
3196 4324 3316 4385 pra}
3345 4305 3576 4366 caeteris

1930 4400 2335 4479 impugnasse,
2357 4400 2415 4460 in
2441 4399 2685 4461 dubium
2713 4398 2978 4460 revocari
3005 4397 3233 4477 nequit,
3255 4415 3387 4456 cum
3410 4406 3578 4457 vetus

1934 4499 2141 4553 auctor
2171 4490 2380 4550 sedulo
2413 4489 2472 4550 in
2509 4507 2575 4549 ea
2607 4489 2826 4569 scripta
2858 4487 3190 4569 inquisierit
3217 4505 3231 4544 :
3257 4485 3408 4550 Τίνας
3438 4487 3574 4542 ὓπο-

186 4596 348 4642 τοῡτο
374 4583 710 4662 παραινέσαι·
747 4577 851 4648 ἢδη
882 4580 983 4658 γάρ
1040 4601 1180 4642 τινες
1241 4579 1606 4656 ἐξετράπησαν
1679 4581 1849 4637 ὀπίσω
1934 4579 2133 4655 λὴψενς
2164 4581 2324 4659 εἶχεν
2378 4580 2726 4655 ὁᾶγιώτιτος
2779 4577 3086 4638 Ἱππόλυτος
3145 4577 3254 4645 περὲ
3329 4580 3426 4641 τῆς
3473 4581 3575 4630 τῶν

187 4678 292 4740 τῆς
341 4675 543 4730 ἑαυτῶν
577 4668 963 4747 parantem-0:.
1025 4667 1258 4731 Idcirco
1300 4671 1449 4748 jure
1500 4669 1833 4746 per-iculum

1936 4677 2312 4726 Μοντανιστῶν

187 4764 274 4826 iis
326 4764 435 4844 qui
481 4761 605 4823 hac
671 4760 912 4840 faciunt
969 4759 1318 4838 impendens
1389 4761 1840 4840 prospicientes,

184 4862 252 4916 et
282 4853 712 4933 negligentiam
745 4855 811 4910 in
839 4847 1161 4927 sacriﬁciis
1181 4854 1236 4909 et
1265 4850 1616 4927 gratiarum
1650 4851 1832 4912 actiu-

181 4942 374 5006 nibus
405 4937 856 5019 [Eucharistiis],
891 4953 958 4998 eo
978 4936 1134 5015 quod
1165 4937 1355 5016 impie
1386 4936 1726 5017 offerantur
1769 4940 1844 5002 ab

179 5035 271 5096 iis
300 5048 339 5092 a
371 5031 588 5111 quibus
616 5045 740 5090 non
769 5033 1020 5107 oportet,
1055 5026 1283 5106 quique
1301 5026 1587 5089 honorem
1604 5031 1847 5110 pontiﬁ-

273 5199 394 5280 (95)
428 5197 683 5280 gonstit.
722 5199 984 5280 vm,_3‘2.

267 5275 396 5360 (96)
429 5275 785 5360 Tertullian.
829 5277 914 5360 De
935 5277 1130 5338 anim.
1169 5293 1246 5338 Ix.

273 5357 391 5441 (97)
423 5357 678 5441 Constit.
714 5373 798 5438 v1,
835 5359 935 5441 ll.

269 5436 397 5518 (98)
425 5439 682 5501 Constit.
720 5436 848 5518 Vill,
882 5436 985 5502 46.

2397 4669 2669 4738 αἱρέσεως,
2731 4669 2817 4724 καὶ
2879 4669 3020 4732 τίνας
3082 4668 3107 4720 ὃ
3153 4665 3205 4720 ἐν
3265 4665 3434 4740 ἁγίοις
3484 4665 3576 4732 τῆς

1933 4762 2142 4826 Νύσστις
2172 4761 2486 4838 Γέηγόριος.
2537 4757 2847 4833 Quidnam
2879 4758 3130 4818 senserit
3160 4754 3577 4816 sanctissimus

1930 4847 2295 4929 Hippolytus
2317 4849 2391 4910 de
2420 4848 2931 4911 Montanistarum
2971 4845 3207 4914 haeresi,
3256 4843 3476 4923 quidve
3506 4844 3577 4906 S.

1930 4937 2266 5018 Gregorius
2295 4937 2613 5020 Nyssenus
2636 4935 2746 5016 (2).

2033 5198 2136 5278 99)
2174 5197 2471 5278 Epiphan.
2508 5196 2654 5278 hair.
2681 5212 2846 5271 XLIX,
2883 5195 2944 5256 9.

2034 5274 2178 5352 100)
2204 5274 2445 5358 Hippol.
2484 5279 2552 5358 In
2594 5274 2769 5358 Dan:
2791 5293 2863 5358 x.
2889 5279 2948 5336 7.

2001 5355 2088 5438 (1)
2115 5355 2467 5438 Hieronsin
2493 5355 2694 5419 Catal.
2721 5355 2958 5432 Script.
2991 5355 3159 5438 Eccl.
3194 5372 3316 5418 LIII.

2007 5437 2096 5520 (‘2)
2119 5439 2330 5518 Steph.
2365 5437 2584 5502 Gobar.
2616 5453 2690 5516 ap
2754 5437 2925 5498 l’hot.
2965 5437 3100 5498 cod.
3140 5452 3396 5501 ccxxx".
