4124 6430
175 256 304 319 545

991 256 1654 327 CONSTITUTIONES
1695 249 2208 318 APOSTOLIClE.
2259 289 2331 300 -—-
2386 251 2777 318 PRO(EMIA.

175 394 574 467 κλησιαστικῆς
625 398 961 473 διοικήσεως,
1014 397 1101 454 καὶ
1160 392 1400 463 κανόνος,
1451 393 1536 447 καὶ
1580 393 1830 452 πίστεως.

1931 407 2034 463 que
2056 388 2128 449 ab
2155 389 2560 452 ecclesiastica
2579 387 3188 466 administratione,et
3214 411 3468 478 canone,
3505 415 3572 460 ac

177 487 256 540 Τὸ
288 483 344 541 δὲ
388 488 573 568 ῥητὸν,
636 488 726 568 ἀφ’
787 493 846 547 οὒ
902 488 1123 559 γνώμην
1167 480 1524 558 λαμϐάνοντες
1569 483 1696 560 πῇρὶ
1746 487 1839 536 1:63

179 575 404 655 Πάσχα,
441 587 617 643 κακῶς
669 578 1155 658 παρερμηνεύουσιν
1201 576 1246 630 οἱ
1300 571 1701 650 προειρημένοι,
1752 571 1838 626 καὶ

177 664 498 740 ἀγνοοῦντες
559 668 749 746 ἑτέρως
792 663 1270 741 ὑπολαμϐάνουσιν.
1336 659 1595 739 Ὀρίζουσι
1642 661 1740 737 γὰρ
1784 659 1836 714 ἐν

175 760 249 828 τῇ
299 757 432 832 αὖτῇ
477 753 709 822 διατάξει
771 760 817 813 οἱ
861 753 1175 832 ἀπόστολοι,
1209 751 1288 808 ὅτι
1320 752 1475 826 ῢμεϊς
1531 753 1608 826 μὴ
1661 749 1834 829 ψηφίο

178 850 333 923 ζητε,
374 845 514 902 ἀλλὰ
559 859 767 903 ποιεῖτε
813 845 942 902 ὅταν
998 845 1046 901 οἱ
1104 841 1316 921 ἀδελφοὶ
1368 843 1515 916 ὑμῶν
1566 842 1614 897 οἱ
1643 839 1702 895 ἐκ
1732 860 1835 894 πε-

181 938 409 1009 ριτομῆς
439 952 455 965 ⁸
517 935 640 1010 μετ’
699 937 870 991 αὐτῶν
929 934 1042 1008 ἅμα
1100 944 1330 992 ποιεῖτε,
1396 933 1491 987 Καὶ
1522 934 1616 987 οὐκ
1645 929 1830 987 εἶπαν·

181 1017 364 1078 ’Ὅταν
409 1025 456 1080 οἱ
513 1023 727 1104 ἀδελφοὶ
783 1025 956 1102 ὑμῶν,
1034 1022 1081 1078 οἱ
1139 1021 1194 1076 ἐν
1253 1025 1518 1098 περιτομῇ
1552 1039 1563 1051 ·
1641 1016 1778 1074 ἀλλά
1817 1036 1834 1053 ⁶

1922 478 2060 540 ﬁde.
2090 483 2272 541 Porro
2304 478 2551 551 dictum,
2587 497 2620 538 a
2647 498 2762 558 quo
2795 481 3153 541 sententiam
3181 481 3254 543 de
3285 483 3571 550 Pascbate

1923 568 2521 648 accipiunt,przedicti
2557 568 2708 629 male
2741 570 3236 649 interpretantur,
3265 583 3321 634 et
3345 592 3450 656 per
3477 579 3574 639 in-

1922 657 2147 718 scitiam
2171 659 2363 720 alieno
2399 677 2575 720 sensu
2601 667 2864 718 sumunt.
2899 658 3196 723 Definiunt
3229 665 3388 726 enim
3423 667 3483 728 in
3506 687 3576 729 ea

1922 749 2345 810 constitutione
2369 747 2641 826 apostoli:
2664 749 2766 808 Vos
2792 746 2980 810 nolite
3001 763 3353 830 computare
3377 775 3448 817 ac
3469 759 3572 819 de-

1920 839 2294 913 cernere,sed
2308 846 2447 900 tunc
2461 839 3019 916 celebrate,quando
3032 840 3256 918 fratres
3269 849 3457 907 vestri
3469 850 3577 927 qui

1919 945 1996 988 ex
2015 929 2477 989 circumcisione
2498 936 2662 990 sunt:
2693 945 2828 988 cum
2877 927 3006 989 illis
3032 947 3156 991 una
3177 941 3471 1011 peragite.
3507 938 3575 999 Et

1920 1036 2037 1077 non
2053 1016 2624 1091 dixerunt:Quando
2638 1016 3208 1097 fratresveslr-i.qui
3224 1023 3289 1082 in
3312 1026 3573 1088 circum-

179 1111 229 1166 οἱ
262 1112 322 1168 ἐκ
356 1119 676 1190 περιτομῆς·
726 1113 819 1169 ’ἕνα
863 1111 1066 1178 δείξουσι
1117 1110 1234 1175 τοὺς
1265 1110 1371 1165 ἀπὸ
1415 1112 1514 1176 τῆς
1546 1109 1836 1186 περιτομῆς

1931 1108 2156 1168 cisione
2174 1106 2474 1180 sunt,sed:
2489 1106 2605 1180 Qui
2627 1124 2702 1168 ea:
2721 1107 3178 1172 circumcisione
3198 1123 3362 1186 sunt;
3391 1123 3454 1178 ut
3476 1135 3578 1177 ns-

181 1203 256 1262 εἷς
302 1204 400 1267 τὴν
433 1204 756 1269 Ἐκκλησίαν
819 1201 1197 1278 μετελθόντας,
1236 1198 1512 1278 ἀρχηγοὺς
1548 1198 1689 1255 εἶναι
1726 1197 1847 1272 μετ’

1930 1197 2267 1278 tenderent,
2305 1214 2407 1258 eos
2431 1195 2531 1277 qui
2556 1217 2622 1258 ex
2659 1197 3119 1260 circumcisione
3141 1201 3212 1261 ad
3251 1200 3574 1266 Ecclestam

184 1290 394 1347 ἐκεῖνον
436 1295 528 1348 τὸν
560 1294 782 1372 χρόνον,
817 1301 933 1355 etc,
969 1292 1117 1369 Παρὰ
1145 1293 1262 1351 τοῖς
1310 1287 1626 1349 ἀποστόλοις
1672 1285 1726 1343 δὲ
1783 1293 1836 1343 τὲ

1931 1285 2319 1359 transierunt,
2353 1286 2584 1346 futuros
2610 1293 2741 1365 post
2761 1285 2902 1346 illud
2929 1294 3164 1367 tempus
3188 1291 3372 1353 duces
3396 1302 3454 1355 et
3474 1315 3546 1356 au
3567 1335 3580 1344 -

179 1379 345 1456 ῥητὸν
375 1379 444 1436 δι’
475 1383 727 1456 ὁμόνοιαν
785 1383 1090 1462 ἐμφέρεται,
1149 1382 1222 1440 ὡς
1262 1378 1699 1454 ἐπιμαρτυροῦσι,
1751 1376 1840 1434 λέ-

181 1490 393 1546 γοντες,
451 1470 529 1528 δ’τι
576 1471 674 1528 κᾶν
719 1494 775 1528 τε
836 1471 1173 1549 πλανηθῶσι,
1221 1466 1358 1544 μηδὲ
1420 1469 1548 1541 δμῐν
1607 1466 1836 1543 μελέτω.

183 1556 274 1623 Ἐξ
320 1564 491 1618 αὐτῶν
522 1559 574 1617 δὲ
606 1568 712 1617 τῶν
753 1561 930 1617 ἐκεῖσε
976 1555 1271 1638 εἶρημένων
1309 1555 1485 1635 ῥητῶν
1515 1559 1548 1623 ἦ
1583 1556 1838 1622 ἀντίθεσις

1928 1383 2143 1454 ctores,
2171 1383 2284 1437 etc.
2321 1374 2498 1453 Apud
2526 1373 2827 1454 apostolos
2850 1391 2993 1436 vero
3018 1375 3246 1439 dictum
3268 1380 3411 1442 illud
3447 1403 3580 1464 pro-

1927 1473 2057 1543 pter
2087 1464 2469 1526 concordiam
2503 1464 2756 1543 positum
2791 1474 2902 1540 est,
2943 1466 3447 1544 quemadmodum
3489 1484 3579 1537 te-

1923 1563 2153 1615 stantur
2177 1554 2265 1614 his
2297 1553 2496 1615 verbis
2525 1577 2535 1610 :
2571 1551 2648 1614 Et
2675 1561 2951 1633 quamvis
2983 1554 3286 1639 aberrent,
3313 1579 3389 1623 ne
3413 1567 3576 1628 vobis

182 1648 494 1722 ὀφθήσεται.
561 1655 828 1710 Φάσκουσι
875 1651 974 1728 γὰρ
1026 1649 1122 1717 τὴν
1155 1645 1444 1726 ἀγρυπνίαν
1471 1646 1668 1726 φέρειν,
1733 1669 1836 1722 με-

1931 1662 2081 1705 cum
2104 1646 2201 1706 sit.
2219 1643 2506 1705 Caeterum
2531 1661 2600 1703 ex
2623 1643 2868 1703 vocibus
2899 1643 3046 1724 ipsis
3069 1664 3199 1725 quae
3220 1645 3299 1708 ibi
3331 1654 3576 1730 prolata:

182 1738 453 1807 σαζόντων
495 1746 599 1795 τῶν
647 1738 909 1815 Ἀζύμων,
960 1740 1032 1796 Οὔ
1080 1736 1289 1793 δύναται
1337 1735 1390 1791 δὲ
1424 1734 1574 1795 τοῦτο
1603 1739 1829 1794 πάντοτε

178 1827 424 1902 γενέσθαι
453 1830 505 1885 έν
532 1836 600 1906 τῇ
626 1831 790 1910 ψήφῳ
820 1835 884 1906 τῇ
914 1828 1357 1903 ἐκκλησιαστικῇ,

1921 1733 2387 1813 sunt,oppositio
2403 1743 2459 1793 et
2480 1732 2884 1812 repugnantia
2897 1733 3388 1813 apparebit.Nam
3409 1744 3572 1804 aiunt

1920 1822 2300 1905 pervigilium
2341 1822 2636 1901 agendum
2665 1839 2796 1881 esse
2846 1822 2905 1881 in
2960 1823 3157 1884 medio
3189 1826 3570 1906 Azymorum.

178 1912 307 1982 Hoc
335 1926 557 1994 autem,
590 1919 649 1978 in
687 1917 1094 1982 ecclesiastica
1125 1923 1462 1997 temporum
1495 1917 1939 1999 supputatione,
1978 1912 2110 1976 ﬁeri
2142 1921 2426 1992 perpetuo
2459 1930 2578 1972 non
2613 1919 2822 1990 potest.
2864 1910 3022 1990 Lege
3051 1916 3210 1992 quod
3250 1922 3467 1984 nolabo
3495 1925 3574 1986 ad

179 2009 395 2071 Const.
432 2016 659 2089 apost.,
689 2007 794 2071 lib.
828 2025 888 2085 ν,
915 2026 1053 2088 cap.
1091 2007 1192 2091 l7,
1223 2013 1279 2069 et
1308 2023 1442 2085 cap.
1481 2007 1578 2071 19.

1691 2087 1962 2153 Numero
1997 2091 2019 2150 1
2041 2091 2090 2149 1.

267 2251 490 2329 Λέγουσι
535 2251 634 2329 γὰρ
679 2251 724 2307 οἱ
772 2251 916 2309 αὒτοὶ
964 2248 1281 2324 ἀπόστολοι,
1336 2249 1414 2304 ὅτι
1460 2247 1586 2306 ὅταν
1636 2250 1838 2307 ἐκεῖνοι

183 2342 524 2423 εὖωχῶνται,
558 2342 712 2416 ὑμεῖς
756 2339 1099 2406 νηστεύοντες
1154 2338 1282 2416 ὑπὲρ
1341 2337 1513 2396 αὐτῶν
1568 2344 1834 2422 πενθεϊτε,

180 2431 260 2486 ὄτι
305 2434 358 2485 'ev
391 2436 458 2503 τῇ
488 2429 662 2505 ἡμέρᾳ
693 2428 788 2496 τῆς
836 2428 1021 2506 ἑορτῆς
1067 2430 1159 2485 τὸν
1193 2430 1418 2505 Χριστὸν
1449 2427 1783 2510 ἐσταύρωσαν
1818 2450 1830 2463 ⁸

181 2523 271 2576 καὶ
303 2519 429 2576 ὅταν
487 2520 633 2578 αὐτοὶ
664 2520 916 2597 πενθῶσι,
971 2517 1036 2573 τὰ
1095 2515 1268 2592 ἄζυμα
1320 2517 1578 2584 ἐσθόντες
1637 2518 1692 2574 ἐν
1750 2542 1834 2575 πι-

182 2610 378 2689 κρίσιν,
408 2610 565 2683 ὑμεῖς
603 2611 920 2687 εὐωχεῖσθε.

2005 2249 2222 2312 Dicunt
2251 2247 2410 2308 enim
2446 2245 2624 2307 iidem
2646 2246 3167 2327 apostoli;quando
3202 2249 3282 2312 illi
3319 2253 3567 2330 epulan-

1925 2350 2045 2411 tur,
2081 2357 2182 2398 vos
2206 2337 2555 2417 jejunantes
2592 2353 2694 2414 pro
2727 2335 2871 2414 ipsis
2924 2336 3145 2418 lugete,
3182 2341 3461 2418 quoniam
3513 2343 3574 2404 in

1923 2427 2020 2488 die
2048 2426 2389 2490 festivitatis
2418 2424 2725 2486 Christum
2759 2427 3216 2488 cruciﬁxerunt:
3246 2437 3303 2489 et
3336 2431 3573 2510 quando

1918 2516 2006 2578 illi
2031 2517 2261 2594 lugent,
2281 2532 2481 2596 azyma
2505 2515 2757 2603 edentes
2772 2534 2905 2577 cum
2934 2517 3180 2578 lactucis
3205 2521 3569 2603 agrestibus,

1919 2624 2021 2668 vos
2052 2605 2384 2687 epulamini
2445 2604 2595 2684 Lege
2626 2602 2911 2681 Constit,
2945 2605 3053 2668 lib.
3089 2626 3144 2681 ν,
3177 2625 3309 2687 cap.
3346 2610 3444 2670 15.

1747 2766 2000 2830 Ibidem.

263 2934 413 2996 Αὖθις
456 2932 629 2987 αὐτῶν
673 2930 953 2992 ἀκούοντες
999 2929 1052 2985 ἐν
1075 2937 1144 3005 τῇ
1178 2927 1449 3003 Διατάξει,
1482 2928 1561 2984 ὅτι
1593 2931 1622 2986 δ
1653 2933 1834 2985 κακῶν

2001 2929 2148 2990 Cum
2209 2927 2422 2988 iterum
2475 2925 2724 2989 eosdem
2776 2928 3076 3006 apostolos
3135 2929 3468 3009 audiamus,
3508 2934 3568 2995 in

182 3024 371 3082 ἑαυτοῦ
398 3025 496 3088 τὴν
525 3021 709 3100 ψυχὴν
740 3019 797 3076 ἐν
844 3027 1104 3099 κυριακῇ,
1153 3019 1540 3097 ἐπικατάρατός
1591 3018 1702 3074 ἐστι
1763 3041 1840 3092 τῳ

182 3113 322 3186 Θεῷ.

1923 3017 2358 3080 Constitutione
2389 3017 2659 3078 dicentes
2687 3038 2698 3073 :
2727 3014 2836 3087 Qui
2871 3016 3075 3095 affligit
3106 3019 3364 3081 animam
3398 3041 3569 3084 suam

1919 3107 1982 3170 in
2016 3107 2354 3182 Dominica,
2393 3105 2741 3168 maledictus
2773 3115 2862 3166 est
2919 3109 3063 3168 Deo.
3124 3106 3282 3189 Lege
3333 3109 3570 3190 Const.,

1922 3197 2029 3263 lib.
2063 3213 2122 3274 ν,
2158 3215 2289 3278 cap.
2313 3196 2418 3260 90.

1667 3331 1943 3395 Numero
1973 3331 2072 3394 1‘2.

273 3477 662 3549 Παρατηρεϊται
697 3468 750 3525 δὲ
795 3471 829 3537 ἡ
862 3465 1157 3533 Ἐκκλησία
1201 3466 1351 3543 ἄγειν
1371 3465 1469 3533 τὴν
1515 3463 1704 3540 ἑορτὴν
1736 3470 1831 3520 τοῦ

186 3560 406 3640 Πάσχα,
466 3561 703 3618 τουτέστι
762 3559 860 3627 τὴν
917 3554 1180 3634 ἑϐδομάδα
1243 3556 1342 3624 τὴν
1387 3553 1688 3633 ὡρισμένην
1747 3553 1833 3608 καὶ

179 3652 214 3707 ἂ
265 3651 279 3673 ⁹
365 3652 380 3673 ’
430 3657 456 3666 ’
577 3655 605 3666 ⁸
683 3650 695 3668 ’
850 3647 911 3705 όλ
1035 3646 1058 3703 ἑ
1168 3653 1193 3663 ”
1406 3643 1464 3676 ἐ-
1628 3646 1642 3664 ‘
1719 3642 1741 3662 "

217 3673 258 3708 π
324 3673 494 3707 αυτων
538 3674 644 3707 των
673 3671 845 3707 αποστ
915 3670 988 3704 ων
1064 3669 1090 3702 ν
1133 3669 1202 3724 τῃ
1250 3657 1516 3725 Διατα,-ι,
1549 3644 1655 3701 ἀπυ
1714 3661 1838 3701 osu—

179 3740 337 3818 υέρας
385 3737 696 3814 Σοϐϐάτων,
758 3737 886 3817 ὅπερ
941 3737 1082 3795 εστὶν
1126 3736 1432 3816 ἆγορασμὸς
1481 3736 1576 3793 τοῦ
1634 3730 1839 3812 προϐά-

180 3852 298 3892 του,

1999 3461 2286 3526 Observat
2317 3471 2513 3524 autem
2549 3459 2841 3542 Ecclesia,
2881 3469 2945 3522 ut
2991 3462 3205 3525 festum
3261 3467 3575 3530 Paschatis

1920 3559 2184 3633 peragat,
2224 3553 2334 3613 hoc
2357 3559 2470 3621 est,
2504 3549 2944 3613 hebdomadam
2973 3552 3275 3615 decretam
3298 3557 3473 3618 etiam
3497 3560 3572 3622 ab

1925 3642 2073 3722 ipsis
2103 3641 2392 3723 apostolis
2424 3645 2482 3701 in
2517 3641 2976 3716 Constitutione,
3005 3661 3037 3703 a
3063 3644 3326 3706 secunda
3354 3645 3576 3711 Sabba-

1925 3738 2145 3814 torum,
2191 3732 2350 3814 quod
2386 3740 2474 3793 est
2505 3729 2726 3818 emptio
2770 3738 2930 3812 agni.
2970 3733 3172 3799 Const.
3207 3743 3430 3819 apost.,
3463 3739 3568 3804 ιιι.

1922 3841 1980 3902 v,
2007 3838 2144 3902 cap.
2180 3821 2280 3898 13,
2323 3821 2416 3898 15,
2460 3821 2688 3897 18,19.

1547 3971 1786 4036 [heresi
1820 3969 1917 4052 75,
1954 3987 2123 4034 num.
2157 3971 2217 4030 6.

269 4152 326 4208 Εἰ
357 4149 411 4208 δὲ
443 4151 533 4207 καὶ
563 4149 676 4230 χρὴ
707 4148 770 4204 τὸ
791 4150 887 4214 τῆς
921 4143 1220 4210 Διατάεεως
1245 4147 1352 4200 τῶν
1380 4141 1696 4200 ἀποστόλων
1741 4143 1838 4200 λέ-

181 4261 324 4317 γειν,
382 4245 502 4305 πῶς
560 4229 677 4295 ἐκεῖ
735 4237 985 4313 ὣρίζοντο
1039 4229 1262 4312 τετράδα
1315 4231 1402 4288 καὶ
1465 4230 1839 4310 Προσάϐϐατον

184 4330 435 4398 νηστείαν
485 4325 786 4409 (Usserius
815 4323 1082 4403 corrigit,
1133 4320 1424 4400 νηστεύειν)
1471 4319 1555 4377 διὰ
1610 4324 1834 4397 παντὸς,

2004 4141 2065 4206 Si
2094 4161 2230 4205 vero
2261 4142 2441 4204 etiam
2478 4149 2712 4222 oportet
2741 4160 2812 4204 ex
2837 4145 3243 4224 apostolorum
3277 4145 3573 4214 Constitu-

1922 4231 2082 4294 tione
2107 4233 2425 4313 lequi;quo
2443 4232 2622 4294 modo
2649 4231 2773 4296 illic
2798 4232 3161 4296 deﬁnierunt
3175 4237 3572 4318 jeiunandum

1926 4340 2058 4385 esse
2095 4330 2385 4402 perpetuo
2420 4329 2628 4402 quarta
2656 4322 2804 4383 feria
2825 4331 2882 4386 et
2915 4323 3303 4408 Prosabbato,
3330 4337 3575 4410 excepta

180 4393 355 4500 χωρὶς
413 4393 792 4485 Πεντηκοστῆς
825 4431 840 4445 ⁶
889 4393 1119 4492 καὶῠπενρὶ
1147 4414 1255 4469 τῶν
1277 4409 1338 4500 ,ἔξ
1367 4393 1589 4500 ἡμερῶν
1611 4418 1701 4468 τοῦ
1724 4393 1836 4468 Hd;

1931 4393 2285 4476 Pentecoste
2314 4432 2330 4487 ;
2363 4393 2523 4474 et'de
2545 4428 2648 4472 sex
2683 4410 2900 4475 diebus
2927 4393 3573 4497 Paschatis,quomodo

179 4498 319 4589 iris,
378 4510 493 4571 πῶς
553 4505 982 4587 παραγγέλλουσι
1029 4500 1199 4578 μηδὲν
1249 4499 1391 4566 ὅλως
1446 4498 1760 4584 λαμϐάνειν,
1804 4501 1841 4570 ἢ

180 4598 344 4678 ἄρτου
374 4600 462 4655 καὶ
491 4596 620 4661 ἀλὸς
677 4597 765 4653 καὶ
820 4593 1033 4674 ὕδατος,
1098 4591 1255 4648 ποίαν
1297 4612 1355 4648 τε
1399 4590 1606 4670 ἡμέραν
1666 4589 1840 4672 ἄγειν,

180 4693 299 4754 πῶς
328 4709 387 4744 τε
432 4687 683 4745 ἀπολύειν
743 4687 815 4749 εἷς
867 4683 1272 4763 ἐπιφώσκουσαν
1327 4683 1616 4760 Κυριακὴν,
1676 4701 1842 4761 φανε-

180 4779 276 4858 ρόν
317 4780 455 4841 εστι.
501 4775 578 4838 Ει
607 4773 762 4836 infra
796 4795 810 4836 :
867 4773 1005 4832 Εἶτα
1054 4769 1108 4827 δὲ
1168 4772 1212 4826 εἰ
1249 4771 1334 4846 μὴ
1370 4770 1488 4848 περὶ
1532 4775 1628 4838 τῆς
1671 4771 1839 4839 αὐτῆς

179 4867 481 4932 ὑποθέσεως
513 4863 777 4943 τετράδων
832 4865 920 4921 καὶ
982 4858 1370 4939 Προσαϐϐάτων
1417 4865 1462 4916 οἱ
1515 4861 1660 4919 αὐτοὶ
1694 4859 1836 4917 ἁπό-

179 4957 363 5017 στολοι
385 4957 438 5016 ἰν
467 4962 539 5034 τῇ
572 4953 812 5019 Διατάξει
843 4953 1055 5032 ἔλεγον,
1099 4951 1186 5010 καὶ
1235 4949 1416 5014 ἄλλως
1464 4949 1524 5008 ἐκ
1553 4950 1839 5030 πανταχό-

175 5055 270 5108 θεν
314 5048 548 5129 ιῖχομιν
608 5043 883 5110 ἀποδεῖξαι
913 5060 928 5076 ⁹
982 5041 1128 5118 ὅμως
1176 5041 1294 5120 περὶ
1366 5041 1553 5099 τούτου
1610 5039 1839 5120 ἀκριϐῶς

175 5140 459 5221 γράφουσι·

1926 4501 2276 4582 pmoipiunt
2296 4501 2444 4562 nihil
2471 4502 2719 4562 omnino
2739 4516 3002 4584 sumere,
3031 4512 3250 4584 praeter
3271 4523 3486 4587 panem
3516 4521 3575 4572 et

1925 4591 2213 4682 salemet
2241 4608 2478 4682 aquam,
2513 4589 2876 4682 qualemque
2922 4591 3084 4653 diem
3115 4611 3313 4672 agere,
3366 4607 3422 4661 et
3457 4613 3572 4682 quo

1926 4688 2095 4762 pacto
2114 4680 2412 4759 jejunium
2439 4681 2667 4742 solvere
2711 4682 2768 4742 in
2799 4680 3187 4744 illucescente
3217 4680 3526 4753 Dominica
3557 4713 3572 4768 ;

1926 4769 2307 4832 manifestum
2343 4779 2460 4831 est.
2490 4769 2574 4832 Et
2593 4769 2784 4851 paulo
2814 4781 2976 4851 post:-
2997 4773 3229 4836 Deindo
3249 4780 3474 4853 vero,si
3498 4780 3574 4844 de

1923 4859 2135 4922 eodem
2194 4867 2546 4938 argumento
2574 4859 2932 4933 Quartarum
2975 4871 3035 4922 et
3091 4862 3570 4930 Prosablatorum

1926 4948 2106 5012 iidem
2131 4949 2381 5028 apostoli
2404 4947 2902 5012 inConstitntione
2935 4966 3053 5013 non
3073 4951 3568 5029 dixissent;etiam

1925 5038 2097 5101 aliter
2110 5037 2374 5119 undique
2388 5055 2696 5125 possemus
2709 5040 3487 5125 demonstrarezquanquam
3505 5065 3574 5110 ea

1925 5129 2001 5218 de
2018 5147 2084 5191 re
2107 5137 2385 5218 accurate
2401 5123 2692 5218 scribunt.
2719 5131 2876 5210 Lege
2899 5130 3182 5213 (Μηδικῇ,
3204 5132 3307 5195 lib.
3332 5123 3398 5210 ν,
3431 5155 3566 5218 cap.

1931 5217 2026 5300 15,
2059 5218 2160 5292 90;
2190 5217 2294 5281 lib.
2323 5233 2432 5293 vn,
2452 5235 2581 5298 cap.
2607 5216 2710 5299 23;
2738 5220 2843 5281 lib.
2877 5235 3086 5302 v,cap.
3115 5222 3318 5300 13,15,
3349 5216 3569 5306 18,19.

1554 5351 1789 5416 Haresc‘
1815 5350 1917 5433 80,
1963 5370 2132 5416 num.
2165 5354 2225 5410 7.

274 5496 370 5551 Kal
420 5496 537 5574 περὶ
582 5495 684 5570 μὲν
733 5491 821 5550 οὖν
863 5498 959 5550 τοῦ
999 5490 1201 5567 γενείου
1259 5488 1314 5544 ἐν
1371 5500 1495 5551 ταῖς
1546 5489 1830 5556 Διατάξεσι

183 5583 303 5643 τῶν
331 5583 642 5642 ἀποστόλων
698 5583 887 5663 φάσκει
947 5583 975 5638 ὁ
1028 5583 1173 5642 Octo:
1205 5579 1363 5656 λόγος
1397 5579 1482 5634 καὶ
1512 5580 1546 5648 ἡ
1578 5577 1830 5638 διδασκα-

185 5676 278 5732 λία
333 5674 411 5752 μὴ
443 5676 692 5754 φθείρειν,
737 5670 974 5729 τουτέστι
1023 5669 1101 5746 μὴ
1148 5667 1354 5744 τέμνειν
1387 5669 1578 5748 τρίχας
1607 5672 1833 5750 γενείου,

1999 5487 2072 5549 Et
2102 5485 2343 5567 quidem
2377 5485 2456 5546 de
2486 5485 2759 5566 barba,in
2780 5485 3316 5573 Constitutionibue
3336 5496 3572 5570 aposto-

1918 5578 2110 5639 lorum
2133 5576 2213 5637 ait
2234 5574 2469 5635 divinus
2496 5586 2725 5654 sermo,
2755 5576 3129 5640 etdoctrina‘:
3156 5595 3276 5638 non
3292 5596 3569 5640 corrum-

1921 5665 2154 5750 pendos
2183 5665 2469 5738 esse,boc
2491 5674 2604 5740 est,
2641 5684 2760 5728 non
2783 5684 2918 5728 esse
2938 5665 3236 5730 scandes
3251 5665 3412 5747 pilo.
3425 5667 3569 5733 Ιιιιι-
