4124 6458
542 281 658 344 547
1393 281 1452 342 S.
1503 277 1936 345 CLEMENTIS
1978 279 2001 343 l
2046 278 2229 344 ROM.
2278 276 2502 346 PONT.
2550 277 2796 346 OPERA
2845 278 3100 348 DUBIA.
3813 282 3937 346 548

545 416 660 490 διο,
686 433 884 496 neque
913 414 1324 494 usurpandum
1353 415 1758 477 meretricium
1779 425 2173 497 ornatum,ne

2307 415 2410 485 ,ηδέ
2465 418 2763 496 ἑταιρισμῷ
2837 421 3281 497 κατακομεϊσθαι,
3359 419 3494 494 μήτε
3567 418 3935 498 ὑπερηφανίας

546 525 661 587 que
693 504 916 566 debere
943 503 1189 582 justitiaa
1237 506 1535 566 incessum
1593 506 1891 584 superbiai
1938 507 2174 588 specien

2016 507 2196 568 erlem
2281 506 2576 588 ὑπόδειγμα
2607 508 2944 577 δικαιοσύνης
2977 511 3074 577 τὴν
3104 506 3447 588 προσέλευσιν
3479 505 3644 588 ἔχειν.

547 595 788 658 habere.
824 595 1100 660 Constit..
1135 592 1245 655 tib.
1276 611 1317 669 ι,
1351 611 1487 673 cap.
1523 599 1584 656 3.

830 721 1066 779 Auctor
1095 712 1307 796 Operis
1343 717 1678 795 imperfecti
1706 720 1771 778 in
1811 717 2187 800 Matthaum,
2218 718 2380 800 apud
2411 722 2479 782 S.
2528 719 3047 800 Chrysostomum.
3111 720 3205 782 Ad
3234 719 3447 781 Matth.
3478 734 3558 794 v1,
3591 717 3651 780 3.

629 854 819 917 Aliter
849 861 1013 913 certe
1045 852 1197 911 sicut
1228 851 1478 929 apostoli
1503 851 1975 932 interpretantur
2006 853 2064 914 in
2092 853 2243 915 libro
2265 854 2596 927 Canonum,
2631 852 2732 933 qui
2758 861 2847 914 est
2874 851 2949 912 de
2979 850 3305 932 episcopis;
3328 851 3538 913 dextra
3562 857 3652 910 est
3674 846 3939 928 populus

545 943 944 1019 Christianus,
980 941 1080 1020 qui
1105 949 1192 1002 est
1223 940 1296 1000 ad
1329 939 1602 1000 dextram
1627 941 2126 1010 Christi;sinistra
2154 951 2376 1018 autem,
2413 942 2610 1003 omnis
2638 942 3022 1022 populus,qui
3055 949 3146 1002 est
3176 941 3247 1001 ad
3281 939 3607 1001 sinistram.
3641 936 3768 998 Hoc
3788 954 3936 1016 ergo

546 1034 691 1093 dicit
727 1052 740 1092 :
778 1030 861 1092 Ne
882 1031 1276 1094 Christianum
1303 1028 1616 1090 facientem
1643 1031 2106 1111 eleemosynam,
2131 1033 2234 1112 qui
2269 1040 2358 1094 est
2381 1031 2612 1113 dextra,
2643 1031 2903 1092 inﬁdelis
2928 1031 3193 1111 aspiciat,
3229 1029 3335 1109 qui
3360 1039 3451 1090 est
3473 1025 3938 1090 siuistra.Cbri—

547 1122 776 1182 stianus
799 1128 998 1181 autem
1024 1118 1072 1179 si
1103 1118 1507 1181 Christianum
1540 1119 1756 1182 viderit
1788 1120 2201 1201 eleemosynas
2234 1122 2587 1196 facientem,
2621 1139 2742 1182 non
2777 1129 2872 1183 est
2891 1129 3100 1183 contra
3125 1118 3346 1183 Christi
3377 1125 3761 1199 praeceptum,
3794 1133 3943 1195 quo-

551 1211 704 1271 niam
729 1207 901 1271 ambo
933 1208 1142 1270 dextra
1173 1219 1336 1268 sunt.
1374 1207 1512 1269 Vide
1543 1208 1681 1272 Not.
1717 1211 1802 1271 ad
1826 1208 2034 1274 Const.
2065 1229 2190 1292 ap.,
2219 1210 2325 1274 lib.
2363 1228 2446 1286 ιιι,
2479 1228 2530 1273 c.
2575 1211 2665 1274 l4.

1925 1374 2010 1434 Ait
2044 1373 2261 1434 Matth.
2301 1389 2434 1453 xxv,
2472 1371 2570 1433 18.

633 1531 744 1604 Qui
777 1529 1174 1592 ministerium
1209 1549 1382 1592 suum
1409 1531 1561 1593 bene
1593 1534 2121 1604 consummaverit,
2156 1540 2403 1612 apparet
2433 1531 2572 1612 quia
2598 1551 2668 1594 ex
2698 1535 2818 1593 Deo
2847 1533 3042 1593 fuerat
3070 1529 3511 1609 ordinatus;qui
3541 1534 3736 1589 autem
3762 1527 3940 1588 mini-

551 1623 793 1682 sterium
816 1639 984 1681 suum
1012 1640 1127 1681 non
1157 1623 1309 1680 bene
1333 1623 1864 1697 consummaverit,
1891 1643 1961 1684 ex
1977 1621 2321 1683 hominibus
2344 1621 2653 1683 ordinatus
2673 1630 2783 1684 est.
2808 1624 2937 1695 Quo
2968 1622 3144 1683 modo
3167 1630 3364 1682 autem
3389 1617 3627 1700 quidam
3647 1616 3939 1677 sacerdo—

550 1722 638 1773 tes
669 1729 737 1772 ex
774 1710 1117 1770 hominibus
1149 1711 1525 1785 ordinantur,
1556 1711 1866 1773 manifeste
1888 1712 1944 1772 in
1987 1712 2139 1773 libro
2172 1722 2380 1773 octavo
2412 1710 2722 1774 Canonum
2754 1711 3164 1792 apostolorum
3197 1710 3440 1771 dicitur.
3474 1706 3587 1781 Qui
3635 1715 3832 1768 autem
3864 1722 3940 1766 ex

553 1799 898 1863 hominibus
929 1799 1236 1861 ordinatus
1270 1809 1379 1876 est,
1406 1810 1689 1881 quantum
1722 1800 1795 1862 ad
1835 1808 2019 1865 Deum
2057 1821 2174 1863 non
2206 1811 2297 1864 est
2328 1801 2613 1864 diaconus
2639 1811 2742 1864 aut
2764 1802 3067 1865 sacerdos.
3107 1801 3390 1880 Constit.,
3419 1797 3523 1862 lib.
3559 1813 3678 1874 VIII,
3711 1814 3843 1876 cap.
3877 1796 3934 1857 2.

1271 1959 1605 2043 Maximus,
1641 1963 1707 2025 in
1741 1963 2072 2043 epistolam
2105 1971 2385 2026 octavam
2419 1961 2722 2046 Dionysii,
2750 1972 2890 2045 post
2917 1961 3208 2026 medium.

641 2124 822 2182 Porro
847 2123 906 2182 in
934 2121 1120 2183 sacris
1147 2122 1542 2184 institutorem
1565 2133 1729 2185 vocat
1755 2125 1991 2186 beatum
2024 2144 2201 2205 apos-
2229 2131 2266 2182 Β

2372 2115 2659 2201 ἰεροθὲτην
2703 2124 2755 2180 δὲ
2799 2125 2959 2182 καλεῖ
3000 2126 3091 2182 τὸν
3153 2124 3308 2200 ἅγιον
3356 2120 3652 2181 ἀπόστολον
3706 2117 3939 2197 Παῦλον,

557 2213 737 2273 tolum
772 2211 1047 2283 Paulum,
1083 2221 1146 2274 ut
1171 2230 1306 2272 eum
1366 2213 1467 2293 qui
1503 2214 1693 2293 ipsum
1730 2214 2108 2276 ordinaverat
2140 2217 2185 2278 it

2313 2237 2358 2278 ις
2390 2217 2844 2294 χειροτονήσαντα
2879 2215 3021 2287 αὒτῷ
3072 2215 3171 2281 τὴν
3203 2214 3606 2294 ἀρχιερωσύνην
3648 2211 3744 2282 τῆς
3802 2216 3941 2276 Ἐγ-

557 2302 960 2382 pontificatum
996 2299 1282 2362 Ecclesia:
1311 2302 1723 2383 Atheniensis,
1752 2304 1902 2364 sicut
1929 2305 1986 2365 in
2020 2307 2185 2366 sacri:

2311 2303 2504 2371 μλησίας
2537 2303 2641 2359 τῶν
2689 2303 2949 2383 Ἀθηνῶν,
2983 2305 3154 2366 καθὼς
3185 2303 3238 2358 ἐν
3270 2318 3390 2366 ταῖς
3421 2308 3588 2383 ἱεραῖς
3645 2308 3750 2363 τῶν
3792 2308 3939 2364 ἁπο-

554 2392 956 2472 apostolorum
995 2390 1530 2453 Constitutionibus
1580 2393 1867 2473 scriptum
1918 2405 2025 2456 est.
2068 2393 2175 2457 Lib

2315 2392 2491 2450 10'le
2515 2392 2808 2472 γέγραπται
2842 2392 3143 2471 διαταγαϊς.
3183 2394 3339 2470 Lege
3369 2391 3440 2453 ad
3467 2411 3598 2476 cap.
3632 2399 3691 2470 2,
3725 2395 3943 2458 DeEc-

556 2496 662 2553 vn,
691 2499 822 2562 cap.
863 2481 961 2543 46.
2288 2482 2428 2546 cles.
2464 2481 2790 2564 hierarch.,
2825 2491 2884 2544 et
2915 2482 2976 2544 in
3003 2481 3275 2563 Prologo.

560 2630 904 2695 Timotheus
931 2627 1261 2710 presbyter,
1299 2637 1561 2692 tractatu
1593 2633 1662 2692 de
1695 2632 1771 2714 iis
1799 2634 1904 2714 qui
1935 2632 2227 2714 accedunt
2257 2632 2338 2695 ad
2371 2631 2837 2714 Ecclesiam,jn
2890 2632 3185 2696 Auctario
3241 2634 3633 2699 Bibliotheca
3678 2639 3936 2703 Patrum

1685 2711 2157 2794 Combeﬁsiano,
2195 2720 2338 2778 tom.
2370 2711 2445 2776 II.
2479 2733 2546 2794 p.
2589 2711 2813 2775 453D.

637 2861 791 2924 Audi
816 2861 1219 2942 apostolorum
1243 2860 1448 2926 verba:
1488 2861 1724 2939 Videte,
1761 2871 1877 2927 etc.
1913 2862 2202 2944 θυαεδαμ,

2369 2861 2579 2925 "Amos
2638 2869 2742 2920 τῶν
2792 2862 3162 2920 ἂποστολικῶν
3198 2884 3213 2900 ο
3293 2855 3469 2944 Ὀρᾶτε
3533 2868 3599 2923 τὰ
3672 2867 3756 2925 in’
3803 2871 3936 2926 ὀνό-

556 2952 661 3016 lib.
696 2967 773 3027 νι,
799 2970 931 3032 cap.
966 2952 1063 3016 16.

970 2952 1063 3016 16.
2290 2975 2443 3029 pars,
2478 2959 2598 3014 etc.

1784 3105 1996 3166 Caunii
2036 3101 2360 3168 Trullanus
2406 3102 2726 3165 secundus.

638 3247 865 3313 Placuit
895 3256 1093 3310 autem
1143 3257 1199 3309 et
1225 3247 1338 3310 hoc
1366 3259 1585 3312 sanctis
1619 3251 1758 3313 huic
1812 3252 2034 3331 synodo
2068 3251 2206 3332 pul-

2376 3251 2575 3320 ’Ἔδοξε
2606 3250 2659 3308 δὲ
2691 3253 2777 3309 καὶ
2821 3255 2971 3311 τοῦτο
3015 3259 3083 3330 τῇ
3112 3255 3235 3332 ἁγίᾳ
3279 3259 3445 3332 ταύτῃ
3496 3257 3702 3333 συνόδῳ
3746 3259 3942 3316 κάλλι-

558 3340 857 3401 cberrime
880 3357 948 3402 ac
972 3337 1295 3419 optime,ut
1325 3338 1398 3400 ab
1420 3339 1533 3401 hoc
1558 3349 1830 3420 tempore
1853 3341 2011 3403 ﬁrmi
2030 3341 2186 3405 stabit

2321 3342 2393 3400 τά
2420 3364 2476 3399 τε
2520 3342 2607 3398 καὶ
2664 3339 3074 3415 σπουδαιότατα,
3137 3343 3273 3400 ὥστε
3319 3346 3501 3420 μένειν
3558 3349 3646 3405 καὶ
3698 3348 3800 3404 ἀπὸ
3848 3359 3949 3405 τοῦ

557 3430 764 3511 lesqne
785 3437 1065 3490 maneant
1098 3428 1168 3489 ad
1194 3429 1532 3490 animarum
1559 3429 1853 3491 medelam
1880 3440 1938 3492 et
1968 3440 2185 3511 pertur-

2321 3440 2380 3489 ὗν
2433 3430 2699 3512 βεϐαίους,
2744 3432 2832 3489 καὶ
2893 3431 3150 3511 ἀσφαλεῖς
3223 3435 3353 3512 πρὸς
3428 3441 3618 3516 ψυχῶν
3663 3440 3949 3515 θεραπείαν

558 3519 864 3581 bationum
893 3518 1598 3596 curationem,octoginta
1626 3519 1894 3599 quinque
1920 3539 2180 3583 canones

2325 3522 2376 3578 al
2405 3522 2635 3596 ἰατρείαν
2667 3523 2868 3596 παθῶν,
2928 3521 3046 3585 τοὺς
3103 3523 3203 3578 ὑπὸ
3261 3529 3367 3579 τῶν
3423 3527 3523 3604 πρὸ
3567 3528 3722 3602 ἡμῶν
3781 3528 3953 3606 ἁγίων

557 3609 768 3670 sanciti
800 3626 831 3668 a
884 3607 1107 3669 sanctis
1140 3616 1198 3670 et
1246 3607 1521 3686 gloriosxs
1555 3609 1862 3691 apostolis,
1921 3611 2017 3692 qui
2051 3629 2185 3692 prie

2321 3612 2376 3667 ,αὶ
2439 3609 2656 3677 ἐνδόξων
2701 3609 3018 3667 ἀποστόλων
3069 3609 3397 3690 ὀγδοήκοντα
3473 3616 3629 3672 πέντε
3693 3616 3949 3679 κανόνας.

561 3703 871 3758 cesserunt
902 3715 1031 3758 nos.
1067 3694 1355 3767 Quoniam
1389 3705 1585 3758 autem
1611 3697 1672 3758 in
1704 3698 1824 3760 illis
1877 3699 2189 3763 canonibu:

2320 3699 2513 3768 Επειδὴ
2569 3698 2623 3755 δὲ
2668 3699 2722 3755 ἐν
2767 3701 2968 3766 τούτοις
3012 3713 3130 3764 τοῖς
3191 3703 3406 3760 κανόσιν
3440 3703 3745 3761 ἐντέταλται
3777 3704 3948 3785 δέχε-

561 3795 924 3866 praeceptum
963 3792 1073 3859 est,
1113 3792 1175 3845 ut
1200 3787 1565 3866 recipiamus
1590 3787 1944 3850 eorumdem
1970 3796 2189 3850 sanctol

2323 3793 2411 3847 θαι
2445 3792 2613 3868 ἡμᾶς,
2659 3790 2753 3851 τὰς
2787 3795 2892 3844 τῶν
2927 3793 3098 3848 αὐτῶν
3133 3792 3295 3870 ἁγίων
3324 3792 3640 3850 ἀποστόλων
3672 3793 3755 3850 διὰ
3789 3797 3951 3864 Κλή-

559 3893 691 3935 rum
723 3872 1125 3964 apostolorum
1160 3893 1269 3955 per
1323 3874 1692 3938 Clementem
1722 3878 2182 3940 constitutiones

2322 3901 2485 3943 ιεντος
2519 3875 2798 3952 διατάξεις,
2832 3882 2922 3942 αἷς
2951 3901 3058 3936 τισι
3088 3877 3255 3938 πάλαι
3306 3884 3407 3939 ὑπό
3458 3889 3564 3940 τῶν
3623 3883 3950 3964 ἑτεροδόξων

562 3964 779 4044 quibus
815 3965 939 4044 jam
973 3963 1114 4025 olim
1142 3968 1214 4025 ab
1251 3964 1632 4027 heterodoxis
1666 3966 1737 4028 ad
1758 3967 2045 4030 Ecclesiae
2068 3985 2190 4047 per-

2327 3992 2378 4026 πι
2421 3967 2584 4045 λοίμῃ
2633 3971 2730 4036 τῆς
2790 3964 3139 4050 Ἐκκλησίας,
3188 3971 3310 4027 νόθα
3356 3974 3472 4028 τινα
3530 3974 3619 4030 καὶ
3678 3963 3797 4039 ξένα
3848 3974 3955 4042 τῆς

565 4053 784 4115 niciem
818 4053 1042 4114 inserta
1075 4062 1212 4114 sunt
1265 4054 1534 4135 quaedam
1566 4055 1902 4120 adulterina
1931 4065 1990 4119 et
2015 4057 2193 4120 alien:

2329 4056 2616 4125 Ξκκλησίας
2661 4053 2810 4104 ’τί-³9
2859 4058 3306 4136 παρενετίθησαν,
3349 4063 3411 4117 τὸ
3460 4063 3716 4140 εὐπρεπὲς
3748 4061 3957 4128 κάλλος

561 4162 594 4205 a
625 4143 872 4224 pietate,
909 4161 1040 4225 quas
1088 4143 1423 4221 elegantem
1482 4164 1550 4206 ac
1599 4145 1879 4208 decoram
1943 4146 2189 4227 speciei:

2331 4155 2400 4203 ῶν
2444 4149 2595 4204 θείων
2653 4146 2934 4226 δογμάτων
2996 4151 3130 4224 ἡμῖν
3191 4149 3601 4230 ἀμαυρώσαντα,
3689 4155 3787 4220 τὴν
3841 4154 3959 4210 τῶν

564 4233 904 4295 divinorum
963 4231 1302 4312 dogmatum
1360 4233 1535 4295 nobis
1601 4235 2044 4317 obscurarunt;
2107 4238 2192 4300 hat

2330 4238 2545 4294 οιούτων
2577 4236 2863 4303 διατάξεων
2914 4240 3231 4320 προσφόροις
3260 4239 3534 4309 ἀποϐολὴν
3581 4244 3958 4318 πεποιήμεθα,

567 4322 1031 4384 constitutiones
1119 4322 1584 4387 conducibiliter
1639 4325 1710 4386 ad
1778 4325 2188 4388 Christianism

2330 4331 2427 4407 πρὸς
2484 4341 2583 4395 τὴν
2642 4337 2734 4387 τοῦ
2781 4331 3299 4407 Χριστιανικωτάτου
3354 4336 3602 4399 ποιμνίου
3659 4329 3958 4407 οἰκοδομὴν

564 4416 767 4491 gregis
792 4410 1252 4474 aedificationem
1282 4432 1350 4474 ac
1393 4413 1804 4495 securitatem,
1839 4415 2163 4494 rejecimus
2191 4439 2192 4473 ς

2334 4421 2385 4474 αὶ
2436 4418 2750 4498 ἀσφάλειαν,
2811 4415 3056 4493 οὐδαμῶς
3117 4419 3443 4498 ἐγκρίνοντες
3500 4424 3566 4477 τὰ
3607 4423 3702 4489 τῆς
3749 4422 3961 4491 αἱρετι-

561 4503 860 4564 baareticaa
891 4501 1165 4565 falsitatis
1195 4503 1350 4565 fetus
1376 4521 1749 4584 nequaquam
1784 4507 2188 4568 immiscentes

2329 4513 2399 4573 ,ἧς
2455 4505 2800 4586 ψευδολογίας
2863 4510 3132 4582 κυήματα,
3187 4511 3275 4565 καὶ
3336 4516 3401 4586 τῇ
3433 4513 3624 4590 γνησίᾳ
3657 4518 3761 4567 τῶν
3805 4511 3957 4568 ἀπο-

563 4601 622 4653 et
653 4609 953 4671 germanae
979 4609 1046 4651 ac
1069 4592 1323 4670 integrae
1352 4592 1759 4673 apostolorum
1793 4595 2084 4658 doctrinas
2108 4597 2191 4657 in-

2135 4615 2206 4657 n-
2232 4596 2273 4646 D
2292 4597 2496 4654 στόλων
2522 4600 2610 4654 καὶ
2641 4597 2927 4675 ὁλοκλήρῳ
2956 4595 3156 4676 διδαχῇ
3185 4602 3607 4679 παρενείροντες,
3642 4609 3758 4663 etc.

563 4689 864 4760 serentes,
899 4689 1016 4744 etc.

645 4801 1023 4883 Nicephorus
1053 4799 1766 4882 Constantinopolitanus
1806 4807 2189 4889 patriarcha,
2227 4809 2292 4870 in
2322 4807 2442 4888 ﬁne
2476 4803 2928 4886 Chronologiaa,
2962 4804 3069 4868 ubi
3097 4805 3172 4868 de
3201 4805 3377 4868 libris
3405 4805 3876 4887 Scrtpturarum

744 4937 849 5002 Ea:
873 4939 1151 5001 versione
1180 4939 1504 5002 Anastasii
1524 4938 1665 5002 Bibl
1678 4940 2028 5008 iothecarii.

644 5028 718 5096 Et
748 5049 884 5110 quae
905 5028 1052 5092 Novi
1083 5028 1498 5111 (Testamenti)
1530 5041 1670 5096 sunt
1700 5037 2063 5119 apocrypha,
2099 5047 2217 5102 etc.

2389 5038 2485 5096 Καὶ
2541 5035 2639 5092 ὅσα
2693 5041 2790 5103 τῆς
2852 5038 2988 5101 Νέας
3049 5038 3176 5093 εἰσὶν
3224 5034 3528 5115 ἀπόκρυφα,
3589 5043 3706 5098 etc.
3747 5035 3964 5118 Διὸαχὴ

563 5124 842 5186 Doctrina
872 5119 1308 5202 apostolorum,
1349 5140 1557 5185 versus
1580 5122 1721 5200 200,
1758 5132 1872 5187 etc.

1608 5123 1721 5200 ΪΟΟ,
1758 5132 1872 5187 etc.
2308 5125 2621 5184 ἀποστόλων
2661 5142 2674 5154 ⁸
2713 5126 2892 5206 στίχοι
2926 5125 2976 5182 σ¹
3010 5123 3085 5199 ⁸ο,
3121 5133 3236 5188 etc.

1653 5259 1931 5345 Photius,
1955 5261 2350 5326 Bibliotheca
2382 5264 2512 5325 cod.
2542 5279 2685 5345 cm,
2711 5279 2877 5327 cxiii.

651 5386 825 5446 Lecta
854 5390 994 5443 sunt
1014 5381 1337 5446 Clementis
1361 5387 1613 5448 Romani
1658 5387 1773 5449 duo
1809 5389 2108 5450 volumina
2136 5389 2216 5451 li-

2386 5388 2724 5467 Ἀνεγνώσθη
2774 5391 3078 5467 Κλήμεντος
3126 5396 3219 5448 τοῦ
3268 5388 3486 5465 Ῥώμης
3527 5388 3701 5466 τεύχη
3741 5383 3968 5460 βιϐλίων

569 5472 840 5547 brorum;
862 5471 1325 5560 quorumralteri
1360 5475 1566 5538 titulus
1588 5486 1702 5558 est,
1738 5477 2197 5540 Constitutione.

2341 5480 2392 5534 50
2427 5499 2438 5514 ·
2471 5486 2546 5534 ὦν
2576 5482 2638 5536 τὸ
2695 5481 2794 5553 μὲν
2851 5479 3222 5560 ἐπιγράφεται,
3276 5481 3534 5558 Διαταγαὶ
3564 5486 3670 5536 τῶν
3713 5475 3969 5532 ἀποστό-

571 5559 1566 5644 apostolorumperClementem;in
1584 5585 1700 5648 quo
1715 5567 1892 5628 etiam
1912 5567 2194 5629 continen

2341 5591 2411 5624 ων
2443 5566 2527 5626 διὰ
2562 5568 2899 5645 Κλήμεντος,
2951 5569 3004 5625 ἒν
3041 5577 3089 5643 ip
3134 5559 3223 5625 καὶ
3254 5571 3301 5627 οἱ
3335 5575 3441 5626 τῶν
3471 5571 3760 5632 συνοδικῶν
3792 5570 3969 5626 κανό-

651 5698 780 5745 ³⁶⁸
807 5701 886 5766 al.
914 5704 1204 5772 σῦσιϐειας,
1291 5708 1347 5754 ⁸ο
1379 5709 1457 5772 al.
1492 5710 1576 5784 ς’,
