4124 6444
316 290 439 356 519

1111 292 1771 358 CONSTITUTIONES
1816 284 2327 355 ΑΡΟΞΤΟΕΙΟίΕ.
2377 324 2452 337 -—
2499 287 2890 353 PROCEMIA.

3570 282 3691 350 550

314 449 423 483 νων
477 433 555 500 τῷ
619 429 929 508 ἀθροίσματι
977 435 1084 486 τῶν
1139 428 1451 487 ἀποστόλων
1480 430 1698 493 κανόνες
1739 427 1955 507 ἐπιγρα-

2045 433 2134 486 ιυι·
2163 424 2243 487 illi
2278 421 2680 504 canones,qui
2702 422 2859 483 inter
2885 418 3199 502 synodicos
3218 416 3403 484 cattui
3436 432 3676 504 aposto-

313 518 536 596 γόμενοι
565 518 930 599 περιέχονται.
990 516 1063 579 Et
1112 517 1305 581 infra:
1355 521 1413 575 A‘
1472 516 1525 573 δέ
1575 539 1636 596 γε
1704 517 1961 595 Δσαταγαὶ

311 608 449 683 τρισὶ
508 608 689 665 μόνοις
748 607 989 665 δοκοῦσιν
1018 609 1317 689 ἐνέχεσθαιο
1351 606 1742 685 κακοπλαστίᾳ,
1781 606 1848 674 ἢν
1903 608 1963 664 οὗ

311 694 555 775 χαλεπὸν
612 698 1099 755 ἇποσγευάσασθαι·
1171 700 1257 754 καὶ
1288 696 1368 755 ὅτι
1413 699 1500 755 καὶ
1556 703 1649 754 τοῦ
1711 707 1959 775 Δευτεροο

310 786 496 860 νομίου
525 783 698 865 ὕϐρεις
729 788 876 850 τινὰς
929 787 1214 867 ἐπαφίησιν
1246 784 1322 862 ⁴¹,
1354 788 1390 843 ἆ
1422 783 1476 829 δ’
1504 790 1590 843 καὶ
1620 786 1811 857 ῥᾷστον
1842 784 1959 841 δια-

308 872 594 931 λύσασθαι·
656 879 744 933 καὶ
804 876 879 932 ἔτι
976 874 1354 955 Ἀρειανισμῷ,
1432 875 1563 954 ὅπερ
1618 878 1680 931 ἂν
1738 896 1818 941 τις
1875 877 1962 931 καὶ

306 964 492 1041 βιαίως
566 963 961 1046 διακρούσαιτο,
1013 966 1083 1023 Ἠ
1115 968 1213 1043 μέν
1266 969 1346 1024 τοί
1387 988 1448 1045 γε
1475 967 1581 1023 τῶν
1625 975 1720 1025 τοῦ
1764 965 1961 1044 Πέτρου

309 1052 557 1133 Πραξεων
613 1053 794 1133 βίϐλος
854 1064 927 1131 τῷ
958 1078 1014 1113 τε
1045 1056 1276 1136 λαμπρῴ
1297 1058 1384 1114 καὶ
1415 1063 1479 1128 τᾷ
1526 1056 1838 1132 σεμνότητι,
1872 1056 1959 1111 καὶ

306 1143 384 1200 ἔτι
442 1150 518 1217 τῷ
568 1150 782 1224 καθαρῷ
849 1148 935 1202 καὶ
980 1146 1235 1223 συντόνῳ,
1264 1148 1351 1203 καὶ
1380 1152 1450 1223 τῇ
1496 1144 1635 1223 ἄλλῃ
1662 1146 1825 1224 ἆρέτῇ
1868 1145 1959 1202 τοῦ

304 1232 491 1314 λόγου,
518 1238 607 1291 καὶ
638 1234 968 1312 πολυμαθείᾳ
997 1243 1219 1293 τοσοῦτο
1251 1237 1368 1317 ἔχει
1396 1238 1528 1311 πρὸς
1555 1236 1648 1299 τὰς
1690 1236 1956 1313 Διαταγὰς

304 1324 367 1377 τὸ
422 1322 823 1402 παραλλάττον,
866 1326 938 1387 ὡς
1010 1322 1148 1401 μηδὲ
1195 1325 1463 1404 συγκρίσει
1534 1329 1602 1400 τῇ
1657 1324 1794 1381 κατὰ
1836 1324 1957 1388 τοὺς

2045 513 2235 573 lorum
2268 510 2669 574 ascribuntur.
2690 511 2765 572 Et
2785 509 3168 589 infrazPorro
3193 510 3677 589 Constitutiones,

2046 621 2116 663 ex
2142 602 2328 663 tribus
2360 601 2644 662 duntaxat
2671 599 2962 680 capitibus
2991 600 3449 681 reprehensioni
3482 602 3685 664 viden-

2046 701 2142 753 tur
2170 690 2459 753 obnoxiae:
2494 707 2570 752 ex
2608 689 2759 751 mala
2781 689 3229 771 ﬁctione,quam
3252 700 3533 754 excutere
3568 710 3687 754 non

2047 792 2136 843 est
2159 781 2422 843 difﬁcile:
2458 788 2514 843 et
2534 781 2690 862 quod
2716 783 3450 843 contraDeuteronomium
3477 781 3691 844 crimi-

2048 872 2316 933 nationes
2343 871 2630 952 quasdam
2661 868 2980 947 adducant;
3015 870 3168 950 quod
3200 870 3376 931 etiam
3408 871 3689 934 facillime

2045 961 2190 1022 dilui
2222 969 2431 1040 potest:
2461 968 2519 1020 et
2550 959 2744 1020 adhuc
2766 976 2835 1020 ex
2866 959 3230 1027 Arianismo:
3266 960 3420 1040 quod
3446 960 3684 1042 aliquis,

2044 1051 2182 1111 licet
2200 1051 2491 1111 violenter
2508 1049 2723 1130 poterit
2744 1046 3367 1129 depellere.C:eterum
3391 1049 3544 1112 liber
3568 1052 3687 1112 Ac-

2045 1150 2235 1202 torum
2270 1139 2449 1220 Petri,
2486 1138 2805 1220 splendore
2838 1147 2892 1200 et
2920 1140 3342 1217 majestate,ad
3370 1140 3494 1201 haec
3530 1141 3689 1221 puri-

2046 1239 2162 1293 tate
2198 1238 2255 1291 et
2313 1227 2715 1309 vehementia,
2771 1227 3024 1309 aliisque
3084 1228 3373 1290 orationis
3426 1229 3687 1311 dotibus,

2040 1330 2215 1402 atque
2252 1318 2566 1399 multiplici
2617 1317 2917 1393 doctrina,
2956 1325 3182 1379 tantum
3220 1318 3690 1381 Constitutiones

307 1409 505 1490 λόγους
538 1414 666 1490 πρὸς
683 1411 922 1483 ἀλλήλας
953 1411 1383 1492 παραϐάλλεσθαι.
1416 1414 1509 1477 τὰς
1567 1410 1807 1493 βίϐλους,
1838 1420 1951 1474 etc.

2045 1418 2303 1492 Superat,
2334 1416 2398 1469 ut
2427 1409 2537 1469 hos
2563 1407 2721 1470 inter
2751 1407 2935 1468 libros
2968 1408 3130 1469 nulla
3180 1410 3568 1489 comparatio,
3612 1408 3687 1470 ad

2040 1514 2384 1562 Sermonem
2416 1497 2573 1578 quod
2606 1497 2838 1572 attinet,
2872 1496 3101 1558 institui
3135 1497 3377 1579 debeat,
3407 1508 3522 1560 etc.

302 1658 553 1723 Nicetes
575 1660 943 1739 Pectoratus,
974 1660 1106 1723 Lib.
1132 1669 1346 1725 contra
1368 1663 1640 1725 Latinos.
1660 1666 1795 1742 post
1818 1662 2103 1723 medium.
2135 1659 2318 1742 Temo
2339 1666 2514 1742 screto
2546 1659 2827 1742 Antiquae
2848 1660 3168 1742 Lectionis,
3180 1658 3391 1742 _Henr.
3420 1660 3691 1736 Canisii;

304 1750 364 1802 et
393 1746 456 1803 in
482 1742 857 1805 Bibliotheca
882 1738 1157 1819 Patrum,
1188 1742 1373 1806 tom.I
1388 1743 1451 1824 V,
1470 1750 1634 1823 part.
1660 1738 1723 1816 it,
1749 1758 1860 1803 nec
1876 1760 1996 1805 non
2022 1741 2183 1822 apud
2208 1740 2569 1810 Baronium,
2594 1741 2937 1800 Annalium
2965 1748 3107 1802 tom.
3133 1738 3217 1813 Il,
3238 1744 3305 1801 in
3328 1742 3688 1821 Appendice.

386 1902 813 1981 Apostolorum
839 1905 1117 1975 vertices,
1145 1902 1207 1964 in
1232 1904 1436 1984 quinto
1454 1901 1697 1983 quidem
1722 1899 1874 1963 libro
1891 1901 2487 1982 Ordinationum,qui
2512 1900 2585 1961 de
2611 1898 2967 1980 martyribus
2985 1899 3354 1973 inscribitur,
3370 1900 3540 1979 juxta
3564 1898 3692 1963 Cle-

306 2002 573 2052 mentem
595 1989 670 2056 ‘3:
695 1994 992 2069 Quartam
1008 1994 1236 2070 [crium
1253 2001 1311 2056 et
1326 2000 1563 2056 sextam
1578 1998 1861 2072 prrecepit
1874 1991 2049 2054 nobis
2066 1994 2344 2069 ieiunare
2355 1991 2862 2053 Dominuszunam
2878 1990 3389 2070 quidem,propter
3401 1991 3691 2053 traditio-

303 2097 443 2141 nem
449 2081 766 2157 ;alteram,
780 2089 1029 2162 propter
1041 2087 1414 2163 passionem:
1437 2085 1641 2164 ipsum
1664 2089 1862 2144 autem
1893 2079 2224 2146 Sabbatum
2248 2079 2303 2122 ⁴⁴
2325 2098 2445 2143 non
2464 2080 2718 2141 tradidit
2744 2081 2915 2141 nobis
2919 2081 3226 2159 jejunare,
3252 2081 3541 2159 quoniam
3569 2098 3694 2143 non

302 2178 559 2247 oportet,
575 2178 806 2251 praeter
825 2170 982 2233 illud
1001 2172 1218 2247 solum,
1248 2175 1314 2235 in
1338 2190 1457 2253 quo
1490 2174 1750 2234 Creutor
1773 2171 2199 2247 omnium,sub
2217 2181 2387 2233 terra
2412 2170 2734 2249 fuit.Unde
2756 2168 2925 2249 juxta
2960 2168 3183 2229 calcem
3237 2169 3502 2246 ejusdem
3532 2170 3690 2243 libri,

305 2258 520 2319 iterum
536 2261 626 2321 sic
652 2261 918 2341 loquitur
936 2258 1010 2325 ‘5:
1022 2260 1220 2324 Omne
1231 2263 1475 2343 quidem
1490 2260 1825 2325 Sabbatum
1847 2268 1903 2323 et
1923 2278 2161 2323 omnem
2184 2261 2574 2323 Dominicum
2589 2258 3009 2322 celebrandum
3033 2255 3088 2299 ⁴⁶
3100 2276 3228 2321 esse
3244 2259 3696 2322 dicimus.Gau-

305 2347 447 2410 dere
468 2351 629 2411 enim
651 2358 885 2430 oportet
908 2354 973 2414 in
992 2352 1110 2423 his.
1141 2360 1198 2413 et
1228 2370 1352 2414 non
1382 2351 1616 2433 lugere.
1645 2350 1913 2431 Septimo
1934 2350 2175 2431 quidem
2201 2351 2354 2412 libro
2379 2367 2580 2411 earum
2607 2348 3133 2419 Constitutionum,
3154 2348 3326 2427 juxta
3348 2348 3693 2411 vicesimum

302 2446 577 2517 quartum
597 2448 772 2519 caput
794 2439 870 2522 ‘7,
896 2442 1007 2503 hoc
1031 2441 1328 2522 inquiunt:
1363 2442 1705 2504 Sabbatum
1725 2457 1989 2521 namque
2011 2448 2066 2503 et
2088 2441 2465 2503 Dominicum
2498 2438 2869 2502 celebramus
2889 2434 3141 2516 ‘7';quia
3164 2437 3317 2500 illud
3338 2439 3582 2516 quidem
3603 2438 3671 2501 di
3677 2474 3690 2484 -

298 2528 462 2588 vina
484 2531 853 2607 operationis
880 2539 965 2593 est
995 2532 1311 2612 memoria,
1338 2531 1438 2593 hic
1459 2528 1515 2572 ιθ
1542 2548 1683 2593 vero
1704 2533 2196 2594 resurrectionis.
2224 2529 2421 2593 Unum
2450 2546 2590 2591 vero
2624 2535 2861 2589 tantum
2881 2526 3211 2589 Sabbatum
3235 2527 3694 2591 custodiendum

299 2624 391 2679 est
412 2618 479 2680 in
497 2626 621 2681 toto
650 2637 836 2700 anno,
861 2619 1210 2700 Sepultum
1242 2620 1513 2695 Domini;
1536 2621 1952 2702 quojcjunare
1982 2629 2237 2701 oportet.
2285 2619 2549 2695 Quando
2573 2623 2747 2680 enim
2767 2616 3042 2680 Christus
3071 2619 3138 2679 in
3180 2618 3458 2696 sepulcro
3476 2619 3692 2697 jacuit,

300 2706 596 2787 discipuli
627 2710 1028 2787 potentiorem
1057 2713 1217 2773 circa
1233 2727 1373 2773 eum
1400 2710 1609 2788 ﬂetum
1633 2709 1952 2791 habebant,
1978 2728 2158 2790 quam
2180 2709 2473 2791 gaudium
2494 2726 2569 2771 ea:
2584 2709 2876 2769 memoria
2907 2706 3133 2769 diuina:
3150 2707 3537 2787 operationis,
3572 2717 3693 2770 etc.

1800 2871 1994 2939 Multo
2019 2878 2153 2953 post
2187 2892 2201 2936 :

392 3030 458 3092 In
490 3039 666 3093 sexto
689 3028 842 3091 libro
871 3029 1199 3094 Clementis
1223 3032 1684 3097 Ordinationum
1699 3081 1714 3107 ,
1736 3048 1869 3114 qum
1890 3030 1964 3094 ab
1984 3049 2056 3093 eo
2074 3030 2434 3113 conscripta)
2454 3040 2615 3113 sunt,
2634 3033 2804 3112 juxta
2824 3030 3037 3110 septizz.
3051 3049 3147 3092 um
3175 3031 3475 3094 decimum
3492 3042 3695 3112 caput,

308 3121 563 3199 apostoll
595 3121 723 3183 haec
750 3119 977 3184 dicunt:
1005 3120 1374 3203 Episcopum
1404 3128 1462 3185 et
1492 3121 1913 3203 presbyterum
1946 3129 2005 3183 et
2024 3122 2386 3193 diaconum,
2419 3122 2708 3194 dicimus,
2770 3123 2879 3201 qui
2929 3138 3113 3183 unam
3169 3122 3387 3184 habent
3414 3140 3694 3199 uxorem,

310 3209 625 3288 ordinari,
658 3212 935 3292 quamvis
955 3212 1174 3274 vivant
1200 3228 1416 3275 eorum
1444 3213 1760 3295 conjuges,
1792 3216 2070 3291 quamvis
2099 3211 2405 3290 defuncta:
2440 3233 2453 3270 :
2489 3228 2610 3273 non
2661 3209 2798 3273 licet
2828 3227 2924 3272 eos
2944 3216 3078 3291 post
3106 3227 3321 3274 manus
3342 3209 3398 3253 ⁸ο
3442 3214 3694 3294 imposi—

313 3299 536 3361 tionem
568 3305 856 3382 innuptas
882 3317 1034 3377 esse,
1065 3318 1174 3363 nec
1202 3302 1457 3381 insuper
1485 3303 1564 3365 ad
1593 3305 1846 3383 nuptias
1873 3300 2013 3381 ire;
2049 3308 2156 3363 aut
2184 3306 2243 3363 si
2262 3302 2601 3382 nupserint,
2636 3299 2873 3362 alteras
2910 3299 3216 3380 amplecti,
3248 3301 3355 3363 sed
3408 3300 3698 3381 sufﬁcere

312 3404 467 3467 quos
490 3387 711 3453 habent
736 3408 876 3453 cum
907 3390 986 3453 ad
1029 3391 1485 3455 ordinationem
1514 3400 1829 3457 venerunt.

1789 3524 1971 3589 Circa
2000 3525 2215 3606 ﬁnem:

396 3683 643 3767 Reliqui
664 3692 862 3746 autem
892 3684 1224 3760 Verticum,
1246 3683 1309 3746 in
1333 3685 1592 3764 septimo
1623 3688 1678 3733 δο
1706 3684 1861 3749 libro
1881 3682 2362 3761 lnstitutionum,
2413 3688 2581 3764 juxta
2608 3692 2840 3748 sextum
2872 3682 3173 3746 decimum
3202 3692 3381 3765 caput
3414 3683 3697 3766 liquidius

312 3773 636 3838 dixerunt:
676 3775 912 3840 Scimus
940 3776 1129 3857 enim,
1154 3775 1348 3858 inquit
1377 3772 1530 3857 δίου,
1557 3777 1709 3856 quia
1752 3776 1819 3839 hi
1840 3776 1945 3855 qui
1970 3775 2131 3837 circa
2157 3776 2494 3853 Simonem,
2521 3784 2575 3840 et
2600 3774 2938 3851 Cleobium,
2972 3781 3028 3837 et
3076 3773 3327 3850 Judam,
3388 3776 3699 3856 conscrip-

310 3870 523 3927 serunt
559 3864 747 3928 libros
766 3866 834 3927 in
856 3866 1100 3928 nomine
1123 3865 1425 3929 Christiet
1453 3866 1900 3947 discipulorum
1927 3864 2078 3945 ejus,
2111 3864 2549 3944 circumferunt
2568 3865 2647 3929 ad
2675 3865 3088 3928 seductionem
3100 3870 3387 3940 vestram,
3405 3873 3462 3927 et
3489 3881 3697 3927 eorum

309 3958 419 4032 qui
442 3952 715 4034 diligunt
746 3953 1081 4036 Christum,
1112 3960 1168 4017 et
1194 3971 1306 4018 nos
1332 3971 1539 4018 servos
1567 3956 1785 4036 ipsius.
1820 3955 1899 4017 Et
1928 3956 1999 4016 in
2031 3953 2339 4017 veteribus
2386 3956 2630 4035 quidam
2674 3956 3170 4035 conscripserunt
3196 3953 3387 4016 libros
3437 3970 3701 4035 apocry-

306 4043 469 4123 phos
501 4044 712 4126 Moysi,
746 4050 805 4107 et
828 4042 1065 4120 Enoch,
1098 4050 1157 4107 et
1187 4043 1405 4125 Adam,
1438 4041 1641 4127 Isaiae,
1676 4052 1733 4109 et
1763 4043 1981 4119 David,
2015 4050 2072 4107 et
2100 4044 2288 4126 Elia,
2340 4052 2397 4108 et
2457 4047 2648 4108 trium
2700 4042 3218 4125 patriarcharum,
3276 4044 3703 4125 corruptiones

309 4133 604 4214 facientes
632 4141 815 4214 atque
844 4135 1121 4196 veritatis
1143 4132 1425 4197 inimicos
1449 4132 1655 4198 libros.

325 4275 697 4341 Humbertus
714 4276 1028 4358 episcopus
1053 4274 1260 4357 Sylva
1293 4274 1609 4353 Candidas,
1638 4279 1708 4339 in
1728 4276 2118 4358 responsione
2141 4277 2221 4340 ad
2248 4276 2479 4341 Nicetae
2495 4278 2750 4353 librum,
2775 4275 2963 4339 multo
2983 4283 3117 4357 post
3137 4276 3382 4340 initium
3408 4294 3427 4352 ;
3452 4274 3697 4348 ibidem,

400 4410 882 4492 Reprehendens
909 4410 1068 4473 enim
1094 4429 1225 4493 nos,
1255 4430 1366 4474 cur
1385 4412 1737 4493 jejunemus
1756 4411 2052 4490 Sabbatis,
2087 4410 2236 4475 dicis
2264 4434 2277 4475 :
2309 4412 2537 4487 Quarta
2566 4421 2619 4475 et
2642 4420 2814 4475 semta
2834 4411 2994 4490 ferio
3006 4412 3245 4492 jugiter
3261 4410 3697 4491 jejunandum;

314 4520 451 4566 una
478 4508 726 4583 propter
752 4501 1173 4577 traditionem,
1197 4501 1397 4564 altera
1425 4509 1671 4582 propter
1688 4504 2036 4583 passionem
2065 4500 2317 4565 Domini
2339 4526 2365 4575 ;
2423 4501 2684 4567 Sabbato
2714 4509 2916 4564 autem
2937 4516 3277 4581 nunquam,
3308 4500 3435 4562 nisi
3453 4516 3599 4563 uno.
3633 4497 3705 4562 Et

315 4593 434 4654 hoc
465 4609 738 4655 asserere
761 4590 998 4653 conaris
1029 4608 1101 4653 ex
1130 4589 1487 4672 apocryphis
1514 4590 1686 4653 libris
1717 4598 1778 4653 et
1805 4592 2156 4671 canonibus,
2192 4592 2319 4672 pari
2354 4593 2653 4653 sententia
2682 4600 3022 4655 sanctorum
3056 4587 3294 4650 Patrum
3343 4587 3701 4669 repudiatis.

316 4682 472 4745 Nam
503 4681 832 4745 Clementis
856 4679 1011 4743 liber
1031 4678 1107 4755 ⁵³,
1140 4680 1198 4741 id
1232 4688 1323 4742 est
1356 4678 1733 4743 ltinerarium
1757 4680 1919 4744 Petri
1948 4680 2226 4763 apostoli,
2259 4690 2317 4742 et
2343 4684 2621 4744 Canones
2645 4679 3052 4760 apostolorum
3086 4687 3434 4743 numeratur
3461 4674 3518 4721 ⁸⁸
3546 4680 3706 4741 inter

315 4770 677 4853 apocrypha,
711 4769 977 4852 exceptis
1008 4768 1288 4851 capitulis
1319 4768 1785 4852 quinquaginta,
1816 4787 1949 4851 quae
1977 4770 2373 4833 decreverunt
2404 4769 2634 4851 regulis
2662 4768 3012 4831 orthodoxis
3032 4766 3506 4847 “adiungenda.
3532 4763 3703 4831 Unde

316 4879 431 4923 nos
457 4878 698 4942 quoque
727 4877 908 4922 omne
934 4858 1316 4941 apocryphon
1343 4857 1402 4903 ⁸ο
1430 4858 1805 4939 al~jicientes,
1853 4859 2251 4940 dedignamur
2279 4860 2490 4923 audire
2523 4877 2733 4923 eorum
2792 4856 3092 4921 fabulosus
3145 4856 3522 4934 traditiones,
3558 4858 3702 4938 quia

316 4967 442 5014 non
472 4958 613 5013 sunt
643 4958 710 5012 ut
728 4948 824 5012 lex
854 4948 1116 5013 Domini.

444 5109 742 5194 Georgius
773 5109 1113 5193 Cedrenus,
1137 5112 1205 5174 in
1236 5111 1613 5196 Compendio
1639 5112 2108 5196 Historiarum;
2150 5112 2442 5196 editionis
2471 5111 2790 5196 Xylandri
2818 5131 2963 5196 pag.
3004 5112 3139 5189 173,
3172 5114 3290 5176 lin.
3322 5110 3423 5183 52,
3456 5120 3574 5174 etc.

1317 5191 1635 5255 Editionis
1659 5194 1843 5274 regiae
1875 5200 2015 5256 tom.
2047 5192 2101 5267 Ι,
2122 5210 2271 5273 pag.
2299 5194 2442 5272 9H,
2478 5191 2557 5267 A,
2590 5201 2707 5257 etc.

406 5328 530 5407 Περὶ
550 5333 611 5385 οὖ
631 5328 684 5385 ἰν
705 5332 829 5394 ταῖς
842 5325 1230 5389 ἀποστολικατς
1256 5325 1563 5393 Διατάξισιν
1585 5329 1614 5384 ὃ
1635 5325 1804 5405 μέγας
1826 5328 1959 5385 ἀπό-

2127 5327 2216 5390 De
2234 5346 2350 5410 quo
2374 5326 2432 5389 in
2459 5326 2993 5389 Constitutionibus
3010 5324 3354 5406 apostolicis
3370 5344 3623 5406 magnus
3644 5346 3702 5389 an

324 5415 515 5483 στολος
561 5417 758 5498 Πέτρος
808 5417 949 5476 οὕτω
975 5417 1189 5497 φάσκει.
1226 5414 1289 5473 Ἠ
1328 5414 1383 5472 δὲ
1422 5419 1675 5497 καταρχὶι
1698 5418 1804 5474 τῶν
1835 5416 1959 5474 νέων

2048 5417 2316 5499 postolus
2340 5420 2556 5482 Petrus
2573 5415 2655 5478 ita
2667 5414 2927 5478 disserit:
2951 5414 3223 5478 ereses
3236 5432 3372 5479 vero
3395 5432 3565 5478 nocte
3585 5417 3703 5479 ini-

406 5577 471 5660 βίλ
492 5578 533 5643 Ῑ.
568 5578 896 5660 incipienti.
921 5574 1003 5660 fg
1031 5577 1336 5660 desiveé.
1450 5578 1594 5660 (ζει).
1630 5577 1731 5660 15.
1776 5577 1841 5628 u
1858 5577 1959 5656 οι..

2045 5595 2243 5641 unare
2272 5576 2605 5660 Sabbatum
2649 5577 2712 5627 45
2739 5573 2885 5660 Cap.
2915 5575 2993 5638 ‘20
3063 5575 3127 5625 48
3181 5576 3261 5640 al.
3310 5575 3699 5660 ﬂaminicam

327 5651 771 5722 celebrandam.
819 5658 882 5709 ⁸7
912 5654 1054 5737 Cap.
1085 5655 1192 5721 23.
1250 5654 1337 5707 47⁵
1366 5656 1444 5719 al.
1471 5651 1846 5721 Dominicam
1878 5651 2271 5722 celebremus.
2333 5660 2396 5709 ιε
2424 5659 2501 5721 al.
2538 5658 2683 5721 haec.
2746 5651 2925 5737 “Val.
2950 5672 3273 5718 manuum.
3334 5656 3399 5708 ω
3426 5656 3467 5720 ι.
3506 5665 3696 5737 sexto.

327 5739 486 5794 Ill-5’
508 5741 584 5805 al.
622 5741 935 5822 inquiunt.
982 5736 1045 5791 53
1077 5740 1158 5802 al.
1190 5737 1443 5801 librum.
1490 5739 1553 5789 54
1579 5738 1656 5803 al.
1692 5758 1959 5802 numerat

2045 5758 2089 5802 ὀ
2134 5742 2200 5792 δῦ
2226 5740 2303 5805 al.
2337 5739 2732 5803 orthodoa-iw.
2772 5736 2959 5841 μμ,
2991 5736 3696 5841 οωςιιηιαροονμριιωη.
