4124 6444
494 277 615 342 559

1320 281 1380 342 S.
1429 282 1868 345 CLEMENTIS
1915 284 1934 342 l
1987 283 2167 342 ROM.

2218 281 2448 344 PONT.
2498 279 2743 344 OPERA
2789 283 3044 344 DUBIA.
3775 280 3894 345 560

489 421 548 475 et
584 431 718 494 quae
746 413 851 475 Dei
877 413 1168 474 voluntati
1205 413 1455 475 adversa
1507 422 1645 474 sunt
1693 415 1904 494 faciaz;
1949 415 2046 475 ille
2078 428 2118 468 at

2231 410 2466 487 ταδιώκῃ
2499 412 2682 467 καὶτὰ
2739 413 2946 466 ἐναντία
2996 418 3070 484 τῷ
3113 409 3380 486 θελήματι
3427 419 3519 469 τοὺ
3564 413 3697 470 Θεοῦ
3736 416 3890 494 ποιῇ,

487 502 537 564 si
573 521 644 564 ex
675 511 850 583 gente
881 502 1087 584 iniqua
1121 509 1303 579 esset,
1342 502 1519 564 aDeo
1555 503 1950 584 reputabitur.

1010 679 1264 744 CAPUM
1307 680 1593 745 PRIMUM
1610 729 1623 742 .

1102 773 1191 832 De
1220 774 1517 833 avaritia.

562 873 875 936 Abstinete
906 873 1092 953 igitur
1127 879 1198 933 ab
1231 874 1397 934 omni
1448 873 1697 935 avaritia
1725 880 1784 934 et
1814 874 2102 954 injustitia
2131 900 2140 933 :

487 965 712 1026 etenim
765 965 824 1025 in
871 964 1001 1041 lege
1023 966 1315 1040 scriptum
1352 973 1442 1023 est
1478 985 1491 1022 :
1534 989 1559 1017 «
1597 982 1714 1023 non
1752 965 2148 1041 concupisces

481 1071 730 1114 uxorem
765 1053 1018 1133 proximi
1077 1053 1183 1124 tui,
1253 1072 1448 1132 neque
1497 1071 1702 1128 agrum
1762 1054 1915 1131 ejus,
1950 1072 2145 1128 neque

480 1159 716 1203 servum
769 1143 922 1223 ejus,
956 1161 1150 1222 neque
1181 1143 1460 1203 ancillam
1495 1144 1650 1221 ejus,
1703 1162 1895 1220 neque
1933 1146 2140 1202 bovem

481 1231 839 1311 ejus,neque
862 1230 1174 1310 subjugale
1199 1232 1475 1309 ejus,nec
1492 1250 1862 1310 quaecunque
1892 1231 2142 1310 proximi

479 1320 562 1380 tui
593 1319 846 1397 sunt”;
886 1344 910 1375 ι)
938 1321 1073 1399 quia
1119 1321 1315 1380 omnis
1358 1320 1569 1380 horum
1617 1321 2141 1396 cuiiiditasamulo

477 1418 590 1470 est.
627 1410 740 1482 Qui
771 1410 930 1470 enim
968 1428 1240 1488 uxorem,
1277 1419 1381 1469 aut
1410 1428 1669 1479 servum,
1708 1419 1810 1470 aut
1861 1410 2136 1470 ancillam

476 1500 727 1580 proximi
759 1499 1150 1578 concupiscit;
1171 1499 1295 1578 jam
1326 1510 1530 1559 mente
1569 1499 1803 1559 adulter
1825 1519 1889 1559 ac
1910 1502 2002 1558 l'ur
2027 1510 2134 1578 est;

473 1589 587 1652 nisi
611 1589 1252 1670 resipiscatJudicatus
1287 1597 1375 1649 est
1406 1607 1439 1648 a
1476 1588 1725 1651 Domino
1762 1599 1962 1649 nostro
1994 1592 2134 1650 .lesu

2235 502 2309 562 ὡς
2353 502 2662 578 παράνομον
2724 499 2891 576 ἔθνος,
2954 507 3032 575 τῷ
3092 501 3208 575 Θεῷ
3264 503 3292 556 ὁ
3349 509 3587 568 τοιοῦτος
3631 502 3892 583 λογισθῆ-

2235 610 2407 653 σεται,

2794 685 3185 739 unum}:
3231 679 3324 743 Δι’.

2827 771 2952 848 Περὶ
2983 768 3309 835 πλεονεξίας,

2315 871 2613 954 Ἀπέχεσθε
2671 875 2755 930 οὖν
2813 873 2991 940 πάσης
3037 872 3342 938 πλεονεξίας
3380 874 3470 930 καὶ
3501 873 3704 939 ἀδικίας
3736 891 3750 906 ⁸
3799 878 3888 933 καὶ

2229 963 2329 1041 γὰρ
2361 963 2414 1018 ἐν
2461 968 2534 1036 τῷ
2580 964 2728 1037 νόμῳ
2769 960 3112 1040 γέγραπται·
3184 985 3207 1017 ε
3246 967 3355 1022 Οὔκ
3411 961 3756 1039 ἐπιθυμήσεις
3801 965 3882 1044 (9)

2229 1055 2327 1119 την
2358 1065 2585 1130 γυναῖκα
2615 1062 2708 1111 τοῦ
2751 1051 2979 1118 πλησίον
3024 1073 3143 1126 σου,
3189 1050 3306 1108 οὐδὲ
3351 1053 3442 1108 τὸν
3494 1052 3655 1130 ἆγρὸν
3700 1053 3878 1134 αὑτοῦ,

2229 1141 2346 1200 οὐδὲ
2389 1143 2480 1199 τὸν
2509 1139 2679 1199 παῖδα
2708 1146 2887 1214 αὑτοῦ,
2921 1141 3038 1197 οὕτε
3081 1141 3179 1209 τὴν
3230 1139 3512 1208 παιδίσκην
3545 1145 3728 1217 αὑτοῦ,
3763 1143 3881 1200 οὔτε

2227 1233 2318 1287 τὸν
2370 1233 2493 1308 βοῦν
2550 1234 2730 1312 αὑτοῦ,
2787 1229 2902 1286 οὔτε
2952 1232 3013 1286 τὸ
3057 1231 3336 1309 ὑποζύγιον
3383 1231 3561 1307 αὐτοῦ,
3612 1232 3731 1290 οὔτε
3783 1232 3881 1289 ὅσα

2224 1329 2318 1377 τοῦ
2348 1322 2572 1389 πλησίον
2619 1344 2710 1377 σου
2739 1320 2877 1376 ἐστίν
2917 1340 2931 1354 ⁸
2971 1343 2998 1376 ιι
3037 1319 3116 1376 ὅτι
3145 1323 3178 1388 ἡ
3220 1327 3363 1376 πᾶσα
3407 1322 3607 1378 τούτων
3634 1322 3881 1398 ἐπιθυμία

2224 1411 2284 1467 ἐκ
2313 1411 2406 1468 τοῦ
2436 1419 2671 1488 πονηροῦ
2724 1411 2978 1489 ὑπάρχει.
3019 1401 3076 1467 Ὀ
3137 1411 3237 1488 γὰρ
3286 1411 3614 1485 ἐπιθυμήσας
3646 1412 3744 1478 τὴν
3778 1436 3880 1490 γυ-

2224 1514 2406 1576 ναῖκα,
2466 1501 2502 1568 ἢ
2559 1502 2650 1556 τὸν
2692 1498 2882 1572 παῖδα,
2947 1498 2982 1567 ἢ
3031 1500 3130 1566 τὴν
3161 1498 3446 1567 παιδίσκην
3487 1508 3580 1556 τοῦ
3622 1499 3876 1576 πλησίον,

2222 1589 2324 1657 ἤδη
2355 1591 2490 1647 κατὰ
2521 1588 2752 1646 διάνοιαν
2784 1590 2984 1668 μοιχὸς
3016 1591 3103 1645 καὶ
3135 1588 3372 1655 κλέπτης
3419 1591 3582 1654 ἐστίν,
3618 1591 3742 1648 Ἐὰν
3799 1594 3879 1666 μὴ

472 1677 708 1742 Christo
739 1699 756 1755 ς
791 1696 900 1758 per
930 1697 1109 1758 quem
1143 1676 1265 1738 Deo
1298 1678 1510 1755 gloria,
1550 1678 1608 1738 in
1642 1677 1880 1738 saecula.
1920 1683 2103 1738 Amen

2220 1685 2492 1758 μεταγνῷ,
2528 1679 2768 1757 κέκριται
2825 1677 2950 1757 (10)
3019 1680 3116 1734 ὑπὸ
3172 1686 3265 1735 τοῦ
3299 1679 3486 1756 Κυρίου
3515 1681 3669 1755 ἡμῶν
3701 1679 3881 1746 Ἰησοῦ

467 1767 874 1849 lnjivangelio
897 1767 1216 1847 siquidem,
1245 1776 1547 1846 repetens,
1581 1768 1823 1827 lirmans
1853 1776 1908 1827 et
1937 1767 2118 1827 adim-

2219 1777 2464 1849 Χριστοῦ,
2497 1766 2563 1824 δι’
2588 1769 2646 1826 οὗ
2667 1768 2786 1848 (11)
2813 1768 2848 1834 ἡ
2871 1767 2992 1833 δόξα
3016 1772 3092 1841 τῷ
3114 1771 3230 1842 Θεῴ
3253 1766 3380 1846 (12)
3412 1770 3483 1832 είς
3509 1771 3628 1833 τοὺς
3655 1771 3871 1834 αἰῶνας.

469 1837 642 1938 ρΙὲῐιε
675 1837 821 1936 legis
844 1837 1354 1934 Decalogum,ait-:
1390 1837 1571 1928 «Quia
1607 1857 1662 1915 in
1692 1856 1821 1933 lege
1847 1859 2110 1933 scriptun

2217 1837 2420 1934 ’Ᾰμήκκ
2451 1837 2616 1938 ’Λέγει
2673 1837 2780 1936 γὰρ’
2829 1858 2882 1914 ἐν
2941 1865 3016 1932 τῷ
3067 1837 3399 1936 toﬁ-(size,
3448 1858 3876 1940 ἄνακεφαλαιού-

465 1955 594 2009 est:
624 1945 752 2008 Non
778 1946 1202 2019 mmchaberis;
1229 1965 1335 2023 ego
1359 1954 1557 2006 autem
1600 1946 1734 2007 dico
1771 1945 1936 2004 vobis
1963 1945 2018 1987 π
2049 1968 2061 2006 :
2104 1974 2118 2001 ι

2217 1971 2376 2022 μενος
2407 1950 2497 2005 καὶ
2535 1954 2793 2018 στηρίζων
2847 1949 2933 2002 καὶ
2991 1945 3210 2024 πληρῶν
3264 1949 3363 2015 την
3424 1948 3725 2027 Δειιάλογον
3782 1957 3875 2007 του

463 2036 524 2097 id
548 2046 660 2109 est,
695 2034 816 2115 Ego
843 2053 951 2115 per
982 2036 1182 2097 Mosen
1235 2036 1290 2094 in
1327 2035 1456 2113 lege
1498 2035 1730 2095 locutus
1763 2054 1893 2095 sum
1924 2056 1937 2108 ;
1975 2057 2118 2096 nunt

2217 2037 2401 2112 νόμου’
2445 2057 2468 2093 α
2507 2027 2636 2093 υΟτι
2669 2036 2724 2091 ἐν
2757 2041 2833 2108 σῷ
2864 2035 3012 2110 νόμῳ
3070 2036 3390 2115 γέγραπται’
3425 2041 3496 2096 Οὑ
3529 2039 3870 2117 μοιχεύσεις·

465 2144 605 2187 vero
639 2125 797 2186 idem
823 2127 951 2206 ipse
999 2125 1130 2184 dico
1181 2124 1386 2184 vobis:
1423 2147 1449 2181 ιι
1486 2125 1843 2201 Quicunque
1877 2145 2118 2205 aspexe-

2216 2125 2322 2204 ἐγὼ
2351 2123 2406 2181 δὲ
2439 2124 2581 2203 λέγω
2606 2128 2734 2200 ὑμῖν
2773 2145 2787 2161 ⁸
2825 2145 2852 2184 ι
2889 2125 3183 2198 τουτέστιν,
3237 2125 3289 2181 ἐν
3340 2132 3418 2200 τῷ
3448 2128 3596 2203 νόμῳ
3622 2126 3705 2183 διὰ
3735 2135 3867 2184 Μω-

465 2215 806 2276 rituxorem
835 2213 1084 2294 proximi
1112 2213 1187 2274 ad
1225 2213 1778 2292 concmiiscendum
1815 2232 1968 2286 eam,
1997 2217 2122 2294 jam

467 2305 800 2367 mmchatus
829 2310 920 2364 est
949 2321 1077 2364 eam
1115 2303 1174 2362 in
1205 2302 1391 2363 corde
1425 2321 1532 2363 suo
1560 2322 1574 2375 ;
1617 2329 1637 2358 υ
1706 2304 1800 2363 hic
1833 2305 1931 2383 qui
1974 2324 2123 2364 con-

460 2394 709 2474 cupivit,
746 2393 933 2454 animi
957 2392 1192 2453 adulter
1239 2392 1542 2471 judicatus
1569 2403 1679 2453 est.
1711 2391 1824 2464 Qui
1856 2413 1991 2453 vero
2026 2396 2127 2454 bo-

460 2503 591 2545 vem
613 2483 964 2546 autasinum
995 2482 1181 2561 cupit,
1211 2500 1409 2541 nonne
1445 2481 1660 2559 cogitat
1690 2484 1888 2549 furari.
1929 2491 1988 2542 et
2018 2502 2122 2544 sua

460 2575 680 2654 facere,
716 2572 1092 2634 etabducere
1119 2570 1143 2632 ?
1184 2569 1410 2632 Rursus
1433 2571 1757 2648 quiagrum
1784 2573 2031 2652 appetit,
2066 2581 2124 2634 et

466 2663 528 2724 in
569 2681 641 2725 eo
673 2661 892 2723 affectu
926 2669 1504 2741 perseverat,nonue
1540 2662 1796 2740 maligne
1831 2661 1885 2721 id
1914 2663 2126 2739 agit,ut

462 2755 750 2816 terminos
767 2751 892 2831 agri
911 2749 1261 2831 scalpenda,
1299 2759 1470 2828 cogat
1497 2769 1932 2831 possessorem.
1965 2753 2123 2812 nullo

464 2842 578 2904 sibi
611 2841 806 2922 pretio
841 2839 1110 2902 tradere?
1141 2839 1292 2900 Dicit
1329 2840 1488 2902 enim
1523 2839 1746 2901 alicubi
1780 2843 2068 2920 propheta
2105 2863 2116 2900 :

473 2957 499 2988 α
532 2930 633 2994 Vae
649 2933 749 3012 qui
771 2931 1106 3011 adjungunt
1130 2929 1372 2988 domum
1399 2929 1471 2988 ad
1512 2931 1782 3004 domum,
1829 2940 1884 2990 et
1916 2950 2119 3007 agrum

2210 2216 2344 2280 σέως
2389 2216 2498 2291 ἐγὼ
2529 2214 2793 2288 ἐλάλησα,
2841 2223 2926 2271 νῦν
2955 2212 3008 2269 δὲ
3041 2217 3068 2270 6
3115 2217 3270 2279 αὑτὸς
3301 2219 3430 2291 ὑμῖν
3462 2215 3602 2295 λέγω
3638 2235 3652 2248 ⁸
3692 2241 3719 2272 α
3756 2225 3864 2283 Πᾶς

2209 2306 2352 2369 ὅστις
2393 2303 2647 2379 ἐμϐλέψει
2684 2306 2757 2367 εἷς
2787 2304 2886 2370 τὴν
2919 2317 3150 2382 γυναῖκα
3182 2312 3274 2361 τοῦ
3332 2305 3560 2372 πλησίον
3617 2309 3748 2385 πρὸς
3803 2311 3866 2364 τὸ

2207 2395 2532 2470 ἐπιθυμῆσαι
2593 2396 2775 2465 αὑτὴν,
2833 2391 2938 2460 ἤδη
3004 2394 3317 2472 ἐμοίχευσεν
3348 2396 3513 2462 αὐτὴν
3544 2395 3598 2451 ἐν
3627 2404 3696 2473 τῇ
3729 2419 3864 2476 καρ-

2209 2482 2287 2556 δίᾳ
2334 2486 2531 2541 αὑτοῦ·
2590 2507 2609 2538 ι
2677 2484 2826 2548 οὗτος
2882 2482 3060 2561 ἐκρίθη
3124 2487 3321 2563 μοιχὸς
3383 2484 3502 2539 κατ’
3561 2485 3786 2565 ἔννοιαν,
3835 2490 3862 2542 6

2210 2574 2563 2648 ἐπιθυμήσας.
2623 2573 2681 2630 Ὀ
2737 2572 2790 2628 δέ
2829 2575 2919 2628 τὸν
2963 2574 3086 2647 βίων
3219 2577 3307 2628 τον
3354 2573 3472 2629 ὄνον
3502 2575 3854 2649 ἐπιθυμήσας,

2209 2667 2302 2719 οἰικ
2332 2664 2414 2718 ἐπὶ
2450 2671 2525 2737 τῷ
2568 2661 2786 2737 κλέψαι,
2850 2666 2938 2718 καὶ
2983 2662 3436 2736 ἱδιοποιήσασθαι,
3563 2666 3648 2720 καὶ
3705 2665 3850 2720 ἁπα-

2210 2767 2398 2831 γαγεϊν
2429 2753 2561 2807 αὐτὰ
2591 2751 2879 2808 διανοεῖται
2915 2773 2930 2831 ;
2979 2753 3013 2820 ἢ
3075 2755 3102 2808 6
3152 2755 3243 2808 τὸν
3278 2755 3436 2830 ἀγρὸν
3482 2751 3638 2808 πάλιν
3667 2753 3850 2809 ἐπιθα-

2915 2802 2930 2832 7

2206 2847 2408 2920 μήσας,
2461 2844 2544 2897 καἶ
2602 2843 2881 2917 ἐπιμείνας
2943 2849 3011 2918 τῇ
3069 2841 3242 2914 τοιᾷδε
3304 2841 3548 2914 διαθέσει,
3601 2842 3659 2898 0'3
3690 2865 3854 2908 πονη-

2209 2934 2434 3009 ρεύεται,
2493 2930 2638 2994 ὅπως
2723 2931 3094 3011 ὁρογλυφήσας
3154 2933 3431 3009 ἀναγκάσῃ
3510 2933 3600 2986 τὸν
3657 2931 3858 3011 ἔχοντα

461 3039 603 3100 agro
637 3022 1008 3100 continuant,
1045 3026 1110 3080 ut
1136 3017 1356 3098 aliquid
1393 3019 1643 3097 proximi
1668 3021 2056 3080 auferant'a'ii:
2093 3049 2114 3079 υ

2216 3025 2297 3078 τοῦ
2328 3019 2555 3096 μηδενὸς
2604 3021 2889 3076 ἀποδόσθαι
2936 3021 3120 3094 αὑτῷ;
3183 3022 3312 3098 φησὶ
3371 3022 3469 3098 γάρ
3514 3042 3615 3076 που
3647 3023 3673 3076 6
3719 3041 3859 3098 προ-

461 3111 686 3173 idcireo
719 3111 798 3172 ait
832 3133 844 3168 :
884 3135 910 3165 α
939 3108 1216 3189 Nunquid
1251 3105 1602 3168 habitabitis
1633 3109 1744 3168 soli
1799 3129 1859 3168 in
1918 3119 2075 3170 terra
2096 3120 2122 3174 ?

459 3200 673 3263 Audita
697 3217 955 3281 namque
999 3207 1137 3259 sunt
1181 3197 1308 3258 haec
1369 3197 1430 3257 in
1463 3197 1704 3257 auribus
1738 3197 1972 3258 Domini
2007 3203 2120 3260 Sa-

458 3289 636 3353 baoth
657 3287 774 3350 7".»
800 3291 1003 3351 Etalio
1039 3288 1097 3349 in
1132 3288 1262 3350 loco
1293 3305 1306 3345 :
1369 3287 1752 3348 «Maledictus
1782 3290 1882 3367 qui
1920 3303 2116 3350 trans-

456 3380 571 3442 fert
604 3381 893 3442 terminos
921 3377 1175 3460 proximi
1199 3377 1319 3444 sui;
1352 3386 1409 3436 et
1434 3376 1588 3438 dicet
1616 3378 1808 3437 omnis
1832 3380 2110 3458 pepulus:

453 3469 602 3532 Fiat.
641 3495 667 3526 »
692 3468 863 3533 Unde
888 3469 1158 3530 etMoses
1207 3465 1310 3526 ait:
1368 3489 1388 3519 ι
1424 3463 1554 3526 Νοη
1585 3468 2018 3528 transmovebis
2045 3469 2118 3529 ﬁ-

455 3579 562 3621 nes
591 3558 842 3640 proximi
868 3557 1136 3636 tui,quos
1169 3563 1365 3634 patres
1400 3556 1482 3616 tui
1508 3566 1834 3634 posuerunt
1865 3558 1989 3616 77.»
2026 3556 2115 3620 Ob

456 3650 611 3712 hanc
674 3649 851 3727 igitur
901 3664 1139 3708 causam
1220 3648 1486 3717 timores,
1559 3655 1800 3717 mortes,
1861 3648 2113 3730 judicia,

455 3738 870 3799 damnationes
900 3733 1248 3796 hominibus
1314 3733 1656 3811 hujusmodi
1689 3735 1974 3797 divinitus
2001 3738 2114 3798 im-

457 3827 748 3907 pendent;
771 3826 842 3888 iis
861 3832 1060 3887 autem
1093 3823 1192 3903 qui
1216 3825 1340 3885 Deo
1374 3822 1686 3895 obediuut,
1717 3843 1836 3885 una
1865 3826 1988 3887 liaic
2022 3827 2114 3888 lex

454 3916 563 3980 Dei
586 3917 1006 3998 simplex,vera
1041 3933 1109 3974 ac
1135 3913 1261 3973 viva
1294 3912 1470 3973 insita
1495 3923 1586 3973 est
1614 3931 1625 3971 :
1667 3912 1872 3984 «Quod
1898 3917 1970 3977 ab
1999 3918 2116 3978 alio

451 4008 655 4069 oderis
687 4006 794 4067 tibi
825 4005 982 4078 ﬁeri,
1013 4013 1070 4065 tu
1098 4002 1268 4064 alteri
1305 4020 1380 4061 ne
1412 4002 1629 4062 feceris
1666 4003 1747 4064 78.
1803 4027 1823 4058 ι
1869 4003 1995 4066 Νοῃ
2031 4007 2116 4066 vis

451 4104 512 4156 ut
541 4096 694 4158 alius
725 4112 972 4159 uxorem
1019 4102 1174 4154 tuam
1209 4091 1493 4171 nequiter
1524 4093 1593 4152 ad
1621 4103 1896 4173 stuprum
1932 4097 2118 4177 respi-

447 4189 586 4261 ciat,
629 4203 824 4267 neque
849 4185 976 4266 ipse
993 4182 1055 4244 in
1079 4199 1319 4244 uxorem
1343 4181 1600 4260 proximi
1629 4182 1708 4242 tui
1736 4183 1973 4243 oculum
2002 4185 2080 4246 im
2102 4223 2119 4234 -

522 4319 788 4464 7313310d.
821 4336 921 4400 xx,
957 4317 1057 4380 17.
1142 4315 1201 4359 ⁷⁸
1228 4316 1436 4378 Mattli.
1477 4334 1537 4396 v,
1562 4317 1659 4378 27.
1757 4317 1810 4358 ’⁷⁵
1843 4319 1954 4382 lsa.
1995 4324 2137 4402 ν;8.

441 4419 520 4479 1v,
564 4419 662 4465 is.

2208 3113 2381 3190 φήτης
2418 3108 2567 3189 (13)’
2611 3133 2631 3162 ι
2675 3112 2800 3167 Οὐαὶ
2831 3114 2876 3167 οἱ
2911 3111 3263 3172 συνάπτοντες
3304 3111 3471 3165 οὶκίαν
3502 3111 3633 3187 πρὸς
3667 3111 3856 3184 οὶκίαν,

2208 3202 2294 3255 καὶ
2343 3201 2503 3277 ἀγρὸν
2549 3200 2678 3274 πρὸς
2731 3201 2890 3276 ἀγρὸν
2953 3199 3270 3277 ἐγγίζοντες,
3337 3199 3429 3253 ἵνα
3482 3198 3577 3254 τοῦ
3634 3197 3857 3265 πλησίον

2211 3288 2504 3368 αφέλωνταί
2534 3311 2582 3343 τι
2611 3306 2623 3320 ⁸
2672 3313 2691 3342 ι
2731 3287 2810 3344 διὸ
2842 3288 2986 3366 λέγει
3022 3307 3038 3322 °
3098 3311 3120 3342 α
3160 3290 3247 3354 Μὴ
3300 3289 3556 3356 οἰκήσητε
3589 3287 3740 3362 μόνοι
3774 3287 3859 3343 ἐπὶ

2202 3385 2299 3444 τῆς
2360 3379 2514 3455 γῆς;
2577 3380 2815 3446 ἠκούσθη
2866 3380 2966 3455 γὰρ
3027 3379 3100 3439 εἷς
3150 3378 3216 3432 τα
3245 3378 3359 3432 ὦτα
3407 3379 3592 3455 Κυρίου
3636 3374 3858 3434 Σαϐαὼθ

2200 3475 2384 3528 ταῦτα.
2425 3490 2450 3521 ιι
2493 3470 2588 3524 Καὶ
2641 3467 2884 3547 ἄλλαχοῦ
2920 3487 2934 3502 ·
3002 3491 3026 3522 ιι
3078 3464 3499 3545 Ἐπικατάρατος
3553 3469 3580 3522 6
3631 3487 3856 3541 μετατιο

2198 3561 2301 3620 θεὶς
2361 3556 2478 3634 ὅρια
2537 3567 2630 3616 τοῦ
2682 3557 2912 3624 πλησίον
2961 3558 3141 3630 αὑτοῦ,
3194 3559 3282 3613 καὶ
3327 3558 3442 3634 ἒρεϊ
3490 3562 3593 3619 πᾶς
3627 3559 3653 3612 6
3698 3555 3854 3631 λαὸς,

2200 3647 2428 3724 γένοιτο,
2467 3669 2488 3701 ι
2522 3648 2614 3702 Διό
2645 3669 2772 3727 φησι
2808 3647 2895 3703 καὶ
2925 3646 3056 3727 (14)
3080 3649 3106 3702 ὁ
3137 3651 3358 3712 Μωσῆς·
3402 3665 3430 3704 (
3465 3647 3536 3703 Οὑ
3567 3647 3858 3721 μετακινη⁴

2201 3758 2310 3802 σεις
2341 3736 2459 3813 ὅρια.
2488 3736 2579 3792 τοῦ
2609 3736 2838 3803 πλησίον
2868 3757 2983 3815 σου,
3010 3737 3042 3791 ἃ
3074 3735 3249 3792 ἔθεντο
3282 3735 3506 3805 πατέρες
3539 3757 3634 3791 σου
3654 3735 3848 3816 (15).»

2207 3827 2305 3883 Διὰ
2335 3826 2488 3881 τοῦτο
2529 3826 2616 3881 οὖν
2650 3824 2824 3906 φόϐοι,
2879 3826 3116 3906 θάνατοι,
3174 3824 3510 3902 δικαστήρια,
3544 3824 3850 3901 καταδίκαι,

2203 3916 2344 3994 παρὰ
2392 3922 2483 3971 τοῦ
2523 3923 2656 3971 Θεου
2712 3928 2828 3979 τοϊς
2862 3916 3120 3980 τοιούτοις
3153 3915 3566 3973 ἐπακολουθοῦσι
3608 3935 3622 3950 ⁸
3654 3930 3771 3979 τοῖς
3797 3914 3853 3972 δὲ

2199 4004 2464 4070 ὑπηκόοις
2525 4009 2642 4079 Θεῴ
2699 4005 2990 4083 ἀνθρώποις
3076 4005 3163 4067 εἷς
3214 4007 3376 4083 νόμος
3447 4005 3579 4062 Θεοῦ
3629 4006 3849 4078 ἁπλοῦς,

2202 4093 2430 4168 ἀληθὴς,
2477 4100 2603 4171 ζῶν,
2649 4095 2800 4155 οὗτος
2857 4093 3144 4173 ἐνυπάρχει
3183 4117 3192 4126 ·
3251 4118 3278 4150 α
3319 4078 3399 4152 “0
3432 4095 3492 4150 σὺ
3538 4100 3720 4170 μισεῖς
3765 4096 3856 4177 ὑφ’

2205 4185 2385 4250 ἐτέρου
2437 4205 2520 4240 σοι
2575 4185 2838 4260 γενέσθαι,
2875 4184 2934 4239 σὺ
2966 4183 3112 4258 ἄλλῳ
3143 4187 3202 4240 οὑ
3232 4187 3477 4255 ποιήσεις
3513 4186 3665 4266 (16),
3703 4210 3730 4241 ι
3785 4188 3860 4244 Οὑ

2229 4323 2300 4366 ἰδ
2321 4321 2498 4384 Deut.
2550 4336 2753 4402 xxvm,
2790 4320 2885 4382 17.
2970 4318 3022 4360 ⁷⁷
3054 4321 3226 4383 Deut.
3276 4337 3399 4397 xrx,
3433 4320 3530 4382 14.
3617 4318 3672 4362 ’⁷8
3699 4319 3854 4386 Tob.

1804 4477 2206 4546 VARIORUM
2255 4480 2509 4547 ΝΟΤᾸΕ.

527 4615 612 4697 (9)
648 4621 755 4697 osa
813 4612 1179 4697 ἐπιθυμήσεις.
1236 4609 1748 4697 Convenientibus
1798 4611 2107 4697 Hebraicze

2216 4619 2455 4691 iensi,et
2481 4614 2685 4677 debuit
2727 4613 2944 4676 abesse
2975 4620 3198 4675 mutato
3227 4613 3296 4670 δι’
3328 4617 3389 4670 οὗ
3434 4614 3496 4677 in
3528 4619 3574 4690 ᾧ
3603 4633 3637 4676 a
3669 4633 3852 4679 manu

443 4694 1010 4769 verit'ati,Exod.xx,
1025 4694 1091 4754 17

443 4777 566 4838 dita
594 4741 1185 4836 vid’enturnorinuila
1221 4772 1384 4832 velut
1409 4741 1854 4851 paraplirastit'e
1878 4794 1946 4836 ex
1971 4777 2103 4838 aliis

441 4856 770 4937 Scripturae
827 4853 1212 4937 testimoniis.
1284 4851 1520 4932 Optime
1576 4862 1768 4937 autem
1807 4856 2099 4937 “atat-11874

444 4933 635 4998 nostri
691 4937 970 5012 ὑποζύγιον
1031 4933 1204 5012 paulo
1255 4942 1386 5012 post
1445 4940 1677 4995 mutant
1711 4933 1768 4992 in
1797 4934 1937 5000 ὄνον,
1979 4933 2100 5000 Mos

1155 4710 1221 4752 ac
1244 4709 1400 4751 nunc
1424 4691 1483 4750 in
1512 4690 1724 4771 LXX,a
1747 4694 1960 4772 quibus
1989 4698 2100 4758 ad-
2187 4690 2537 4761 orthodoxa.
2574 4698 2659 4759 lD.

2271 4779 2395 4859 (13)
2430 4778 2490 4859 ’ρ
2525 4779 2830 4856 προφήτης.
2862 4775 2968 4837 MS.
3005 4773 3264 4837 Vindob.
3301 4775 3555 4853 Ἠσαίας,
3590 4795 3726 4856 (μω
3755 4789 3852 4842 est

2186 4857 2404 4940 glossa.
2438 4857 2526 4940 ID.

2263 4939 2400 5019 (14)
2431 4938 2552 4994 Καί.
2606 4934 2920 5019 omittitur
2974 4935 3035 5019 in
3094 4944 3352 5019 utroque
3385 4934 3523 5019 cod.
3570 4945 3630 4999 et
3662 4938 3852 5003 debet

444 5013 787 5099 enim_LXX
812 5029 971 5099 1173.1
1005 5013 1384 5099 interpretari
1441 5014 1558 5099 om
1593 5021 1650 5072 et
1679 5016 1982 5099 ὑποζύγιον.
2032 5017 2102 5078 Ει
2185 5013 2400 5099 omitti,
2431 5019 2553 5097 jam
2587 5016 2744 5078 enim
2780 5016 2854 5078 ad
2889 5013 3301 5079 testimonium
3348 5017 3564 5079 citatus
3587 5026 3680 5079 est
3712 5021 3848 5084 Mo-

445 5114 581 5158 cum
612 5094 908 5156 Zachariae
969 5111 1053 5170 ix,
1112 5091 1179 5165 9,
1229 5091 1726 5173 iidembabeant,
1764 5091 2097 5166 ἐπιϐεϐηκὼς

442 5178 529 5233 ἐπὶ
561 5179 845 5256 ὑποζύγιον
879 5173 1176 5256 καὶῗπῶλον
1234 5175 1371 5245 νέον,
1407 5172 1610 5234 Matth.
1661 5172 1778 5255 XXI,
1839 5177 1900 5253 5,
1947 5179 2098 5240 cita-

443 5265 562 5330 ίαν,
596 5253 934 5322 ἐπιϐεϐηκὼς
973 5255 1057 5310 ἐπὶ
1109 5253 1229 5309 ὄνον
1287 5258 1374 5308 καὶ
1425 5261 1603 5309 mon
1650 5253 2102 5336 υἱὸνὺποζυγίουζ

441 5335 853 5418 Similiterque
875 5333 1138 5398 Balaami
1161 5333 1275 5395 ὄνος
1310 5331 1703 5418 Numenxxn,
1741 5343 1836 5407 21,
1870 5331 2099 5401 etclPe-

444 5425 533 5478 tro
567 5415 850 5496 epistfll,
887 5434 1018 5495 cap.
1056 5431 1122 5496 Ii,
1147 5416 1509 5488 vers.16,est
1529 5419 1830 5492 ὑποζύγιον.
1863 5421 2094 5495 Legen-

440 5497 555 5559 dus
584 5495 797 5558 Suidas
824 5499 882 5557 in
920 5513 1059 5556 voce
1084 5495 1395 5571 ἰ’ποζύγια.
1423 5498 1562 5557 Cor.

525 5576 648 5659 (ιο)
683 5579 950 5659 Κέκριται.
985 5575 1135 5659 Huic
1163 5574 1289 5636 voci
1344 5576 1669 5655 praeﬁgitur
1699 5576 1787 5632 καί
1818 5575 1876 5636 in
1910 5575 2090 5639 Vind.

439 5655 554 5720 ms.
585 5655 989 5720 incommode.
1027 5658 1207 5719 Cum.

2183 5119 2303 5162 ses.
2340 5102 2429 5161 In.

2270 5181 2390 5259 (15)
2427 5177 2507 5235 ”Α
2567 5177 2742 5234 ἔθεντο
2819 5177 3037 5257 πατέρες
3097 5201 3214 5238 σου.
3295 5177 3532 5240 Absunt
3590 5180 3718 5242 haec
3771 5182 3854 5244 ab

2186 5268 2439 5336 utroque
2473 5275 2811 5339 perperam,
2847 5267 2986 5319 sunt
3016 5259 3176 5319 enim
3205 5277 3322 5319 non
3359 5267 3585 5320 tantum
3620 5259 3680 5320 in
3716 5260 3850 5324 He—

2187 5341 2390 5402 braico
2418 5347 2810 5413 textu,verum
2838 5339 3014 5400 etiam
3045 5340 3105 5399 in
3140 5341 3295 5402 LXX
3335 5340 3472 5401 lntt.
3497 5339 3644 5405 Male
3664 5342 3854 5404 etiam

2182 5422 2254 5482 ab
2282 5421 2356 5481 iis
2389 5418 2554 5481 abest
2585 5437 2688 5480 vox
2713 5419 2939 5490 ἀπλοῦς,
2977 5420 3153 5499 paulo
3186 5427 3341 5500 post.
3377 5419 3466 5483 ID.

2259 5503 2380 5578 (,6)
2413 5500 2489 5580 ’Ὀ
2522 5502 2582 5555 σὺ
2615 5514 2796 5573 μισεῖς
2829 5502 2916 5580 ὑπ’
2953 5501 3155 5580 ἐτέρου,
3189 5524 3245 5560 κ.
3280 5524 3330 5559 τ.
3365 5500 3420 5560 λ.
3447 5500 3730 5563 Proxime
3748 5521 3855 5565 ac-

2177 5583 2337 5643 cedit
2357 5581 2430 5642 ad
2456 5579 2767 5660 Vulgatam
2799 5579 2948 5640 Tob.
2985 5598 3068 5655 IV,
3103 5579 3182 5642 4’6
3209 5598 3222 5642 :
3253 5581 3425 5655 Quod
3455 5583 3531 5643 ob
3546 5584 3669 5644 alio
3695 5583 3849 5644 ode-

2176 5666 2262 5724 ris
2283 5665 2421 5741 ﬁeri
2458 5663 2587 5741 tibi,
2641 5661 2781 5721 vide
2811 5680 2885 5722 ηι·
2915 5669 2980 5743 tu
3033 5662 3369 5743 aliquando
3403 5665 3847 5743 alterifacias,

517 5736 754 5829 μηρί’
787 5741 868 5800 οὗ.
906 5737 1072 5829 idem
1104 5756 1216 5829 ms.
1249 5737 1318 5814 ᾧ,
1343 5733 2088 5800 incommode.0rthodoxi

2216 5733 2411 5829 σῶοί,-
2423 5745 2512 5829 an}!
2543 5733 2585 5798 δ’
2603 5755 2807 5829 inim,
2872 5740 3064 5829 μηδεγί
3079 5826 3091 5829 _
3119 5733 3374 5829 ποιήσῃς.
3390 5743 3572 5829 “intra
3595 5733 3709 5829 lib.
3741 5733 3841 5827 in,

436 5816 693 5882 Librarii
713 5837 846 5883 esse
869 5817 1120 5880 videtur.
1159 5818 1247 5880 In.

517 5898 635 5976 (12)
663 5909 752 5975 Τῷ
781 5905 919 5973 Θεῷ.
981 5899 1164 5960 Abest
1192 5894 1266 5957 ab
1309 5899 1573 5971 utroque
1604 5898 1740 5960 cod.
1770 5894 2082 5961 Vindobo-

2171 5843 2304 5906 cap.
2341 5823 2419 5885 15
2448 5821 2529 5881 ”Ο
2560 5821 2741 5898 μισεῖς
2800 5845 2884 5879 σοι
2915 5821 3182 5905 γενέσθαι,
3215 5822 3331 5880 οὐδὲ
3381 5821 3530 5896 ἄλλῳ
3560 5825 3622 5880 σὺ
3657 5821 3837 5897 ποιήέ
