4124 6440
400 341 516 406 575

1241 349 1300 410 S.
1350 346 1788 414 CLEMENTIS
1831 347 1850 410 Ι
1899 349 2078 411 ΡιΟΜ.

2129 350 2351 412 ΡΟΝΤ.
2395 347 2642 413 OPERA
2687 351 2945 412 DUBIA.
3666 347 3787 410 576

401 497 520 539 non
553 478 627 538 ob
660 477 815 536 aliu-l
851 480 1029 545 venit.
1066 480 1182 540 nisi
1216 489 1279 542 ut
1310 501 1445 542 reos
1497 483 1568 544 ab
1617 483 1706 544 ira
1748 493 2046 547 reservata

2138 486 2214 538 xxi
2247 485 2362 561 (47)
2394 485 2658 562 πληρώσῃ
2690 488 2779 541 τὸν
2831 484 2993 560 νόμον
3038 487 3125 540 καὶ
3170 486 3292 548 τοὺς
3347 485 3651 563 προφήτας,
3699 485 3789 540 καὶ

402 567 710 640 liberaret,
749 570 937 644 legem
965 578 1025 631 et
1051 573 1372 651 prophetas
1401 572 1681 652 impleret
1709 583 1808 649 ;et
1831 573 2054 636 adscita

403 658 507 719 illa
536 655 933 718 Deuteroseos
965 660 1223 733 vincula,
1259 661 1352 723 vel
1409 662 1706 724 adimeret
1733 664 1824 724 vel
1854 673 2052 725 trans-

398 747 606 809 ferret.
629 747 861 809 Idcirco
897 749 1056 810 enim
1094 751 1347 812 invitans
1383 770 1491 812 nos
1518 753 1713 815 aiebat
1741 775 1754 817 :
1785 780 1811 808 α
1838 755 2054 819 Venite

403 838 474 898 ad
511 855 606 897 me
637 854 850 898 omnes
881 837 980 917 qui
1006 838 1289 901 laboratis
1323 849 1380 901 et
1411 843 1641 903 onerati
1674 842 1839 922 estis,
1865 851 1924 904 et
1945 862 2052 921 ego

397 926 664 986 reficiam
701 943 802 986 vos
834 924 934 986 10°.
970 952 996 983 ι
1035 929 1120 990 Tu
1172 928 1354 1008 igitur
1407 949 1540 990 cum
1591 931 1810 1010 legeris
1862 936 2057 996 Evan-

403 1015 555 1094 gelio
587 1033 655 1075 ac
690 1017 1004 1096 prephetis
1035 1019 1504 1082 concordantem
1527 1019 1746 1100 legem,
1773 1022 1951 1083 etiam
1977 1023 2054 1084 le-

403 1104 522 1184 gito
546 1103 772 1183 Regum
806 1105 1107 1181 historias,
1135 1113 1200 1170 ut
1231 1109 1388 1170 scire
1419 1110 1634 1189 possis,
1657 1110 1817 1191 quod
1849 1130 2058 1174 omnes

409 1211 583 1282 reges
615 1193 718 1272 qui
743 1194 895 1273 justi
931 1195 1120 1270 fuere,
1159 1216 1192 1257 a
1220 1196 1344 1259 Deo
1375 1199 1533 1258 aucti
1579 1207 1756 1275 sunt;
1795 1209 1852 1261 et
1899 1202 2055 1282 apud

406 1281 576 1344 illum
601 1291 840 1344 aeternze
871 1283 1000 1347 vita)
1021 1287 1337 1365 promissio
1362 1306 1463 1349 eos
1490 1289 1740 1351 mansit:
1767 1281 2058 1371 quotquot

408 1379 603 1433 autem
657 1390 832 1448 reges
860 1393 892 1434 a
925 1377 1048 1436 Deo
1089 1375 1363 1437 fornicati
1419 1388 1579 1457 sunt,
1617 1380 1673 1438 in
1721 1377 2056 1442 defectione

408 1479 534 1524 sua.
563 1461 725 1539 justo
763 1461 868 1523 Dei
893 1463 1149 1542 judicio,
1185 1466 1347 1526 brevi
1395 1467 1793 1548 interierunt;
1832 1479 1888 1529 et
1937 1470 2057 1533 vita

407 1551 539 1630 ejus
563 1551 776 1630 privati
799 1562 960 1627 sunt,
987 1557 1418 1633 sempiternum
1448 1557 1804 1636 supplicium
1827 1577 1932 1639 pro
1955 1578 2055 1620 rc-

408 1641 548 1720 quie
578 1641 796 1703 sortiti.
833 1645 975 1704 Hzec
1018 1643 1201 1721 igitur
1248 1663 1381 1704 cum
1435 1645 1620 1723 leges,
1656 1647 1905 1708 multum
1942 1648 2058 1711 fide

405 1737 635 1803 auctus,
673 1731 934 1811 Christo,
962 1734 1134 1812 cujus
1167 1751 1230 1795 es
1287 1752 1509 1814 corpus
1563 1756 1632 1796 ac
1690 1738 2053 1813 membrum,

2137 573 2204 628 τὰ
2238 573 2404 650 δεσμά
2447 581 2545 642 τῆς
2581 577 2958 654 Δευτερώσεως
3011 580 3117 630 τῶν
3146 573 3472 630 ἐπεισάκτων
3521 573 3555 641 ἢ
3604 577 3784 651 παύσῃ

2141 663 2172 730 ἣ
2240 668 2465 740 μεταθῇ.
2555 666 2650 720 Διά
2709 666 2808 742 γὰρ
2894 667 3046 722 τοῦτο
3112 662 3576 740 προσκαλούμενος
3635 665 3782 739 ἡμᾶς

2138 752 2288 830 ἔλεγε
2320 771 2336 786 ⁸
2392 761 2588 812 «Δεῦτε
2619 755 2749 832 πρός
2783 777 2848 827 με
2886 754 3015 833 (48)
3048 754 3241 817 πάντες
3271 757 3317 810 οἱ
3363 758 3652 816 κοπιῶντες
3698 754 3788 810 καὶ

2138 844 2577 923 πεφορτισμένοι,
2611 844 2761 921 κᾶγῶ
2792 843 3082 900 ἀναπαύσω
3136 845 3297 920 ὑμᾶς.
3349 866 3376 898 )›
3428 845 3498 899 Σὺ
3531 845 3619 900 οῦν
3649 843 3787 900 ἀνα-

2139 933 2292 1008 γνοὺς
2339 933 2433 989 τὸν
2490 934 2654 1008 νόμον
2699 934 2978 1012 σύμφωνον
3028 931 3151 989 ὄντα
3213 939 3290 1006 τῷ
3335 933 3642 1011 Εὗαγγελίῳ
3698 933 3788 990 καὶ

2137 1034 2253 1085 τοῖς
2316 1024 2641 1102 προφήταις,
2732 1024 3061 1100 ἀναγίνωσκε
3132 1023 3219 1078 καὶ
3292 1023 3388 1084 τὰς
3455 1020 3758 1086 Βασιλείους

2139 1110 2284 1175 ὅπως
2342 1111 2529 1168 εἰδέναι
2603 1111 2780 1191 ἔχοις,
2840 1111 3026 1168 ὁπόσοι
3088 1110 3276 1167 δικαίοι
3337 1111 3579 1187 ἐγένοντο
3624 1111 3789 1188 βασι-

2139 1199 2281 1280 λεῖς,
2329 1202 2414 1259 καὶ
2459 1199 2761 1269 ηὐξήθησαν
2819 1203 2921 1256 im).
2955 1209 3106 1275 Θεοῦ,
3142 1203 3230 1257 καὶ
3274 1203 3307 1268 ἡ
3353 1199 3643 1280 ἐπαγγελία
3688 1205 3788 1267 τῆς

2140 1291 2349 1346 αἰωνίου
2381 1295 2522 1359 ζωῆς
2557 1291 2738 1354 αὑτοῖς
2769 1289 2995 1365 διέμεινε
3027 1291 3152 1366 παρ’
3184 1294 3348 1363 αύτῷ·
3397 1290 3508 1347 ὅσοι
3541 1288 3595 1346 δὲ
3625 1291 3787 1366 βασι-

2138 1376 2256 1442 λεῖς
2310 1379 2682 1457 ἐξεπόρνευσαν
2755 1379 2858 1435 ἀπὸ
2927 1388 3082 1458 Θεοῦ,
3163 1380 3215 1434 ἐν
3275 1381 3572 1452 ἀποστασία
3615 1381 3790 1435 αὐτῶν

2141 1470 2411 1543 συντόμως
2458 1468 2736 1525 ἀπώλοντο
2799 1475 2866 1544 τῇ
2932 1475 3025 1524 τοῦ
3080 1477 3212 1527 Θεοῦ
3267 1467 3642 1547 δικαιοκρισία,
3703 1470 3789 1523 καὶ

2138 1561 2236 1625 τῆς
2264 1559 2422 1614 αὓτοῦ
2450 1563 2589 1629 ζωῆς
2649 1558 3034 1638 ἐστερήθησαν,
3093 1559 3207 1614 ἀντὶ
3259 1560 3603 1620 ἀναπαύσεως
3652 1559 3787 1613 αἰω-

2139 1648 2248 1701 νίαν
2296 1647 2518 1702 κόλασιν
2564 1646 2996 1725 κληρωσαίμενοι.
3035 1657 3208 1705 Ταῦτα
3263 1648 3348 1703 οὖν
3381 1648 3787 1726 ἀναγινώσκων,

2138 1735 2274 1792 πολύ
2310 1742 2371 1812 τῇ
2402 1738 2574 1792 πίστει
2634 1735 2893 1808 αὖξηενεὶς,
2958 1734 3498 1814 προσοικοδομηοήσῃ
3555 1741 3788 1814 Χριστῷ,

400 1818 762 1899 adjungeris.
798 1822 1198 1884 Deambulans
1245 1835 1443 1886 autem
1479 1825 1537 1885 in
1586 1827 1738 1902 foro,
1775 1836 1831 1888 et
1863 1829 2047 1890 lavare

2139 1829 2198 1882 οὗ
2228 1832 2385 1899 σῶμα
2435 1849 2521 1882 και
2570 1825 2730 1901 μέλος
2793 1829 3102 1904 τυγχάνεις,
3154 1833 3463 1904 Περιπατῶν
3516 1823 3570 1880 δὲ
3623 1826 3676 1880 ἐν
3720 1826 3789 1900 τῇ

407 1907 678 1989 cupiens,
713 1918 880 1972 utere
923 1911 1186 1974 virorum
1221 1913 1440 1975 balneo
1469 1935 1485 1991 ;
1516 1934 1614 1990 ne,
1666 1917 1803 1996 quia
1834 1935 2055 1997 corpus

405 1999 660 2077 turpiter
692 2000 912 2061 nudum
965 2002 1317 2063 mulieribus
1368 2005 1728 2079 ostenderis,
1764 2016 1865 2068 aut
1896 2007 2052 2087 quod

406 2106 524 2149 non
559 2089 733 2150 decet
781 2089 940 2151 viros
998 2093 1223 2167 videre,
1259 2094 1645 2172 Spectaveris,
1679 2096 1768 2156 vel
1824 2105 1879 2157 tu
1912 2097 2050 2158 illa-

406 2178 664 2257 queeris,
692 2178 785 2239 vel
818 2179 877 2239 in
913 2189 967 2241 te
1011 2181 1295 2261 illaquees
1327 2182 1578 2243 feminas
1607 2203 1739 2264 quae
1771 2185 1848 2245 ita
1880 2186 2054 2248 facile

404 2267 745 2346 capiuntur.
785 2267 899 2329 Ista
959 2288 1099 2349 ergo
1160 2290 1322 2344 cave,
1355 2291 1431 2333 ne
1490 2275 1702 2335 animm
1766 2276 2051 2354 tuaainji-

403 2355 634 2417 ciantur
666 2357 886 2438 laquei.

903 2629 987 2690 De
1018 2633 1282 2691 muliere
1313 2648 1538 2710 prava.

481 2712 807 2775 Audiamus
831 2717 1166 2798 enim,quid
1196 2720 1253 2778 in
1280 2720 1598 2798 Sapientia:
1631 2720 1782 2781 libro
1809 2731 2053 2783 sanctus

401 2818 598 2862 sermo
633 2803 827 2866 dicat:
861 2829 881 2860 (ι
920 2806 1054 2887 Fili,
1079 2809 1309 2869 custodi
1336 2828 1647 2871 sermones
1680 2829 1884 2890 meos;
1923 2831 2055 2872 mea

402 2909 540 2951 vero
577 2894 855 2956 mandata
892 2897 1154 2957 reconde
1185 2899 1339 2977 apud
1376 2901 1653 2979 teipsum.
1694 2899 1800 2960 Dic
1826 2904 2058 2980 sapien-

399 2983 539 3041 tiam
572 2999 840 3044 sororem
866 2995 1024 3046 tuam
1053 3006 1208 3061 esse,
1237 2988 1613 3067 prudentiam
1651 2999 1845 3049 autem
1881 2991 2056 3050 fami-

399 3069 606 3131 liarem
637 3071 741 3133 tibi
769 3093 1008 3148 assere;
1045 3085 1109 3136 ut
1138 3087 1191 3138 te
1215 3087 1410 3138 servet
1432 3098 1463 3138 a
1489 3079 1743 3139 muliere
1775 3079 1970 3139 aliena
2003 3089 2057 3140 et

2139 1917 2326 1993 ἀγορᾷ,
2377 1917 2462 1970 καὶ
2523 1914 2806 1971 λούσασθαι
2872 1914 3220 1994 βουλόμενος,
3285 1915 3467 1994 χρήσῃ
3527 1913 3788 1990 βαλανείῳ

2138 2003 2356 2080 ἀνδρείῳ
2416 2005 2568 2083 (49),
2625 2004 2717 2063 ’ίνα
2761 2006 2838 2078 μὴ
2897 2002 2982 2060 διὰ
3031 2006 3093 2060 τὸ
3147 2002 3496 2059 ἐπιδεικνύναι
3541 2025 3600 2058 σε
3633 2010 3788 2078 σῶμα

2138 2098 2192 2150 ἒν
2235 2095 2476 2176 ἀσγῆμῳ
2537 2093 2871 2170 ἀποκαλύψει
2939 2093 3187 2172 γυναιξὶν,
3252 2095 3287 2161 ἢ
3345 2095 3623 2149 θεάσασθαι
3667 2093 3787 2149 Θέαν

2139 2187 2243 2264 οὐχ
2317 2186 2646 2263 ἁρμόζουσαν
2734 2182 3011 2262 ἀνδράσιν,
3097 2183 3132 2251 ἢ
3193 2183 3254 2238 σὺ
3339 2181 3676 2261 παγιδευθῇς,
3751 2183 3787 2250 ἢ

2138 2273 2466 2351 παγιδεύσῃς
2529 2274 2614 2330 ἐπὶ
2689 2281 2864 2348 σαυτῷ
2937 2275 3032 2335 τὰς
3104 2271 3268 2336 οὕτως
3343 2272 3636 2335 εὖαλώτοσς
3690 2294 3787 2349 γυ-

2138 2377 2332 2428 ναῖκας
2383 2363 2532 2444 (50).
2581 2363 2856 2422 Φυλασσου
2901 2365 2989 2420 οὖν
3031 2365 3098 2424 τὰ
3140 2372 3379 2440 τοιαῦτα,
3424 2362 3516 2417 ’ίνα
3562 2363 3640 2436 μὴ
3681 2360 3783 2422 λά-

2131 2450 2229 2528 ϐῃς
2254 2455 2485 2535 βρόχους
2513 2461 2579 2530 τῇ
2611 2455 2794 2510 ἑαυτοῦ
2825 2458 3002 2532 ψυχ

2369 2581 2383 2591 .
2695 2551 3083 2600 ΚΕΦΑᾹΑΙΟΝ
3129 2542 3213 2603 z’.

2621 2635 2743 2711 Περὶ
2781 2634 3028 2710 γυναικὸς
3067 2632 3297 2712 φαύλης.

2221 2721 2484 2795 Μαοωμεν
2530 2723 2655 2800 γὰρ,
2688 2723 2741 2776 ἐν
2773 2727 2841 2796 τῇ
2872 2723 3037 2800 Σοφία
3068 2722 3117 2777 τί
3163 2720 3308 2800 λέγει
3341 2725 3366 2777 ὃ
3398 2723 3544 2798 ἅγιος
3575 2720 3727 2798 λόγος
3766 2741 3778 2754 ο

2146 2835 2171 2864 ιι
2209 2811 2317 2883 Υἱὲ,
2377 2811 2608 2886 φύλασσε
2667 2811 2824 2884 ἐμοὺς
2877 2810 3096 2890 λόγους,
3156 2813 3248 2873 τὰς
3309 2809 3360 2867 δὲ
3393 2812 3532 2886 ἡμᾶς
3562 2810 3780 2872 ἐντολὰς

2139 2902 2340 2976 κρύψον
2391 2901 2533 2977 παρά
2578 2907 2805 2974 σεαυτῷ,
2864 2902 3024 2957 Εἰπὸν
3080 2901 3178 2967 τὴν
3227 2903 3408 2980 σοφίαν
3466 2902 3563 2968 σὴν
3622 2898 3782 2955 ἀδελ-

2142 2990 2246 3065 ιρὴν
2278 2993 2442 3067 εἶναι,
2499 2989 2595 3055 τὴν
2623 2988 2675 3042 δὲ
2710 2989 2964 3068 φρόνησιν
2995 2991 3261 3068 γνώριμον
3317 2990 3657 3067 περιποίησαι
3690 3009 3785 3044 σε-

2427 3036 2442 3067 θ

2144 3085 2305 3151 αύτῷ,
2341 3078 2432 3132 ’ἕνα
2465 3100 2521 3133 σε
2555 3077 2764 3155 τηρήσῃ
2822 3078 2925 3134 ἀπὸ
2957 3082 3204 3157 γυναικὸς
3251 3079 3530 3156 ἀλλοτρίας
3562 3080 3650 3135 καὶ
3680 3100 3788 3135 πο-

399 3159 573 3237 mala,
602 3161 649 3222 si
679 3171 734 3224 te
760 3164 962 3226 verbis
990 3165 1221 3228 blandis
1246 3168 1452 3229 adorta
1475 3167 1772 3230 fueriLDe
1796 3170 2047 3230 fenestra

2142 3175 2330 3245 νηρᾶς,
2378 3167 2466 3222 ἐάν
2525 3190 2583 3222 σε
2643 3167 2824 3245 λόγοις
2869 3183 2987 3231 τοῖς
3048 3170 3178 3246 πρὸς
3233 3169 3392 3248 χάριν
3428 3167 3783 3243 ἐμϐάλλῃ-ται,

397 3250 557 3309 enim
589 3251 807 3316 domus
837 3255 1035 3316 sumini
1063 3257 1285 3333 plateas
1303 3258 1695 3338 prospiciens,
1720 3278 2047 3338 quemcun-

2141 3256 2277 3312 Ἀπὸ
2324 3259 2422 3334 γὰρ
2479 3256 2679 3333 Ουρίδος
2712 3258 2866 3314 οἴκου
2898 3261 3061 3325 αὐτῆς
3108 3260 3180 3322 εἰς
3233 3260 3326 3321 τὰς
3373 3257 3626 3319 πλατείας
3676 3279 3787 3312 πα-

398 3357 515 3418 que
540 3341 756 3403 viderit
806 3345 1191 3425 insipientum
1251 3348 1506 3408 ﬁliorum
1564 3349 2043 3430 adolescentem,

396 3430 597 3491 cordis
622 3431 883 3512 inopem.
908 3445 1363 3514 praetereuntem
1394 3455 1500 3515 per
1521 3438 1738 3518 forum,
1772 3438 1829 3497 in
1858 3449 2047 3498 trans-

396 3518 578 3581 itilius
607 3522 822 3583 aedium
855 3543 1120 3602 suarum,
1158 3535 1216 3586 et
1267 3527 1610 3606 loquentem
1668 3527 1725 3586 in
1781 3528 2045 3589 tenebris

398 3611 771 3688 vespertinis,
799 3631 934 3673 cum
961 3625 1050 3674 est
1085 3624 1376 3676 nocturna
1399 3617 1568 3696 quies
1596 3624 1656 3678 et
1681 3616 2039 3695 caliginosa:

485 3755 572 3805 ¹00
604 3757 812 3820 Matth.
845 3775 925 3830 XI,
960 3757 1059 3820 ‘28.

2139 3348 2496 3419 ρακύπτουσα,
2535 3348 2592 3401 ὃν
2653 3346 2713 3401 ἂν
2756 3347 2850 3423 ’ίὸῃ
2882 3349 2984 3403 τῶν
3030 3348 3267 3426 ἀφρόνων
3326 3346 3522 3402 τέκνων
3583 3348 3788 3401 νεανίαν

2138 3434 2288 3501 ἐκδόεῆ
2351 3443 2574 3514 φρενῶν,
2642 3437 3141 3514 παραπορευόμενον
3218 3437 3270 3492 ἐν
3324 3437 3513 3513 ἀγορᾷ,
3561 3435 3614 3490 ἐν
3670 3434 3786 3490 διό-

2138 3524 2244 3586 δοις
2281 3527 2446 3581 οὶκίαν
2495 3528 2680 3597 αὐτῆς,
2744 3528 2830 3580 γαὶ
2889 3526 3152 3582 λαλοῦντα
3207 3526 3260 3580 ὲν
3311 3528 3490 3582 σκότει
3526 3530 3790 3602 ἑσπερινῷ

2139 3615 2290 3694 (51),
2326 3618 2480 3682 ἡνίκα
2540 3616 2600 3668 ἂν
2659 3614 2694 3689 ᾗ
2752 3616 2952 3694 ἡσυχία
3012 3616 3284 3694 νυκτερινὴ
3339 3617 3426 3671 καὶ
3480 3614 3783 3695 γνοφώδης⁶

1753 3850 2150 3916 VARIORUM
2198 3850 2445 3915 NOTE.

477 4000 609 4079 (47)
646 4000 896 4066 Ῥύσηται
929 4003 1049 4064 τοὺς
1081 4002 1353 4064 ύποέίκους
1407 4011 1504 4070 τῆς
1560 4005 1919 4078 ἀποκειμένης
1953 4005 2043 4082 ὀρ·-

395 4087 526 4161 γῆς,
557 4079 839 4165 καὶ-Ηίθεξο
892 4082 1096 4143 omnia
1128 4082 1339 4165 desunt
1372 4084 1428 4143 in
1464 4085 1638 4145 codd.
1674 4084 1850 4146 Vind.
1888 4079 2041 4165 qum,

395 4160 838 4241 perSpicuitatis
869 4180 1069 4242 causa,
1103 4163 1236 4223 addi
1275 4174 1545 4242 potuere.
1581 4166 1760 4227 CLEn.

478 4243 599 4326 (48)
637 4243 894 4326 Πρός-με.
930 4241 1108 4326 Deest
1135 4244 1191 4302 in
1229 4241 1499 4326 utroque.
1532 4249 1620 4307 In.

483 4322 608 4401 (49)
696 4324 989 4378 Λούσασοαι
1067 4322 1411 4405 βουλόμενος,
1524 4325 1706 4405 χρήσῃ
1781 4323 2043 4400 βαλανείῳ

399 4402 636 4486 ἀνδρείῳ.
673 4404 855 4462 Erant
887 4403 1038 4486 olim
1075 4404 1141 4486 in
1193 4402 1492 4486 fidelibus,
1529 4402 1670 4466 tum
1725 4405 1956 4465 luxuria
1987 4414 2043 4464 et

2129 4002 2426 4063 adversus
2442 3999 2847 4061 Jovinz'anum
2869 3997 3146 4077 cap.ult.,
3180 4017 3291 4060 nec
3323 4017 3440 4059 non
3472 3997 3639 4061 Nilus
3672 4002 3780 4065 lib.

2131 4099 2193 4152 ll,
2228 4079 2402 4159 epist.
2432 4081 2500 4141 ‘21
2522 4085 2572 4159 l.
2611 4079 2767 4151 Quid
2794 4079 2949 4159 quod
3006 4079 3262 4140 ethnicis
3294 4080 3498 4141 multis
3522 4099 3623 4144 res
3655 4083 3786 4143 dis-

2130 4158 2371 4240 plicuit?
2403 4169 2464 4220 ut
2489 4158 2752 4220 Hesiodo
2780 4158 2838 4240 in
2875 4160 2990 4220 fine
3015 4159 3151 4220 libri
3181 4178 3222 4222 ιι
3271 4161 3536 4237 Operam
3558 4171 3613 4226 et
3635 4163 3779 4226 Die-

2128 4241 2462 4320 rum,cujus
2477 4259 2680 4302 versus
2694 4239 3329 4303 laudaturaClemente
3348 4241 3781 4306 Alexandrino.

2127 4320 2313 4382 Varro
2339 4321 2576 4394 lih.vul,
2595 4321 2674 4381 De
2697 4321 2910 4400 lingua
2944 4323 3338 4400 Lalina,posz
3369 4321 3787 4388 medium.Ubi

2125 4403 2268 4464 bina
2286 4411 2473 4463 essent
2487 4403 2805 4480 conjuncta
2821 4401 3364 4478 wdiﬁciaJavandi
3375 4419 3784 4480 causaamum

397 4481 656 4552 lascivia,
686 4501 852 4543 more
885 4482 1215 4564 infidelium
1242 4480 1580 4547 diffluentes
1609 4506 1624 4560 ;
1657 4495 1778 4545 tum
1813 4486 2044 4564 simpli-
2074 4491 2112 4540 D
2133 4483 2661 4551 ubiviri,allerum
2682 4480 3783 4564 abimulieresturicremamEtinHis-

397 4564 679 4644 cioresac
713 4561 933 4638 idiotae,
964 4582 997 4623 a
1021 4563 1240 4644 quibus
1276 4566 1491 4644 (inquit
1524 4565 1897 4644 Epiphanius
1929 4561 2043 4626 hae-

390 4643 512 4725 resi
545 4641 643 4725 3_0,
681 4661 815 4716 cap.
851 4647 909 4725 7)
948 4641 1211 4725 propter
1267 4641 1680 4725 negligentiam
1731 4645 2041 4706 doctorum

390 4722 637 4798 ignaris,
675 4741 790 4782 non
823 4722 1120 4784 vitabatur
1167 4722 1375 4786 lavatio
1428 4722 1560 4788 cum
1597 4725 1840 4787 alterius
1868 4744 2045 4787 sexus

395 4800 1002 4885 hominibustcirco
1034 4805 1462 4867 constitutione
1490 4807 1686 4880 hac,et
1711 4806 1805 4866 illa
1839 4807 2045 4885 capitis

391 4884 448 4956 9,
479 4883 873 4963 prohibentur
909 4885 1119 4945 balnea
1155 4887 1495 4962 promiscua
1527 4887 1786 4946 virorum
1813 4893 1871 4947 et
1905 4883 2040 4948 inu-

387 4963 1353 5044 lierum.Eademqueinterdictio
1387 4968 1604 5044 legitur
1626 4967 1684 5027 in
1713 4966 2042 5028 canonibus

389 5044 726 5127 Laodiceno
761 5043 858 5127 3_(),
898 5052 955 5127 et
987 5043 1272 5127 'l‘rullano
1303 5043 1483 5127 7_7,ad
1518 5067 1695 5127 quem
1725 5046 2039 5108 Balsamon

392 5123 693 5204 improbat
721 5125 899 5207 etia_m
931 5123 1316 5207 lavationem,
1344 5123 1552 5189 balnei
1587 5128 1702 5189 viro
1751 5127 2039 5207 uxorique

389 5203 792 5265 communem.
829 5203 944 5266 Sed
981 5209 1041 5266 et
1071 5205 1261 5264 sancti
1297 5204 1498 5266 Patres
1543 5203 2040 5268 consuetudinem

391 5285 801 5367 turpitudinis,
839 5283 1093 5367 periculi
1124 5293 1180 5344 et
1209 5287 1475 5367 scandali
1509 5287 1742 5367 plenam
1777 5289 2036 5367 proscri-

388 5363 656 5450 pserunt;
684 5365 962 5450 Clemens
984 5363 1426 5450 Alexandrinus
1449 5363 2035 5450 I’ipdagogilumap.

390 5445 812 5528 5,;Cyprianus
835 5444 923 5528 l)_c
964 5444 1392 5528 disciplinae!
1443 5444 1661 5511 liabth
1696 5444 2034 5528 uirginum,

389 5523 549 5587 circa
572 5523 850 5597 ’finem,et
873 5523 934 5605 in
951 5524 1213 5605 antiquis
1238 5526 1601 5591 editionibus
1624 5529 1776 5590 libro
1794 5523 1893 5589 'De
1915 5528 2039 5605 lap-

386 5608 638 5686 sis,ante
666 5605 872 5677 finem;
899 5603 1353 5686 Chrysostomns
1382 5617 1626 5671 tractatu
1667 5611 1750 5671 De
1766 5603 2036 5671 educan-

384 5684 724 5754 disrliberia,
765 5703 867 5761 per
904 5684 1090 5743 virum
1146 5687 1613 5748 eruditissimum
1653 5692 2033 5750 Franciscum

385 5765 807 5826 Combefisium
835 5770 1091 5841 Vulgato,
1131 5787 1185 5844 p.
1221 5769 1298 5827 73
1325 5789 1339 5840 ;
1364 5767 1662 5830 Paliadius
1695 5770 1925 5846 dialogo
1960 5771 2038 5830 De

386 5846 510 5908 vita
529 5845 1022 5926 S.Chrysastomi
1045 5865 1183 5924 cap.
1222 5847 1320 5922 13,
1348 5858 1405 5907 et
1434 5847 1824 5931 Hieronymus
1857 5845 1961 5911 lib.
1999 5867 2035 5912 ll

2129 4566 2286 4644 toria
2309 4566 2353 4624 Α
2367 4570 2592 4641 ngusta
2615 4562 2870 4644 refertur
2893 4563 3050 4644 quod
3083 4561 3382 4644 Adrianus
3406 4562 3638 4626 lavacra
3674 4582 3782 4644 pro

2128 4641 3125 4722 sexibussuperaverit,Anton‘inus
3142 4641 3781 4722 philosophuslavacra

2131 4725 2304 4784 mista
2327 4723 2436 4784 sub
2449 4720 3073 4794 moverit,Alexander
3095 4720 3352 4784 Severus
3374 4720 3587 4787 balnea
3609 4725 3785 4787 mista

2131 4806 2337 4867 Romae
2355 4802 2734 4884 prohibuerit
2749 4801 3321 4884 exhib_eri.Denique
3339 4822 3446 4884 per
3465 4806 3630 4884 leges
3641 4805 3784 4867 civi-

2127 4882 2447 4945 leslicebat
2473 4883 2684 4942 marito
2728 4882 3046 4961 repudium
3109 4882 3352 4945 mitterer
3372 4882 3566 4957 uxori,
3604 4885 3654 4947 si
3705 4904 3779 4948 ea

2126 4964 2543 5044 contraipsius
2578 4962 2934 5023 voluntatem
2955 4982 3096 5044 cum
3122 4964 3261 5024 viris
3293 4967 3592 5028 extraneis
3623 4966 3780 5028 lava-

2125 5043 2900 5128 ret.,_Abs’_ititaqueutpost
2923 5043 3240 5128 Evagrium
3286 5044 3392 5128 lib.
3429 5065 3472 5128 ι,
3507 5066 3636 5127 cap.
3665 5046 3775 5128 21,

2126 5135 2183 5185 et
2206 5125 2608 5203 Nicephorum
2636 5122 2717 5182 lib
2785 5140 2903 5196 xiv,
2938 5141 3068 5203 cap.
3095 5122 3532 5203 50,1audem'us
3565 5122 3780 5190 stultos

2128 5206 2258 5266 illos
2281 5203 2643 5283 ascetas.qui
2666 5203 2804 5262 dum
2829 5204 2943 5263 sibi
2971 5206 3197 5270 ἀπαθεῖς
3229 5222 3362 5266 esse
3394 5207 3773 5282 videbantur,

2126 5283 2396 5346 solebant
2427 5284 2670 5345 balneas
2701 5284 2967 5360 adire,ut
2997 5302 3115 5345 una
3147 5303 3281 5346 cum
3317 5287 3673 5350 mulieribus
3693 5288 3780 5348 la-

2126 5373 2426 5428 varentur.
2467 5368 2610 5426 COT.

2204 5448 2326 5524 (50)
2361 5448 2460 5510 Τὰς
2513 5444 2679 5526 οῦτῳς
2725 5444 3028 5526 ,εὖ-αλώτους
3089 5459 3371 5526 γυναῖκας,
3432 5451 3660 5513 Desunt
3711 5449 3776 5511 in

2121 5523 2376 5605 utroque
2401 5526 2553 5587 libro
2587 5523 2925 5588 Vindobon.
2961 5523 3150 5590 CLEti.

2205 5609 2467 5689 (Sili-Kal
2523 5605 2786 5689 λαλοῦντα
2849 5607 2902 5661 ἐν
2936 5611 3111 5689 σκότει
3146 5607 3422 5686 ἐσπερινῷ.
3458 5609 3565 5671 MS.
3619 5609 3772 5689 Reg.

2121 5686 2527 5748 49ὐ.καλοῦντα
2540 5737 2550 5749 ,
2563 5685 2738 5757 LXX,
2772 5695 2873 5746 aut
2895 5687 3265 5764 scripserunt
3281 5685 3420 5746 ἀλοῦ
3435 5685 3776 5765 ιτα,εΠἀἠο

2120 5776 2258 5839 tem,
2271 5776 2590 5844 vagantem
2603 5767 2783 5845 ,quod
2799 5766 3117 5827 acceditad
3133 5769 3629 5847 significationem
3645 5790 3775 5832 ver-

2121 5847 2180 5910 bi
2211 5862 2326 5912 ’παπ
2355 5849 2564 5928 gradi,
2602 5847 2786 5927 itare,
2816 5854 2918 5908 aut
2941 5847 3214 5926 legerunt
3238 5865 3386 5944 pyri
3421 5869 3455 5913 a
3484 5867 3608 5947 pm:
3635 5853 3771 5913 cla-
