4124 6438
411 291 529 355 587

1252 294 1314 357 S.
1362 295 1801 361 CLEMENTIS
1843 301 1868 360 Ι
1914 299 2098 363 ΒΟΜ.
2146 301 2375 365 ΡΟΝΤ.
2414 302 2664 367 ΟΡΕΒΑ
2707 307 2957 369 DUBlA.

3675 310 3792 375 588

409 434 605 509 potest
630 426 919 507 quotidie.
953 426 1043 489 Sit
1087 445 1228 489 vero
1262 428 1367 489 tibi
1402 433 1783 493 constitutum
1822 442 2079 509 tempe»

2147 424 2265 481 ἀλλ’
2294 428 2338 482 εί
2369 424 2609 505 δυνατὸν,
2673 430 2809 505 μηδὲ
2858 432 3161 512 καθημέραν
3244 433 3399 514 ’Ὦρα
3439 432 3493 490 δέ
3524 456 3610 493 σοι
3651 435 3792 493 ἔστω

410 518 576 579 stiva:
601 517 909 579 lavationis
924 524 1043 579 tem
1054 520 1343 595 pus,hora
1368 518 1623 600 decima;
1646 530 1881 599 oportet
1903 523 2063 585 enim

415 614 639 684 te,quze
661 606 857 670 ﬁdelis
880 608 1342 683 es,omnimodis
1366 628 1433 670 ac
1462 628 1704 691 semper
1728 613 2065 676 oculatissi-

409 714 566 760 mam
596 696 999 759 curiositatem
1043 698 1248 759 vitare.

1056 785 1298 851 CAPUT
1338 788 1419 853 X.

651 877 739 939 De
767 877 1023 939 muliere
1054 879 1430 939 contentiosa
1462 887 1519 939 et
1548 878 1812 957 loquace.

490 968 947 1032 Contentiouem
968 968 1532 1044 autem,Cbristiana
1554 970 1924 1045 mulier,tum
1947 974 2056 1035 ad-

405 1076 613 1122 versus
660 1064 931 1131 cunctos,
968 1064 1092 1119 tum
1149 1056 1479 1135 prazsertim
1540 1059 1823 1122 adversus
1867 1063 2055 1124 virum

412 1156 578 1211 tuum
602 1154 843 1227 amputa
868 1169 881 1205 :
906 1162 983 1209 ne
1006 1146 1056 1205 si
1088 1145 1349 1207 inﬁdelis
1374 1147 1471 1218 sit,
1502 1156 1603 1209 aut
1629 1151 1924 1231 ethnicus,
1954 1171 2061 1232 per

413 1247 473 1300 te
488 1236 835 1300 scandalum
853 1238 1278 1315 passus,Deum
1302 1235 1683 1317 blasphemet
1700 1260 1715 1313 ;
1734 1248 1795 1300 et
1814 1250 1876 1301 tu
1900 1246 2054 1322 apud

408 1326 620 1400 Deum,
645 1326 804 1387 illius
833 1343 922 1387 me
945 1326 1137 1386 haeres
1158 1325 1503 1405 reperiaris.
1537 1328 1637 1388 Ait
1666 1328 1825 1389 enim
1854 1349 1870 1390 :
1898 1351 1926 1389 ‹
1956 1334 2060 1395 Va;

412 1417 470 1481 ei
502 1434 611 1499 per
643 1434 819 1497 quem
842 1433 1062 1475 nomen
1097 1433 1296 1475 meum
1334 1413 1871 1494 blasphematurin
1898 1422 2057 1499 genti

2148 517 2318 584 ταχτὴ
2343 519 2377 585 ἡ
2410 523 2507 585 τῆς
2560 520 2929 597 καιρολουσίας
2988 521 3204 590 δεκάτη·
3238 521 3321 579 δεῖ
3349 524 3449 602 γάρ
3480 545 3563 599 σε,
3593 526 3790 594 πιστὴν

2146 604 2327 680 οὖσαν,
2382 607 2443 665 ἐκ
2496 611 2694 671 παντὸς
2760 613 2850 667 καὶ
2932 613 3154 670 πάντοτε
3231 614 3330 681 τὴν
3377 612 3791 694 πολυόφθαλμον

2146 698 2448 775 περιεργίαν
2478 700 2687 779 φεύγειν
2698 748 2710 761 .

2727 796 3115 852 ΚΕΦΑΛΑΙΟΝ
3161 793 3226 855 ι’.

2366 879 2490 957 Περὶ
2521 879 2768 957 μαχίμου
2797 881 2885 935 καὶ
2915 880 3263 959 γλωσσὼδους
3292 885 3568 963 γυναικός.

2224 967 2296 1024 Τὸ
2322 964 2376 1022 δὲ
2405 967 2653 1047 μάχιμόν
2707 990 2801 1025 σου
2859 971 2991 1049 πρὸς
3040 972 3265 1046 πάντας,
3326 972 3559 1050 μάλιστα
3615 972 3789 1031 δὲκαὶ

2142 1058 2275 1133 πρὸς
2330 1058 2421 1113 τὸν
2474 1054 2634 1135 ἄνδρα
2678 1080 2772 1113 σου
2823 1061 3135 1136 περίκοψον,
3216 1065 3382 1130 πιστὴ
3452 1065 3786 1144 ὑπᾶρχ-υσα,

2141 1145 2233 1235 ’ίνα
2268 1167 2361 1205 σου
2392 1147 2580 1235 ὸάνῂρ
2633 1147 2723 1203 ἐὰν
2773 1149 2810 1223 ᾖ
2853 1147 3076 1214 ἄπιστος
3140 1152 3284 1233 (82),
3334 1156 3370 1221 ἢ
3428 1152 3652 1235 ἐθνικὸς,
3709 1154 3789 1230 μὴ

2143 1232 2226 1290 διὰ
2258 1236 2315 1289 σὲ
2377 1234 2769 1302 σκανδαλισθεὶς
2823 1237 3197 1319 βλασφημήσῃ
3254 1244 3410 1315 Θεὸν,
3471 1245 3560 1299 καὶ
3603 1232 3789 1300 σῦτοῦ

2143 1323 2256 1381 οὖαὶ
2309 1324 2643 1403 κληρονόμος
2703 1326 2916 1405 εὑρεθῇς
2973 1331 3120 1409 παρὰ
3178 1336 3315 1405 Θεῷ.
3380 1352 3404 1389 α
3454 1333 3604 1406 Ούαὶ,
3660 1334 3784 1411 γὰρ,

2142 1416 2296 1495 φησὶ,
2351 1413 2422 1472 δι’
2477 1415 2538 1473 οὗ
2584 1418 2645 1472 τὸ
2700 1415 2870 1491 ὄνομά
2922 1441 3024 1493 μου
3093 1420 3497 1499 βλασφημεῖται
3561 1423 3616 1479 ’sv
3667 1436 3785 1487 τοῖς

412 1508 524 1570 bus
542 1503 636 1585 u;
664 1531 692 1563 ι
720 1507 767 1567 si
788 1516 988 1566 autem
1016 1504 1211 1566 ﬁdelis
1234 1512 1324 1565 est
1347 1505 1595 1567 maritus
1622 1515 1754 1569 tuus
1775 1508 1847 1583 ‘5,
1875 1529 2055 1589 coge-

2147 1504 2340 1561 ἔθνεσιν
2388 1502 2522 1585 (83)
2552 1523 2569 1539 ·
2620 1528 2645 1562 ι
2694 1507 2738 1561 εἰ
2790 1506 2845 1562 δὲ
2903 1511 3092 1575 πιστὸς
3146 1511 3378 1591 ὑπάρχει
3435 1533 3528 1567 σου
3566 1513 3594 1568 ὁ
3625 1512 3784 1592 ἀνὴρ,

410 1606 527 1673 tur,
558 1604 622 1659 ut
665 1595 767 1677 qui
796 1592 1135 1673 Scripturas
1185 1594 1353 1669 sciat,
1388 1594 1548 1657 illam
1594 1615 1800 1658 vocem
1836 1599 1893 1659 in
1941 1602 2054 1662 Sa-

2147 1594 2621 1672 ὶναγχασθὴσεται,
2698 1597 2770 1662 ὡς
2828 1595 2977 1660 εἰδὼς
3048 1600 3139 1663 τὰς
3196 1602 3433 1681 Γραφὰς,
3484 1602 3656 1658 εἰπεῖν
3723 1604 3786 1659 τὸ

408 1686 631 1768 pientia
660 1684 942 1763 scriptam
993 1701 1326 1763 usurpare:
1361 1707 1386 1739 α
1420 1684 1637 1747 Melius
1666 1694 1755 1747 est
1785 1686 2053 1751 habitare

2147 1686 2283 1760 δῆμα
2333 1688 2394 1741 τὸ
2438 1685 2810 1763 γεγραμμένον
2865 1686 2921 1742 ἐν
2967 1694 3036 1765 τῇ
3086 1691 3292 1769 Σοφίᾳ⁶
3336 1712 3365 1745 α
3413 1699 3671 1769 Κρεῖσσον
3700 1693 3787 1748 οἶ-

404 1778 467 1839 in
499 1776 761 1854 deserto,
797 1790 977 1849 quam
1013 1791 1149 1833 cum
1182 1772 1435 1833 muliere
1468 1773 1742 1852 linguace
1781 1783 1838 1837 et
1886 1778 2052 1838 rixo-

2147 1790 2258 1831 »ιεῖν
2314 1776 2369 1833 ἐν
2418 1774 2622 1854 ἒρὴμῳ,
2684 1774 2722 1843 ἢ
2780 1778 2915 1852 μετὰ
2991 1779 3243 1856 γυναικὸς
3298 1778 3652 1858 γλωσσώδους
3697 1784 3784 1838 καὶ

402 1864 563 1928 saw.
592 1891 619 1921 ι)
647 1862 961 1939 Quocirca,
985 1862 1289 1934 mulieres,
1318 1863 1545 1941 pudore
1569 1872 1625 1924 et
1649 1864 1900 1927 lenitate
1932 1868 2052 1947 pie-

2147 1865 2418 1944 μαχίμης.
2483 1888 2507 1919 ι
2576 1871 2642 1925 Αἱ
2698 1864 2787 1921 οὖν
2838 1880 3114 1947 γυναῖκες,
3174 1865 3259 1923 διὰ
3308 1873 3407 1935 τῆς
3468 1866 3641 1933 αἰδοῦς
3696 1871 3785 1927 καὶ

404 1965 581 2019 tatem
603 1971 743 2033 erga
768 1951 963 2013 Deum
989 1952 1173 2012 etiam
1199 1952 1457 2013 ethnicis
1478 1952 1778 2035 omnibus,
1804 1974 1936 2016 cum
1962 1959 2052 2017 vi-
2078 1952 2079 1955 “

2147 1956 2443 2034 πραότητος
2492 1956 2591 2024 τὴν
2642 1954 2940 2012 θεοσέϐειαν
2997 1956 3342 2034 ὲνδείκνυσθε,
3404 1961 3476 2025 εἷς
3532 1960 3784 2038 ἐπιστρο-

400 2047 508 2126 ris,
543 2053 667 2106 tum
720 2041 984 2122 feminis,
1016 2042 1335 2118 ostendite,
1373 2042 1435 2103 in
1481 2043 1935 2107 conversionem
1986 2066 2055 2109 ac

2147 2048 2241 2125 φὴν
2298 2048 2385 2102 καὶ
2428 2046 2735 2124 προτροπὴν
2782 2047 3038 2121 πίστεως,
3092 2049 3181 2104 καὶ
3227 2061 3346 2111 τοῖς
3398 2048 3548 2115 ius;
3595 2056 3780 2124 πᾶσιν,

403 2133 886 2199 exhortationem
912 2130 1077 2192 ﬁdei.
1103 2130 1271 2202 Quod
1304 2132 1351 2192 si
1371 2149 1494 2213 vos,
1516 2151 1550 2193 ο
1576 2150 1813 2195 sorores
1836 2142 1895 2194 et
1920 2135 2057 2197 ﬁliae

2147 2133 2255 2193 εἴτε
2286 2135 2542 2213 γυναιξὶν,
2584 2136 2697 2191 εἴτε
2741 2133 2979 2213 ἀνδράσι.
3032 2137 3129 2193 Καὶ
3182 2138 3226 2193 εί
3274 2135 3342 2193 δι’
3374 2137 3569 2215 ὀλίγων
3600 2144 3781 2196 νουθε·

402 2233 463 2287 et
487 2224 755 2285 membra
778 2218 1178 2295 nostra,brevi
1204 2220 1611 2283 admonitione
1634 2223 2005 2285 erudivimus
2035 2246 2051 2307 ;

396 2316 522 2396 jam
554 2320 625 2375 ut
656 2310 960 2391 sapientes
996 2323 1372 2389 perseverate
1422 2312 1556 2372 sine
1607 2311 1826 2391 probro
1876 2314 2047 2378 vitae:

403 2402 639 2465 studete
668 2400 1017 2481 disciplinas
1051 2418 1149 2460 eas
1204 2418 1405 2479 nosse,
1439 2399 1658 2480 quibus
1708 2402 1949 2482 possitis
1978 2405 2051 2467 ad

402 2490 643 2558 Domini
665 2490 856 2552 nostri
876 2507 1125 2568 regnum
1140 2490 1326 2569 gratia
1348 2490 1509 2551 illius
1526 2490 2049 2573 pervenire,atque

400 2582 784 2665 requiescere
809 2581 868 2641 in
907 2580 1122 2642 szecula
1164 2580 1545 2642 saeculorum.
1580 2580 1798 2643 Amen.

2135 2228 2400 2293 τήσαντες
2458 2224 2845 2301 ἐπαιδεύσαμεν
2891 2227 3053 2301 ὑμᾶς,
3108 2225 3326 2305 ἀδελφαὶ
3370 2230 3459 2285 καὶ
3510 2230 3785 2309 θυγατέρες

2135 2317 2222 2371 καὶ
2252 2314 2395 2391 μέλη
2427 2317 2605 2390 ἡμῶν,
2648 2316 2721 2379 ὡς
2776 2316 2934 2394 σοφαὶ
2966 2320 3052 2372 καὶ
3112 2318 3263 2373 αύταὶ
3308 2316 3645 2396 ἁλοιδόρητοι
3695 2326 3787 2377 τοῦ

2134 2406 2249 2481 βίου
2278 2404 2579 2480 διαμείνατε
2610 2404 2725 2478 (84)
2763 2420 2776 2434 ⁸
2840 2404 3119 2475 ἐπιζητεῖτε
3150 2408 3442 2482 μαθήματα
3474 2415 3781 2487 γινώσκειν,

2134 2494 2202 2551 δι’
2233 2499 2306 2552 ὠν
2338 2493 2622 2562 δυνήσεσθε
2649 2500 2721 2570 τῇ
2747 2501 2840 2551 τοῦ
2898 2495 3086 2570 Κυρίου
3117 2496 3273 2570 ἡμῶν
3305 2497 3506 2575 ἐγγίσαι
3541 2498 3785 2576 βασιλείᾳ

2132 2584 2453 2660 εὐαρέστως,
2487 2584 2574 2640 καὶ
2606 2583 2999 2639 ἀναπαύσεσθαι
3034 2582 3158 2663 (85)
3194 2586 3268 2647 εἰς
3298 2586 3420 2649 τοὺς
3452 2589 3647 2651 αἰῶνας
3676 2588 3784 2645 τῶν

2129 2674 2357 2734 αἰώνων.
2385 2672 2558 2749 Ἀμὴν
2569 2717 2581 2730 .

478 2832 537 2879 ﬂ
562 2833 676 2901 Isa.
706 2849 833 2916 ρει,
848 2835 906 2897 5.
990 2830 1046 2873 ⁸⁵
1074 2833 1357 2916 L._lgnat.
1393 2831 1469 2893 ad
1510 2830 1702 2896 Trall.
1736 2835 1799 2910 8,
1829 2843 1885 2897 et
1916 2835 2100 2915 Ignat.
2137 2834 2421 2916 interpol.
2455 2829 2607 2894 ibid.
2631 2829 2949 2913 Polycarp.
2980 2848 3112 2912 cap.
3139 2832 3238 2909 10,
3270 2849 3312 2894 ι.
3345 2832 3523 2912 infra,
3556 2834 3666 2897 lib.
3711 2853 3775 2909 ιι,

1742 2994 2143 3061 VARIORUM
2187 2991 2434 3060 NOTE.

484 3145 604 3229 (82)
636 3146 941 3211 ’¹Απιστος.
1006 3144 1199 3208 Πιστός
1246 3143 1306 3206 in
1335 3152 1617 3227 utroque,
1650 3163 1829 3223 quam
1863 3146 2079 3225 bene,t

2147 3160 2245 3211 ςοῖς
2260 3147 2437 3229 ,ἔθνεσι
2463 3142 2477 3229 ξ
2505 3144 2765 3229 Joannes
2783 3142 3242 3229 _Chrys_ostomus
3260 3144 3469 3229 homil.
3494 3145 3530 3207 7
3566 3146 3633 3229 in
3651 3145 3784 3229 Ge-

401 2934 533 2999 cap.
566 2918 625 2979 5.
714 2912 771 2958 ³⁸
797 2912 969 2977 Prov.
995 2930 1118 2989 nl,
1144 2913 1239 2973 19.

398 3229 629 3293 nescio.
664 3230 847 3291 CLER.

479 3307 595 3385 (83)
625 3309 751 3367 Οὒαὶ
801 3310 922 3387 γὰρ,
977 3311 1127 3387 φησὶ,
1198 3306 1267 3362 δι’
1323 3310 1404 3383 οὗ,
1466 3316 1581 3387 etc.
1618 3305 1844 3368 Eodem
1875 3308 2053 3369 modo

399 3391 624 3471 lib.in,
657 3406 786 3469 cap.
815 3386 1090 3471 5._Capite
1132 3396 1331 3449 autem
1391 3388 1468 3448 24
1500 3386 1637 3471 libri
1669 3404 1765 3449 vn.
1806 3389 1886 3471 Δί
1916 3392 2053 3471 υμᾶς

398 3474 460 3528 τὸ
489 3467 657 3546 ὄνομά
688 3467 791 3544 μου
844 3467 1245 3547 βλασφημεῖται
1312 3470 1367 3523 ἒν
1422 3480 1537 3529 τοῖς
1589 3468 1779 3529 ἔθνεσι.
1837 3467 2050 3547 Vulgo,

400 3550 465 3608 δι’
525 3553 659 3626 ὑμᾶς
718 3547 1001 3613 διαπαντὸς
1050 3552 1112 3604 τὸ
1168 3548 1335 3622 ὄνομά
1375 3572 1476 3623 μου
1534 3549 1937 3626 βλασφημεῖται
1996 3552 2051 3606 ἐν

403 3574 455 3608 οι
525 3574 659 3626 υμας
718 3574 1001 3613 οιαπαντος
1050 3574 1112 3604 το
1168 3574 1335 3622 ονομα
1375 3574 1476 3623 μου
1534 3574 1669 3624 ΡΛΖσ
1712 3574 1937 3623 ημειται
1996 3574 2046 3606 εν

403 3645 522 3692 τοῖς
562 3629 756 3689 ἔθνεσι.
786 3630 846 3692 S.
885 3628 1146 3705 lgnatius
1177 3627 1438 3709 Epistola
1466 3628 1537 3690 ad
1563 3574 1893 3691 TraTlianos
1922 3632 2046 3693 c.8:

2136 3227 2331 3290 nesim
2364 3245 2380 3286 :
2414 3225 2541 3284 Οὐαὶ
2589 3226 2746 3304 ὑμῖν,
2779 3223 2861 3280 ὅτι
2911 3222 2978 3304 διξ
3012 3226 3145 3301 δμᾶς
3192 3228 3255 3281 τὸ
3283 3225 3451 3301 ὄνομα
3482 3248 3586 3302 μου
3613 3227 3784 3304 βλασ.

2136 3321 2400 3389 φημεῖται
2432 3306 2488 3389 ξι
2516 3320 2652 3389 ,τοῖς
2675 3303 2873 3389 ἔθνεσι.
2927 3303 3150 3389 Hemi].
3197 3305 3272 3389 57
3301 3306 3387 3389 ’ξπ
3434 3303 3731 3370 Joannem
3767 3324 3781 3371 ε

2138 3384 2265 3447 ὀῦαὶ
2307 3392 2385 3462 τῷ
2439 3384 2610 3459 δούλῳ
2672 3385 2879 3461 ἐκείνῳ,
2939 3384 3011 3441 δι’
3061 3385 3122 3443 οὗ
3172 3388 3234 3443 τὸ
3292 3384 3458 3463 ὄνομα
3504 3394 3597 3445 τοῦ
3655 3395 3820 3446 Θεοῦ’

2137 3467 2567 3570 βλασφημεῖται,
2600 3464 2671 3565 Εξί
2700 3464 2913 3570 homil.
2944 3465 3024 3527 46
3044 3465 3732 3570 ἱηρξιαοαξηοεῑοὶοηιγη
3766 3488 3781 3529 ε

2136 3548 2264 3629 Οὐαὶ
2291 3546 2444 3629 ύμῖν,
2486 3546 2560 3629 δι’
2592 3548 2687 3629 οὒς
2727 3548 2791 3629 το
2832 3546 2999 3629 ὄνομα
3054 3552 3150 3603 τοῦ
3185 3554 3320 3629 Θεοῦ
3350 3546 3781 3629 βλασφημεῖται,

2134 3627 2195 3689 in
2226 3626 2619 3690 Confessione
2651 3625 2715 3689 S.
2760 3625 3026 3705 Patricii,
3058 3643 3236 3705 quam
3268 3626 3328 3688 in
3358 3625 3556 3691 lucem
3590 3626 3789 3691 emisit

406 3712 555 3789 Οὐαὶ,
596 3709 664 3766 δι’
717 3709 775 3766 οὗ
818 3704 1253 3784 ὲπὶίματαιὸτητῖ
1312 3713 1368 3765 τὸ
1422 3710 1588 3784 ὄνομά
1622 3734 1723 3786 μου
1758 3713 1844 3767 ἐπὶ
1892 3733 2051 3767 τινων

2147 3706 2386 3800 Lacobus
2407 3705 2678 3800 ﬂaraeus
2711 3722 2725 3763 :
2765 3704 2892 3800 ¹νοτε.
2923 3706 3181 3800 nomini,
3229 3724 3342 3788 per
3565 3726 3786 3772 nomen

404 3790 831 3870 βλασφημεῖται.
865 3789 1012 3867 Ejus
1050 3789 1439 3870 interpolator
1468 3789 1719 3870 ibidem,
1754 3792 2047 3870 quemad-

402 3838 1138 3952 fnodumWConstitzitiones
1184 3838 1296 3930 hroc
1334 3869 1571 3952 inloco.
1600 3872 1663 3933 S.
1697 3838 2054 3952 i’o'lycarpus

405 3951 673 4032 epistolae
687 3968 811 4032 suae
832 3968 959 4032 cap.
1001 3950 1073 4013 10
1104 3972 1114 4007 :
1171 3951 1300 4032 l’ce
1328 3950 1446 4032 illi,
1480 3969 1586 4031 per
1615 3950 2053 4031 quem‘nomen

404 4030 657 4111 Domini
679 4030 1141 4111 blasphematur!
1166 4031 1252 4093 Ex
1274 4030 1598 4092 Athanasio
1609 4030 1947 4111 {Apologia
1969 4033 2053 4111 ad

405 4110 828 4192 Constantium
851 4130 908 4191 p.
944 4110 1081 4182 693,
1108 4129 1176 4172 ac
1197 4111 1484 4192 Gregorio
1505 4110 1773 4192 Nysseno
1804 4129 1987 4192 serm.
2014 4110 2051 4175 3

402 4190 496 4256 De
509 4192 800 4255 Oratione
813 4190 1209 4272 ﬂaminicam
1226 4190 1380 4255 libro
1396 4190 1870 4272 Deprofessione
1886 4190 2054 4254 Chri-

397 4279 631 4354 atiana,
681 4276 817 4346 οὐαὶ,
879 4270 945 4329 δι’
997 4275 1083 4337 οὓς
1134 4275 1195 4329 τὸ
1229 4271 1398 4349 ὄνομά
1430 4270 1531 4349 μου
1562 4273 1964 4352 βλασφημεῖται
1996 4272 2051 4329 ἐν

770 4484 1045 4549 CAPITA
1090 4485 1288 4549 LIBRI
1331 4485 1678 4551 SECUNDI.

398 4575 444 4640 Ι.
481 4573 650 4648 Quod
680 4583 950 4656 oporteat
975 4577 1328 4676 episcopum
1367 4594 1501 4640 esse
1535 4576 1864 4658 eruditum,
1893 4582 1953 4637 et
1984 4575 2045 4637 in

482 4682 763 4728 sermone
790 4674 1181 4727 exercitatum
1193 4718 1203 4730 .

397 4752 475 4819 II.
508 4753 758 4855 Qualem
789 4772 922 4816 esse
952 4763 1223 4835 oporteat
1268 4756 1642 4839 episcOpum,
1677 4766 1734 4820 et
1781 4757 2047 4838 reliquos

398 4843 848 5014 lﬂflfﬁlzct’isibus
879 4934 1227 5015 probandus
1247 4937 1444 5018 sitqui
1472 4937 1822 5017 designatur
1842 4938 1902 4998 in
1924 4938 2045 5018 epi-

394 5041 852 5186 16333;...
882 5114 1135 5177 cuilibet
1167 5114 1355 5177 vidua:
1388 5118 1464 5179 sit
1493 5117 1905 5199 largiendum;
1934 5119 2040 5179 sed

477 5203 837 5285 quandoque
855 5204 930 5264 sit
950 5206 1371 5284 anteponenda
1402 5217 1586 5287 nupta
1612 5226 1629 5285 ;
1664 5215 1723 5269 et
1753 5208 1913 5288 quod
1943 5226 2042 5269 vo-

476 5292 638 5444 rl'lacic,l
662 5292 924 5369 ebrioso,
958 5293 1146 5372 pigro,
1181 5293 1558 5377 eleemosyna
1601 5314 1723 5359 non
1778 5298 1855 5359 sit
1882 5313 2039 5379 prai-

521 5399 598 5444 en
643 5399 699 5441 a.

2132 3789 2380 3851 Domini
2401 3786 2855 3868 blasphematur
2877 3785 2892 3846 l
2929 3786 3201 3868 Denique
3222 3785 3466 3850 concilii
3480 3788 3788 3852 Turonen-

2135 3869 2219 3930 sis
2249 3884 2584 3949 I,icanone
2618 3870 2640 3949 t
2676 3886 2709 3949 ξ
2744 3864 2843 3928 Vas
2893 3868 3006 3943 eis,
3053 3864 3164 3948 μὲν
3212 3885 3363 3949 quos
3396 3886 3615 3933 nomen
3675 3871 3790 3935 Dei

2138 3948 2596 4028 blasphematur
2620 3946 2635 4007 ι
2669 3943 2809 4028 Cor.

2218 4025 2346 4109 (84)
2383 4029 2721 4111 Διαμείνατε.
2754 4025 2988 4111 Omittit
3034 4034 3288 4111 uterque
3327 4029 3517 4093 codex
3548 4028 3787 4095 Vindo-

2135 4106 2277 4172 bon.
2312 4114 2371 4169 et
2399 4116 2593 4188 potest
2617 4106 2852 4170 abesse.
2886 4106 3062 4170 CLER.

2243 4189 2341 4263 85)
2371 4188 2817 4252 Ἀναπαύσεσθαι.
2853 4188 3254 4248 Ἀναπαυσασθε
3303 4188 3455 4253 alter
3481 4191 3777 4257 codicum.

2135 4267 2383 4349 Vulgata
2410 4268 2588 4332 lectio
2620 4267 2855 4332 melior.
2885 4271 2974 4333 In.

2331 4490 2676 4545 ΚΕΦΑΛΑΙΑ
2721 4490 2850 4541 ΤΟΥ
2896 4489 3240 4543 ΔΕΥΤΕΡΟΥ
3283 4490 3575 4549 ΒΙΒΔΙΟΥ.

2132 4576 2209 4638 α’,
2252 4574 2393 4635 "Ott
2455 4575 2566 4656 χρὴ
2637 4574 2727 4631 τὸν
2792 4572 3083 4631 ἐπίσκοπον
3146 4573 3292 4632 εἶναι
3337 4572 3782 4653 πεπαιδευμένον,

2208 4667 2297 4723 καὶ
2344 4664 2598 4742 ἔμπειρον
2630 4670 2723 4722 τοῦ
2752 4661 2935 4741 λόγου.

2130 4754 2202 4831 β’.
2241 4756 2375 4815 Οἶον
2402 4754 2548 4813 εἶναι
2594 4753 2707 4833 χρὴ
2749 4752 2840 4809 τὸν
2884 4751 3204 4834 ἐπίσκοπον,
3256 4755 3350 4812 καῖ
3386 4756 3510 4823 τοὺς
3559 4754 3783 4819 λαιποὺς

2211 4844 2499 4917 κληρικούς
2509 4890 2524 4906 ,

2130 4933 2207 5011 γ’.
2243 4935 2369 4992 Τίνα
2412 4932 2525 5013 χρὴ
2556 4928 2928 5007 δοκιμᾶζεσθαι
2973 4932 3067 4988 τὸν
3099 4931 3391 4994 ἐπίσκοπον
3435 4936 3782 5017 προχειριζό-

2255 5044 2397 5085 ενον,

2128 5046 2511 5191 δηιξῗέξεῖοούχ
2565 5108 2766 5177 ἑκάστη
2818 5111 2968 5191 χὴρᾳ
3014 5110 3100 5170 δεῖ
3148 5111 3520 5192 μεταδιδόναι,
3547 5113 3669 5173 ἀλλ’
3699 5112 3791 5172 ἔσθ

2205 5204 2295 5261 ὅτε
2340 5204 2427 5260 καὶ
2455 5202 2556 5271 τὴν
2580 5199 2840 5281 ὅπανδρον
2880 5205 3198 5284 προκρίνειν,
3233 5206 3321 5263 καὶ
3347 5203 3433 5265 ὅτι
3456 5213 3776 5289 καταφαγῇ,

2204 5294 2434 5371 μεθύσῳ,
2474 5293 2645 5375 ἀργῷ,
2669 5294 2729 5351 ὀύ
2756 5292 3092 5369 μεταδιδόναι
3124 5296 3261 5377 χρὴ.

398 5473 473 5537 ν.
508 5469 683 5543 Quod
714 5486 833 5530 non
864 5477 1100 5550 Oportet
1128 5471 1473 5553 episcOpum
1522 5473 1583 5535 in
1628 5474 1858 5555 judicio
1909 5492 2042 5537 esse

2147 5474 2196 5537 -.'.
2230 5472 2367 5531 ’Ὅτι
2400 5475 2511 5554 χρὴ
2543 5473 3047 5553 ἀπροσωπόληπτον
3074 5479 3213 5534 εἶναι
3245 5476 3336 5534 τὸν
3388 5476 3684 5535 ἐπίσκοπον
3731 5499 3788 5535 εν

478 5564 854 5636 acceptorem
886 5577 1274 5639 personarum
1304 5584 1319 5635 ;
1354 5563 1634 5645 quodque
1662 5563 1879 5627 debeat
1910 5581 2042 5626 esse

477 5646 749 5715 moribus
778 5647 1129 5733 moderatis,
1158 5658 1218 5712 et
1245 5650 1398 5713 victu
1425 5652 1659 5731 frugali.

2203 5570 2281 5638 τῷ
2324 5564 2543 5643 κρίνειν,
2576 5566 2663 5621 καὶ
2692 5566 2754 5621 τὸ
2786 5567 2914 5631 ἦθος
2947 5565 3189 5644 μέτριον,
3220 5568 3308 5623 καὶ
3339 5567 3440 5635 τὴν
3465 5563 3672 5624 δίαιταν
3702 5590 3790 5627 συ·

2206 5654 2582 5734 νεσταλμένον.
