4124 6424
391 217 510 284 589
1261 213 1923 280 CONSTITUTIONES
1964 207 2478 276 APOSTOLICIE.
2511 243 2592 254 —
2625 209 2783 272 LIB.
2826 203 2903 270 II.
3685 204 3808 270 590

395 348 500 427 ς’,
551 353 677 429 Περῖ
707 360 799 408 τοῦ
845 349 922 424 μὴ
967 348 1112 405 εἶναι
1168 348 1260 404 τὸν
1320 346 1608 404 ἐπίσκοπον
1663 345 2021 427 αἰσχροκερδῆ

2178 343 2240 406 Ὶ.
2280 343 2610 424 Episcopus
2639 360 2716 405 ne
2744 341 2821 403 sit
2850 339 3010 422 turpi
3040 339 3206 403 lucro
3231 338 3496 415 deditus,
3517 357 3631 406 nec
3665 341 3806 403 ﬁde-

476 442 616 517 μήτε
646 439 701 495 δὲ
747 439 1057 518 ἐγγυᾶσθαι,
1107 436 1143 505 ἢ
1169 450 1508 516 συνηγορεῖν,

1342 450 1508 516 ορεῖν.
2208 434 2443 514 jussor,
2485 450 2597 495 nec
2629 433 2970 494 advocatus.

391 528 463 603 ζ’.
502 533 632 588 Οἷον
663 529 776 609 χρὴ
804 533 944 585 εἶναι
975 529 1067 584 τὸν
1098 527 1468 605 μεμυημένον.

2167 523 2266 587 III.
2310 523 2556 625 Qualem
2591 529 2829 604 oportet
2851 541 2983 585 esse
3011 540 3146 585 eum
3183 527 3284 604 qui
3307 540 3414 604 per
3437 520 3795 603 baptismum

394 705 476 779 η’.
535 709 658 788 Περὶ
717 707 1211 787 συκοφαντουμένου
1244 751 1262 781 ,
1329 704 1448 772 ἦτοι
1515 704 1902 786 ἐλεγχομένου,

2223 622 2312 675 est
2347 620 2639 676 initiatus.

2223 702 2287 766 lI.
2310 701 2397 765 De
2422 722 2492 765 eo
2526 702 2627 782 qui
2657 704 2716 764 in
2747 703 3130 783 calumniam,
3150 701 3242 764 vel
3265 700 3803 784 reprehensionem
3849 733 3851 735 -

394 889 467 955 θ’,
536 888 672 949 ’Ὅτι
771 885 1176 968 ἀδωροδόκητον
1256 887 1405 944 εἶναι
1482 887 1593 967 χρὴ
1670 885 1763 942 τὸν
1832 884 2017 942 ὲπίσκο

2223 800 2285 853 in
2327 800 2504 854 urrit.

2179 879 2240 944 Χ.
2266 810 2641 982 ἐρίθοορυιη
2676 900 2796 943 non
2828 881 3053 945 debere
3102 899 3236 947 esse
3283 882 3635 945 muneribus
3665 899 3807 962 per-

473 1002 598 1042 πον,

397 1066 460 1129 ι’.
506 1068 644 1126 ’Ὅτι
671 1069 699 1124 ὁ
729 1067 1049 1146 ὲπισκοπος,
1081 1065 1308 1144 ἀκρίτως
1339 1063 1648 1147 φειδόμενος
1681 1071 1774 1123 τοῦ
1801 1066 2023 1144 ἠμαρτη

2169 991 2425 1134 ἰ.νίὶυιί2ί1
2457 1062 2802 1141 episcopus,
2837 1061 2936 1143 qui
2977 1069 3207 1125 temere
3260 1063 3797 1144 parcitpeccatori,

480 1158 662 1233 κότος,
691 1159 932 1222 ὑπαίτιος
960 1157 1187 1234 γίνεται.

1181 1201 1187 1215 ,
2223 1151 2402 1231 culpa
2435 1170 2553 1213 non
2587 1160 2809 1214 careat.

406 1249 498 1314 ια’,
537 1247 740 1314 ’Ὅπως
773 1250 885 1329 χρὴ
913 1249 1004 1304 τὸν
1033 1249 1325 1304 ἓπισκοπον
1369 1247 1564 1323 κρίνειν
1623 1246 1746 1307 τοὺς
1809 1243 2034 1324 ἁμαρτά·

487 1361 696 1392 νοντας.

2177 1242 2256 1342 il:
2292 1239 2418 1392 (ἐμο
2456 1240 2628 1343 modo
2685 1244 2961 1322 oporteat
3011 1246 3366 1321 peccatores
3396 1239 3469 1302 ab
3519 1241 3805 1323 episcopo

2231 1349 2291 1392 iu
2340 1348 2507 1392 icari.

409 1361 912 1499 ιϐ’ῗονέῗδῖσκαλία,
972 1425 1117 1492 ὅπως
1179 1427 1292 1507 χρὴ
1348 1425 1733 1507 προσφέρεσθαι
1787 1437 1904 1488 τοῖς
1955 1444 2037 1500 με·

2175 1348 2592 1483 [ΙίίιἙὲἒίίίηδ
2622 1419 2698 1483 de
2729 1418 2906 1482 modo
2946 1438 3063 1501 quo
3107 1419 3465 1501 pmnitentes
3514 1421 3803 1484 tractandi

404 1541 709 1690 ιγ’ἷαϊῗίῖζῖ
723 1542 970 1688 ι,φεύγειν
1029 1605 1141 1685 χρὴ
1202 1610 1310 1661 τῶν
1357 1604 1761 1685 ἁμαρτημάτων
1791 1605 1890 1670 τὴν
1934 1614 2032 1660 κεϊι

2172 1519 2701 1679 [Ιῗὲηέυεὶεηᾶεω
2752 1617 2886 1664 esse
2942 1600 3300 1663 delictorum
3345 1601 3800 1681 experientiam.

408 1723 676 1868 ιδ’ῗαιέερὶ
728 1792 835 1842 τῶν
891 1784 1160 1864 λεγοντων
1214 1783 1293 1859 μὴ
1349 1780 1595 1864 δέιεσθαι
1676 1789 2035 1858 μετανοοῦντα

2173 1777 2303 1842 [Ν.
2346 1783 2428 1841 De
2459 1777 2532 1840 iis
2557 1778 2657 1860 qui
2681 1780 2982 1842 afﬁrmant
3011 1797 3131 1841 non
3176 1778 3400 1841 debere
3448 1779 3638 1861 recipi
3670 1797 3801 1861 p03-

491 1881 580 1936 καῖ
651 1877 730 1934 ὅτι
811 1873 1035 1949 δίκαιος,
1123 1878 1222 1931 κᾶν
1294 1873 1532 1930 σύνεστιν
1618 1872 1944 1954 ἁμαρτωλῷ,
2005 1871 2066 1928 οὒ

2236 1870 2562 1950 nitentem;
2593 1879 2654 1931 et
2680 1869 2755 1930 de
2775 1870 2956 1945 justo,
2984 1869 3140 1949 quod
3167 1868 3312 1930 licet
3333 1887 3468 1931 cum
3493 1878 3805 1949 peccatore

497 1965 891 2027 συναπόλλυται
948 1965 1115 2039 αὐτῷ,

2235 1967 2528 2038 versetur,
2569 1976 2688 2020 non
2718 1966 2919 2021 tamen
2949 1976 3082 2020 cum
3118 1977 3189 2019 eo
3221 1965 3445 2038 pereat.

416 2058 507 2122 ιε’.
582 2058 717 2116 ’Ὅτι
776 2058 838 2113 οὗ
908 2055 1020 2136 χρὴ
1079 2056 1169 2111 τὸν
1225 2053 1368 2131 ἱερέα
1427 2055 1639 2130 μήποτε
1711 2058 1944 2132 παρορᾷν
2002 2051 2044 2107 τὶ

2171 2048 2274 2112 KV.
2304 2046 2474 2120 Quod
2505 2047 2786 2110 sacerdos
2817 2065 2930 2110 nec
2963 2055 3200 2129 peccata
3231 2045 3531 2126 negligere
3561 2047 3799 2125 debeat,

494 2149 878 2228 ἁμαρτήματα,
941 2146 1079 2221 μήτε
1131 2143 1419 2224 πρόχειρον
1477 2143 1620 2201 εἶναι
1665 2142 1720 2200 ἐν
1755 2144 1834 2218 τῷ
1889 2162 2067 2218 τιμω-

1703 2165 1720 2199 ν
1755 2144 1834 2218 τῷ
1889 2162 2067 2218 τιμω-
2237 2157 2347 2200 nec
2381 2144 2693 2219 promptus
2720 2155 2854 2200 esse
2883 2139 2958 2200 ad
2991 2138 3331 2201 vindictam.

525 2241 725 2299 εῖσθαι,

525 2261 725 2299 siccat.

416 2261 539 2404 ις’
577 2327 701 2404 Περὶ
732 2324 1041 2401 μετανοίας,
1073 2323 1163 2379 καὶ
1192 2322 1270 2386 τίς
1304 2325 1469 2389 αὒτῆς
1495 2323 1522 2378 ὃ
1550 2320 1774 2401 τρόπος,
1798 2342 1888 2377 και
1921 2319 2040 2376 ὄπω

2172 2316 2310 2380 XVI.
2350 2319 2435 2381 De
2469 2316 2837 2397 pmnitentia,
2873 2325 2929 2378 et
2971 2317 3104 2398 quis
3135 2317 3291 2380 illius
3325 2317 3563 2397 modus,
3599 2325 3659 2380 et
3681 2336 3800 2397 quo

494 2419 863 2484 κατορθοῦται.

2239 2415 2406 2487 pacto
2437 2413 2770 2485 peragatur.

415 2505 507 2578 ιζ’.
541 2504 679 2562 ’Ὅτι
737 2500 1098 2568 ἀνεπίληπτον
1143 2504 1282 2557 εἶναι
1335 2500 1447 2580 χρὴ
1499 2500 1589 2556 τὸν
1647 2498 1960 2574 ἐπίσκοπον,
1995 2499 2040 2554 ὡ

2175 2495 2341 2560 [νυ.
2372 2496 2728 2576 Episcopum
2760 2495 2985 2559 debere
3017 2514 3151 2559 esse
3182 2496 3803 2582 irreprehensibilem,

500 2595 666 2652 τύπον
695 2598 802 2648 τῶν
838 2589 1180 2670 ἀρχομένων.

2241 2594 2446 2666 utpote
2476 2585 2726 2647 formam
2759 2586 3191 2665 subjectorum.

425 2684 506 2754 ιη’
540 2681 678 2743 ’Ὅτι
738 2681 850 2761 χρὴ
907 2681 998 2737 τὸν
1054 2679 1344 2736 ἐπίσκοπον
1392 2677 1708 2758 φροντίζειν,
1754 2674 1899 2742 ὅπως
1944 2676 2053 2735 λαὸς

2180 2673 2370 2740 (VIII.
2399 2675 2566 2748 Quod
2600 2683 2834 2757 oportet
2864 2675 3211 2757 episcopum
3240 2695 3476 2759 curare,
3502 2695 3576 2740 ne
3603 2688 3808 2760 peccet

500 2777 578 2851 μὴ
620 2769 948 2850 πλημμελῇ,
987 2767 1071 2828 διὰ
1097 2770 1159 2826 τὸ
1190 2769 1332 2826 εἶναι
1361 2770 1517 2827 αὐτὸν
1544 2767 1769 2831 σκοπόν,

1652 2767 1769 2831 πόν,
2244 2765 2436 2845 plebs,
2473 2767 2612 2845 quia
2642 2765 2770 2845 ipse
2800 2775 2889 2828 est
2922 2767 3280 2846 speculator.

424 2863 514 2927 ιϐ’.
549 2862 690 2921 ’Ὅτι
724 2861 811 2917 καὶ
842 2862 871 2916 ὁ
900 2859 1104 2926 ποιμὴν
1138 2857 1352 2933 ἀμελῶς
1384 2857 1672 2937 φερόμενος
1695 2857 1813 2936 περὶ
1841 2857 1905 2916 τὰ
1938 2858 2052 2937 πρό.

2175 2853 2319 2919 XIX.
2344 2853 2512 2927 Quod
2536 2863 2734 2935 pastor
2755 2855 2953 2917 ovium
2978 2855 3310 2936 negligens,
3341 2872 3546 2936 poenas
3575 2856 3761 2921 solvat
3789 2879 3803 2934 ;

500 2951 659 3026 ϐατα,
691 2951 843 3017 δίκην
886 2949 1139 3021 τίννυσιν,
1173 2949 1262 3004 καὶ
1320 2949 1382 3004 τὸ
1437 2945 1706 3026 πρόϐατον
1737 2947 1815 3023 μὴ
1851 2950 2077 3027 πειθαρ-

1943 2950 2077 3027 θαρ-
2242 2953 2300 3007 et
2332 2945 2477 3026 ovis,
2517 2963 2636 3007 non
2666 2944 2959 3008 obediens
2990 2948 3236 3026 pastori,
3271 2945 3571 3026 puniatur.

504 3048 637 3122 χοῦν
665 3047 743 3116 τῷ
779 3039 1022 3114 ποιμένι,
1055 3036 1358 3109 κολάζεται.

424 3120 758 3194 κ’,ἾὍπως
832 3127 944 3209 χρὴ
987 3127 1109 3191 τοὺς
1161 3125 1496 3208 ἀρχομένους
1564 3129 1881 3207 πειθαρχεῖν
1954 3139 2052 3184 tot

2179 3121 2295 3228 ΚΧ..
2321 3121 2448 3228 Quo
2483 3125 2658 3228 modo
2691 3123 2946 3204 subjecti
2971 3125 3306 3206 praepositis
3349 3124 3462 3188 sibi
3512 3125 3807 3208 episcopis

510 3220 766 3300 ἄρχουσιν
823 3216 1156 3282 ἰπισκόποις.
1934 3241 1944 3251 ·
2096 3212 2136 3228 “’

1934 3241 1944 3251 ·
2096 3212 2136 3228 ’⁸
2242 3212 2489 3275 obedire
2522 3214 2798 3277 debeant.

429 3308 540 3368 κα’.
609 3306 744 3365 ’Ὅτι
817 3305 1044 3366 κίνδυνος
1131 3311 1407 3384 μονομερῆ
1481 3305 1650 3385 κρίσιν
1718 3306 2057 3378 ποιήσασθαιῖ

2179 3301 2312 3365 XXI.
2351 3303 2519 3376 Quod
2552 3303 2882 3384 periculum
2937 3304 3035 3379 sit,
3071 3323 3188 3366 una
3227 3311 3453 3368 tantum
3487 3315 3652 3387 parte
3700 3325 3807 3370 au-

510 3398 600 3455 καὶ
674 3398 926 3476 τιμωρίαν
995 3395 1164 3470 ὁρίσαι
1242 3396 1380 3453 κατὰ
1467 3402 1562 3453 τοῦ
1633 3394 1858 3472 μηδέπω
1914 3393 2074 3473 ἆλεγ-

2240 3392 2384 3465 dita,
2401 3391 2697 3472 judicare,
2728 3402 2784 3455 et
2808 3410 3042 3474 poenam
3076 3394 3406 3456 decernere
3427 3405 3638 3458 contra
3668 3415 3803 3460 eum

506 3485 757 3567 χθέντος.

2243 3482 2343 3560 qui
2375 3481 2642 3542 nondum
2674 3481 2975 3544 convictus
3005 3490 3117 3544 est.

422 3574 535 3638 κε’.
587 3575 726 3633 ’Ὅτι
805 3574 946 3654 μέγα
1036 3572 1371 3653 παράδειγμα
1442 3573 1726 3649 μετανοίας
1799 3573 2050 3653 πρόκειτα

2183 3568 2341 3633 [ΧΠ.
2377 3570 2544 3644 Quod
2595 3589 2870 3652 magnum
2929 3574 3294 3653 pmnitentiae
3348 3575 3691 3653 exemplum
3751 3575 3811 3637 in

508 3662 690 3745 Δαϐὶδ,
745 3666 833 3722 καὶ
905 3674 1203 3745 Νινευτται,
1253 3664 1501 3744 Ἐζεχίας
1555 3683 1613 3721 τε
1673 3665 1760 3719 καὶ
1810 3663 1840 3717 δ
1895 3664 2081 3721 τούτου

2244 3659 2466 3723 Davide
2495 3662 3027 3742 proponatur;item
3053 3663 3113 3724 in
3139 3663 3508 3742 Ninivitis,in
3532 3663 3806 3739 Ezechia,

506 3755 616 3817 υἱὸς
669 3758 959 3823 Μανασσῆς
970 3802 985 3818 ,

2245 3758 2304 3812 et
2335 3750 2396 3811 in
2426 3751 2546 3812 [ilio
2578 3751 2735 3812 illius
2763 3753 3056 3814 Manasse.

429 3843 541 3924 κγ’.
590 3844 724 3923 Πρὸς
769 3845 892 3907 τοὺς
920 3843 980 3900 ἐκ
1006 3844 1456 3922 καταφρονήσεως
1485 3842 1887 3923 ἁμαρτάνοντας
1943 3842 2057 3901 ἔστι

2187 3838 2377 3906 (XIII.
2414 3839 2481 3902 In
2512 3859 2641 3917 eos,
2672 3841 2774 3922 qui
2804 3860 2876 3905 ex
2919 3851 3267 3924 contemptu
3299 3850 3568 3924 peccant,
3605 3859 3815 3905 exem-

511 3931 850 4012 παρᾶδειγμα
876 3930 1084 4010 Ἀμών,

2249 3930 2411 4011 plum
2442 3931 2518 3992 sit
2547 3933 2769 3994 Amon.

427 4022 535 4084 κδ’.
566 4022 702 4081 ’Ὅτι
735 4023 962 4101 Χριστὸς
1021 4021 1227 4089 Ἰησοῦς
1282 4023 1469 4103 Κύριος
1524 4022 1846 4102 παρεγένετο
1904 4021 2055 4101 ἆμαρ

2189 4019 2373 4084 KXIV.
2399 4019 2570 4095 Quod
2602 4021 2870 4084 Christus
2889 4024 3065 4085 Jesus
3080 4022 3370 4085 Dominus
3391 4022 3526 4085 ideo
3557 4022 3817 4100 advenit,

506 4111 710 4176 τωλοὺς
746 4111 915 4169 σῶσαι
959 4110 1045 4168 διὰ
1089 4112 1399 4188 μετανοίας.

2251 4120 2316 4172 ut
2342 4129 2453 4193 per
2485 4113 2890 4193 pmnitentiam
2925 4122 3188 4175 servaret
3219 4121 3584 4193 peccatores.

428 4202 536 4263 κε’.
601 4203 723 4279 Περὶ
779 4201 1046 4282 ἀπαρχῶν
1102 4202 1191 4257 καὶ
1245 4197 1503 4276 δεκατῶν,
1559 4203 1647 4259 καὶ
1695 4200 1843 4267 ὅπως
1887 4202 2056 4283 ὀφείλε

2193 4200 2358 4264 XXV.
2382 4200 2467 4264 De
2490 4201 2770 4282 primitiis
2796 4211 2854 4264 et
2878 4202 3129 4264 decimis
3154 4225 3169 4281 ;
3196 4211 3386 4283 etquo
3409 4200 3583 4263 modo
3603 4198 3821 4262 debeat

510 4293 540 4349 δ
596 4291 913 4372 ξπίσκοπος,
944 4290 981 4360 ἣ
1031 4291 1188 4355 αὐτὸς
1245 4288 1675 4369 μεταλαμϐάνειν
1716 4291 1769 4358 ὶξ
1823 4296 2020 4368 αὐτῶν,
2051 4292 2087 4362 ἢ

2255 4291 2596 4372 episcopus,
2631 4309 2704 4353 ex
2753 4291 2841 4353 eis
2901 4292 2989 4354 vel
3020 4292 3153 4372 ipse
3210 4291 3508 4373 accipere,
3540 4289 3633 4352 vel
3689 4289 3819 4352 aliis

431 4381 630 4460 ἑτὲροις
662 4379 932 4456 διανέμειν
944 4429 958 4444 .

2255 4381 2640 4445 distribuere.

431 4468 538 4546 κς’,
586 4471 675 4535 Εἷς
704 4469 847 4535 τίνος
877 4470 1041 4527 τύπον
1064 4470 1152 4528 καὶ
1181 4469 1327 4538 ἀξίαν
1358 4470 1581 4538 ἕκαστος
1608 4473 1717 4528 τῶν
1762 4469 1818 4528 ἦν
1849 4475 1931 4546 τῷ
1957 4470 2059 4542 κλή

2191 4474 2385 4539 XXVI.
2419 4471 2514 4535 Ad
2547 4471 2719 4551 cujus
2748 4469 3000 4532 formam
3034 4477 3092 4532 et
3116 4469 3460 4549 dignitatem
3496 4469 3819 4550 unusquis-

511 4581 589 4639 ρῳ
614 4559 864 4616 τέτακται
893 4560 1035 4637 παρὰ
1067 4566 1207 4636 Θεῷ.

2257 4581 2376 4642 que
2406 4563 2483 4625 de
2512 4561 2697 4636 clero,
2730 4577 2766 4621 a
2796 4561 2920 4622 Deo
2951 4559 3026 4621 sit
3057 4560 3393 4623 ordinatus.

436 4648 546 4720 κζ’.
618 4646 754 4707 ’Ὅτι
811 4647 1069 4728 φρικῶδες
1096 4695 1113 4724 ,
1173 4648 1448 4728 ἄνθρωπον
1504 4651 1696 4708 σαυτὸν
1771 4648 2062 4728 ἰπιῤῥίπτει

2198 4652 2414 4720 (XVII.
2442 4651 2609 4726 Quod
2630 4650 2930 4713 horrenda
2949 4667 3046 4710 res
3067 4649 3481 4724 sit,hominem
3503 4648 3826 4711 immittere

517 4735 779 4813 ἀξιώματί
819 4759 924 4795 τινι
979 4741 1249 4819 ἱερατικῷο
1283 4741 1358 4804 ὡς
1394 4742 1440 4796 οἱ
1472 4747 1750 4820 Κορετται,
1782 4741 1856 4805 ὡς
1888 4736 2088 4818 Σαοὺλ,

2255 4763 2322 4807 se
2350 4744 2412 4804 in
2444 4743 2700 4823 aliquam
2733 4740 3086 4818 dignitatem
3109 4740 3538 4803 sacerdotalem
3566 4759 3582 4816 ;
3612 4747 3677 4801 ut
3706 4740 3823 4802 Co-

524 4826 597 4889 ὣς
623 4825 828 4897 Ὀζίας.

2257 4836 2408 4909 ritas,
2444 4845 2510 4893 ut
2539 4830 2705 4911 Saul,
2739 4837 2804 4890 nt
2834 4829 3033 4893 Ozias.

443 4913 562 4982 κη’.
635 4917 758 4995 Περὶ
826 4913 1000 4998 δοχῆς
1035 4965 1052 4997 ,
1119 4918 1208 4976 γαῖ
1264 4916 1412 4984 ὅπως
1467 4919 1580 5000 χρὴ
1622 4917 1850 4977 ἕκαστον
1912 4918 2071 4997 τάγμι

2191 4923 2435 4990 XXVIII.
2469 4925 2556 4985 De
2585 4919 2852 4984 convivio
2881 4942 2897 4996 ;
2923 4929 2982 4982 et
3000 4937 3116 5001 qua
3132 4920 3368 4983 ratione
3391 4918 3645 5001 quilibet
3673 4919 3819 4982 cleri

521 5005 616 5062 τοῦ
695 5013 790 5063 τοῦ
870 5006 1073 5088 κλήρου
1117 5008 1220 5065 ὑπὸ
1283 5015 1391 5067 τῶν
1457 5007 1942 5089 προσκαλουμένων
2007 5031 2097 5066 τι-

1788 5008 1942 5068 ιένων
2007 5031 2097 5066 τι·
2260 5014 2408 5077 ordo
2435 5031 2470 5074 a
2501 5010 2874 5074 vocatoribus
2903 5010 3288 5074 honorandus
3318 5011 3416 5074 sit.

531 5099 727 5172 μᾶσθαι
738 5143 756 5160 ,

441 5182 550 5249 κθ³,
593 5185 682 5249 Τίς
725 5186 761 5254 ἡ
807 5183 924 5250 ἀξία
975 5186 1069 5241 τοῦ
1114 5183 1433 5263 ἐπισκόπου,
1506 5188 1595 5246 καὶ
1659 5195 1754 5244 τοῦ
1824 5186 2069 5246 διακόνου

2046 5209 2098 5246 υ.
2183 5183 2394 5250 ΧΧΙΧ.
2429 5182 2571 5257 Quae
2597 5181 2676 5244 sit
2704 5180 2960 5261 dignitas
2991 5181 3282 5262 episcopi,
3315 5189 3375 5243 et
3417 5179 3674 5243 diaconi.

442 5271 522 5338 λ’.
566 5272 768 5339 ’Ὅπως
829 5275 944 5354 χρὴ
991 5274 1114 5340 ⁸ἰοὺς
1158 5274 1380 5341 λατκοὺς
1440 5280 1756 5358 πειθαρχεῖν
1808 5290 1929 5344 τοῖς
1978 5275 2070 5334 δια·

2201 5274 2357 5340 KXX.
2392 5273 2520 5348 Quo
2555 5270 2730 5334 modo
2763 5279 2999 5352 oportet
3029 5271 3219 5334 Iaicos
3251 5269 3504 5333 obedire
3537 5269 3829 5334 diaconis.

526 5363 732 5430 κόνοις.

442 5449 561 5516 λα’.
609 5454 746 5513 ’Ὅτι
776 5455 857 5532 μὴ
894 5455 1007 5537 χρὴ
1037 5456 1134 5513 τὸν
1176 5453 1420 5512 διάκονον
1473 5453 1565 5514 at».
1593 5463 1685 5514 τοῦ
1731 5457 2025 5516 ἐπισκόπου
2052 5477 2070 5513 1

2206 5444 2388 5537 [XX].
2417 5443 2585 5519 Quod
2605 5461 2724 5537 non
2755 5441 3356 5521 oporteatdiaconum
3393 5441 3523 5505 sine
3553 5440 3834 5522 episcopo

513 5545 805 5621 πράττειν,

2273 5536 2598 5618 quidquam
2632 5532 2848 5596 facere.
