4124 6426
404 414 513 480 δεδι

1281 412 1947 478 CONSTITUTIONES
1988 411 2492 476 APOSTOLIC/E.
2551 445 2613 456 -
2660 411 2809 475 LIB.
2857 406 2938 474 II.

3668 395 3811 483 '622

408 552 498 608 καὶ
542 547 910 625 κινδυνεύουσι,
979 550 1068 605 καὶ
1114 546 1527 627 σφαλλομένοις,
1561 549 1650 604 καὶ
1706 546 1830 604 ὅσον
1859 549 1977 607 οἷον
2007 569 2065 605 τε

2150 565 2266 626 que
2290 545 2811 635 constringitur}.
2845 568 2873 600 ι
2912 542 3020 635 Et:
3047 543 3281 635 Δα-ξὲἒιιιειι
3330 546 3534 625 homo,
3566 558 3629 616 et
3667 571 3817 635 opus

403 647 472 716 τῇ
534 638 845 716 παραινέσει
900 638 995 694 τοῦ
1052 635 1213 715 λόγου
1255 636 1486 714 ὑγιάζειν
1546 636 1759 715 αὖτοῦς,
1820 639 1908 693 καὶ
1949 638 2061 716 ῥύε-

397 732 514 786 σθαι
570 728 631 785 ἐκ
663 728 913 789 θανάτου.
960 756 982 786 ι
1018 728 1090 785 Οὒ
1141 727 1325 807 χρείαν
1377 726 1476 805 γὰρ
1508 724 1722 806 ἔχουσιν
1756 726 1801 783 οἱ
1844 727 2061 807 ἰσχύον-

392 840 480 883 τες
526 819 731 897 ἰατροῦ,
799 815 918 873 ἀλλ’
983 818 1030 873 οἱ
1089 818 1267 879 κακῶς
1325 815 1547 896 ἔχοντες
1584 814 1734 895 (67).
1772 838 1795 868 ι
1832 813 2056 883 Ἐπειδὴ

518 910 532 931 9
627 906 652 929 Ἰ
822 906 843 939 λ
1045 904 1068 927 αι
1448 912 1469 922 .-
1669 908 1682 924 κ
1800 904 1825 927 τι
1933 906 1947 923 ιι

406 928 432 967 ι
483 931 577 965 ουκ
630 930 739 964 εστι
791 905 1001 980 θέλημα
1046 909 1339 985 εμπροσθεν
1381 929 1474 963 του
1522 912 1746 982 Πατρος,
1809 928 1895 961 ινα
1924 906 2059 963 από-

399 997 559 1065 ληται
592 998 663 1061 εἷς
698 1002 805 1052 τῶν
864 1000 1093 1073 μικρῶν,
1128 1019 1152 1050 ι)
1216 999 1288 1054 Οὔ
1319 997 1419 1073 γὰρ
1462 996 1559 1062 τήν
1589 1001 1695 1052 τῶν
1728 993 2061 1073 σκληροκαρ-

400 1086 522 1142 δίων
555 1084 754 1163 ἀνδρῶν
810 1084 1063 1161 βούλησιν
1120 1086 1267 1156 ἶστᾷν
1326 1085 1463 1164 χρὴ,
1498 1083 1637 1140 ἀλλά
1666 1085 1766 1151 τὴν
1799 1090 1891 1140 τοῦ
1928 1092 2058 1140 Θεοῦ

402 1182 497 1232 τοὺ
530 1176 731 1253 Πατρὺς
762 1179 870 1229 τῶν
913 1173 1053 1229 ὅλων
1081 1174 1178 1241 τὴν
1214 1170 1298 1229 διὰ
1342 1171 1523 1240 Ἰησοῦ
1573 1179 1805 1252 Χριστοῦ
1832 1175 1923 1229 τοῦ
1948 1170 2062 1233 Κυ-

402 1266 515 1344 ρίου
547 1266 724 1339 ἡμῶν,
764 1265 809 1336 ᾧ
868 1264 898 1331 ἦ
956 1261 1077 1328 δόξα
1137 1263 1209 1327 εἷς
1267 1262 1385 1327 τοὺς
1442 1263 1658 1325 αἰῶνας.
1702 1260 1901 1336 Ἀμήν.
1930 1258 2059 1319 Οὐδὲ

403 1355 505 1432 γὰρ
563 1351 766 1410 δίκαιον
809 1350 1047 1432 κεφαλὴν
1079 1350 1203 1408 δ’ντα
1234 1373 1316 1429 σε,
1373 1354 1419 1407 ὦ
1450 1350 1863 1430 ἐπίσκοπε,οὺρᾷ
1894 1371 2063 1429 προσ-

406 1443 576 1522 ἐχειν,
640 1440 877 1497 τουτέστι
937 1439 1116 1514 λα’ίκῷ
1171 1438 1451 1497 στασιώδει
1504 1438 1787 1514 ἀνθρώπῳ,
1838 1440 1911 1503 εἰς
1956 1439 2065 1496 ἐτέ-

404 1552 493 1612 ρου
525 1532 819 1607 ἀπώλειαν,
855 1529 990 1587 ἀλλά
1046 1533 1161 1604 Θεῷ
1214 1530 1383 1606 μόνῳ.
1438 1526 1677 1609 ’Ἂρχειν
1731 1529 1831 1609 γάρ
1862 1550 1919 1585 σε
1951 1529 2067 1609 χρὴ

402 1622 511 1678 τῶν
543 1621 818 1700 ὑπηκόων,
868 1621 926 1678 οὺ
983 1620 1092 1695 μὴν
1146 1621 1235 1676 καί
1292 1618 1379 1678 ὑπ’
1433 1619 1604 1675 αὐτῶν
1631 1618 1908 1699 ἅρχεσθαι⁸
1946 1617 2065 1675 οὕτε

404 1714 504 1791 γὰρ
534 1714 645 1775 υἱὸς
678 1709 835 1789 ἄρχει
892 1711 1115 1789 πατρὸς,
1152 1710 1288 1765 κατά
1316 1710 1409 1765 τὸν
1454 1714 1552 1776 τῆς
1578 1710 1838 1786 γενέσεως
1872 1707 2063 1788 λόγον,

2145 636 2275 717 ejus
2308 644 2445 698 ante
2467 635 2683 698 faciem
2724 634 2891 697 illius
2918 633 3008 697 9.»
3044 631 3072 676 ³
3100 632 3220 696 Nos
3237 643 3432 700 autem
3452 649 3685 720 oportet
3701 631 3815 706 no-

2142 725 2281 787 stris
2310 724 2589 801 iniirmis,
2621 732 2698 814 et
2740 722 3215 814 periclitantibus
3240 731 3301 787 et
3344 727 3615 809 deceptis
3636 749 3810 814 opem

2142 816 2326 893 ferre;
2360 824 2418 876 et
2452 813 2647 896 quoad
2673 813 2807 875 ﬁeri
2840 814 3364 894 potest,sermouis
3393 813 3815 885 exhortatione

2140 922 2355 966 sanare
2392 921 2519 979 eos,
2549 912 2782 984 atquea
2812 910 3007 965 morte
3057 902 3316 983 eripere.
3356 929 3385 961 α
3418 908 3551 970 Non
3589 934 3613 969 ι
3650 912 3813 974 enim

2148 1018 2175 1050 σ
2211 1012 2360 1074 opus
2394 991 2621 1081 habent
2653 992 2909 1081 medico,
2946 991 3046 1073 qui
3107 992 3339 1070 valent,
3386 996 3493 1060 sed
3523 999 3627 1081 qui
3659 1002 3815 1065 male

2142 1082 2368 1145 habent
2400 1081 2448 1145 ⁴.
2464 1107 2487 1143 ι
2517 1080 3017 1161 Quandoquidem
3040 1100 3194 1144 «non
3214 1092 3305 1146 est
3320 1085 3593 1151 voluntas
3608 1109 3809 1154 coram

2143 1171 2412 1254 Patre,ut
2438 1179 2644 1253 pereat
2665 1188 2821 1232 unus
2843 1170 2921 1233 de
2942 1170 3177 1251 pusillis
3208 1172 3290 1230 δη
3317 1177 3453 1240 Νοιι
3483 1178 3643 1241 enim
3670 1198 3813 1261 ρει-

2151 1263 2533 1343 pendendum
2570 1269 2681 1336 est,
2714 1278 2849 1341 qua;
2878 1268 2994 1321 stet
3036 1261 3344 1326 hominum
3381 1268 3599 1332 immiti
3630 1270 3813 1333 corde

2149 1351 2468 1432 sententia,
2506 1349 2611 1412 sed
2646 1367 2778 1430 quia
2813 1348 2919 1413 Dei
2960 1358 3019 1411 et
3065 1350 3254 1412 Patris
3289 1353 3555 1417 omnium
3580 1374 3809 1436 rerum,

2150 1458 2283 1521 quae
2305 1450 2394 1503 est
2419 1458 2524 1521 per
2567 1441 2770 1527 lesum
2807 1437 3111 1501 Christum
3154 1437 3474 1504 Dominum
3498 1454 3805 1527 nostrum;

2150 1531 2245 1591 cui
2274 1529 2465 1610 gloria
2504 1530 2565 1590 in
2589 1524 2832 1591 saecula.
2865 1527 3082 1590 Amen.
3114 1529 3328 1607 Neque
3368 1533 3547 1597 etiam
3568 1524 3807 1616 aquom

2151 1626 2263 1699 est,
2296 1638 2329 1681 ο
2377 1619 2685 1700 episcope,
2738 1624 2801 1679 ut
2852 1625 2913 1679 tu
2963 1617 3067 1696 qui
3116 1627 3291 1700 caput
3327 1638 3414 1699 es,
3466 1625 3812 1690 assentiaris

2149 1708 2371 1781 caudas,
2413 1709 2526 1770 hoc
2561 1716 2651 1769 est
2695 1705 2899 1797 laico,
2932 1705 3162 1768 homini
3198 1708 3507 1797 seditioso,
3539 1713 3720 1797 idque
3747 1716 3810 1779 in

406 1799 524 1858 οὔτε
576 1797 758 1863 δοῦλος
812 1806 906 1856 τοῦ
962 1800 1140 1877 κυρίου
1202 1800 1383 1878 αὐτοῦ,
1441 1798 1579 1855 κατὰ
1622 1799 1713 1853 τὸν
1758 1802 1857 1864 τῆς
1911 1796 2063 1862 ἐξου-

2150 1797 2393 1859 alterius
2430 1796 2783 1879 perniciem;
2804 1796 2907 1857 sed
2941 1797 3065 1885 Deo
3090 1797 3199 1861 soli
3229 1794 3281 1862 ο.
3317 1798 3464 1863 Nam
3491 1794 3725 1885 oportet
3755 1814 3812 1868 te

406 1890 549 1961 σίας,
584 1886 700 1946 οὔτε
732 1889 977 1963 μαθητὴς
1034 1886 1374 1967 διδασκάλου,
1407 1885 1525 1943 οὔτε
1574 1888 1907 1966 στρατιώτης
1954 1887 2059 1962 βα-

2150 1886 2456 1967 subjectos
2483 1903 2719 1966 regere,
2756 1902 2875 1946 non
2904 1884 2976 1946 ab
3009 1885 3082 1947 iis
3110 1887 3282 1970 regi;
3316 1908 3452 1952 cum
3508 1884 3620 1955 nec
3652 1892 3813 1957 ﬁlius

408 1977 625 2058 σιλέως,
664 1975 781 2032 οὔτε
816 1978 923 2053 μὴν
948 1976 1139 2039 λα’ίκος
1175 1976 1491 2035 ἐπισκόπου.
1542 1976 1665 2044 Περὶ
1716 1977 1815 2055 γὰρ
1858 1984 1952 2032 τοὺ
1984 1975 2063 2052 μὴ

2150 1975 2404 2057 imperet
2429 1977 2583 2056 patri
2615 1973 2948 2036 secundum
2980 1974 3275 2039 rationem
3309 1987 3499 2056 ortus,
3532 1998 3646 2044 nec
3676 2001 3808 2045 ser-

408 2066 588 2124 δοκεῖν
630 2068 752 2131 τοὺς
783 2066 1179 2138 πλησιάζοντας
1210 2065 1435 2147 ἀδίκοις,
1481 2071 1549 2142 τῇ
1579 2075 1670 2124 τοῦ
1719 2064 1883 2143 λόγου
1911 2062 2061 2121 διδα-

2150 2082 2254 2127 vus
2277 2065 2525 2127 domino
2549 2083 2657 2125 suo
2678 2070 2957 2143 respectu
2976 2066 3306 2145 potestatis,
3342 2087 3453 2131 nec
3480 2069 3813 2152 discipulus

409 2160 489 2238 χῇ
546 2156 671 2235 (68)
714 2157 1138 2233 συμμολύνεσθαι
1169 2155 1205 2224 ἢ
1253 2168 1533 2213 κοινωνεῖν
1577 2169 1697 2218 ταῖς
1730 2154 1858 2234 (69)
1893 2155 2063 2234 ἆμαρ.

409 2250 570 2327 τίαις,
605 2249 633 2303 ὁ
664 2244 923 2317 ἰεζεκιήλ
955 2246 1231 2303 ἐκκόπτων
1279 2247 1375 2314 τὴν
1433 2248 1537 2303 τῶν
1595 2247 1877 2316 κακοήθων
1921 2244 2061 2301 ὑπό-

411 2359 560 2395 νοιαν
590 2335 733 2415 λέγει
761 2352 775 2366 ⁸
830 2359 858 2391 α
906 2336 966 2394 Τί
992 2338 1149 2411 ὑμεῖς
1181 2334 1365 2414 λέγετε
1396 2335 1581 2400 αὗτοῖς
1622 2335 1721 2403 τὴν
1753 2332 2066 2412 παραϐολήν

406 2427 605 2495 ταύτην
655 2426 741 2483 ἐπὶ
794 2431 895 2504 γῆς
954 2424 1170 2503 Ἰσραήλ
1206 2444 1221 2462 ⁸
1270 2426 1331 2483 Οἱ
1395 2424 1620 2504 πατέρες
1682 2423 1881 2505 ἔφαγον
1956 2422 2065 2499 ὅμ-

405 2539 551 2596 φακα
600 2513 753 2595 (70),
799 2516 887 2572 καὶ
945 2515 991 2571 οἱ
1049 2512 1257 2578 ὀδόντες
1313 2516 1420 2570 τῶν
1478 2514 1675 2570 τέκνων
1728 2511 2065 2591 ᾖμωδίασαη

404 2612 480 2677 ζῶ
510 2606 641 2686 ἐγῶ,
688 2604 831 2684 λέγει
876 2603 1112 2661 Ἀδωναί
1173 2605 1383 2684 Κύριος,
1446 2605 1490 2660 εἰ
1540 2602 1619 2660 ’ἐτι
1656 2602 1781 2683 (91)
1812 2601 1959 2660 ἔσται
2009 2601 2065 2658 ἐν

407 2698 537 2771 ὑμῖν
567 2695 833 2774 λεγομένη
876 2696 911 2763 ἡ
971 2692 1255 2771 παραϐολῆ
1312 2693 1447 2760 αὕτη
1479 2691 1533 2748 ἐν
1561 2697 1641 2767 τῷ
1672 2691 1890 2770 Ἰσραήλ
1916 2714 1929 2726 ’
1982 2692 2065 2749 ὅτι

410 2792 577 2842 πᾶσαι
611 2788 663 2844 αἱ
695 2786 867 2865 ψυχαὶ
898 2784 1022 2860 ἐμαί
1051 2785 1182 2840 εἰσιν
1216 2801 1229 2815 ⁸
1262 2784 1321 2839 ὃν
1352 2783 1545 2861 τρόπον
1576 2784 1611 2852 ἡ
1643 2782 1800 2863 ψυχὴ
1829 2788 1924 2838 τοῦ
1951 2803 2065 2838 πα-

408 2877 557 2953 τρὸς,
622 2873 790 2937 οὕτως
834 2875 869 2942 ἡ
916 2873 1070 2952 ψυχὴ
1108 2879 1202 2931 τοῦ
1242 2874 1358 2930 υἱοῦ
1387 2873 1493 2947 ἐμή
1527 2872 1693 2929 ἐστιν·
1742 2873 1777 2940 ἡ
1830 2872 1985 2951 ψυχὴ
2028 2872 2063 2938 ἡ

412 2965 786 3041 ἁμαρτάνουσα
812 2963 945 3030 αὑτὴ
982 2962 1109 3041 (72)
1140 2962 1509 3037 ἀποθανεῖται,
1547 2953 1604 3021 Ὀ
1659 2959 1714 3018 δέ
1763 2960 2065 3041 ἅνθρωπος,

417 3055 472 3116 ὃς
505 3052 650 3109 ἔσται
681 3052 905 3116 δίκαιος,
958 3054 1133 3110 ποιῶν
1182 3065 1353 3132 κρῖμα
1383 3053 1473 3109 καὶ
1501 3049 1863 3126 δικαιοσῦνην,
1898 3070 1927 3110 ι
1979 3052 2066 3107 καὶ

416 3141 538 3209 ἑξῆς
623 3141 886 3221 ἐπιλέγων
940 3142 1036 3208 τὰς
1101 3140 1292 3205 λόιπάς
1368 3140 1581 3219 ἀρετὰς,
1635 3140 2064 3221 ἐπισφραγίζεται

413 3230 583 3311 λέγων
616 3250 633 3269 ⁸
674 3255 701 3287 α
754 3224 810 3291 Ὀ
854 3238 1089 3297 τοιοῦτος
1144 3229 1342 3297 δίκαιος
1387 3231 1643 3311 ὑπάρχει,
1677 3235 1790 3308 ζωῇ
1819 3231 2060 3305 ζήσεται,

410 3320 555 3401 λέγει
586 3319 819 3379 Ἀδωναῖ
857 3322 1042 3398 Κύριος
1077 3340 1093 3356 ⁸
1157 3322 1245 3378 καὶ
1297 3320 1388 3379 ἐὰν
1437 3321 1674 3401 γεννήσῃ
1704 3321 1814 3375 υἱὸν
1846 3318 2062 3399 λοιμὸν,

406 3410 666 3491 ἐκχέοντα
701 3415 861 3486 αἷμα,
923 3410 977 3467 ἐν
1036 3416 1107 3487 τῇ
1138 3407 1242 3485 ὁδῷ
1272 3412 1367 3467 τοῦ
1395 3411 1595 3488 πατρὸς
1626 3409 1787 3466 αὺτοῦ
1841 3418 1937 3467 σοῦ
1980 3406 2057 3464 δι-

405 3503 556 3558 καίου
601 3501 695 3558 οὒκ
722 3501 981 3580 ἐπορεύθη
1016 3518 1031 3532 ⁸
1073 3522 1097 3557 u
1132 3501 1217 3557 καὶ
1271 3499 1559 3579 ἐπαγαγὼν
1604 3500 1671 3556 τὰ
1714 3498 1860 3575 ἑξῆς,
1923 3496 2061 3557 ἐπά-

409 3612 490 3669 γει
516 3604 637 3657 τοῖς
693 3589 1017 3654 τελευταίοις
1044 3606 1059 3620 ⁸
1122 3607 1153 3649 (
1186 3596 1308 3667 Ζωῇ
1338 3593 1396 3648 οὗ
1440 3590 1660 3660 ζήσεται
1695 3604 1710 3619 ⁸
1746 3588 1922 3653 πάσας
1965 3588 2062 3652 τὰς

406 3681 627 3757 ἀνομίας
668 3681 863 3745 ταύτας
939 3678 1180 3753 ἐποίησε,
1262 3679 1472 3754 θανάτῳ
1532 3679 1880 3735 ἀποθανεῖται
1915 3694 1931 3711 ⁸
1999 3678 2062 3734 τὸ

416 3771 560 3846 αἷμα
617 3773 779 3829 αὒσοῦ
823 3766 910 3825 ἐπ’
952 3771 1109 3827 αὺτὸν
1156 3767 1304 3825 ἔσται
1338 3784 1353 3801 ⁸
1401 3768 1490 3826 καὶ
1531 3770 1734 3845 ἐρεῖται
1762 3767 1794 3818 8
1822 3765 1903 3824 ὅτι
1931 3765 2062 3846 (73)

416 3862 510 3918 οὐκ
554 3856 741 3915 ἔλαϐεν
771 3860 798 3915 ὁ
828 3860 940 3921 υἱὸς
967 3858 1067 3927 τὴν
1098 3856 1304 3915 ἀδικίαν
1334 3868 1429 3918 τοῦ
1481 3859 1710 3937 πατρὸς,
1747 3856 1780 3927 ἢ
1825 3857 1921 3926 τὴν
1979 3855 2064 3913 δι-

411 3949 703 4017 καιοσύνην
758 3949 939 4025 αὐτοῦ,
987 3946 1326 4015 δικαιοσύνην
1383 3948 1472 4005 καὶ
1523 3946 1670 4011 ἔλεος
1701 3946 2062 4025 πεποιηκώς,

409 4040 496 4095 καὶ
528 4040 669 4118 ἐρεῖς
714 4039 921 4101 αὐτοῖς’
962 4028 1025 4095 Ἠ
1082 4040 1239 4118 ψυχὴ
1286 4038 1322 4106 ἡ
1353 4035 1725 4116 ἁμαρτάνουσα
1755 4035 1889 4105 αὕτη
1919 4035 2063 4093 ἀπο-

405 4131 649 4185 θανεῖται
683 4142 698 4158 ⁸
759 4129 870 4193 υίὸς
904 4131 965 4187 οὒ
1008 4126 1242 4205 λήψεται
1275 4123 1476 4183 ἀδικίαν
1508 4126 1733 4205 πατρὸς,
1765 4127 1854 4182 καὶ
1882 4125 2062 4203 πατὴρ

402 4221 462 4278 οὔ
490 4217 722 4295 λήψεται
755 4216 960 4275 ἀδικίαν
989 4219 1104 4276 υἱοῦ
1138 4234 1153 4247 ⁸
1207 4215 1515 4285 δικαιοσύνη
1547 4214 1750 4275 δικαίου
1780 4213 1867 4273 ἐπ’
1900 4217 2060 4273 αὑτὸν

407 4306 580 4387 ἔσται,
607 4309 696 4365 καὶ
724 4307 922 4385 ἀνομία
949 4307 1151 4384 ἀνόμου
1180 4305 1267 4364 ἐπ’
1299 4307 1457 4363 αὐτόν
1517 4304 1690 4366 ἔσται.
1724 4324 1755 4366 )
1810 4306 1907 4365 Καὶ
1937 4304 2057 4382 μετ’

2150 2154 2463 2234 magistro,
2500 2171 2612 2216 nec
2651 2152 2826 2214 miles
2884 2152 3276 2237 imperatori;
3312 2174 3423 2219 nec
3452 2177 3594 2237 ergo
3624 2161 3814 2225 laicus

2148 2242 2760 2325 episcopo.Caeterum
2784 2259 2860 2304 ne
2881 2241 3276 2332 existimetur,
3311 2264 3415 2310 eos
3445 2248 3547 2330 qui
3577 2250 3809 2332 impro-

2149 2332 2258 2395 bos
2278 2333 2535 2411 frequen
2545 2331 2999 2407 tant,sormonis
3014 2350 3221 2395 eorum
3240 2334 3621 2402 documentis
3637 2331 3812 2403 coin-

2149 2422 2414 2504 quinari,
2449 2422 2539 2484 vel
2567 2428 2810 2503 peccata
2852 2438 3061 2483 eorum
3096 2424 3490 2506 participare;
3538 2427 3814 2493 Ezechiel

2150 2512 2483 2592 praecidens
2507 2512 2661 2573 hanc
2680 2526 3057 2600 morosorum
3070 2511 3384 2577 hominum
3406 2518 3813 2600 suspicionem

2148 2602 2230 2662 ait
2257 2622 2271 2665 :
2305 2628 2328 2657 «ι
2358 2602 2557 2676 Quare
2588 2602 2747 2662 inter
2793 2616 2903 2661 vos
2928 2598 3128 2662 dicitis
3160 2598 3527 2682 parabolami
3550 2608 3702 2671 hanc
3749 2608 3811 2671 in

2151 2698 2309 2753 terra
2334 2689 2520 2753 lsrael
2544 2710 2558 2750 :
2586 2688 2791 2779 Patres
2807 2688 3205 2753 comederunt
3225 2710 3395 2755 uvam
3419 2696 3722 2779 acerbam,
3756 2707 3816 2761 et

2151 2779 2363 2844 dentes
2386 2781 2644 2842 ﬁliorum
2666 2777 3135 2859 obstupuerunt?
3153 2780 3300 2844 Vivo
3326 2801 3458 2863 ego,
3478 2784 3630 2849 dicit
3655 2777 3813 2851 Ado-

2150 2870 2246 2931 nai
2278 2869 2593 2945 Dominus,
2628 2868 2680 2930 si
2708 2869 2863 2958 ultra
2891 2867 2952 2930 in
2983 2868 3152 2958 vobis
3183 2872 3319 2953 erit,
3344 2882 3409 2935 ut
3437 2874 3673 2939 dicatur
3700 2895 3811 2958 pa-

2150 2958 2358 3020 rabola
2389 2958 2514 3020 haec
2546 2958 2605 3018 in
2642 2956 2864 3020 lsraele
2904 2978 2920 3036 ;
2966 2957 3106 3038 quia
3165 2976 3377 3026 omnes
3424 2963 3639 3027 animae
3665 2956 3813 3029 meae

2150 3056 2292 3110 sunt
2325 3068 2339 3111 :
2374 3046 2677 3128 quomodo
2709 3043 2911 3107 anima
2968 3046 3177 3127 patris,
3207 3048 3290 3111 ita
3320 3051 3522 3114 anima
3543 3054 3645 3116 ﬁlii
3679 3072 3815 3118 mea

2152 3147 2283 3219 est;
2318 3139 2518 3200 anima
2554 3154 2687 3217 quae
2719 3137 3077 3219 peccaverit,
3112 3141 3240 3220 ipsa
3272 3141 3582 3206 morietur.
3615 3142 3810 3209 Homo

2148 3236 2345 3289 autem
2396 3227 2497 3307 qui
2529 3223 2709 3287 fuerit
2732 3224 2958 3305 justus,
3021 3226 3123 3307 qui
3165 3227 3379 3290 fecerit
3416 3231 3716 3310 judicium
3748 3241 3809 3297 et

2139 3317 2435 3398 justitiam
2461 3316 2552 3397 7,»
2579 3323 2639 3377 et
2659 3315 2951 3393 deinceps
2968 3315 3218 3397 reliquis
3253 3318 3574 3385 virtutibus
3591 3323 3810 3387 additis

2147 3406 2478 3486 concludit,
2507 3406 2764 3496 dicens;
2797 3428 2825 3459 α
2996 3405 3200 3486 justus
3229 3416 3344 3485 est;
3373 3410 3497 3473 vita
3519 3415 3699 3496 vivet,
3727 3414 3810 3477 ait

2146 3496 2381 3559 Adonai
2416 3492 2899 3566 Dominus.Quod
2929 3495 2978 3556 si
3009 3497 3281 3573 genuerit
3305 3498 3491 3562 ﬁlium
3511 3492 3805 3583 pestilen-

2149 3598 2293 3663 tem,
2327 3585 2734 3649 eﬂ‘undentem
2786 3584 3141 3665 sanguinem
3176 3609 3193 3662 ;
3256 3588 3318 3650 in
3350 3591 3444 3653 via
3494 3593 3681 3673 patris
3712 3594 3808 3658 sui

2143 3677 2293 3759 justi
2327 3695 2445 3739 non
2476 3674 2902 3763 ambulavit,__s
2942 3682 3002 3736 et
3045 3677 3358 3757 sequentia
3409 3680 3804 3763 subjungens,

2150 3776 2457 3849 postremo
2482 3763 2719 3826 subdit:
2753 3786 2777 3821 ιι
2812 3760 2949 3827 Vita
2969 3782 3088 3827 non
3113 3765 3302 3829 vivet:
3330 3760 3544 3833 omnes
3564 3760 3672 3835 has
3696 3774 3808 3837 ini-

2150 3858 2415 3938 quitates
2436 3853 2579 3917 fecit
2607 3876 2623 3930 ;
2650 3862 2841 3915 morte
2867 3853 3156 3943 morietur
3174 3872 3190 3918 :
3217 3859 3457 3937 sanguis
3478 3859 3608 3941 ejus
3624 3881 3808 3943 super

2148 3945 2344 4026 ipsum
2375 3948 2531 4022 erit;
2568 3952 2626 4005 et
2656 3943 2868 4005 dicetis
2902 3959 2917 4005 :
2980 3942 3175 4017 Quare
3234 3964 3355 4008 non
3386 3951 3619 4029 accepit
3649 3942 3806 4015 filius

2147 4034 2527 4117 iniquitatem
2562 4032 2745 4114 patris
2774 4040 2873 4093 aut
2901 4031 3193 4112 justitiam
3239 4036 3394 4118 ejus,
3417 4036 3711 4117 justitiam
3743 4050 3805 4103 et

2146 4123 2624 4189 misericordiam
2638 4131 2916 4204 operatus
2932 4123 2963 4181 Ἰ
2982 4120 3052 4182 Ει
3072 4122 3239 4185 dices
3255 4126 3342 4186 eis
3369 4146 3383 4190 :
3406 4127 3623 4192 Anima
3653 4148 3801 4210 pec-

2145 4234 2311 4297 cans,
2336 4216 2467 4296 ipsa
2494 4211 2787 4275 morietur
2820 4231 2835 4275 :
2868 4210 3028 4273 ﬁlius
3068 4230 3193 4301 non
3228 4214 3487 4297 accipiet
3515 4216 3801 4301 iniquita-

2144 4313 2263 4369 tem
2299 4302 2506 4386 patris;
2530 4308 2776 4382 etpater
2805 4318 2923 4363 non
2954 4300 3208 4383 accipiet
3242 4303 3616 4384 iniquitatem
3634 4300 3745 4371 lilii
3779 4327 3793 4372 :

405 4386 567 4477 ὀλίγα
588 4397 748 4480 φησίν
780 4413 795 4429 ⁸
857 4419 886 4452 σ
936 4396 1026 4456 Ἐν
1074 4402 1153 4472 τῷ
1210 4396 1539 4475 ἀποστρέψαι
1589 4393 1790 4452 δίκαιον
1850 4394 1912 4452 ἐκ
1956 4399 2055 4463 τῆς

2150 4394 2372 4475 iustitia
2416 4392 2565 4473 justi
2606 4407 2790 4481 super
2836 4388 3033 4481 ipsum
3053 4391 3274 4481 Aerit,et
3297 4392 3583 4477 iniquitas
3611 4397 3801 4481 iniqui

402 4485 743 4555 δικαιοσύνης
786 4488 967 4562 αὒτοῦ,
1004 4488 1090 4543 καὶ
1134 4487 1351 4557 ποιήσει
1381 4483 1611 4559 ἀδικίαν,
1643 4491 1809 4541 πᾶσαι
1844 4484 1968 4565 (74)
2001 4485 2055 4541 αἱ

403 4574 731 4634 δικαιοσύναι
764 4577 947 4657 αὐτοῦ,
988 4575 1125 4634 κατά
1170 4577 1345 4640 πάσας
1398 4576 1493 4638 τὰς
1525 4574 1747 4650 ἀνομίας
1780 4574 1939 4632 αὐτοῦ
1994 4572 2059 4639 ἃς

2141 4500 2323 4565 super
2346 4484 2543 4564 ipsum
2567 4478 2683 4543 erit
2702 4480 2757 4543 9.
2794 4508 2820 4541 ι
2839 4480 2915 4541 Et
2935 4479 3110 4570 paulo
3136 4490 3288 4561 post:
3323 4506 3347 4541 ι
3376 4484 3548 4568 Cum,
3581 4478 3799 4570 inquit,

2141 4572 2427 4637 averterit
2463 4573 2558 4652 sej
2568 4578 2737 4632 ustus
2757 4587 2791 4631 a
2808 4569 3040 4650 justitia
3057 4579 3252 4651 sua,et
3277 4572 3487 4637 fecerit
3515 4569 3799 4660 iniquita-

479 4710 501 4754 ί
534 4709 713 4792 Ριξον.
749 4728 804 4787 v,
836 4710 944 4774 32.
1024 4708 1057 4760 3
1081 4711 1197 4792 lsa.
1230 4723 1373 4792 Lm,
1397 4708 1504 4792 l_i_.
1583 4709 1837 4792 3‘lgnat.
1869 4709 2151 4792 interpoi,
2182 4709 2259 4792 ad
2294 4708 2530 4792 Smyrn.
2563 4706 2626 4792 _9.
2710 4702 3092 4792 ὁμοιως-ιζ,
3122 4702 3221 4767 42.
3308 4708 3342 4759 ὅ
3367 4707 3574 4773 Matth.
3624 4728 3792 4791 xvm,

402 4789 502 4854 t4.
586 4788 620 4840 ϐ
649 4781 822 4855 Deut.
853 4808 1059 4868 xxvui,
1085 4789 1187 4869 i3,
1220 4791 1321 4856 44.
1356 4781 1371 4791 ’
1407 4790 1436 4839 7
1458 4781 1880 4871 Ezechfxvm,
1906 4792 1970 4851 2.
2028 4781 2089 4842 ’8
2119 4790 2162 4855 f.
2196 4781 2418 4869 ἐρεῖτε.-
2480 4787 2514 4839 9
2544 4784 2917 4865 Anastasius,
2950 4781 3100 4849 ibid.

1758 4905 2157 4975 VARIORUM
2201 4906 2454 4975 NOTAE.

489 5038 612 5120 (67)
628 5038 946 5121 _"Exovu<.
977 5040 1147 5121 Alter
1192 5037 1406 5121 addit:
1460 5039 1631 5121 Φησὶν
1688 5040 1717 5096 ὁ
1764 5041 1964 5121 ,Σωτὴρ
2006 5041 2060 5100 ἐν

404 5118 783 5264 geli-relicta,
814 5122 903 5178 καὶ
934 5120 1122 5203 πάλιν,
1155 5119 1379 5183 omisso
1408 5120 1568 5201 quod
1608 5119 1879 5199 sequitur
1903 5118 2059 5180 tim-

479 5244 495 5261 .
577 5216 715 5264 csa.

479 5244 495 5261 .
530 5217 715 5264 ULER.

434 5203 739 5379 ἤῖὃίδῗεὲᾗ
756 5280 1040 5379 τοιὶλόγου
1073 5278 1551 5379 διδαχῇηξοιθει.
1568 5298 1815 5379 quoque
1845 5281 2059 5379 referri

407 5360 482 5444 ad
509 5359 935 5444 praecedentia,
951 5359 1078 5444 τοὺς
1110 5359 1502 5444 asceam.
1528 5359 2061 5444 38ix0t6,p0nendo

408 5441 695 5525 virgulam
729 5451 861 5525 post
889 5441 1112 5525 διδαχῇ,
1138 5441 1937 5525 utsigniﬁcetur,quodjusti
1957 5444 2061 5525 qui

410 5522 633 5603 iniquis
654 5522 1320 5596 familiariter'utuntur,
1355 5537 1473 5601 quo
1491 5539 1597 5582 eos
1615 5522 1677 5583 in
1702 5522 1933 5603 pietatis
1962 5522 2057 5586 of-

411 5605 561 5667 ﬁciis
585 5604 922 5685 instruant;
957 5623 1080 5686 non
1126 5603 1520 5686 inquinentur
1562 5620 1698 5686 cum
1739 5604 1883 5686 illis,
1942 5623 2055 5686 nec

403 5694 649 5767 peccato
680 5703 887 5767 eorum
907 5682 1611 5767 'parlicipeht.Atque_ea
1642 5682 2054 5766 interpretatio

404 5763 565 5828 nunc
591 5766 780 5847 magis
805 5763 1022 5847 placet,
1056 5763 1226 5829 ob’ea
1246 5781 1379 5847 quae
1399 5763 1573 5847 paulo
1589 5771 1727 5826 ante
1754 5763 2056 5847 ponuntur

407 5850 495 5909 sic
532 5866 545 5909 :
584 5844 767 5903 sares
797 5844 943 5923 ημᾶς
972 5844 1195 5923 βοηθεῖν
1223 5844 1341 5914 τοῖς
1372 5844 1606 5924 συνοῦσι,
1635 5844 1831 5929 aut,ut
1851 5845 2055 5927 legunt

2146 5040 2531 5122 Interpretes,
2568 5039 2804 5122 νοσοῦσι,
2835 5038 2925 5095 καὶ
2954 5034 3304 5122 κινδυνεόουσι
3362 5040 3453 5122 καί
3480 5040 3795 5122 σφαλλομέ..

2145 5143 2277 5203 νοις,
2308 5117 2399 5206 καὶ
2424 5117 2568 5206 deos:
2584 5119 2707 5177 οἷόν
2750 5139 2808 5176 τε
2850 5124 2921 5197 τῇ
2964 5117 3269 5197 παραινέσει
3318 5130 3411 5181 τοῦ
3439 5117 3603 5201 λόγου
3632 5117 3791 5206 by“-

2143 5198 2491 5276 ζειν⁷αὐτούς.
2526 5198 2668 5262 Cor.

2226 5282 2343 5361 (69)
2375 5285 2533 5345 Ταῖς.
2560 5277 2748 5361 Addit
2775 5283 3027 5361 uterque
3056 5278 3251 5361 αὒτῶνέ
3285 5279 3469 5345 Cum.

2230 5357 2356 5443 (70)
2387 5363 2686 5443 ΪέΟμφακα.
2719 5357 2889 5443 Alter
2917 5357 3305 5443 dpquac._ln.

2230 5366 2334 5443 (70
2389 5366 2686 5442 ’³Ομφακα.
2719 5366 2889 5420 Alter
2917 5366 3184 5439 ὄμφακας.
3218 5366 3305 5422 ιι),

2223 5366 2356 5523 (Ήί
2383 5442 2545 5526 ’Ἒτιμ
2577 5439 2916 5526 Αίκῗείδὲἷο
2956 5438 3255 5526 Ρπιίριιιει
3285 5440 3361 5526 ab
3392 5449 3669 5526 utl'oque.
3698 5444 3785 5509 In.

2223 5458 2355 5523 (Ii)
2385 5458 2545 5504 "E‘tt.
2577 5458 2768 5504 Abest
2787 5458 2916 5499 meo
2953 5458 3255 5580 garucuia
3285 5458 3360 5504 an
3392 5458 3584 5526 utroql

2223 5523 2556 5609 (ηλρὒτή.
2574 5522 2727 5609 fut-ﬁ
2757 5521 2844 5608 καί
2873 5519 2949 5609 ha
2994 5529 3053 5581 et
3079 5517 3231 5609 alter
3258 5524 3466 5587 codex.
3498 5523 3584 5589 In.

2220 5598 2344 5680 (73}
2373 5602 2530 5665 "0n.
2565 5600 2873 5680 Omittitur
2900 5598 2962 5659 in
2996 5616 3137 5662 uno.
3171 5598 3256 5680 In.

2224 5686 2343 5767 (774)
2376 5691 2571 5767 Πᾶσαι.
2631 5679 2769 5743 Haec
2799 5696 2931 5767 vo_x,
2962 5697 3099 5743 cum
3157 5679 3349 5745 tribus
3395 5685 3786 5767 sequentibus

2138 5757 2432 5830 omittitur
2459 5762 2523 5825 in
2553 5769 2829 5842 utroque.
2858 5757 2948 5825 lu.
