4124 6428
332 374 449 468 629

1206 375 1857 443 CONSTITUTIONES
1900 379 2406 445 APOSTOLIC/E.
2439 413 2515 427 -
2548 382 2694 444 LIB.
2741 382 2859 444 II-’

3596 376 3717 448 630
3736 378 3741 385 ’

329 524 468 591 τεῒν,
538 511 866 585 ὑποπιέζειν,
926 512 1135 569 στιόοὖν
1192 515 1489 591 νηστείαις,
1554 512 1702 577 ἔπους
1732 515 1824 570 καὶ
1865 529 1980 579 τοῖς

2066 516 2445 576 conniventia
2484 535 2550 576 ac
2595 516 2833 576 silentio
2886 513 3239 596 praeterire;
3276 516 3549 593 quinimo
3602 536 3703 583 ar-

328 599 526 675 ἑτέροις
559 597 833 655 εὑλσὶϐειαν
902 600 1196 678 ἕμποιὴσῃ.
1261 624 1288 656 ι
1325 600 1582 663 Εὒλαϐεϊς
1613 603 1734 681 γὰρ,
1796 609 1975 680 φησὶν,

326 691 588 759 ποιήσατε
630 690 751 753 τοὺς
796 692 937 755 υἱοὺς
970 691 1205 770 Ἰσραὴλ,
1246 718 1271 746 ι
1339 691 1451 769 Χρὴ
1484 693 1583 769 γάρ
1613 694 1704 747 τὸν
1752 694 1971 751 ἐπίσκο-

326 803 425 836 πον
484 780 571 836 καὶ
601 781 692 835 τὸν
736 781 1008 859 ἁμαρτιῶν
1062 779 1306 847 κωλυτὴν
1336 781 1419 837 διὰ
1450 787 1548 847 τῆς
1595 782 1859 845 νουθεσίας
1891 784 1975 861 γίο

324 872 523 940 νεσθαι,
598 870 686 924 καὶ
747 874 846 936 τῆς
905 868 1241 935 δικαιοσὺνης
1315 872 1535 944 σκοπὸν,
1572 871 1785 927 καὶτῶν
1817 874 1973 939 ἡτοι-

324 956 614 1034 μασμένων
670 958 770 1015 ὕπὸ
825 966 955 1015 Θεοῦ
1007 961 1219 1036 ἀγαθῶν
1246 961 1476 1037 κήρυκα,
1536 962 1621 1016 καὶ
1666 965 1766 1026 τῆς
1838 966 1974 1036 μελ-

323 1052 520 1119 λούσης
570 1054 739 1130 ὁργῆς
772 1051 823 1108 ἐν
856 1059 922 1129 τῇ
952 1054 1117 1128 κρίσει
1148 1052 1527 1132 διαγγελτῆρα⁶
1584 1052 1731 1117 ὅπως
1764 1056 1841 1129 μὴ
1872 1078 1972 1112 κα-

324 1143 659 1221 ταφρονήσας
732 1142 827 1210 νῆς
884 1141 975 1199 τοῦ
1035 1149 1166 1199 Θεοῦ
1223 1144 1559 1223 φυτουργίαις,
1634 1144 1836 1221 ἀκούσῃ
1892 1142 1974 1201 διὰ

326 1232 598 1307 ἀμέλειαν,
659 1233 720 1287 τὸ
776 1231 828 1287 ἐν
861 1236 936 1305 τῷ
966 1230 1135 1299 Ὠσηὲ
1169 1233 1467 1312 εἷρημένον’
1508 1253 1536 1292 α
1581 1232 1600 1259 ²
1624 1244 1711 1291 [θα
1745 1235 1793 1291 τί
1815 1256 1972 1313 παρε-

326 1325 636 1394 σιωπήσατε
680 1321 945 1402 ἀσέϐειαν,
1004 1325 1091 1380 καὶ
1139 1326 1230 1380 τὸν
1259 1325 1461 1403 καρπὸν
1524 1326 1685 1392 αὐτῆς
1745 1325 1972 1405 ἐτρυγή-

323 1436 446 1471 σατε
480 1430 495 1488 ;
548 1437 575 1468 ι

875 1510 1261 1561 ΚΕΦΑΛΑΙΟΝ
1329 1502 1415 1560 ΙΗ⁹

322 1601 454 1666 ’Ὅτι
506 1608 615 1688 χρὶι
670 1609 760 1664 τὸν
817 1607 1103 1688 ἐπίσκοπον
1173 1609 1483 1687 φροντίζειν,
1550 1607 1697 1671 ὅπως
1757 1612 1785 1666 ὁ
1839 1608 1967 1676 λαὸς

604 1686 925 1764 πλημμελῇ,
957 1685 1041 1744 διὰ
1069 1688 1129 1744 τὸ
1170 1688 1312 1746 εἶναι
1360 1685 1516 1748 αὐτὸν
1560 1689 1784 1752 σκοπόν,

402 1794 618 1849 Πάντων
677 1795 762 1849 οὖν
820 1792 1136 1871 φροντιζέτω
1180 1794 1208 1849 ὁ
1255 1792 1568 1867 ἐπίσκοπος,
1614 1794 1701 1850 καὶ
1748 1800 1852 1851 τῶν
1885 1797 1960 1870 μὴ

317 1882 733 1961 ἡμαρτηκότων,
792 1883 885 1938 ἵνα
940 1884 1190 1958 μείνωσιν
1248 1884 1635 1961 ἀναμάρτητοι,
1714 1900 1799 1941 καί
1854 1892 1959 1942 τῶν

316 1972 749 2052 ἁμαρτανόντων,
806 1972 898 2029 ἵνα
971 1974 1293 2047 μετανοῶσι,
1359 1972 1514 2051 Λέγει
1547 1975 1647 2053 γὰρ
1682 1976 1709 2030 ὁ
1773 1976 1961 2053 Κύριος

315 2069 447 2142 πρὸς
501 2064 635 2127 ὑμᾶς
694 2060 837 2141 (95)⁶
921 2086 947 2117 α
995 2060 1184 2142 Ὀράτε
1220 2063 1296 2138 μὴ
1356 2065 1795 2143 καταφρονήσητε
1848 2064 1962 2128 ἔνὸς

314 2161 417 2211 τῶν
442 2160 643 2231 μικρῶν
676 2154 896 2212 τουτων.
935 2172 963 2211 ι
1008 2154 1101 2211 Καὶ
1131 2152 1256 2230 (96)
1286 2166 1405 2215 τοῖς
1450 2161 1798 2227 μετανοοῦσιν
1829 2153 1963 2235 ἀφε-

312 2268 392 2301 σιν
425 2241 620 2299 διδόναι
650 2244 786 2323 χρή,
822 2241 982 2318 "Auct
1013 2244 1112 2320 γὰρ
1146 2250 1221 2316 τῷ
1251 2244 1425 2299 εἰπεῖν
1474 2264 1593 2300 τινα
1636 2249 1741 2300 τῶν
1770 2244 1963 2320 πλημ-

312 2332 661 2408 μελησάντων
720 2332 910 2410 γνησίᾳ
962 2329 1207 2387 διαθέσει*
1253 2354 1277 2388 ιι
1356 2329 1674 2410 Ἠμᾶρτηκα
1715 2340 1791 2407 τῷ
1855 2343 1961 2392 Κυ-

309 2424 421 2501 ρίῳ·
493 2440 517 2478 ο
587 2423 925 2500 ἀποκρίνεται
982 2422 1043 2476 τὸ
1093 2419 1243 2499 ἅγιον
1305 2428 1537 2497 Πνεῦμα·
1577 2445 1605 2477 α
1645 2424 1740 2480 Καὶ
1774 2424 1961 2501 Κύριος

306 2514 478 2593 ἀφῆκε
550 2534 633 2567 σοι
679 2512 777 2578 τὴν
838 2512 1127 2587 ἁμαρτίαν,
1182 2512 1383 2589 θάρσει,
1418 2516 1477 2571 οὐ
1503 2514 1580 2588 μὴ
1602 2512 1894 2589 ἀποθάνῃς,
1935 2535 1958 2570 n

310 2603 532 2679 Γνώριζσ
604 2603 713 2671 οὖν,
766 2608 810 2673 ᾧ
866 2601 1143 2673 ἐπίσκοπε,
1177 2603 1237 2657 τὸ
1269 2599 1474 2676 ἀξίωμά
1508 2624 1625 2677 σου,
1659 2600 1739 2658 ὅτι
1771 2604 1842 2666 ὼς
1875 2605 1967 2658 τού

307 2692 525 2766 δεσμεῖν
583 2690 877 2770 ἐκληρώσω
934 2692 1032 2758 τὴν
1083 2690 1342 2772 ἒξουσίαν,
1388 2690 1524 2749 οὕτω
1552 2694 1641 2748 καὶ
1679 2702 1770 2751 τοῦ
1796 2691 1959 2749 λὺειν-

314 2781 583 2847 Ἐξουσίαν
643 2789 729 2838 εὖν
775 2780 919 2861 ἔχωδ
951 2787 1041 2837 τοῦ
1086 2779 1248 2850 λύειν,
1313 2782 1534 2860 γνώριζε
1578 2783 1822 2857 σεαυτὸν,
1877 2784 1965 2839 καὶ

311 2872 464 2936 ἀξίως
516 2879 607 2926 τοῦ
652 2870 816 2927 τόπου
850 2893 940 2927 σου
966 2870 1020 2924 ἐν
1055 2869 1188 2943 τῷδε
1219 2878 1294 2945 τῷ
1365 2872 1462 2947 βίῳ
1496 2872 1843 2952 ἀναστρέφᾼου,
1882 2874 1962 2928 εἱ·-

313 2960 414 3024 δὼς
435 2961 515 3017 ὅτι
547 2959 765 3017 πλείονα
797 2959 953 3022 at")th
981 2961 1324 3037 ἀπαιτηθὴσῃ
1355 2963 1446 3016 τὸν
1479 2962 1663 3039 λόγον·
1691 2950 1807 3042 «71.2
1839 2963 1959 3041 γὰρ,

315 3052 468 3128 φησὶ,
529 3049 814 3127 παρέθεντο
840 3048 995 3123 πολὺ,
1032 3049 1412 3127 περισσότερον
1461 3051 1813 3120 ἀπαιτήσουσι
1838 3052 1961 3129 παρ’

2064 623 2268 681 guere,
2305 624 2569 680 mouere,
2614 603 3039 684 comprimere,
3063 605 3317 684 jejuniis
3372 624 3695 683 macerare,

2065 711 2180 771 quo
2216 695 2412 754 czeteri
2442 694 2513 754 ad
2549 694 2659 756 sibi
2692 694 3018 753 cavendum
3048 694 3448 756 inducantur:
3491 720 3517 751 α
3551 701 3707 761 Cau-

2067 790 2155 843 tos
2182 782 2364 856 enim,
2407 782 2620 859 inquit,
2657 781 2833 844 facile
2876 781 3030 843 ﬁlios
3079 784 3316 845 Israelis
3342 783 3421 845 33.
3459 811 3485 842 ι
3521 786 3705 851 Decet

2061 872 2281 951 quippe
2312 872 2656 951 episcopum
2704 872 3059 933 delictorum
3094 873 3565 951 propulsatorem
3601 896 3708 957 per

2060 960 2525 1023 admonitionem
2561 961 2735 1034 effici,
2752 961 3001 1042 justitiee
3032 962 3496 1041 speculatorem,
3523 965 3705 1030 bono-

2061 1070 2191 1111 rum
2224 1070 2256 1111 a
2279 1055 2400 1113 Deo
2434 1059 2896 1132 praeparatorum
2929 1068 3289 1131 praeconem,
3320 1060 3377 1114 et
3405 1044 3615 1117 futurae
3639 1056 3701 1119 in

2052 1141 2277 1220 judicio
2302 1141 2390 1202 ira
2412 1141 2915 1214 denuntiatorem;
2933 1160 3008 1202 ne
3034 1148 3379 1222 contempta
3404 1144 3508 1206 Dei
3530 1145 3701 1225 plan-

2062 1229 2283 1291 tatione
2313 1230 2535 1301 audiat,
2574 1238 2818 1310 propter
2871 1230 3317 1311 negligentiam,
3350 1233 3506 1312 quod
3546 1236 3704 1314 apud

2059 1320 2271 1383 Oseam
2309 1320 2533 1381 dictum
2583 1328 2710 1382 est:
2742 1343 2769 1376 σ
2804 1320 2952 1393 Quid
3000 1320 3278 1382 recuistis
3309 1323 3699 1403 impietatem,

2056 1418 2114 1471 et
2144 1410 2398 1472 fructum
2430 1410 2590 1473 illius
2618 1410 3031 1472 vindemiastis
3068 1408 3178 1474 55?
3200 1436 3228 1469 n

2636 1536 2884 1603 CAPUT
2926 1538 3130 1603 XVIII.

2056 1672 2229 1747 Quod
2257 1678 2497 1750 oportet
2526 1672 2867 1764 episcopum
2898 1688 3144 1764 curare,
3172 1690 3246 1735 ne
3268 1684 3475 1753 peccet
3498 1678 3693 1764 plebs,

2455 1761 2599 1839 quia
2636 1762 2768 1841 ipse
2804 1767 2895 1821 est
2924 1760 3289 1840 speculator.

2129 1891 2409 1954 Omnium
2443 1890 2641 1970 itaque
2689 1907 2892 1951 curam
2929 1888 3144 1951 habeat
3174 1892 3533 1975 episcopus;
3568 1905 3692 1962 tum

2048 1998 2253 2042 eorum
2291 1979 2391 2060 qui
2422 1998 2541 2040 non
2584 1988 2930 2059 peccarunt,
2963 1987 3024 2039 ut
3055 1980 3202 2040 tales
3243 2000 3376 2043 esse
3409 2003 3692 2062 perseve-

2049 2079 2223 2149 rent;
2263 2078 2385 2131 tum
2411 2087 2616 2131 eorum
2650 2068 2750 2149 qui
2792 2068 3199 2149 deliquerunt,
3236 2079 3297 2132 ut
3347 2077 3699 2151 pcenitentia

2048 2162 2360 2221 ducantur.
2392 2158 2481 2221 Ad
2504 2177 2603 2219 vos
2625 2159 2783 2219 enim
2807 2157 2948 2219 dicit
2970 2157 3258 2220 Dominus
3284 2178 3297 2221 :
3333 2181 3361 2221 ‹
3384 2162 3594 2229 Videte
3616 2187 3692 2232 ne

2048 2248 2449 2311 contemnatis
2463 2266 2645 2310 unum
2666 2266 2735 2308 ex
2758 2247 2849 2309 his
2876 2246 3105 2327 pusillis
3127 2248 3691 2320 34.;iPmnitentibus

2047 2347 2243 2400 autem
2278 2339 2447 2400 venia
2468 2336 2854 2400 concedenda
2875 2346 2984 2400 est.
3011 2340 3161 2400 Nam
3181 2338 3359 2401 simul
3380 2359 3447 2402 ac
3475 2362 3692 2423 pecca-

2053 2439 2142 2489 tor
2167 2428 2460 2509 quispiam
2497 2430 2732 2490 sincero
2765 2427 2978 2499 aﬂ'ectu
3013 2427 3446 2508 pronuntiavit:
3487 2457 3511 2489 «
3551 2436 3693 2499 Pec-

2050 2519 2172 2579 cavi
2208 2517 2498 2594 Domino;
2536 2544 2561 2573 υ
2601 2516 2853 2597 Spiritus
2885 2525 3123 2579 sanctus
3155 2520 3517 2599 respondet:
3563 2545 3592 2585 ‹
3622 2526 3695 2589 Et

2051 2610 2341 2669 Dominus
2359 2607 2707 2669 remisittibi
2728 2608 3454 2689 peccatum;conﬁde,non
3476 2617 3694 2676 morie-

2048 2699 2130 2759 ris
2151 2700 2235 2759 35.
2257 2724 2283 2753 ι)
2304 2701 2578 2777 Agnosce
2601 2694 3469 2776 igitur,episcope,dignitatem
3496 2708 3690 2782 tuam;

2049 2790 2203 2867 quod
2229 2790 2383 2850 sicut
2406 2789 2648 2849 sortitus
2671 2806 2734 2848 es
2760 2795 3105 2867 potestatem
3132 2786 3464 2865 ligaudi,ita
3487 2799 3542 2852 et
3562 2795 3691 2858 sol-

2048 2878 2247 2942 vendi.
2271 2878 2560 2951 Quocirca
2583 2885 2871 2958 potestate
2893 2876 3237 2938 absolvendi
3262 2878 3563 2957 prwditus,
3591 2902 3690 2946 co-

2049 2987 2267 3048 gnosce
2303 2968 2582 3048 teipsum,
2611 2978 2669 3029 et
2691 2966 3045 3045 condignam
3066 2966 3197 3030 loco
3220 2974 3321 3027 tuo
3353 2969 3523 3031 vitam
3558 2991 3690 3054 age,

2049 3077 2165 3119 non
2201 3057 2425 3119 inscius
2458 3057 2615 3134 quod
2669 3055 2957 3135 majorem
2988 3057 3323 3133 reposceris
3354 3060 3645 3125 rationem
3673 3085 3688 3131 :
3732 3126 3736 3131 ,

313 3138 491 3196 αὒτοῦ.
568 3163 593 3192 ι
659 3137 1062 3217 Ἀναμάρτητος
1121 3139 1218 3215 μὲν
1288 3140 1389 3217 γὰρ
1439 3139 1727 3216 ἀνθρώπων
1791 3139 1982 3206 οὐδεὶς(

2049 3172 2069 3203 (ι
2101 3147 2413 3226 Cuienim,
2437 3145 3231 3226 inquit,commendaverunt
3256 3148 3529 3223 multum,
3558 3152 3693 3232 plus

310 3227 472 3304 παρὲξ
554 3235 642 3284 τοῦ
669 3228 959 3306 γενομένου
1015 3227 1083 3283 δι’
1142 3231 1285 3303 ἡμᾶς
1352 3228 1649 3307 ἀνθρώπου·
1684 3230 1798 3285 ἐπεὶ
1857 3230 1954 3307 γέ..

309 3337 563 3395 γραπται’
632 3342 654 3371 ιι
716 3317 891 3383 Οὐδεὶς
916 3320 1142 3397 καθαρὸς
1191 3319 1295 3375 ἀπὸ
1368 3318 1548 3395 ῥύπου,
1586 3316 1786 3374 οὔδ’ἂν
1860 3322 1953 3395 μία

307 3406 478 3486 ἡμέρα
540 3405 658 3487 (97)
692 3408 724 3475 ἡ
785 3409 898 3479 ζωσὶ⁸
957 3411 1136 3467 αὺτοῦ.
1177 3430 1203 3466 ι
1260 3408 1355 3464 Διά
1385 3415 1541 3465 τοῦτο
1564 3411 1650 3465 καὶ
1683 3408 1788 3465 τῖὁν
1817 3432 1947 3487 προ-

303 3500 671 3578 γεγενημένων
721 3500 850 3579 (98)
882 3498 1095 3557 δικαίων
1130 3523 1187 3557 τε
1220 3502 1305 3557 καὶ
1350 3506 1697 3581 πατριαρχῶν
1742 3504 1788 3558 οἱ
1847 3503 1951 3578 βίοι

301 3592 387 3646 καὶ
445 3592 495 3647 αἱ
566 3591 890 3669 ἀναστρονραὶ
956 3590 1351 3672 ἀνεγράφησαν·
1416 3593 1511 3670 οὔχ
1576 3590 1668 3647 Ἵνα
1723 3590 1951 3655 ἐκείνους

300 3678 634 3754 ὀνειδίζωμεν
679 3678 1157 3760 ἀναγινώσκοντες,
1211 3678 1330 3735 ἀλλ’
1382 3680 1473 3738 ἵνα
1544 3682 1710 3756 ἡμεῖς
1778 3702 1951 3755 μετα-

300 3774 526 3844 νοῶμεν,
584 3770 673 3825 καὶ
723 3769 990 3834 εὐέλπιδες
1063 3770 1336 3848 γενώμεθα
1368 3772 1442 3835 ὡς
1476 3770 1715 3850 ἀφέσεως
1762 3770 1945 3836 τευξό-

299 3881 470 3933 μενοι.
548 3861 624 3917 Τά
676 3860 776 3937 γὰρ
844 3860 1056 3916 ἐκείνων
1086 3860 1250 3940 ῥύπη,
1286 3861 1521 3939 ἡμετέρα
1569 3859 1831 3941 ἀσφάλεια
1859 3861 1947 3916 καὶ

298 3949 620 4028 παραίνεσίς,
667 3947 747 4005 ὅτι
805 3951 893 4007 καὶ
956 3952 1117 4025 ἡμεῖς
1162 3951 1593 4028 ἁμαρτήσαντες,
1649 3949 1737 4006 ἐὰν
1769 3971 1942 4025 μετα-

293 4040 600 4114 νοήσωμεν,
665 4040 988 4117 συγγνώμην
1032 4039 1238 4116 ἕξομεν·
1296 4040 1410 4096 ἐπεὶ
1438 4040 1817 4119 γέγραπταιοδιι
1854 4040 1941 4104 Τίς

180 4147 197 4159 ο
292 4129 627 4207 καυχήσεται
692 4129 860 4206 ἁγνὴν
917 4127 1065 4209 ἔχειν
1114 4130 1210 4198 τὴν
1270 4127 1508 4207 καρδίαν,
1547 4130 1582 4198 ἢ
1622 4131 1700 4194 τίς
1735 4128 1947 4207 παῤῥη-

292 4218 531 4275 σιάσεται
591 4220 817 4297 καθαρὸς
881 4232 1019 4276 εἶναι
1094 4219 1199 4275 ἀπὸ
1229 4218 1491 4295 ἁμαρτίας
1532 4236 1547 4293 ;
1590 4243 1611 4275 ι)
1649 4216 1827 4281 Οὖδεὶς
1861 4218 1949 4275 οὖν

293 4306 697 4385 ἀναμάρτητος.
756 4309 828 4364 Σὺ
873 4311 959 4365 οὖν
990 4309 1125 4365 κατά
1169 4306 1410 4383 δύναμιν,
1458 4307 1716 4379 σποὺδαζε
1763 4309 1947 4364 ἀνεπί-

2040 3246 2243 3317 petent
2264 3237 2334 3298 ab
2364 3256 2432 3298 eo
2452 3234 2791 3299 36.9Nullus
2816 3234 3109 3313 siquidem
3137 3236 3447 3298 hominum
3474 3257 3692 3320 eXpers

2038 3327 2263 3406 peccati
2280 3326 2831 3406 reperitur,praeter
2850 3343 2984 3385 eum
3010 3324 3112 3401 qui
3127 3333 3491 3405 propteruos
3504 3330 3684 3395 homo

2039 3417 2222 3477 factus
2253 3424 2363 3495 est,
2395 3413 2703 3495 Scriptura
2734 3413 2971 3475 dicente
2998 3432 3011 3476 :
3055 3440 3079 3470 α
3113 3413 3323 3477 Nullus
3357 3419 3614 3481 mundus
3644 3442 3681 3485 a

2038 3507 2239 3581 sorde,
2264 3523 2458 3586 neque
2484 3505 2533 3565 si
2566 3524 2722 3566 unus
2754 3504 2883 3566 dies
2912 3503 3029 3565 vita
3058 3504 3219 3566 illius
3246 3506 3329 3565 57.
3362 3528 3389 3565 θ
3428 3509 3683 3589 Propter
3732 3572 3735 3579 ,

2038 3595 2147 3655 hoc
2157 3596 2458 3675 justorum
2477 3612 2543 3656 ac
2559 3593 3032 3675 patriarcharum
3051 3594 3149 3675 qui
3164 3596 3303 3656 olim
3320 3596 3676 3677 ﬂoruerunt,

2036 3695 2200 3748 actus
2224 3693 2282 3747 et
2310 3704 2504 3747 mores
2526 3683 2851 3763 conscripti
2877 3692 3014 3744 sunt
3037 3705 3053 3759 ;
3076 3703 3195 3746 non
3218 3685 3459 3765 quidem
3485 3697 3546 3748 ut
3568 3690 3683 3770 piis

2041 3775 2409 3857 hominibus,
2434 3775 2575 3837 dum
2604 3774 3061 3853 legimus,vitam
3085 3774 3512 3855 exprobremus
3540 3797 3556 3853 ;
3578 3779 3684 3842 sed

2042 3875 2101 3926 ut
2132 3885 2240 3927 nos
2274 3873 2653 3945 peccatorum
2700 3874 3036 3925 nostrorum
3072 3865 3376 3945 poeniteat,
3412 3875 3592 3947 utque
3624 3869 3688 3931 in

2039 3964 2258 4018 certam
2291 3955 2661 4018 remissionis
2684 3952 3087 4032 adipiscenda
3107 3972 3274 4033 spem
3299 3955 3678 4023 inducamur.

2037 4047 2281 4108 Illorum
2319 4047 2478 4107 enim
2514 4043 2662 4106 naevi
2695 4050 2904 4105 nostra
2943 4043 3236 4107 securitas
3268 4051 3326 4105 et
3356 4046 3682 4125 consolatio

2032 4146 2194 4210 sunt,
2218 4134 2375 4216 quod
2410 4152 2517 4195 nos
2548 4151 2814 4216 quoque,
2836 4133 2982 4216 side
3016 4133 3269 4216 peccatis
3296 4137 3513 4216 nostris
3534 4155 3680 4216 ege-

2034 4218 2219 4278 rimus
2237 4212 2857 4295 'p(enitentiam,'venia
2882 4212 3237 4275 donabimur
3256 4233 3270 4293 ;
3290 4212 3674 4295 quandoqui-

2034 4307 2169 4367 dem
2207 4307 2494 4385 scriptum
2529 4314 2657 4369 est:
2708 4328 2731 4359 ο
2766 4302 2912 4376 Quis
2959 4301 3311 4381 gloriabitur
3357 4314 3582 4365 castum
3615 4325 3681 4370 se

292 4394 498 4463 ληπτος
558 4398 726 4454 εἶναι*
788 4401 875 4455 καὶ
941 4400 1059 4475 περὶ
1116 4394 1330 4455 πάντων
1361 4398 1611 4478 μερίμνα,
1643 4399 1719 4473 μή
1764 4396 1849 4454 διὰ
1880 4390 1982 4454 σε’

2052 4398 2253 4457 nabere
2285 4414 2390 4457 cor
2418 4416 2435 4472 ;
2464 4404 2564 4456 aut
2593 4390 2726 4475 quis
2778 4393 3038 4454 confidet
3065 4391 3351 4454 mundum
3386 4411 3451 4455 se
3483 4412 3615 4457 esse
3645 4415 3680 4457 a

290 4509 370 4549 τις
430 4484 819 4554 πανδαλισθεὶς
876 4488 1168 4556 ἀπόληται,
1206 4487 1266 4545 Ὀ
1297 4490 1396 4566 γὰρ
1429 4486 1619 4550 λαϊκὸς
1652 4489 1770 4561 περὶ
1806 4488 1935 4544 ἐαυ-

2049 4493 2265 4548 ieccato
2298 4484 2401 4545 38?
2430 4509 2451 4542 »
2477 4483 2666 4546 Nemo
2692 4481 2872 4562 igitur
2902 4480 3130 4561 absque
3160 4490 3402 4559 peccato
3436 4493 3548 4545 est.
3589 4484 3678 4549 Tu

287 4576 378 4633 τοῦ
424 4576 585 4652 μόνου
643 4586 903 4658 μεριμνᾷ,
958 4580 1018 4637 σὺ
1063 4576 1116 4634 δὲ
1175 4581 1291 4657 περί
1348 4578 1583 4653 πάντων,
1621 4579 1693 4642 ὡς
1745 4578 1936 4635 πλεῖον

2057 4595 2188 4653 ero,
2213 4575 2408 4653 quoad
2435 4584 2623 4655 potes,
2650 4573 2993 4653 inculpatus
3009 4589 3143 4633 esse
3167 4570 3342 4634 stude
3376 4585 3435 4634 et
3454 4573 3528 4635 de
3552 4594 3670 4637 om-

366 4738 421 4783 ³³
447 4738 591 4820 Lev.
624 4757 721 4813 xv,
758 4739 856 4805 31.
943 4738 996 4783 ³³
1026 4740 1259 4820 Οεεηα,
1301 4739 1609 4820 1,3,juasta
1641 4739 1824 4804 LXX.
1912 4736 1966 4782 3‘

2049 4742 2203 4803 ,atth.
2238 4756 2399 4815 xvm,
2437 4743 2531 4801 10.
2619 4735 2673 4780 ³⁵
2697 4735 2747 4801 ιι
2772 4734 2915 4813 Reg.
2971 4752 3083 4810 xu,
3116 4733 3213 4798 13.
3299 4732 3353 4777 ³³
3383 4737 3522 4800 Luc.
3563 4751 3667 4813 xu,
3736 4730 3739 4735 ’

285 4821 387 4885 48.
475 4819 529 4864 ³⁷
555 4820 666 4886 Job
698 4840 813 4896 τιν,
841 4823 899 4898 4,
936 4823 1003 4884 in
1039 4819 1253 4883 LXX;
1317 4819 1369 4862 ³³
1401 4822 1578 4884 Prov.
1612 4838 1711 4903 xx,
1746 4821 1807 4886 9.

1595 4979 1993 5048 VARIORUM
2040 4981 2296 5045 NOTAE.

2016 5119 2193 5198 Lege,
2219 5120 2268 5181 si
2301 5128 2488 5199 vacat,
2522 5136 2655 5199 quae
2684 5119 2742 5179 iu
2762 5118 2915 5199 hapc
2938 5116 3294 5199 sententiam
3317 5117 3672 5181 edisserun-

283 5201 439 5266 λίοις.
472 5196 663 5263 CLER.
724 5278 730 5280 Α
1387 5279 1397 5280 7
1808 5196 1817 5199 ⁷
1845 5196 1852 5198 “
2022 5196 2278 5280 turapud
2303 5196 3123 5280 sonctos'Patreerenaeum
3157 5196 3263 5280 lib.
3290 5217 3374 5279 1v,
3407 5215 3538 5276 cap.
3565 5199 3667 5273 45;

372 5281 496 5361 (96)
536 5282 654 5343 Καί.
702 5278 897 5353 Alter,
923 5281 1137 5361 AOI’JXODV,
1171 5295 1343 5361 ergo.
1378 5279 1462 5340 Io.
1580 5360 1583 5361 ν
2022 5278 2531 5361 Chrysostomum,
2560 5279 2766 5341 homil.
2792 5279 2866 5341 de
2891 5279 3338 5361 pteniteutiqet
3362 5278 3668 5361 oratione,

369 5357 487 5436 (9Ἱὶ
516 5366 618 5420 Μία
678 5361 867 5438 ἡμέρα.
902 5357 1069 5421 Alter
1116 5359 1251 5420 cod.
1310 5364 1434 5434 μιᾶς
1490 5360 1709 5437 ἡμέρας,
1773 5376 1940 5438 teque

2049 5357 2161 5422 om'
2204 5361 2225 5422 Ι
2260 5379 2275 5437 ;
2312 5357 2525 5425 homil.
2551 5360 2628 5424 29
2661 5361 2720 5420 in
2754 5357 3221 5438 Genesim,tom.
3250 5358 3327 5434 Il;
3363 5359 3569 5421 homil.
3606 5357 3668 5419 in

288 5438 463 5518 bene,
500 5443 620 5505 imo
651 5440 1196 5523 melius,_quamvis
1225 5438 1454 5517 vulgata
1474 5438 1648 5501 lectio
1679 5439 1750 5500 sit
1782 5456 1930 5501 con-
2019 5443 2310 5523 psalmum
2334 5450 2582 5523 L,,tom.
2615 5439 2691 5502 III
2722 5461 2737 5521 ;
2798 5450 2857 5503 et
2887 5439 3280 5523 Augustinum
3304 5439 3418 5523 lib,
3455 5456 3522 5501 ιιι
3585 5440 3669 5523 ρο

288 5532 570 5586 sentanea
595 5520 742 5583 edit.
781 5518 1085 5583 LXXIntt.
1116 5522 1202 5583 lo.
1612 5599 1617 5601 _
1902 5584 1907 5589 .
2019 5518 2301 5586 doctrina
2353 5518 2731 5601 Christiana,
2769 5536 2901 5597 cap.
2934 5519 3058 5601 723,
3120 5528 3299 5598 atque
3358 5519 3510 5582 libro
3578 5518 3664 5579 De

367 5601 496 5682 (98)
563 5604 661 5661 Διά
715 5607 871 5658 τοῦτο
930 5602 1018 5657 καὶ
1073 5609 1178 5658 τῶν
1253 5599 1749 5678 προγεγενημένων,
1814 5610 1927 5663 elo.

2049 5611 2248 5667 tatu-ra
2278 5610 2333 5666 et
2361 5604 2593 5684 gratia,
2625 5599 2759 5681 cap.
2790 5601 2890 5664 35.
2916 5600 3061 5663 Cor.

365 5118 495 5198 (95)
528 5120 665 5197 Πρὸς
716 5121 874 5195 ὑμᾶς.
945 5116 1107 5181 Alter
1154 5115 1331 5179 Vind.
1388 5114 1522 5177 cod.
1587 5117 1640 5175 ἐν
1686 5121 1930 5199 Εὐαγγεσ-
