  <div class='ocr_page' id='page_1' title='image "/cluster/home/n/w/nwhite01/storage/ocr_20150623/1:no.1/coo.31924054872803/324.png"; bbox 0 0 4124 6416; ppageno 0'>
   <div class='ocr_carea' id='block_1_1' title="bbox 403 344 523 411">
    <p class='ocr_par' dir='ltr' id='par_1_1' title="bbox 403 344 523 411">
     <span class='ocr_line' id='line_1_1' title="bbox 403 344 523 411; baseline 0 0"><span class='ocrx_word' id='word_1_1' title='bbox 403 344 523 411; x_wconf 82' lang='grc'><strong>633</strong></span> 
     </span>
    </p>
   </div>
   <div class='ocr_carea' id='block_1_2' title="bbox 1292 341 2897 414">
    <p class='ocr_par' dir='ltr' id='par_1_2' title="bbox 1292 341 2897 414">
     <span class='ocr_line' id='line_1_2' title="bbox 1292 341 2897 414; baseline 0 -4"><span class='ocrx_word' id='word_1_2' title='bbox 1292 341 1949 411; x_wconf 85' lang='lat' dir='ltr'><strong>CONSTITUTIONES</strong></span> <span class='ocrx_word' id='word_1_3' title='bbox 1990 343 2495 412; x_wconf 70' lang='lat' dir='ltr'><strong>APOSTOLICIE.</strong></span> <span class='ocrx_word' id='word_1_4' title='bbox 2525 383 2604 397; x_wconf 89' lang='lat'><strong><em>—</em></strong></span> <span class='ocrx_word' id='word_1_5' title='bbox 2631 347 2777 414; x_wconf 91' lang='lat' dir='ltr'><strong>LIB.</strong></span> <span class='ocrx_word' id='word_1_6' title='bbox 2824 346 2897 413; x_wconf 87' lang='lat' dir='ltr'><strong>II.</strong></span> 
     </span>
    </p>
   </div>
   <div class='ocr_carea' id='block_1_3' title="bbox 3670 342 3791 409">
    <p class='ocr_par' dir='ltr' id='par_1_3' title="bbox 3670 342 3791 409">
     <span class='ocr_line' id='line_1_3' title="bbox 3670 342 3791 409; baseline 0.008 -2"><span class='ocrx_word' id='word_1_7' title='bbox 3670 342 3791 409; x_wconf 87' lang='grc'><strong>634</strong></span> 
     </span>
    </p>
   </div>
   <div class='ocr_carea' id='block_1_4' title="bbox 405 478 2073 563">
    <p class='ocr_par' dir='ltr' id='par_1_4' title="bbox 405 480 2049 563">
     <span class='ocr_line' id='line_1_4' title="bbox 405 480 2049 563; baseline 0.002 -26"><span class='ocrx_word' id='word_1_8' title='bbox 405 482 696 563; x_wconf 74' lang='grc' dir='ltr'>γνώσεσθε,</span> <span class='ocrx_word' id='word_1_9' title='bbox 730 480 809 539; x_wconf 77' lang='grc' dir='ltr'>ὅτι</span> <span class='ocrx_word' id='word_1_10' title='bbox 841 481 948 560; x_wconf 77' lang='grc' dir='ltr'><strong>ἐγὼ</strong></span> <span class='ocrx_word' id='word_1_11' title='bbox 980 484 1193 563; x_wconf 76' lang='grc' dir='ltr'>Κύριος,</span> <span class='ocrx_word' id='word_1_12' title='bbox 1235 486 1322 541; x_wconf 80' lang='grc' dir='ltr'><strong>καὶ</strong></span> <span class='ocrx_word' id='word_1_13' title='bbox 1364 484 1521 559; x_wconf 71' lang='grc' dir='ltr'>ὑμεῖς</span> <span class='ocrx_word' id='word_1_14' title='bbox 1573 481 1812 560; x_wconf 93' lang='grc' dir='ltr'>πρόϐατα</span> <span class='ocrx_word' id='word_1_15' title='bbox 1830 488 1924 559; x_wconf 75' lang='grc' dir='ltr'><strong>τῇς</strong></span> <span class='ocrx_word' id='word_1_16' title='bbox 1958 506 2049 540; x_wconf 91' lang='grc' dir='ltr'>νο-</span> 
     </span>
    </p>
   </div>
   <div class='ocr_carea' id='block_1_5' title="bbox 2151 478 3794 563">
    <p class='ocr_par' dir='ltr' id='par_1_5' title="bbox 2151 478 3794 563">
     <span class='ocr_line' id='line_1_5' title="bbox 2151 478 3794 563; baseline 0 -22"><span class='ocrx_word' id='word_1_17' title='bbox 2151 478 2437 562; x_wconf 70' lang='lat' dir='ltr'><strong>subjungit</strong></span> <span class='ocrx_word' id='word_1_18' title='bbox 2466 505 2480 547; x_wconf 90' lang='lat'><strong>:</strong></span> <span class='ocrx_word' id='word_1_19' title='bbox 2516 509 2541 541; x_wconf 77' lang='lat'><strong>¢</strong></span> <span class='ocrx_word' id='word_1_20' title='bbox 2576 486 2648 547; x_wconf 85' lang='lat' dir='ltr'><strong>Et</strong></span> <span class='ocrx_word' id='word_1_21' title='bbox 2682 484 3049 563; x_wconf 79' lang='lat' dir='ltr'><strong>cognoscetis</strong></span> <span class='ocrx_word' id='word_1_22' title='bbox 3079 484 3219 561; x_wconf 84' lang='lat' dir='ltr'><strong>quia</strong></span> <span class='ocrx_word' id='word_1_23' title='bbox 3245 500 3357 563; x_wconf 86' lang='lat' dir='ltr'><strong>ego</strong></span> <span class='ocrx_word' id='word_1_24' title='bbox 3385 479 3699 559; x_wconf 82' lang='lat' dir='ltr'><strong>Dominus,</strong></span> <span class='ocrx_word' id='word_1_25' title='bbox 3729 487 3794 542; x_wconf 92' lang='lat' dir='ltr'><strong>et</strong></span> 
     </span>
    </p>
   </div>
   <div class='ocr_carea' id='block_1_6' title="bbox 406 571 2053 654">
    <p class='ocr_par' dir='ltr' id='par_1_6' title="bbox 406 571 2053 654">
     <span class='ocr_line' id='line_1_6' title="bbox 406 571 2053 654; baseline 0.002 -27"><span class='ocrx_word' id='word_1_26' title='bbox 406 572 511 643; x_wconf 79' lang='grc' dir='ltr'>μῆς</span> <span class='ocrx_word' id='word_1_27' title='bbox 571 594 697 653; x_wconf 78' lang='grc' dir='ltr'>μου,</span> <span class='ocrx_word' id='word_1_28' title='bbox 758 571 1018 650; x_wconf 76' lang='grc' dir='ltr'>ἄνθρωποί</span> <span class='ocrx_word' id='word_1_29' title='bbox 1060 597 1161 649; x_wconf 88' lang='grc' dir='ltr'><strong>μου</strong></span> <span class='ocrx_word' id='word_1_30' title='bbox 1235 574 1380 654; x_wconf 75' lang='grc' dir='ltr'>ἐστὲ,</span> <span class='ocrx_word' id='word_1_31' title='bbox 1425 575 1513 631; x_wconf 84' lang='grc' dir='ltr'>καὶ</span> <span class='ocrx_word' id='word_1_32' title='bbox 1568 575 1678 651; x_wconf 62' lang='grc' dir='ltr'>ἐγὼ</span> <span class='ocrx_word' id='word_1_33' title='bbox 1709 574 1838 637; x_wconf 72' lang='grc' dir='ltr'>Θεὸς</span> <span class='ocrx_word' id='word_1_34' title='bbox 1881 574 2053 649; x_wconf 83' lang='grc' dir='ltr'>ὑμῶν,</span> 
     </span>
    </p>
   </div>
   <div class='ocr_carea' id='block_1_7' title="bbox 404 659 1125 743">
    <p class='ocr_par' dir='ltr' id='par_1_7' title="bbox 404 659 1125 743">
     <span class='ocr_line' id='line_1_7' title="bbox 404 659 1125 743; baseline 0.004 -27"><span class='ocrx_word' id='word_1_35' title='bbox 404 659 556 741; x_wconf 80' lang='grc' dir='ltr'>λέγει</span> <span class='ocrx_word' id='word_1_36' title='bbox 584 660 819 719; x_wconf 72' lang='grc' dir='ltr'>³Αδωνα³ι</span> <span class='ocrx_word' id='word_1_37' title='bbox 849 674 1060 743; x_wconf 84' lang='grc' dir='ltr'>Κυριος.</span> <span class='ocrx_word' id='word_1_38' title='bbox 1098 688 1125 719; x_wconf 75' lang='grc' dir='ltr'><strong>ι)</strong></span> 
     </span>
    </p>
   </div>
   <div class='ocr_carea' id='block_1_8' title="bbox 944 755 1488 819">
    <p class='ocr_par' dir='ltr' id='par_1_8' title="bbox 944 755 1488 819">
     <span class='ocr_line' id='line_1_8' title="bbox 944 755 1488 819; baseline 0.007 -4"><span class='ocrx_word' id='word_1_39' title='bbox 944 762 1333 815; x_wconf 80' lang='grc' dir='ltr'><strong>ΚΕΦΛΛΑΙΟΝ</strong></span> <span class='ocrx_word' id='word_1_40' title='bbox 1380 755 1488 819; x_wconf 84' lang='grc' dir='ltr'><strong>ΙΘ’.</strong></span> 
     </span>
    </p>
   </div>
   <div class='ocr_carea' id='block_1_9' title="bbox 404 840 2047 932">
    <p class='ocr_par' dir='ltr' id='par_1_9' title="bbox 404 840 2047 932">
     <span class='ocr_line' id='line_1_9' title="bbox 404 840 2047 932; baseline -0.002 -23"><span class='ocrx_word' id='word_1_41' title='bbox 404 840 542 909; x_wconf 70' lang='grc' dir='ltr'><strong>’Ὅτι</strong></span> <span class='ocrx_word' id='word_1_42' title='bbox 574 851 661 907; x_wconf 84' lang='grc' dir='ltr'>καὶ</span> <span class='ocrx_word' id='word_1_43' title='bbox 693 852 721 907; x_wconf 97' lang='lat'><strong>6</strong></span> <span class='ocrx_word' id='word_1_44' title='bbox 751 852 981 931; x_wconf 79' lang='grc' dir='ltr'>ποιμὴν,</span> <span class='ocrx_word' id='word_1_45' title='bbox 1013 850 1229 926; x_wconf 82' lang='grc' dir='ltr'><strong>ἀμελῶς</strong></span> <span class='ocrx_word' id='word_1_46' title='bbox 1261 852 1550 932; x_wconf 79' lang='grc' dir='ltr'>φερόμενος</span> <span class='ocrx_word' id='word_1_47' title='bbox 1595 851 1712 930; x_wconf 82' lang='grc' dir='ltr'>περὶ</span> <span class='ocrx_word' id='word_1_48' title='bbox 1742 849 1809 906; x_wconf 84' lang='grc' dir='ltr'><strong>τά</strong></span> <span class='ocrx_word' id='word_1_49' title='bbox 1840 847 2047 929; x_wconf 83' lang='grc' dir='ltr'>πρόϐα-</span> 
     </span>
    </p>
   </div>
   <div class='ocr_carea' id='block_1_10' title="bbox 477 938 2045 1020">
    <p class='ocr_par' dir='ltr' id='par_1_10' title="bbox 477 938 2045 1020">
     <span class='ocr_line' id='line_1_10' title="bbox 477 938 2045 1020; baseline 0 -25"><span class='ocrx_word' id='word_1_50' title='bbox 477 961 567 1020; x_wconf 88' lang='grc' dir='ltr'>τα,</span> <span class='ocrx_word' id='word_1_51' title='bbox 601 938 753 1007; x_wconf 85' lang='grc' dir='ltr'>δίκην</span> <span class='ocrx_word' id='word_1_52' title='bbox 783 943 1031 1013; x_wconf 81' lang='grc' dir='ltr'>τίννυσιν,</span> <span class='ocrx_word' id='word_1_53' title='bbox 1067 942 1159 998; x_wconf 77' lang='grc' dir='ltr'>καὶ</span> <span class='ocrx_word' id='word_1_54' title='bbox 1198 942 1258 997; x_wconf 82' lang='grc' dir='ltr'>τὺ</span> <span class='ocrx_word' id='word_1_55' title='bbox 1288 938 1551 1011; x_wconf 88' lang='grc' dir='ltr'>πρόϐατον</span> <span class='ocrx_word' id='word_1_56' title='bbox 1584 941 1661 1015; x_wconf 74' lang='grc' dir='ltr'>μὴ</span> <span class='ocrx_word' id='word_1_57' title='bbox 1707 939 1790 1020; x_wconf 78' lang='grc' dir='ltr'><strong>(Ἰ)</strong></span> <span class='ocrx_word' id='word_1_58' title='bbox 1824 942 2045 1019; x_wconf 88' lang='grc' dir='ltr'>πειθαρ-</span> 
     </span>
    </p>
   </div>
   <div class='ocr_carea' id='block_1_11' title="bbox 478 1030 1349 1111">
    <p class='ocr_par' dir='ltr' id='par_1_11' title="bbox 478 1030 1349 1111">
     <span class='ocr_line' id='line_1_11' title="bbox 478 1030 1349 1111; baseline 0.001 -25"><span class='ocrx_word' id='word_1_59' title='bbox 478 1039 613 1110; x_wconf 86' lang='grc' dir='ltr'>χοῦν</span> <span class='ocrx_word' id='word_1_60' title='bbox 642 1036 719 1103; x_wconf 84' lang='grc' dir='ltr'>τῷ</span> <span class='ocrx_word' id='word_1_61' title='bbox 749 1030 990 1111; x_wconf 75' lang='grc' dir='ltr'><strong>ποιμένι,</strong></span> <span class='ocrx_word' id='word_1_62' title='bbox 1035 1030 1349 1103; x_wconf 77' lang='grc' dir='ltr'>κολάζεται.</span> 
     </span>
    </p>
   </div>
   <div class='ocr_carea' id='block_1_12' title="bbox 482 1119 2050 1194">
    <p class='ocr_par' dir='ltr' id='par_1_12' title="bbox 482 1119 2050 1194">
     <span class='ocr_line' id='line_1_12' title="bbox 482 1119 2050 1194; baseline -0.001 -16"><span class='ocrx_word' id='word_1_63' title='bbox 482 1120 767 1178; x_wconf 74' lang='grc' dir='ltr'>Ἀκούσατε</span> <span class='ocrx_word' id='word_1_64' title='bbox 825 1121 871 1177; x_wconf 79' lang='grc' dir='ltr'>οἱ</span> <span class='ocrx_word' id='word_1_65' title='bbox 931 1120 1231 1193; x_wconf 79' lang='grc' dir='ltr'>ἐπίσκοποι,</span> <span class='ocrx_word' id='word_1_66' title='bbox 1290 1123 1375 1177; x_wconf 69' lang='grc' dir='ltr'>οιαὶ</span> <span class='ocrx_word' id='word_1_67' title='bbox 1429 1121 1685 1178; x_wconf 78' lang='grc' dir='ltr'>ἀκούσατε</span> <span class='ocrx_word' id='word_1_68' title='bbox 1742 1121 1790 1176; x_wconf 80' lang='grc' dir='ltr'>οἱ</span> <span class='ocrx_word' id='word_1_69' title='bbox 1847 1119 2050 1194; x_wconf 79' lang='grc' dir='ltr'>λα’ἰκοὶ,</span> 
     </span>
    </p>
   </div>
   <div class='ocr_carea' id='block_1_13' title="bbox 397 1208 2052 1291">
    <p class='ocr_par' dir='ltr' id='par_1_13' title="bbox 397 1208 2052 1291">
     <span class='ocr_line' id='line_1_13' title="bbox 397 1208 2052 1291; baseline -0.001 -24"><span class='ocrx_word' id='word_1_70' title='bbox 397 1209 471 1273; x_wconf 82' lang='grc' dir='ltr'>ὥς</span> <span class='ocrx_word' id='word_1_71' title='bbox 506 1208 591 1289; x_wconf 64' lang='grc'>(8)</span> <span class='ocrx_word' id='word_1_72' title='bbox 626 1232 788 1288; x_wconf 79' lang='grc' dir='ltr'>φησιν</span> <span class='ocrx_word' id='word_1_73' title='bbox 832 1212 858 1266; x_wconf 85' lang='lat'><strong>6</strong></span> <span class='ocrx_word' id='word_1_74' title='bbox 903 1211 1056 1273; x_wconf 73' lang='grc' dir='ltr'>θεός·</span> <span class='ocrx_word' id='word_1_75' title='bbox 1113 1235 1133 1263; x_wconf 74' lang='grc' dir='ltr'>α</span> <span class='ocrx_word' id='word_1_76' title='bbox 1176 1208 1364 1289; x_wconf 85' lang='grc' dir='ltr'>Κρινῶ</span> <span class='ocrx_word' id='word_1_77' title='bbox 1395 1212 1542 1290; x_wconf 78' lang='grc' dir='ltr'>κριὸν</span> <span class='ocrx_word' id='word_1_78' title='bbox 1585 1213 1714 1290; x_wconf 80' lang='grc' dir='ltr'>πρὸς</span> <span class='ocrx_word' id='word_1_79' title='bbox 1764 1210 2052 1291; x_wconf 82' lang='grc' dir='ltr'>κριὸν,καὶ</span> 
     </span>
    </p>
   </div>
   <div class='ocr_carea' id='block_1_14' title="bbox 399 1297 2050 1379">
    <p class='ocr_par' dir='ltr' id='par_1_14' title="bbox 399 1297 2050 1379">
     <span class='ocr_line' id='line_1_14' title="bbox 399 1297 2050 1379; baseline 0 -24"><span class='ocrx_word' id='word_1_80' title='bbox 399 1297 663 1379; x_wconf 86' lang='grc' dir='ltr'>πρόϐατον</span> <span class='ocrx_word' id='word_1_81' title='bbox 706 1300 839 1377; x_wconf 82' lang='grc' dir='ltr'>πρὸς</span> <span class='ocrx_word' id='word_1_82' title='bbox 911 1297 1197 1377; x_wconf 85' lang='grc' dir='ltr'>πρόϐατον·</span> <span class='ocrx_word' id='word_1_83' title='bbox 1245 1322 1267 1356; x_wconf 70' lang='grc' dir='ltr'><strong>ο</strong></span> <span class='ocrx_word' id='word_1_84' title='bbox 1302 1302 1390 1357; x_wconf 82' lang='grc' dir='ltr'><strong>καὶ</strong></span> <span class='ocrx_word' id='word_1_85' title='bbox 1439 1301 1569 1377; x_wconf 80' lang='grc' dir='ltr'>πρὸς</span> <span class='ocrx_word' id='word_1_86' title='bbox 1626 1302 1748 1365; x_wconf 81' lang='grc' dir='ltr'>τοὸς</span> <span class='ocrx_word' id='word_1_87' title='bbox 1796 1299 2050 1375; x_wconf 87' lang='grc' dir='ltr'>ποιμένας</span> 
     </span>
    </p>
   </div>
   <div class='ocr_carea' id='block_1_15' title="bbox 400 1384 2054 1469">
    <p class='ocr_par' dir='ltr' id='par_1_15' title="bbox 400 1384 2054 1469">
     <span class='ocr_line' id='line_1_15' title="bbox 400 1384 2054 1469; baseline 0.001 -25"><span class='ocrx_word' id='word_1_88' title='bbox 400 1387 568 1467; x_wconf 86' lang='grc' dir='ltr'>λέγει·</span> <span class='ocrx_word' id='word_1_89' title='bbox 646 1384 971 1467; x_wconf 79' lang='grc' dir='ltr'>Κριθήσεσθε</span> <span class='ocrx_word' id='word_1_90' title='bbox 1050 1388 1228 1445; x_wconf 74' lang='grc' dir='ltr'>ἕνεκεν</span> <span class='ocrx_word' id='word_1_91' title='bbox 1275 1394 1374 1457; x_wconf 81' lang='grc' dir='ltr'>τῆς</span> <span class='ocrx_word' id='word_1_92' title='bbox 1437 1389 1678 1469; x_wconf 87' lang='grc' dir='ltr'>ἀπειρίας</span> <span class='ocrx_word' id='word_1_93' title='bbox 1740 1393 1910 1448; x_wconf 73' lang='grc' dir='ltr'>αὒτῶν</span> <span class='ocrx_word' id='word_1_94' title='bbox 1968 1391 2054 1445; x_wconf 79' lang='grc' dir='ltr'>καὶ</span> 
     </span>
    </p>
   </div>
   <div class='ocr_carea' id='block_1_16' title="bbox 402 1476 2053 1559">
    <p class='ocr_par' dir='ltr' id='par_1_16' title="bbox 402 1476 2053 1559">
     <span class='ocr_line' id='line_1_16' title="bbox 402 1476 2053 1559; baseline 0.001 -26"><span class='ocrx_word' id='word_1_95' title='bbox 402 1483 499 1545; x_wconf 78' lang='grc' dir='ltr'>τῆς</span> <span class='ocrx_word' id='word_1_96' title='bbox 549 1479 624 1542; x_wconf 77' lang='grc' dir='ltr'><strong>εἷς</strong></span> <span class='ocrx_word' id='word_1_97' title='bbox 671 1479 736 1534; x_wconf 81' lang='grc' dir='ltr'>τὰ</span> <span class='ocrx_word' id='word_1_98' title='bbox 767 1476 1005 1556; x_wconf 87' lang='grc' dir='ltr'>πρόϐατα</span> <span class='ocrx_word' id='word_1_99' title='bbox 1052 1477 1356 1559; x_wconf 67' lang='grc' dir='ltr'><strong>διαφθορᾶς⁹</strong></span> <span class='ocrx_word' id='word_1_100' title='bbox 1415 1478 1708 1553; x_wconf 75' lang='grc' dir='ltr'>τουτέστιν,</span> <span class='ocrx_word' id='word_1_101' title='bbox 1762 1481 2053 1537; x_wconf 70' lang='grc' dir='ltr'>ἒπίσκοπον</span> 
     </span>
    </p>
   </div>
   <div class='ocr_carea' id='block_1_17' title="bbox 402 1567 2055 1649">
    <p class='ocr_par' dir='ltr' id='par_1_17' title="bbox 402 1567 2055 1649">
     <span class='ocr_line' id='line_1_17' title="bbox 402 1567 2055 1649; baseline 0.001 -25"><span class='ocrx_word' id='word_1_102' title='bbox 402 1570 533 1648; x_wconf 84' lang='grc' dir='ltr'>πρὸς</span> <span class='ocrx_word' id='word_1_103' title='bbox 587 1567 873 1626; x_wconf 78' lang='grc' dir='ltr'>ἐπίσκοπον</span> <span class='ocrx_word' id='word_1_104' title='bbox 930 1569 1118 1649; x_wconf 82' lang='grc' dir='ltr'>κρινῶ,</span> <span class='ocrx_word' id='word_1_105' title='bbox 1182 1570 1271 1625; x_wconf 82' lang='grc' dir='ltr'><strong>καὶ</strong></span> <span class='ocrx_word' id='word_1_106' title='bbox 1314 1568 1503 1625; x_wconf 77' lang='grc' dir='ltr'>λα’ίκὸν</span> <span class='ocrx_word' id='word_1_107' title='bbox 1536 1571 1666 1649; x_wconf 83' lang='grc' dir='ltr'>πρὸς</span> <span class='ocrx_word' id='word_1_108' title='bbox 1718 1568 1935 1648; x_wconf 79' lang='grc' dir='ltr'>λαϊκὸν,</span> <span class='ocrx_word' id='word_1_109' title='bbox 1971 1570 2055 1627; x_wconf 85' lang='grc' dir='ltr'><strong>γαὶ</strong></span> 
     </span>
    </p>
   </div>
   <div class='ocr_carea' id='block_1_18' title="bbox 402 1656 2057 1738">
    <p class='ocr_par' dir='ltr' id='par_1_18' title="bbox 402 1656 2057 1738">
     <span class='ocr_line' id='line_1_18' title="bbox 402 1656 2057 1738; baseline 0.001 -25"><span class='ocrx_word' id='word_1_110' title='bbox 402 1658 641 1738; x_wconf 81' lang='grc' dir='ltr'>ἄρχοντα</span> <span class='ocrx_word' id='word_1_111' title='bbox 697 1659 827 1733; x_wconf 79' lang='grc' dir='ltr'>πρὸς</span> <span class='ocrx_word' id='word_1_112' title='bbox 874 1657 1134 1738; x_wconf 80' lang='grc' dir='ltr'>ἄρχοντα,</span> <span class='ocrx_word' id='word_1_113' title='bbox 1184 1660 1387 1737; x_wconf 81' lang='grc' dir='ltr'>Λογικὰ</span> <span class='ocrx_word' id='word_1_114' title='bbox 1428 1660 1527 1737; x_wconf 84' lang='grc' dir='ltr'>γὰρ</span> <span class='ocrx_word' id='word_1_115' title='bbox 1576 1660 1642 1716; x_wconf 85' lang='grc' dir='ltr'><strong>τὰ</strong></span> <span class='ocrx_word' id='word_1_116' title='bbox 1670 1656 1933 1738; x_wconf 68' lang='grc' dir='ltr'>πρόϐατα,</span> <span class='ocrx_word' id='word_1_117' title='bbox 1968 1659 2057 1715; x_wconf 81' lang='grc' dir='ltr'><strong>καὶ</strong></span> 
     </span>
    </p>
   </div>
   <div class='ocr_carea' id='block_1_19' title="bbox 2144 572 3786 657">
    <p class='ocr_par' dir='ltr' id='par_1_19' title="bbox 2144 572 3786 657">
     <span class='ocr_line' id='line_1_19' title="bbox 2144 572 3786 657; baseline -0.001 -25"><span class='ocrx_word' id='word_1_118' title='bbox 2144 588 2245 633; x_wconf 92' lang='lat' dir='ltr'><strong>vos</strong></span> <span class='ocrx_word' id='word_1_119' title='bbox 2279 590 2416 635; x_wconf 87' lang='lat' dir='ltr'><strong>oves</strong></span> <span class='ocrx_word' id='word_1_120' title='bbox 2450 594 2897 657; x_wconf 45' lang='lat' dir='ltr'><strong>pascuze,meae;</strong></span> <span class='ocrx_word' id='word_1_121' title='bbox 2928 576 3204 637; x_wconf 85' lang='lat' dir='ltr'><strong>homines</strong></span> <span class='ocrx_word' id='word_1_122' title='bbox 3240 572 3354 633; x_wconf 88' lang='lat' dir='ltr'><strong>mei</strong></span> <span class='ocrx_word' id='word_1_123' title='bbox 3387 572 3554 645; x_wconf 81' lang='lat' dir='ltr'><strong>estis,</strong></span> <span class='ocrx_word' id='word_1_124' title='bbox 3592 578 3649 633; x_wconf 93' lang='lat' dir='ltr'><strong>et</strong></span> <span class='ocrx_word' id='word_1_125' title='bbox 3677 589 3786 649; x_wconf 89' lang='lat' dir='ltr'><strong>ego</strong></span> 
     </span>
    </p>
   </div>
   <div class='ocr_carea' id='block_1_20' title="bbox 2140 658 3499 744">
    <p class='ocr_par' dir='ltr' id='par_1_20' title="bbox 2140 658 3499 744">
     <span class='ocr_line' id='line_1_20' title="bbox 2140 658 3499 744; baseline -0.004 -20"><span class='ocrx_word' id='word_1_126' title='bbox 2140 663 2297 724; x_wconf 89' lang='lat' dir='ltr'><strong>Deus</strong></span> <span class='ocrx_word' id='word_1_127' title='bbox 2327 672 2549 744; x_wconf 80' lang='lat' dir='ltr'><strong>vester,</strong></span> <span class='ocrx_word' id='word_1_128' title='bbox 2584 666 2728 728; x_wconf 80' lang='lat' dir='ltr'><strong>dicit</strong></span> <span class='ocrx_word' id='word_1_129' title='bbox 2760 664 2990 728; x_wconf 90' lang='lat' dir='ltr'><strong>Adonai</strong></span> <span class='ocrx_word' id='word_1_130' title='bbox 3045 662 3335 726; x_wconf 84' lang='lat' dir='ltr'><strong>Dominus</strong></span> <span class='ocrx_word' id='word_1_131' title='bbox 3364 658 3435 723; x_wconf 65' lang='grc' dir='ltr'><strong>ιι,</strong></span> <span class='ocrx_word' id='word_1_132' title='bbox 3472 687 3499 718; x_wconf 70' lang='grc' dir='ltr'><strong><em>ι</em></strong></span> 
     </span>
    </p>
   </div>
   <div class='ocr_carea' id='block_1_21' title="bbox 2737 752 3189 818">
    <p class='ocr_par' dir='ltr' id='par_1_21' title="bbox 2737 752 3189 818">
     <span class='ocr_line' id='line_1_21' title="bbox 2737 752 3189 818; baseline -0.007 -1"><span class='ocrx_word' id='word_1_133' title='bbox 2737 752 2985 818; x_wconf 73' lang='lat' dir='ltr'>CAPUT</span> <span class='ocrx_word' id='word_1_134' title='bbox 3030 752 3162 815; x_wconf 81' lang='lat' dir='ltr'><strong>XIX</strong></span> <span class='ocrx_word' id='word_1_135' title='bbox 3176 799 3189 814; x_wconf 92' lang='lat'><strong>.</strong></span> 
     </span>
    </p>
   </div>
   <div class='ocr_carea' id='block_1_22' title="bbox 2136 840 3789 926">
    <p class='ocr_par' dir='ltr' id='par_1_22' title="bbox 2136 840 3789 926">
     <span class='ocr_line' id='line_1_22' title="bbox 2136 840 3789 926; baseline -0.002 -23"><span class='ocrx_word' id='word_1_136' title='bbox 2136 840 2302 915; x_wconf 78' lang='lat' dir='ltr'><strong>Quod</strong></span> <span class='ocrx_word' id='word_1_137' title='bbox 2330 851 2570 923; x_wconf 73' lang='lat' dir='ltr'><strong>pastor,</strong></span> <span class='ocrx_word' id='word_1_138' title='bbox 2605 846 2809 907; x_wconf 77' lang='lat' dir='ltr'><strong>ovium</strong></span> <span class='ocrx_word' id='word_1_139' title='bbox 2840 844 3173 926; x_wconf 78' lang='lat' dir='ltr'><strong>negligens,</strong></span> <span class='ocrx_word' id='word_1_140' title='bbox 3204 860 3417 924; x_wconf 76' lang='lat' dir='ltr'><strong>poenas</strong></span> <span class='ocrx_word' id='word_1_141' title='bbox 3446 844 3642 904; x_wconf 85' lang='lat' dir='ltr'><strong>solvat</strong></span> <span class='ocrx_word' id='word_1_142' title='bbox 3676 857 3695 915; x_wconf 87' lang='lat'><strong>;</strong></span> <span class='ocrx_word' id='word_1_143' title='bbox 3728 848 3789 900; x_wconf 83' lang='lat' dir='ltr'><strong>et</strong></span> 
     </span>
    </p>
   </div>
   <div class='ocr_carea' id='block_1_23' title="bbox 2331 933 3578 1015">
    <p class='ocr_par' dir='ltr' id='par_1_23' title="bbox 2331 933 3578 1015">
     <span class='ocr_line' id='line_1_23' title="bbox 2331 933 3578 1015; baseline -0.001 -22"><span class='ocrx_word' id='word_1_144' title='bbox 2331 935 2460 996; x_wconf 79' lang='lat' dir='ltr'><strong>ovis</strong></span> <span class='ocrx_word' id='word_1_145' title='bbox 2490 952 2613 996; x_wconf 81' lang='lat' dir='ltr'><strong>non</strong></span> <span class='ocrx_word' id='word_1_146' title='bbox 2643 935 2935 999; x_wconf 81' lang='lat' dir='ltr'><strong>obediens</strong></span> <span class='ocrx_word' id='word_1_147' title='bbox 2966 935 3223 1015; x_wconf 82' lang='lat' dir='ltr'><strong>pastori,</strong></span> <span class='ocrx_word' id='word_1_148' title='bbox 3252 933 3578 1015; x_wconf 74' lang='lat' dir='ltr'><strong>puniatur.</strong></span> 
     </span>
    </p>
   </div>
   <div class='ocr_carea' id='block_1_24' title="bbox 2218 1108 3788 1195">
    <p class='ocr_par' dir='ltr' id='par_1_24' title="bbox 2218 1108 3788 1195">
     <span class='ocr_line' id='line_1_24' title="bbox 2218 1108 3788 1195; baseline -0.001 -24"><span class='ocrx_word' id='word_1_149' title='bbox 2218 1109 2442 1174; x_wconf 85' lang='lat' dir='ltr'><strong>Audite</strong></span> <span class='ocrx_word' id='word_1_150' title='bbox 2465 1114 2756 1195; x_wconf 85' lang='lat' dir='ltr'><strong>episcopi,</strong></span> <span class='ocrx_word' id='word_1_151' title='bbox 2785 1121 2845 1175; x_wconf 87' lang='lat' dir='ltr'><strong>et</strong></span> <span class='ocrx_word' id='word_1_152' title='bbox 2877 1113 3076 1176; x_wconf 86' lang='lat' dir='ltr'><strong>audite</strong></span> <span class='ocrx_word' id='word_1_153' title='bbox 3100 1112 3258 1183; x_wconf 83' lang='lat' dir='ltr'><strong>laici,</strong></span> <span class='ocrx_word' id='word_1_154' title='bbox 3289 1129 3404 1191; x_wconf 90' lang='lat' dir='ltr'><strong>quo</strong></span> <span class='ocrx_word' id='word_1_155' title='bbox 3438 1108 3613 1171; x_wconf 93' lang='lat' dir='ltr'><strong>modo</strong></span> <span class='ocrx_word' id='word_1_156' title='bbox 3643 1108 3788 1171; x_wconf 90' lang='lat' dir='ltr'><strong>dicit</strong></span> 
     </span>
    </p>
   </div>
   <div class='ocr_carea' id='block_1_25' title="bbox 2138 1196 3783 1271">
    <p class='ocr_par' dir='ltr' id='par_1_25' title="bbox 2138 1196 3783 1271">
     <span class='ocr_line' id='line_1_25' title="bbox 2138 1196 3783 1271; baseline -0.002 -10"><span class='ocrx_word' id='word_1_157' title='bbox 2138 1196 2296 1260; x_wconf 90' lang='lat' dir='ltr'><strong>Deus</strong></span> <span class='ocrx_word' id='word_1_158' title='bbox 2323 1220 2337 1262; x_wconf 90' lang='lat'><strong>:</strong></span> <span class='ocrx_word' id='word_1_159' title='bbox 2367 1224 2388 1256; x_wconf 75' lang='grc' dir='ltr'><strong>ι</strong></span> <span class='ocrx_word' id='word_1_160' title='bbox 2427 1200 2719 1265; x_wconf 88' lang='lat' dir='ltr'><strong>Judioabo</strong></span> <span class='ocrx_word' id='word_1_161' title='bbox 2741 1203 2988 1265; x_wconf 84' lang='lat' dir='ltr'><strong>arietem</strong></span> <span class='ocrx_word' id='word_1_162' title='bbox 3024 1203 3095 1265; x_wconf 89' lang='lat' dir='ltr'><strong>ad</strong></span> <span class='ocrx_word' id='word_1_163' title='bbox 3129 1204 3402 1271; x_wconf 88' lang='lat' dir='ltr'><strong>arietem,</strong></span> <span class='ocrx_word' id='word_1_164' title='bbox 3425 1208 3485 1263; x_wconf 91' lang='lat' dir='ltr'><strong>et</strong></span> <span class='ocrx_word' id='word_1_165' title='bbox 3510 1216 3679 1260; x_wconf 89' lang='lat' dir='ltr'><strong>ovem</strong></span> <span class='ocrx_word' id='word_1_166' title='bbox 3712 1199 3783 1259; x_wconf 88' lang='lat' dir='ltr'><strong>ad</strong></span> 
     </span>
    </p>
   </div>
   <div class='ocr_carea' id='block_1_26' title="bbox 2137 1287 3784 1374">
    <p class='ocr_par' dir='ltr' id='par_1_26' title="bbox 2137 1287 3784 1374">
     <span class='ocr_line' id='line_1_26' title="bbox 2137 1287 3784 1374; baseline -0.001 -26"><span class='ocrx_word' id='word_1_167' title='bbox 2137 1304 2308 1349; x_wconf 90' lang='lat' dir='ltr'><strong>ovem</strong></span> <span class='ocrx_word' id='word_1_168' title='bbox 2338 1288 2393 1332; x_wconf 72' lang='grc'><strong>⁸⁵</strong></span> <span class='ocrx_word' id='word_1_169' title='bbox 2419 1312 2435 1368; x_wconf 85' lang='grc'>;</span> <span class='ocrx_word' id='word_1_170' title='bbox 2461 1316 2487 1347; x_wconf 71' lang='grc' dir='ltr'><strong>ι</strong></span> <span class='ocrx_word' id='word_1_171' title='bbox 2517 1301 2574 1353; x_wconf 92' lang='lat' dir='ltr'><strong>et</strong></span> <span class='ocrx_word' id='word_1_172' title='bbox 2603 1312 2718 1373; x_wconf 89' lang='lat' dir='ltr'><strong>quo</strong></span> <span class='ocrx_word' id='word_1_173' title='bbox 2751 1294 2926 1355; x_wconf 86' lang='lat' dir='ltr'><strong>modo</strong></span> <span class='ocrx_word' id='word_1_174' title='bbox 2962 1291 3299 1374; x_wconf 83' lang='lat' dir='ltr'><strong>pastoribus</strong></span> <span class='ocrx_word' id='word_1_175' title='bbox 3322 1290 3440 1353; x_wconf 88' lang='lat' dir='ltr'><strong>ait:</strong></span> <span class='ocrx_word' id='word_1_176' title='bbox 3474 1287 3784 1352; x_wconf 87' lang='lat' dir='ltr'><strong>Judicabi-</strong></span> 
     </span>
    </p>
   </div>
   <div class='ocr_carea' id='block_1_27' title="bbox 2140 1376 3783 1463">
    <p class='ocr_par' dir='ltr' id='par_1_27' title="bbox 2140 1376 3783 1463">
     <span class='ocr_line' id='line_1_27' title="bbox 2140 1376 3783 1463; baseline 0.001 -27"><span class='ocrx_word' id='word_1_177' title='bbox 2140 1377 2287 1439; x_wconf 88' lang='lat' dir='ltr'><strong>mini</strong></span> <span class='ocrx_word' id='word_1_178' title='bbox 2310 1387 2554 1461; x_wconf 87' lang='lat' dir='ltr'><strong>propter</strong></span> <span class='ocrx_word' id='word_1_179' title='bbox 2575 1382 2928 1463; x_wconf 86' lang='lat' dir='ltr'><strong>imperitiam</strong></span> <span class='ocrx_word' id='word_1_180' title='bbox 2957 1390 3301 1462; x_wconf 88' lang='lat' dir='ltr'><strong>vestram,et</strong></span> <span class='ocrx_word' id='word_1_181' title='bbox 3323 1387 3565 1461; x_wconf 88' lang='lat' dir='ltr'><strong>propter</strong></span> <span class='ocrx_word' id='word_1_182' title='bbox 3586 1376 3783 1439; x_wconf 87' lang='lat' dir='ltr'><strong>ovium</strong></span> 
     </span>
    </p>
   </div>
   <div class='ocr_carea' id='block_1_28' title="bbox 2144 1466 3782 1554">
    <p class='ocr_par' dir='ltr' id='par_1_28' title="bbox 2144 1466 3782 1554">
     <span class='ocr_line' id='line_1_28' title="bbox 2144 1466 3782 1554; baseline 0.004 -29"><span class='ocrx_word' id='word_1_183' title='bbox 2144 1466 2582 1547; x_wconf 84' lang='lat' dir='ltr'><strong>perditionem:</strong></span> <span class='ocrx_word' id='word_1_184' title='bbox 2619 1473 2731 1535; x_wconf 92' lang='lat' dir='ltr'><strong>hoc</strong></span> <span class='ocrx_word' id='word_1_185' title='bbox 2763 1484 2872 1549; x_wconf 82' lang='lat' dir='ltr'><strong>est,</strong></span> <span class='ocrx_word' id='word_1_186' title='bbox 2908 1472 3266 1554; x_wconf 88' lang='lat' dir='ltr'><strong>Episcopum</strong></span> <span class='ocrx_word' id='word_1_187' title='bbox 3311 1470 3383 1532; x_wconf 92' lang='lat' dir='ltr'><strong>ad</strong></span> <span class='ocrx_word' id='word_1_188' title='bbox 3437 1470 3782 1550; x_wconf 89' lang='lat' dir='ltr'><strong>episcopum</strong></span> 
     </span>
    </p>
   </div>
   <div class='ocr_carea' id='block_1_29' title="bbox 2134 1554 3788 1640">
    <p class='ocr_par' dir='ltr' id='par_1_29' title="bbox 2134 1554 3788 1640">
     <span class='ocr_line' id='line_1_29' title="bbox 2134 1554 3788 1640; baseline 0 -24"><span class='ocrx_word' id='word_1_189' title='bbox 2134 1555 2440 1635; x_wconf 88' lang='lat' dir='ltr'><strong>judicabo,</strong></span> <span class='ocrx_word' id='word_1_190' title='bbox 2474 1567 2533 1621; x_wconf 91' lang='lat' dir='ltr'><strong>et</strong></span> <span class='ocrx_word' id='word_1_191' title='bbox 2564 1559 2778 1624; x_wconf 91' lang='lat' dir='ltr'><strong>laicum</strong></span> <span class='ocrx_word' id='word_1_192' title='bbox 2821 1564 2891 1624; x_wconf 89' lang='lat' dir='ltr'><strong>ad</strong></span> <span class='ocrx_word' id='word_1_193' title='bbox 2945 1562 3187 1624; x_wconf 91' lang='lat' dir='ltr'><strong>laicum.</strong></span> <span class='ocrx_word' id='word_1_194' title='bbox 3223 1568 3281 1622; x_wconf 89' lang='lat' dir='ltr'><strong>et</strong></span> <span class='ocrx_word' id='word_1_195' title='bbox 3335 1557 3667 1640; x_wconf 89' lang='lat' dir='ltr'><strong>principem</strong></span> <span class='ocrx_word' id='word_1_196' title='bbox 3713 1554 3788 1617; x_wconf 90' lang='lat' dir='ltr'><strong>ad</strong></span> 
     </span>
    </p>
   </div>
   <div class='ocr_carea' id='block_1_30' title="bbox 2143 1646 3787 1729">
    <p class='ocr_par' dir='ltr' id='par_1_30' title="bbox 2143 1646 3787 1729">
     <span class='ocr_line' id='line_1_30' title="bbox 2143 1646 3787 1729; baseline -0.001 -22"><span class='ocrx_word' id='word_1_197' title='bbox 2143 1646 2498 1729; x_wconf 87' lang='lat' dir='ltr'><strong>principem.</strong></span> <span class='ocrx_word' id='word_1_198' title='bbox 2533 1649 2878 1714; x_wconf 88' lang='lat' dir='ltr'><strong>Rationales</strong></span> <span class='ocrx_word' id='word_1_199' title='bbox 2909 1652 3069 1713; x_wconf 90' lang='lat' dir='ltr'><strong>enim</strong></span> <span class='ocrx_word' id='word_1_200' title='bbox 3104 1660 3246 1713; x_wconf 90' lang='lat' dir='ltr'><strong>sunt</strong></span> <span class='ocrx_word' id='word_1_201' title='bbox 3278 1658 3392 1711; x_wconf 92' lang='lat' dir='ltr'><strong>tam</strong></span> <span class='ocrx_word' id='word_1_202' title='bbox 3428 1665 3592 1727; x_wconf 82' lang='lat' dir='ltr'><strong>oves,</strong></span> <span class='ocrx_word' id='word_1_203' title='bbox 3614 1662 3787 1727; x_wconf 83' lang='lat' dir='ltr'><strong>quam</strong></span> 
     </span>
    </p>
   </div>
   <div class='ocr_carea' id='block_1_31' title="bbox 404 1736 2073 1828">
    <p class='ocr_par' dir='ltr' id='par_1_31' title="bbox 404 1745 2061 1828">
     <span class='ocr_line' id='line_1_31' title="bbox 404 1745 2061 1828; baseline -0.001 -22"><span class='ocrx_word' id='word_1_204' title='bbox 404 1750 451 1806; x_wconf 77' lang='grc' dir='ltr'>οἱ</span> <span class='ocrx_word' id='word_1_205' title='bbox 505 1748 641 1827; x_wconf 82' lang='grc' dir='ltr'>κριοὶ</span> <span class='ocrx_word' id='word_1_206' title='bbox 669 1750 830 1828; x_wconf 82' lang='grc' dir='ltr'>οὗτοι,</span> <span class='ocrx_word' id='word_1_207' title='bbox 879 1745 999 1804; x_wconf 87' lang='grc' dir='ltr'>ἀλλ’</span> <span class='ocrx_word' id='word_1_208' title='bbox 1055 1752 1150 1807; x_wconf 72' lang='grc' dir='ltr'><strong>οῦκ</strong></span> <span class='ocrx_word' id='word_1_209' title='bbox 1205 1748 1398 1826; x_wconf 74' lang='grc' dir='ltr'>ἄλογα,</span> <span class='ocrx_word' id='word_1_210' title='bbox 1452 1749 1544 1805; x_wconf 67' lang='grc' dir='ltr'>’ἵνα</span> <span class='ocrx_word' id='word_1_211' title='bbox 1592 1750 1803 1823; x_wconf 79' lang='grc' dir='ltr'>μήποτε</span> <span class='ocrx_word' id='word_1_212' title='bbox 1866 1748 2000 1823; x_wconf 76' lang='grc' dir='ltr'>εἴπῃ</span> <span class='ocrx_word' id='word_1_213' title='bbox 2034 1750 2061 1804; x_wconf 90' lang='lat'><strong>6</strong></span> 
     </span>
    </p>
   </div>
   <div class='ocr_carea' id='block_1_32' title="bbox 2151 1736 3792 1828">
    <p class='ocr_par' dir='ltr' id='par_1_32' title="bbox 2151 1736 3792 1828">
     <span class='ocr_line' id='line_1_32' title="bbox 2151 1736 3792 1828; baseline -0.001 -31"><span class='ocrx_word' id='word_1_214' title='bbox 2151 1737 2394 1828; x_wconf 70' lang='lat' dir='ltr'><strong>arietes,</strong></span> <span class='ocrx_word' id='word_1_215' title='bbox 2424 1758 2542 1801; x_wconf 90' lang='lat' dir='ltr'><strong>non</strong></span> <span class='ocrx_word' id='word_1_216' title='bbox 2605 1748 2802 1803; x_wconf 89' lang='lat' dir='ltr'><strong>autem</strong></span> <span class='ocrx_word' id='word_1_217' title='bbox 2856 1742 3105 1804; x_wconf 87' lang='lat' dir='ltr'><strong>rationis</strong></span> <span class='ocrx_word' id='word_1_218' title='bbox 3162 1746 3476 1821; x_wconf 85' lang='lat' dir='ltr'><strong>expertes;</strong></span> <span class='ocrx_word' id='word_1_219' title='bbox 3513 1736 3792 1828; x_wconf 70' lang='lat' dir='ltr'><strong>neforte</strong></span> 
     </span>
    </p>
   </div>
   <div class='ocr_carea' id='block_1_33' title="bbox 401 1824 2073 1916">
    <p class='ocr_par' dir='ltr' id='par_1_33' title="bbox 401 1824 2063 1916">
     <span class='ocr_line' id='line_1_33' title="bbox 401 1824 2063 1916; baseline -0.002 -21"><span class='ocrx_word' id='word_1_220' title='bbox 401 1824 619 1913; x_wconf 69' lang='grc' dir='ltr'>λα’ἰκὸς,</span> <span class='ocrx_word' id='word_1_221' title='bbox 670 1824 828 1895; x_wconf 37' lang='lat' dir='ltr'><strong>&quot;On-</strong></span> <span class='ocrx_word' id='word_1_222' title='bbox 868 1837 976 1915; x_wconf 78' lang='grc' dir='ltr'><strong>ἐγὼ</strong></span> <span class='ocrx_word' id='word_1_223' title='bbox 1033 1836 1295 1916; x_wconf 84' lang='grc' dir='ltr'>πρόϐατόν</span> <span class='ocrx_word' id='word_1_224' title='bbox 1323 1824 1468 1913; x_wconf 71' lang='grc' dir='ltr'>εἶμι,</span> <span class='ocrx_word' id='word_1_225' title='bbox 1506 1839 1593 1893; x_wconf 74' lang='grc' dir='ltr'><strong>καὶ</strong></span> <span class='ocrx_word' id='word_1_226' title='bbox 1616 1839 1678 1894; x_wconf 78' lang='grc' dir='ltr'>υῦ</span> <span class='ocrx_word' id='word_1_227' title='bbox 1706 1838 1938 1914; x_wconf 76' lang='grc' dir='ltr'>ποιμὴν,</span> <span class='ocrx_word' id='word_1_228' title='bbox 1973 1834 2063 1893; x_wconf 79' lang='grc' dir='ltr'>καὶ</span> 
     </span>
    </p>
   </div>
   <div class='ocr_carea' id='block_1_34' title="bbox 2151 1824 3790 1916">
    <p class='ocr_par' dir='ltr' id='par_1_34' title="bbox 2151 1824 3790 1916">
     <span class='ocr_line' id='line_1_34' title="bbox 2151 1824 3790 1916; baseline 0 -30"><span class='ocrx_word' id='word_1_229' title='bbox 2151 1824 2334 1916; x_wconf 82' lang='lat' dir='ltr'><strong>laicus</strong></span> <span class='ocrx_word' id='word_1_230' title='bbox 2362 1826 2559 1893; x_wconf 85' lang='lat' dir='ltr'><strong>dicat:</strong></span> <span class='ocrx_word' id='word_1_231' title='bbox 2596 1828 2715 1911; x_wconf 87' lang='lat' dir='ltr'><strong>Ego</strong></span> <span class='ocrx_word' id='word_1_232' title='bbox 2747 1832 2872 1892; x_wconf 90' lang='lat' dir='ltr'><strong>ovis</strong></span> <span class='ocrx_word' id='word_1_233' title='bbox 2904 1850 3058 1907; x_wconf 91' lang='lat' dir='ltr'><strong>sum,</strong></span> <span class='ocrx_word' id='word_1_234' title='bbox 3081 1844 3140 1893; x_wconf 89' lang='lat' dir='ltr'><strong>et</strong></span> <span class='ocrx_word' id='word_1_235' title='bbox 3168 1849 3285 1892; x_wconf 92' lang='lat' dir='ltr'><strong>non</strong></span> <span class='ocrx_word' id='word_1_236' title='bbox 3310 1836 3510 1911; x_wconf 90' lang='lat' dir='ltr'><strong>pastor</strong></span> <span class='ocrx_word' id='word_1_237' title='bbox 3535 1847 3551 1903; x_wconf 91' lang='lat'><strong>;</strong></span> <span class='ocrx_word' id='word_1_238' title='bbox 3576 1826 3629 1889; x_wconf 76' lang='lat' dir='ltr'><strong>si</strong></span> <span class='ocrx_word' id='word_1_239' title='bbox 3651 1825 3790 1916; x_wconf 85' lang='lat' dir='ltr'><strong>nul-</strong></span> 
     </span>
    </p>
   </div>
   <div class='ocr_carea' id='block_1_35' title="bbox 406 1913 2073 2005">
    <p class='ocr_par' dir='ltr' id='par_1_35' title="bbox 406 1913 2062 2005">
     <span class='ocr_line' id='line_1_35' title="bbox 406 1913 2062 2005; baseline -0.001 -22"><span class='ocrx_word' id='word_1_240' title='bbox 406 1926 590 1984; x_wconf 73' lang='grc' dir='ltr'>οὐδένα</span> <span class='ocrx_word' id='word_1_241' title='bbox 646 1913 931 2005; x_wconf 86' lang='grc' dir='ltr'>λόγον</span> <span class='ocrx_word' id='word_1_242' title='bbox 974 1913 1204 2003; x_wconf 60' lang='grc' dir='ltr'>ἐμαυτοῦ</span> <span class='ocrx_word' id='word_1_243' title='bbox 1263 1929 1584 2004; x_wconf 78' lang='grc' dir='ltr'>πεποίημαι,</span> <span class='ocrx_word' id='word_1_244' title='bbox 1634 1925 1756 1984; x_wconf 71' lang='grc' dir='ltr'>ἀλλ’</span> <span class='ocrx_word' id='word_1_245' title='bbox 1795 1913 2062 2003; x_wconf 70' lang='grc' dir='ltr'>δποιμήν</span> 
     </span>
    </p>
   </div>
   <div class='ocr_carea' id='block_1_36' title="bbox 2151 1913 3793 2005">
    <p class='ocr_par' dir='ltr' id='par_1_36' title="bbox 2151 1913 3793 1998">
     <span class='ocr_line' id='line_1_36' title="bbox 2151 1913 3793 1998; baseline 0 -24"><span class='ocrx_word' id='word_1_246' title='bbox 2151 1913 2261 1976; x_wconf 92' lang='lat' dir='ltr'><strong>Iam</strong></span> <span class='ocrx_word' id='word_1_247' title='bbox 2302 1916 2419 1979; x_wconf 90' lang='lat' dir='ltr'><strong>mei</strong></span> <span class='ocrx_word' id='word_1_248' title='bbox 2451 1918 2745 1983; x_wconf 88' lang='lat' dir='ltr'><strong>rationem</strong></span> <span class='ocrx_word' id='word_1_249' title='bbox 2779 1919 2983 1995; x_wconf 85' lang='lat' dir='ltr'><strong>habui,</strong></span> <span class='ocrx_word' id='word_1_250' title='bbox 3020 1920 3232 1982; x_wconf 90' lang='lat' dir='ltr'><strong>viderit</strong></span> <span class='ocrx_word' id='word_1_251' title='bbox 3282 1927 3505 1998; x_wconf 87' lang='lat' dir='ltr'><strong>pastor,</strong></span> <span class='ocrx_word' id='word_1_252' title='bbox 3541 1916 3591 1977; x_wconf 87' lang='lat' dir='ltr'><strong>is</strong></span> <span class='ocrx_word' id='word_1_253' title='bbox 3634 1914 3793 1976; x_wconf 91' lang='lat' dir='ltr'><strong>solus</strong></span> 
     </span>
    </p>
   </div>
   <div class='ocr_carea' id='block_1_37' title="bbox 400 2005 2073 2097">
    <p class='ocr_par' dir='ltr' id='par_1_37' title="bbox 400 2016 2062 2097">
     <span class='ocr_line' id='line_1_37' title="bbox 400 2016 2062 2097; baseline 0 -24"><span class='ocrx_word' id='word_1_254' title='bbox 400 2016 612 2092; x_wconf 77' lang='grc' dir='ltr'>ὄψεται,</span> <span class='ocrx_word' id='word_1_255' title='bbox 634 2017 741 2097; x_wconf 18' lang='grc' dir='ltr'>,παὶ</span> <span class='ocrx_word' id='word_1_256' title='bbox 773 2017 929 2079; x_wconf 78' lang='grc' dir='ltr'>αὐτὸς</span> <span class='ocrx_word' id='word_1_257' title='bbox 959 2018 1117 2091; x_wconf 80' lang='grc' dir='ltr'>μόνος</span> <span class='ocrx_word' id='word_1_258' title='bbox 1150 2019 1606 2097; x_wconf 75' lang='grc' dir='ltr'>εἷσπραχθήσεται</span> <span class='ocrx_word' id='word_1_259' title='bbox 1642 2018 1741 2084; x_wconf 77' lang='grc' dir='ltr'><strong>τὴν</strong></span> <span class='ocrx_word' id='word_1_260' title='bbox 1765 2017 1894 2095; x_wconf 72' lang='grc' dir='ltr'><strong>δπέρ</strong></span> <span class='ocrx_word' id='word_1_261' title='bbox 1925 2016 2062 2092; x_wconf 79' lang='grc' dir='ltr'>ἐμοῦ</span> 
     </span>
    </p>
   </div>
   <div class='ocr_carea' id='block_1_38' title="bbox 2151 2005 3791 2097">
    <p class='ocr_par' dir='ltr' id='par_1_38' title="bbox 2151 2005 3791 2097">
     <span class='ocr_line' id='line_1_38' title="bbox 2151 2005 3791 2097; baseline -0.002 -28"><span class='ocrx_word' id='word_1_262' title='bbox 2151 2021 2352 2083; x_wconf 73' lang='grc' dir='ltr'>ρωηειε</span> <span class='ocrx_word' id='word_1_263' title='bbox 2385 2027 2489 2089; x_wconf 92' lang='lat' dir='ltr'><strong>pro</strong></span> <span class='ocrx_word' id='word_1_264' title='bbox 2521 2028 2614 2071; x_wconf 93' lang='lat' dir='ltr'><strong>me</strong></span> <span class='ocrx_word' id='word_1_265' title='bbox 2644 2010 2831 2074; x_wconf 86' lang='lat' dir='ltr'><strong>dabit.</strong></span> <span class='ocrx_word' id='word_1_266' title='bbox 2866 2013 3013 2073; x_wconf 88' lang='lat' dir='ltr'><strong>Nam</strong></span> <span class='ocrx_word' id='word_1_267' title='bbox 3046 2011 3219 2071; x_wconf 87' lang='lat' dir='ltr'><strong>sicuti</strong></span> <span class='ocrx_word' id='word_1_268' title='bbox 3254 2008 3377 2070; x_wconf 90' lang='lat' dir='ltr'><strong>ovis</strong></span> <span class='ocrx_word' id='word_1_269' title='bbox 3409 2005 3791 2097; x_wconf 74' lang='lat' dir='ltr'><strong>quaebonum</strong></span> 
     </span>
    </p>
   </div>
   <div class='ocr_carea' id='block_1_39' title="bbox 397 2095 2057 2185">
    <p class='ocr_par' dir='ltr' id='par_1_39' title="bbox 397 2095 2057 2185">
     <span class='ocr_line' id='line_1_39' title="bbox 397 2095 2057 2185; baseline 0.002 -25"><span class='ocrx_word' id='word_1_270' title='bbox 397 2102 570 2172; x_wconf 79' lang='grc' dir='ltr'>δίκην,</span> <span class='ocrx_word' id='word_1_271' title='bbox 632 2095 858 2183; x_wconf 72' lang='grc' dir='ltr'>’¹Ωσπερ</span> <span class='ocrx_word' id='word_1_272' title='bbox 914 2106 1014 2185; x_wconf 76' lang='grc' dir='ltr'>γὰρ</span> <span class='ocrx_word' id='word_1_273' title='bbox 1062 2113 1140 2181; x_wconf 81' lang='grc' dir='ltr'><strong>τῷ</strong></span> <span class='ocrx_word' id='word_1_274' title='bbox 1193 2095 1611 2183; x_wconf 11' lang='grc' dir='ltr'>καλῷγνποιμένι</span> <span class='ocrx_word' id='word_1_275' title='bbox 1681 2108 1742 2163; x_wconf 81' lang='grc' dir='ltr'>τὸ</span> <span class='ocrx_word' id='word_1_276' title='bbox 1790 2107 1869 2182; x_wconf 78' lang='grc' dir='ltr'>μὴ</span> <span class='ocrx_word' id='word_1_277' title='bbox 1921 2107 2057 2163; x_wconf 80' lang='grc' dir='ltr'>ἀκο-</span> 
     </span>
    </p>
   </div>
   <div class='ocr_carea' id='block_1_40' title="bbox 396 2193 2053 2275">
    <p class='ocr_par' dir='ltr' id='par_1_40' title="bbox 396 2193 2053 2275">
     <span class='ocr_line' id='line_1_40' title="bbox 396 2193 2053 2275; baseline -0.001 -24"><span class='ocrx_word' id='word_1_278' title='bbox 396 2194 610 2255; x_wconf 78' lang='grc' dir='ltr'>λουθοῦν</span> <span class='ocrx_word' id='word_1_279' title='bbox 679 2193 957 2275; x_wconf 77' lang='grc' dir='ltr'>πρόϐατον,</span> <span class='ocrx_word' id='word_1_280' title='bbox 1035 2195 1215 2262; x_wconf 82' lang='grc' dir='ltr'>λύκοις</span> <span class='ocrx_word' id='word_1_281' title='bbox 1294 2197 1527 2254; x_wconf 78' lang='grc' dir='ltr'>ἔκκειται</span> <span class='ocrx_word' id='word_1_282' title='bbox 1601 2198 1673 2259; x_wconf 78' lang='grc' dir='ltr'>εἷς</span> <span class='ocrx_word' id='word_1_283' title='bbox 1751 2195 2053 2275; x_wconf 75' lang='grc' dir='ltr'>διαφθορὰν,</span> 
     </span>
    </p>
   </div>
   <div class='ocr_carea' id='block_1_41' title="bbox 397 2283 2056 2366">
    <p class='ocr_par' dir='ltr' id='par_1_41' title="bbox 397 2283 2056 2366">
     <span class='ocr_line' id='line_1_41' title="bbox 397 2283 2056 2366; baseline 0 -25"><span class='ocrx_word' id='word_1_284' title='bbox 397 2283 536 2342; x_wconf 77' lang='grc' dir='ltr'>οὕτω</span> <span class='ocrx_word' id='word_1_285' title='bbox 588 2291 665 2357; x_wconf 83' lang='grc' dir='ltr'>τῷ</span> <span class='ocrx_word' id='word_1_286' title='bbox 724 2291 946 2361; x_wconf 81' lang='grc' dir='ltr'>πονηρῷ</span> <span class='ocrx_word' id='word_1_287' title='bbox 1008 2285 1224 2361; x_wconf 80' lang='grc' dir='ltr'>ποιμένι</span> <span class='ocrx_word' id='word_1_288' title='bbox 1270 2288 1331 2343; x_wconf 84' lang='grc' dir='ltr'>τὸ</span> <span class='ocrx_word' id='word_1_289' title='bbox 1385 2285 1726 2366; x_wconf 68' lang='grc' dir='ltr'>ἀκολουθοῦν,</span> <span class='ocrx_word' id='word_1_290' title='bbox 1781 2284 2056 2363; x_wconf 85' lang='grc' dir='ltr'>πρόδηλον</span> 
     </span>
    </p>
   </div>
   <div class='ocr_carea' id='block_1_42' title="bbox 396 2374 2057 2458">
    <p class='ocr_par' dir='ltr' id='par_1_42' title="bbox 396 2374 2057 2458">
     <span class='ocr_line' id='line_1_42' title="bbox 396 2374 2057 2458; baseline 0.001 -27"><span class='ocrx_word' id='word_1_291' title='bbox 396 2375 636 2456; x_wconf 80' lang='grc' dir='ltr'>ἔχειτὸν</span> <span class='ocrx_word' id='word_1_292' title='bbox 664 2376 911 2456; x_wconf 73' lang='grc' dir='ltr'>θάνατον,</span> <span class='ocrx_word' id='word_1_293' title='bbox 966 2374 1049 2433; x_wconf 78' lang='grc' dir='ltr'>ὅτι</span> <span class='ocrx_word' id='word_1_294' title='bbox 1120 2377 1517 2456; x_wconf 80' lang='grc' dir='ltr'>πατατρώξεται</span> <span class='ocrx_word' id='word_1_295' title='bbox 1562 2380 1714 2441; x_wconf 80' lang='grc' dir='ltr'>αῦτό,</span> <span class='ocrx_word' id='word_1_296' title='bbox 1767 2380 1860 2434; x_wconf 80' lang='grc' dir='ltr'><strong>Διὸ</strong></span> <span class='ocrx_word' id='word_1_297' title='bbox 1892 2398 2057 2458; x_wconf 75' lang='grc' dir='ltr'>φευκ-</span> 
     </span>
    </p>
   </div>
   <div class='ocr_carea' id='block_1_43' title="bbox 395 2464 1378 2547">
    <p class='ocr_par' dir='ltr' id='par_1_43' title="bbox 395 2464 1378 2547">
     <span class='ocr_line' id='line_1_43' title="bbox 395 2464 1378 2547; baseline 0.001 -25"><span class='ocrx_word' id='word_1_298' title='bbox 395 2464 520 2522; x_wconf 78' lang='grc' dir='ltr'>τέον</span> <span class='ocrx_word' id='word_1_299' title='bbox 549 2465 657 2523; x_wconf 86' lang='grc' dir='ltr'>ἀπὸ</span> <span class='ocrx_word' id='word_1_300' title='bbox 686 2472 792 2522; x_wconf 88' lang='grc' dir='ltr'><strong>τῶν</strong></span> <span class='ocrx_word' id='word_1_301' title='bbox 821 2465 1055 2547; x_wconf 76' lang='grc' dir='ltr'>φθορέων</span> <span class='ocrx_word' id='word_1_302' title='bbox 1082 2468 1378 2542; x_wconf 81' lang='grc' dir='ltr'>ποιμένων,</span> 
     </span>
    </p>
   </div>
   <div class='ocr_carea' id='block_1_44' title="bbox 972 2556 1503 2620">
    <p class='ocr_par' dir='ltr' id='par_1_44' title="bbox 972 2556 1503 2620">
     <span class='ocr_line' id='line_1_44' title="bbox 972 2556 1503 2620; baseline -0.002 -3"><span class='ocrx_word' id='word_1_303' title='bbox 972 2565 1361 2618; x_wconf 78' lang='grc' dir='ltr'><strong>ΚΕΦΑΛΑΙΟΝ</strong></span> <span class='ocrx_word' id='word_1_304' title='bbox 1405 2556 1503 2620; x_wconf 86' lang='lat' dir='ltr'><strong>K&#39;.</strong></span> 
     </span>
    </p>
   </div>
   <div class='ocr_carea' id='block_1_45' title="bbox 406 2643 2057 2734">
    <p class='ocr_par' dir='ltr' id='par_1_45' title="bbox 406 2643 2057 2734">
     <span class='ocr_line' id='line_1_45' title="bbox 406 2643 2057 2734; baseline -0.001 -23"><span class='ocrx_word' id='word_1_305' title='bbox 406 2643 613 2717; x_wconf 71' lang='grc' dir='ltr'>’Ὅπως</span> <span class='ocrx_word' id='word_1_306' title='bbox 659 2653 771 2733; x_wconf 83' lang='grc' dir='ltr'><strong>χρῆ</strong></span> <span class='ocrx_word' id='word_1_307' title='bbox 801 2654 922 2715; x_wconf 82' lang='grc' dir='ltr'>τοὺς</span> <span class='ocrx_word' id='word_1_308' title='bbox 967 2653 1299 2732; x_wconf 75' lang='grc' dir='ltr'>ἀρχομένους</span> <span class='ocrx_word' id='word_1_309' title='bbox 1331 2656 1649 2734; x_wconf 75' lang='grc' dir='ltr'>πειθαρχεῖν</span> <span class='ocrx_word' id='word_1_310' title='bbox 1678 2666 1798 2717; x_wconf 84' lang='grc' dir='ltr'>τοῖς</span> <span class='ocrx_word' id='word_1_311' title='bbox 1848 2651 2057 2734; x_wconf 74' lang='grc' dir='ltr'>ἄρχου-</span> 
     </span>
    </p>
   </div>
   <div class='ocr_carea' id='block_1_46' title="bbox 1014 2734 1480 2797">
    <p class='ocr_par' dir='ltr' id='par_1_46' title="bbox 1014 2734 1480 2797">
     <span class='ocr_line' id='line_1_46' title="bbox 1014 2734 1480 2797; baseline 0 -8"><span class='ocrx_word' id='word_1_312' title='bbox 1014 2756 1098 2789; x_wconf 90' lang='grc' dir='ltr'><strong>σιν</strong></span> <span class='ocrx_word' id='word_1_313' title='bbox 1144 2734 1458 2797; x_wconf 71' lang='grc' dir='ltr'>ἐπισκόποις</span> <span class='ocrx_word' id='word_1_314' title='bbox 1469 2783 1480 2795; x_wconf 89' lang='grc'><strong>,</strong></span> 
     </span>
    </p>
   </div>
   <div class='ocr_carea' id='block_1_47' title="bbox 480 2822 2054 2902">
    <p class='ocr_par' dir='ltr' id='par_1_47' title="bbox 480 2822 2054 2902">
     <span class='ocr_line' id='line_1_47' title="bbox 480 2822 2054 2902; baseline 0 -20"><span class='ocrx_word' id='word_1_315' title='bbox 480 2824 584 2882; x_wconf 81' lang='grc' dir='ltr'><strong>Τὸν</strong></span> <span class='ocrx_word' id='word_1_316' title='bbox 623 2822 806 2898; x_wconf 80' lang='grc' dir='ltr'>μέντοι</span> <span class='ocrx_word' id='word_1_317' title='bbox 861 2822 1088 2899; x_wconf 81' lang='grc' dir='ltr'>ποιμένα</span> <span class='ocrx_word' id='word_1_318' title='bbox 1137 2824 1228 2881; x_wconf 78' lang='grc' dir='ltr'><strong>τὸν</strong></span> <span class='ocrx_word' id='word_1_319' title='bbox 1275 2823 1471 2902; x_wconf 78' lang='grc' dir='ltr'>ἀγαθὸν</span> <span class='ocrx_word' id='word_1_320' title='bbox 1507 2827 1534 2880; x_wconf 90' lang='lat'><strong>6</strong></span> <span class='ocrx_word' id='word_1_321' title='bbox 1585 2823 1777 2889; x_wconf 80' lang='grc' dir='ltr'>λα’ίκὸς</span> <span class='ocrx_word' id='word_1_322' title='bbox 1820 2825 2054 2901; x_wconf 79' lang='grc' dir='ltr'>τιμάτω,</span> 
     </span>
    </p>
   </div>
   <div class='ocr_carea' id='block_1_48' title="bbox 407 2910 2054 2993">
    <p class='ocr_par' dir='ltr' id='par_1_48' title="bbox 407 2910 2054 2993">
     <span class='ocr_line' id='line_1_48' title="bbox 407 2910 2054 2993; baseline 0.002 -25"><span class='ocrx_word' id='word_1_323' title='bbox 407 2913 690 2993; x_wconf 75' lang='grc' dir='ltr'>ἀγαπάτω,</span> <span class='ocrx_word' id='word_1_324' title='bbox 729 2910 1010 2993; x_wconf 78' lang='grc' dir='ltr'>φοϐείσθω,</span> <span class='ocrx_word' id='word_1_325' title='bbox 1071 2915 1143 2977; x_wconf 86' lang='grc' dir='ltr'>ὡς</span> <span class='ocrx_word' id='word_1_326' title='bbox 1198 2914 1373 2993; x_wconf 82' lang='grc' dir='ltr'>κύριον</span> <span class='ocrx_word' id='word_1_327' title='bbox 1428 2912 1579 2993; x_wconf 81' lang='grc'><strong>(10),</strong></span> <span class='ocrx_word' id='word_1_328' title='bbox 1632 2916 1706 2978; x_wconf 85' lang='grc' dir='ltr'>ὡς</span> <span class='ocrx_word' id='word_1_329' title='bbox 1767 2913 2054 2990; x_wconf 84' lang='grc' dir='ltr'>δεσπότην,</span> 
     </span>
    </p>
   </div>
   <div class='ocr_carea' id='block_1_49' title="bbox 401 3001 2057 3084">
    <p class='ocr_par' dir='ltr' id='par_1_49' title="bbox 401 3001 2057 3084">
     <span class='ocr_line' id='line_1_49' title="bbox 401 3001 2057 3084; baseline 0.002 -26"><span class='ocrx_word' id='word_1_330' title='bbox 401 3003 473 3066; x_wconf 83' lang='grc' dir='ltr'>ὡς</span> <span class='ocrx_word' id='word_1_331' title='bbox 517 3002 771 3083; x_wconf 81' lang='grc' dir='ltr'>ἀρχιερέα</span> <span class='ocrx_word' id='word_1_332' title='bbox 820 3010 972 3071; x_wconf 85' lang='grc' dir='ltr'>Θεοῦ,</span> <span class='ocrx_word' id='word_1_333' title='bbox 1020 3005 1093 3066; x_wconf 83' lang='grc' dir='ltr'><strong>ὡς</strong></span> <span class='ocrx_word' id='word_1_334' title='bbox 1155 3001 1466 3060; x_wconf 80' lang='grc' dir='ltr'>διδάσκαλον</span> <span class='ocrx_word' id='word_1_335' title='bbox 1532 3001 1821 3065; x_wconf 64' lang='grc' dir='ltr'>εὐσεϐείας.</span> <span class='ocrx_word' id='word_1_336' title='bbox 1867 3004 1925 3061; x_wconf 84' lang='lat'><strong>’0</strong></span> <span class='ocrx_word' id='word_1_337' title='bbox 1958 3005 2057 3084; x_wconf 74' lang='grc' dir='ltr'>γὰρ</span> 
     </span>
    </p>
   </div>
   <div class='ocr_carea' id='block_1_50' title="bbox 2144 2092 3793 2181">
    <p class='ocr_par' dir='ltr' id='par_1_50' title="bbox 2144 2092 3793 2181">
     <span class='ocr_line' id='line_1_50' title="bbox 2144 2092 3793 2181; baseline -0.001 -25"><span class='ocrx_word' id='word_1_338' title='bbox 2144 2104 2447 2173; x_wconf 88' lang='lat' dir='ltr'><strong>pastorem</strong></span> <span class='ocrx_word' id='word_1_339' title='bbox 2478 2117 2597 2160; x_wconf 92' lang='lat' dir='ltr'><strong>non</strong></span> <span class='ocrx_word' id='word_1_340' title='bbox 2626 2100 3085 2181; x_wconf 88' lang='lat' dir='ltr'><strong>sequitur,lupis</strong></span> <span class='ocrx_word' id='word_1_341' title='bbox 3107 2098 3375 2181; x_wconf 82' lang='lat' dir='ltr'><strong>exposita</strong></span> <span class='ocrx_word' id='word_1_342' title='bbox 3389 2094 3566 2160; x_wconf 88' lang='lat' dir='ltr'><strong>estad</strong></span> <span class='ocrx_word' id='word_1_343' title='bbox 3590 2092 3793 2155; x_wconf 88' lang='lat' dir='ltr'><strong>interi-</strong></span> 
     </span>
    </p>
   </div>
   <div class='ocr_carea' id='block_1_51' title="bbox 2144 2186 3791 2270">
    <p class='ocr_par' dir='ltr' id='par_1_51' title="bbox 2144 2186 3791 2270">
     <span class='ocr_line' id='line_1_51' title="bbox 2144 2186 3791 2270; baseline 0.001 -27"><span class='ocrx_word' id='word_1_344' title='bbox 2144 2189 2262 2244; x_wconf 94' lang='lat' dir='ltr'><strong>tum</strong></span> <span class='ocrx_word' id='word_1_345' title='bbox 2294 2207 2309 2261; x_wconf 95' lang='lat'><strong>;</strong></span> <span class='ocrx_word' id='word_1_346' title='bbox 2342 2186 2423 2248; x_wconf 90' lang='lat' dir='ltr'><strong>ita</strong></span> <span class='ocrx_word' id='word_1_347' title='bbox 2456 2205 2586 2269; x_wconf 67' lang='lat' dir='ltr'><strong>qua;</strong></span> <span class='ocrx_word' id='word_1_348' title='bbox 2633 2191 2851 2251; x_wconf 86' lang='lat' dir='ltr'><strong>malum</strong></span> <span class='ocrx_word' id='word_1_349' title='bbox 2890 2202 3182 2270; x_wconf 88' lang='lat' dir='ltr'><strong>pastorem</strong></span> <span class='ocrx_word' id='word_1_350' title='bbox 3217 2195 3501 2259; x_wconf 88' lang='lat' dir='ltr'><strong>sectatur,</strong></span> <span class='ocrx_word' id='word_1_351' title='bbox 3535 2190 3791 2246; x_wconf 90' lang='lat' dir='ltr'><strong>mortem</strong></span> 
     </span>
    </p>
   </div>
   <div class='ocr_carea' id='block_1_52' title="bbox 2140 2271 3787 2359">
    <p class='ocr_par' dir='ltr' id='par_1_52' title="bbox 2140 2271 3787 2359">
     <span class='ocr_line' id='line_1_52' title="bbox 2140 2271 3787 2359; baseline 0.002 -27"><span class='ocrx_word' id='word_1_352' title='bbox 2140 2272 2329 2336; x_wconf 87' lang='lat' dir='ltr'><strong>vitare</strong></span> <span class='ocrx_word' id='word_1_353' title='bbox 2355 2277 2600 2357; x_wconf 87' lang='lat' dir='ltr'><strong>nequit;</strong></span> <span class='ocrx_word' id='word_1_354' title='bbox 2635 2279 2708 2340; x_wconf 90' lang='lat' dir='ltr'><strong>ab</strong></span> <span class='ocrx_word' id='word_1_355' title='bbox 2758 2298 2852 2355; x_wconf 91' lang='lat' dir='ltr'><strong>eo,</strong></span> <span class='ocrx_word' id='word_1_356' title='bbox 2887 2279 3146 2359; x_wconf 83' lang='lat' dir='ltr'><strong>scilicet,</strong></span> <span class='ocrx_word' id='word_1_357' title='bbox 3177 2275 3584 2343; x_wconf 87' lang='lat' dir='ltr'><strong>devorabitur.</strong></span> <span class='ocrx_word' id='word_1_358' title='bbox 3622 2271 3787 2346; x_wconf 86' lang='lat' dir='ltr'><strong>Quo-</strong></span> 
     </span>
    </p>
   </div>
   <div class='ocr_carea' id='block_1_53' title="bbox 2143 2362 3459 2451">
    <p class='ocr_par' dir='ltr' id='par_1_53' title="bbox 2143 2362 3459 2451">
     <span class='ocr_line' id='line_1_53' title="bbox 2143 2362 3459 2451; baseline 0.002 -28"><span class='ocrx_word' id='word_1_359' title='bbox 2143 2362 2301 2426; x_wconf 87' lang='lat' dir='ltr'><strong>circa</strong></span> <span class='ocrx_word' id='word_1_360' title='bbox 2331 2364 2601 2448; x_wconf 80' lang='lat' dir='ltr'><strong>fugiendi</strong></span> <span class='ocrx_word' id='word_1_361' title='bbox 2645 2376 2785 2430; x_wconf 92' lang='lat' dir='ltr'><strong>sunt</strong></span> <span class='ocrx_word' id='word_1_362' title='bbox 2816 2369 3134 2451; x_wconf 86' lang='lat' dir='ltr'><strong>perniciosi</strong></span> <span class='ocrx_word' id='word_1_363' title='bbox 3169 2375 3459 2451; x_wconf 83' lang='lat' dir='ltr'><strong>pastores.</strong></span> 
     </span>
    </p>
   </div>
   <div class='ocr_carea' id='block_1_54' title="bbox 2143 2546 3795 2720">
    <p class='ocr_par' dir='ltr' id='par_1_54' title="bbox 2143 2546 3795 2720">
     <span class='ocr_line' id='line_1_54' title="bbox 2760 2546 3171 2613; baseline 0.002 -3"><span class='ocrx_word' id='word_1_364' title='bbox 2760 2546 3004 2613; x_wconf 84' lang='lat' dir='ltr'><strong>CAPUT</strong></span> <span class='ocrx_word' id='word_1_365' title='bbox 3048 2546 3171 2611; x_wconf 86' lang='lat' dir='ltr'><strong>XX.</strong></span> 
     </span>
     <span class='ocr_line' id='line_1_55' title="bbox 2143 2632 3795 2720; baseline -0.001 -23"><span class='ocrx_word' id='word_1_366' title='bbox 2143 2632 2458 2709; x_wconf 85' lang='lat' dir='ltr'><strong>Quomodo</strong></span> <span class='ocrx_word' id='word_1_367' title='bbox 2471 2636 2722 2716; x_wconf 76' lang='lat' dir='ltr'><strong>subjecti</strong></span> <span class='ocrx_word' id='word_1_368' title='bbox 2730 2640 3080 2719; x_wconf 68' lang='lat' dir='ltr'><strong>praepositis</strong></span> <span class='ocrx_word' id='word_1_369' title='bbox 3091 2638 3212 2702; x_wconf 74' lang='lat' dir='ltr'><strong>sibi</strong></span> <span class='ocrx_word' id='word_1_370' title='bbox 3232 2637 3535 2720; x_wconf 80' lang='lat' dir='ltr'><strong>episcopis</strong></span> <span class='ocrx_word' id='word_1_371' title='bbox 3547 2632 3795 2698; x_wconf 79' lang='lat' dir='ltr'><strong>obedire</strong></span> 
     </span>
    </p>
   </div>
   <div class='ocr_carea' id='block_1_55' title="bbox 2220 2730 3783 2899">
    <p class='ocr_par' dir='ltr' id='par_1_55' title="bbox 2220 2730 3783 2899">
     <span class='ocr_line' id='line_1_56' title="bbox 2220 2730 3783 2899; baseline -0.001 -23"><span class='ocrx_word' id='word_1_372' title='bbox 2220 2810 2276 2856; x_wconf 75' lang='grc'><strong>⁸⁸</strong></span> <span class='ocrx_word' id='word_1_373' title='bbox 2298 2813 2369 2876; x_wconf 86' lang='grc' dir='ltr'>Ει</span> <span class='ocrx_word' id='word_1_374' title='bbox 2392 2813 2635 2894; x_wconf 90' lang='lat' dir='ltr'><strong>quidem</strong></span> <span class='ocrx_word' id='word_1_375' title='bbox 2664 2730 3209 2899; x_wconf 41' lang='lat' dir='ltr'><strong>bonuggiias’ttdrem</strong></span> <span class='ocrx_word' id='word_1_376' title='bbox 3235 2817 3422 2880; x_wconf 90' lang='lat' dir='ltr'><strong>laicus</strong></span> <span class='ocrx_word' id='word_1_377' title='bbox 3444 2822 3783 2895; x_wconf 81' lang='lat' dir='ltr'><strong>veneretur,</strong></span> 
     </span>
    </p>
   </div>
   <div class='ocr_carea' id='block_1_56' title="bbox 2142 2906 3789 2988">
    <p class='ocr_par' dir='ltr' id='par_1_56' title="bbox 2142 2906 3789 2988">
     <span class='ocr_line' id='line_1_57' title="bbox 2142 2906 3789 2988; baseline 0.002 -26"><span class='ocrx_word' id='word_1_378' title='bbox 2142 2912 2868 2987; x_wconf 83' lang='lat' dir='ltr'><strong>amet,metuat,tanquam</strong></span> <span class='ocrx_word' id='word_1_379' title='bbox 2894 2907 3513 2988; x_wconf 83' lang='lat' dir='ltr'><strong>dominum,tanquam</strong></span> <span class='ocrx_word' id='word_1_380' title='bbox 3546 2906 3789 2985; x_wconf 87' lang='lat' dir='ltr'><strong>herum,</strong></span> 
     </span>
    </p>
   </div>
   <div class='ocr_carea' id='block_1_57' title="bbox 2144 2994 3791 3080">
    <p class='ocr_par' dir='ltr' id='par_1_57' title="bbox 2144 2994 3791 3080">
     <span class='ocr_line' id='line_1_58' title="bbox 2144 2994 3791 3080; baseline 0.002 -27"><span class='ocrx_word' id='word_1_381' title='bbox 2144 3000 2419 3073; x_wconf 88' lang='lat' dir='ltr'><strong>tanquam</strong></span> <span class='ocrx_word' id='word_1_382' title='bbox 2452 2994 2559 3057; x_wconf 91' lang='lat' dir='ltr'><strong>Dei</strong></span> <span class='ocrx_word' id='word_1_383' title='bbox 2577 2997 2946 3078; x_wconf 85' lang='lat' dir='ltr'><strong>pontiﬁcem,</strong></span> <span class='ocrx_word' id='word_1_384' title='bbox 2969 3007 3247 3080; x_wconf 91' lang='lat' dir='ltr'><strong>tauquam</strong></span> <span class='ocrx_word' id='word_1_385' title='bbox 3283 2997 3635 3075; x_wconf 84' lang='lat' dir='ltr'><strong>magistrum</strong></span> <span class='ocrx_word' id='word_1_386' title='bbox 3670 2995 3791 3077; x_wconf 91' lang='lat' dir='ltr'><strong>pie-</strong></span> 
     </span>
    </p>
   </div>
   <div class='ocr_carea' id='block_1_58' title="bbox 403 3082 2073 3173">
    <p class='ocr_par' dir='ltr' id='par_1_58' title="bbox 403 3091 2054 3173">
     <span class='ocr_line' id='line_1_59' title="bbox 403 3091 2054 3173; baseline 0.001 -25"><span class='ocrx_word' id='word_1_387' title='bbox 403 3091 558 3149; x_wconf 69' lang='grc' dir='ltr'>αὑτοῦ</span> <span class='ocrx_word' id='word_1_388' title='bbox 599 3092 829 3173; x_wconf 79' lang='grc' dir='ltr'>ἀκούων,</span> <span class='ocrx_word' id='word_1_389' title='bbox 866 3100 1092 3172; x_wconf 80' lang='grc' dir='ltr'>Χριστοῦ</span> <span class='ocrx_word' id='word_1_390' title='bbox 1144 3092 1355 3171; x_wconf 77' lang='grc' dir='ltr'>ἀκούει,</span> <span class='ocrx_word' id='word_1_391' title='bbox 1411 3095 1501 3150; x_wconf 76' lang='grc' dir='ltr'>καὶ</span> <span class='ocrx_word' id='word_1_392' title='bbox 1560 3096 1587 3149; x_wconf 93' lang='lat'><strong>6</strong></span> <span class='ocrx_word' id='word_1_393' title='bbox 1648 3094 1803 3150; x_wconf 67' lang='grc' dir='ltr'>αὐτὸν</span> <span class='ocrx_word' id='word_1_394' title='bbox 1834 3093 2054 3165; x_wconf 78' lang='grc' dir='ltr'>ἀθετῶν,</span> 
     </span>
    </p>
   </div>
   <div class='ocr_carea' id='block_1_59' title="bbox 2151 3082 3791 3173">
    <p class='ocr_par' dir='ltr' id='par_1_59' title="bbox 2151 3082 3791 3166">
     <span class='ocr_line' id='line_1_60' title="bbox 2151 3082 3791 3166; baseline 0.001 -21"><span class='ocrx_word' id='word_1_395' title='bbox 2151 3083 2301 3146; x_wconf 87' lang='lat' dir='ltr'><strong>tatis.</strong></span> <span class='ocrx_word' id='word_1_396' title='bbox 2326 3082 2437 3156; x_wconf 87' lang='lat' dir='ltr'><strong>Qui</strong></span> <span class='ocrx_word' id='word_1_397' title='bbox 2471 3085 2629 3147; x_wconf 91' lang='lat' dir='ltr'><strong>enim</strong></span> <span class='ocrx_word' id='word_1_398' title='bbox 2661 3087 2825 3150; x_wconf 88' lang='lat' dir='ltr'><strong>audit</strong></span> <span class='ocrx_word' id='word_1_399' title='bbox 2856 3106 3018 3162; x_wconf 90' lang='lat' dir='ltr'><strong>eum,</strong></span> <span class='ocrx_word' id='word_1_400' title='bbox 3044 3088 3343 3151; x_wconf 86' lang='lat' dir='ltr'><strong>Christum</strong></span> <span class='ocrx_word' id='word_1_401' title='bbox 3377 3086 3581 3163; x_wconf 87' lang='lat' dir='ltr'><strong>audit;</strong></span> <span class='ocrx_word' id='word_1_402' title='bbox 3619 3094 3675 3148; x_wconf 90' lang='lat' dir='ltr'><strong>et</strong></span> <span class='ocrx_word' id='word_1_403' title='bbox 3692 3085 3791 3166; x_wconf 90' lang='lat' dir='ltr'><strong>qui</strong></span> 
     </span>
    </p>
   </div>
   <div class='ocr_carea' id='block_1_60' title="bbox 400 3180 2057 3263">
    <p class='ocr_par' dir='ltr' id='par_1_60' title="bbox 400 3180 2057 3263">
     <span class='ocr_line' id='line_1_61' title="bbox 400 3180 2057 3263; baseline 0.001 -26"><span class='ocrx_word' id='word_1_404' title='bbox 400 3182 625 3260; x_wconf 83' lang='grc' dir='ltr'>Χριστὸν</span> <span class='ocrx_word' id='word_1_405' title='bbox 670 3182 870 3263; x_wconf 79' lang='grc' dir='ltr'>ἀθετεῖ,</span> <span class='ocrx_word' id='word_1_406' title='bbox 933 3183 1021 3239; x_wconf 79' lang='grc' dir='ltr'>καὶ</span> <span class='ocrx_word' id='word_1_407' title='bbox 1081 3184 1108 3238; x_wconf 88' lang='lat'><strong>6</strong></span> <span class='ocrx_word' id='word_1_408' title='bbox 1143 3183 1238 3238; x_wconf 80' lang='grc' dir='ltr'><strong>τὸν</strong></span> <span class='ocrx_word' id='word_1_409' title='bbox 1282 3183 1506 3261; x_wconf 83' lang='grc' dir='ltr'>Χριστὸν</span> <span class='ocrx_word' id='word_1_410' title='bbox 1539 3183 1619 3258; x_wconf 77' lang='grc' dir='ltr'>μὴ</span> <span class='ocrx_word' id='word_1_411' title='bbox 1651 3180 1971 3262; x_wconf 85' lang='grc' dir='ltr'>δεχόμενος,</span> <span class='ocrx_word' id='word_1_412' title='bbox 2000 3183 2057 3239; x_wconf 74' lang='grc' dir='ltr'>οὗ</span> 
     </span>
    </p>
   </div>
   <div class='ocr_carea' id='block_1_61' title="bbox 395 3270 2057 3352">
    <p class='ocr_par' dir='ltr' id='par_1_61' title="bbox 395 3270 2057 3352">
     <span class='ocr_line' id='line_1_62' title="bbox 395 3270 2057 3352; baseline 0.001 -26"><span class='ocrx_word' id='word_1_413' title='bbox 395 3270 612 3350; x_wconf 84' lang='grc' dir='ltr'>δέχεται</span> <span class='ocrx_word' id='word_1_414' title='bbox 650 3272 741 3327; x_wconf 78' lang='grc' dir='ltr'>τὸν</span> <span class='ocrx_word' id='word_1_415' title='bbox 790 3276 947 3331; x_wconf 74' lang='grc' dir='ltr'>αὐτοῦ</span> <span class='ocrx_word' id='word_1_416' title='bbox 1005 3273 1135 3328; x_wconf 85' lang='grc' dir='ltr'>Θεὸν</span> <span class='ocrx_word' id='word_1_417' title='bbox 1176 3272 1267 3328; x_wconf 80' lang='grc' dir='ltr'>καὶ</span> <span class='ocrx_word' id='word_1_418' title='bbox 1324 3271 1556 3348; x_wconf 87' lang='grc' dir='ltr'>Πατέρα.</span> <span class='ocrx_word' id='word_1_419' title='bbox 1600 3294 1623 3328; x_wconf 72' lang='grc' dir='ltr'>ι</span> <span class='ocrx_word' id='word_1_420' title='bbox 1661 3271 1722 3331; x_wconf 91' lang='grc' dir='ltr'><strong>Ὀ</strong></span> <span class='ocrx_word' id='word_1_421' title='bbox 1753 3274 1922 3348; x_wconf 76' lang='grc' dir='ltr'>ὑμῶν,</span> <span class='ocrx_word' id='word_1_422' title='bbox 1955 3274 2057 3352; x_wconf 80' lang='grc' dir='ltr'>γάρ</span> 
     </span>
    </p>
   </div>
   <div class='ocr_carea' id='block_1_62' title="bbox 393 3360 2054 3441">
    <p class='ocr_par' dir='ltr' id='par_1_62' title="bbox 393 3360 2054 3441">
     <span class='ocr_line' id='line_1_63' title="bbox 393 3360 2054 3441; baseline 0.002 -25"><span class='ocrx_word' id='word_1_423' title='bbox 393 3383 578 3441; x_wconf 77' lang='grc' dir='ltr'>φησιν,</span> <span class='ocrx_word' id='word_1_424' title='bbox 610 3360 841 3437; x_wconf 78' lang='grc' dir='ltr'>ἀκούων,</span> <span class='ocrx_word' id='word_1_425' title='bbox 901 3365 1033 3439; x_wconf 67' lang='grc' dir='ltr'>ἒμοῦ</span> <span class='ocrx_word' id='word_1_426' title='bbox 1084 3362 1285 3434; x_wconf 81' lang='grc' dir='ltr'>ἀκούει,</span> <span class='ocrx_word' id='word_1_427' title='bbox 1347 3363 1435 3419; x_wconf 84' lang='grc' dir='ltr'><strong>καὶ</strong></span> <span class='ocrx_word' id='word_1_428' title='bbox 1468 3364 1495 3418; x_wconf 86' lang='lat'><strong>6</strong></span> <span class='ocrx_word' id='word_1_429' title='bbox 1525 3363 1662 3437; x_wconf 83' lang='grc' dir='ltr'>ὑμᾶς</span> <span class='ocrx_word' id='word_1_430' title='bbox 1697 3361 1921 3435; x_wconf 81' lang='grc' dir='ltr'>ἀθετῶν,</span> <span class='ocrx_word' id='word_1_431' title='bbox 1959 3361 2054 3438; x_wconf 82' lang='grc' dir='ltr'><strong>ἐμὲ</strong></span> 
     </span>
    </p>
   </div>
   <div class='ocr_carea' id='block_1_63' title="bbox 388 3450 2044 3533">
    <p class='ocr_par' dir='ltr' id='par_1_63' title="bbox 388 3450 2044 3533">
     <span class='ocr_line' id='line_1_64' title="bbox 388 3450 2044 3533; baseline -0.002 -21"><span class='ocrx_word' id='word_1_432' title='bbox 388 3454 592 3532; x_wconf 84' lang='grc' dir='ltr'>ἀθετεῖ,</span> <span class='ocrx_word' id='word_1_433' title='bbox 650 3452 738 3508; x_wconf 78' lang='grc' dir='ltr'><strong>καὶ</strong></span> <span class='ocrx_word' id='word_1_434' title='bbox 782 3454 810 3508; x_wconf 79' lang='lat'><strong>6</strong></span> <span class='ocrx_word' id='word_1_435' title='bbox 874 3451 969 3529; x_wconf 73' lang='grc' dir='ltr'><strong>ξμὲ</strong></span> <span class='ocrx_word' id='word_1_436' title='bbox 1012 3451 1240 3533; x_wconf 87' lang='grc' dir='ltr'>ἀθετῶν,</span> <span class='ocrx_word' id='word_1_437' title='bbox 1280 3454 1460 3509; x_wconf 78' lang='grc' dir='ltr'>ἀθετεῖ</span> <span class='ocrx_word' id='word_1_438' title='bbox 1514 3454 1604 3508; x_wconf 84' lang='grc' dir='ltr'>τὸν</span> <span class='ocrx_word' id='word_1_439' title='bbox 1657 3450 2044 3508; x_wconf 83' lang='grc' dir='ltr'>ἀποστείλαντά</span> 
     </span>
    </p>
   </div>
   <div class='ocr_carea' id='block_1_64' title="bbox 390 3538 2043 3617">
    <p class='ocr_par' dir='ltr' id='par_1_64' title="bbox 390 3538 2043 3617">
     <span class='ocr_line' id='line_1_65' title="bbox 390 3538 2043 3617; baseline 0.001 -20"><span class='ocrx_word' id='word_1_440' title='bbox 390 3561 480 3616; x_wconf 80' lang='grc' dir='ltr'>με.</span> <span class='ocrx_word' id='word_1_441' title='bbox 518 3564 545 3596; x_wconf 68' lang='grc' dir='ltr'><strong><em>ι</em></strong></span> <span class='ocrx_word' id='word_1_442' title='bbox 584 3538 815 3617; x_wconf 77' lang='grc' dir='ltr'>Ὀμοίως</span> <span class='ocrx_word' id='word_1_443' title='bbox 875 3544 903 3599; x_wconf 89' lang='lat'><strong>6</strong></span> <span class='ocrx_word' id='word_1_444' title='bbox 965 3541 1252 3599; x_wconf 61' lang='grc' dir='ltr'>ἐπίσκοποί</span> <span class='ocrx_word' id='word_1_445' title='bbox 1309 3544 1382 3605; x_wconf 83' lang='grc' dir='ltr'><strong>ὡς</strong></span> <span class='ocrx_word' id='word_1_446' title='bbox 1432 3540 1590 3598; x_wconf 86' lang='grc' dir='ltr'>τέκνα</span> <span class='ocrx_word' id='word_1_447' title='bbox 1646 3542 1768 3605; x_wconf 82' lang='grc' dir='ltr'>τοὺς</span> <span class='ocrx_word' id='word_1_448' title='bbox 1821 3540 2043 3607; x_wconf 80' lang='grc' dir='ltr'>λαῖκοῦς</span> 
     </span>
    </p>
   </div>
   <div class='ocr_carea' id='block_1_65' title="bbox 387 3629 2045 3710">
    <p class='ocr_par' dir='ltr' id='par_1_65' title="bbox 387 3629 2045 3710">
     <span class='ocr_line' id='line_1_66' title="bbox 387 3629 2045 3710; baseline 0.001 -24"><span class='ocrx_word' id='word_1_449' title='bbox 387 3629 674 3708; x_wconf 78' lang='grc' dir='ltr'>ἀγαπάτω,</span> <span class='ocrx_word' id='word_1_450' title='bbox 718 3629 935 3687; x_wconf 76' lang='grc' dir='ltr'>θάλπων</span> <span class='ocrx_word' id='word_1_451' title='bbox 987 3633 1073 3688; x_wconf 80' lang='grc' dir='ltr'>καὶ</span> <span class='ocrx_word' id='word_1_452' title='bbox 1132 3632 1365 3710; x_wconf 80' lang='grc' dir='ltr'>στέργων</span> <span class='ocrx_word' id='word_1_453' title='bbox 1416 3631 1547 3710; x_wconf 81' lang='grc'><strong>(11)</strong></span> <span class='ocrx_word' id='word_1_454' title='bbox 1696 3630 1898 3708; x_wconf 76' lang='grc' dir='ltr'>σπουδῇ</span> <span class='ocrx_word' id='word_1_455' title='bbox 1948 3637 2045 3698; x_wconf 77' lang='grc' dir='ltr'>τῆς</span> 
     </span>
    </p>
   </div>
   <div class='ocr_carea' id='block_1_66' title="bbox 390 3719 2046 3801">
    <p class='ocr_par' dir='ltr' id='par_1_66' title="bbox 390 3719 2046 3801">
     <span class='ocr_line' id='line_1_67' title="bbox 390 3719 2046 3801; baseline 0.002 -27"><span class='ocrx_word' id='word_1_456' title='bbox 390 3719 630 3796; x_wconf 81' lang='grc' dir='ltr'>ἀγάπης,</span> <span class='ocrx_word' id='word_1_457' title='bbox 679 3722 754 3784; x_wconf 86' lang='grc' dir='ltr'>ὡς</span> <span class='ocrx_word' id='word_1_458' title='bbox 785 3722 887 3794; x_wconf 84' lang='grc' dir='ltr'><strong>ὡά,</strong></span> <span class='ocrx_word' id='word_1_459' title='bbox 948 3723 1019 3785; x_wconf 79' lang='grc' dir='ltr'>εἰς</span> <span class='ocrx_word' id='word_1_460' title='bbox 1080 3723 1419 3801; x_wconf 69' lang='grc' dir='ltr'>περιποίησιν</span> <span class='ocrx_word' id='word_1_461' title='bbox 1450 3721 1696 3790; x_wconf 79' lang='grc' dir='ltr'>νοσσίων,</span> <span class='ocrx_word' id='word_1_462' title='bbox 1752 3720 1788 3789; x_wconf 76' lang='grc' dir='ltr'><strong>ἢ</strong></span> <span class='ocrx_word' id='word_1_463' title='bbox 1812 3723 1889 3778; x_wconf 82' lang='grc' dir='ltr'>ὡσ</span> <span class='ocrx_word' id='word_1_464' title='bbox 1920 3744 2046 3778; x_wconf 80' lang='grc' dir='ltr'>νοσ-</span> 
     </span>
    </p>
   </div>
   <div class='ocr_carea' id='block_1_67' title="bbox 397 3806 2048 3888">
    <p class='ocr_par' dir='ltr' id='par_1_67' title="bbox 397 3806 2048 3888">
     <span class='ocr_line' id='line_1_68' title="bbox 397 3806 2048 3888; baseline 0.002 -26"><span class='ocrx_word' id='word_1_465' title='bbox 397 3809 509 3881; x_wconf 82' lang='grc' dir='ltr'>σία,</span> <span class='ocrx_word' id='word_1_466' title='bbox 564 3806 985 3888; x_wconf 79' lang='grc' dir='ltr'>ἀγκαλιζόμενος</span> <span class='ocrx_word' id='word_1_467' title='bbox 1045 3812 1117 3872; x_wconf 86' lang='grc' dir='ltr'>εἰς</span> <span class='ocrx_word' id='word_1_468' title='bbox 1163 3811 1499 3882; x_wconf 81' lang='grc' dir='ltr'>περιποίησιν</span> <span class='ocrx_word' id='word_1_469' title='bbox 1562 3810 1799 3887; x_wconf 60' lang='grc' dir='ltr'>ὀρνίθων</span> <span class='ocrx_word' id='word_1_470' title='bbox 1848 3810 2048 3874; x_wconf 82' lang='grc' dir='ltr'>πάντας</span> 
     </span>
    </p>
   </div>
   <div class='ocr_carea' id='block_1_68' title="bbox 396 3897 2056 3979">
    <p class='ocr_par' dir='ltr' id='par_1_68' title="bbox 396 3897 2056 3979">
     <span class='ocr_line' id='line_1_69' title="bbox 396 3897 2056 3979; baseline 0.002 -26"><span class='ocrx_word' id='word_1_471' title='bbox 396 3898 677 3973; x_wconf 76' lang='grc' dir='ltr'>νουθετῶν,</span> <span class='ocrx_word' id='word_1_472' title='bbox 739 3905 869 3955; x_wconf 79' lang='grc' dir='ltr'>πᾶσι</span> <span class='ocrx_word' id='word_1_473' title='bbox 920 3913 1042 3963; x_wconf 76' lang='grc' dir='ltr'>ταῖς</span> <span class='ocrx_word' id='word_1_474' title='bbox 1108 3899 1448 3975; x_wconf 78' lang='grc' dir='ltr'>πληκτισμοῦ</span> <span class='ocrx_word' id='word_1_475' title='bbox 1510 3898 1639 3979; x_wconf 69' lang='grc'><strong>(12)</strong></span> <span class='ocrx_word' id='word_1_476' title='bbox 1696 3897 2056 3975; x_wconf 77' lang='grc' dir='ltr'>ἐπιδευμένοις</span> 
     </span>
    </p>
   </div>
   <div class='ocr_carea' id='block_1_69' title="bbox 394 3985 2055 4068">
    <p class='ocr_par' dir='ltr' id='par_1_69' title="bbox 394 3985 2055 4068">
     <span class='ocr_line' id='line_1_70' title="bbox 394 3985 2055 4068; baseline 0.002 -26"><span class='ocrx_word' id='word_1_477' title='bbox 394 3985 769 4062; x_wconf 77' lang='grc' dir='ltr'>ἐπιπλήσσων,</span> <span class='ocrx_word' id='word_1_478' title='bbox 805 3987 941 4045; x_wconf 79' lang='grc' dir='ltr'>ἀλλὰ</span> <span class='ocrx_word' id='word_1_479' title='bbox 989 3990 1065 4066; x_wconf 75' lang='grc' dir='ltr'>μὴ</span> <span class='ocrx_word' id='word_1_480' title='bbox 1097 3989 1376 4065; x_wconf 79' lang='grc' dir='ltr'>πλήσσων,</span> <span class='ocrx_word' id='word_1_481' title='bbox 1419 3990 1718 4061; x_wconf 74' lang='grc' dir='ltr'>ὕποπιέζων</span> <span class='ocrx_word' id='word_1_482' title='bbox 1748 3990 1820 4050; x_wconf 78' lang='grc' dir='ltr'>εἷς</span> <span class='ocrx_word' id='word_1_483' title='bbox 1870 3989 2055 4068; x_wconf 78' lang='grc' dir='ltr'>ἐντρο-</span> 
     </span>
    </p>
   </div>
   <div class='ocr_carea' id='block_1_70' title="bbox 395 4074 2056 4158">
    <p class='ocr_par' dir='ltr' id='par_1_70' title="bbox 395 4074 2056 4158">
     <span class='ocr_line' id='line_1_71' title="bbox 395 4074 2056 4158; baseline 0.002 -27"><span class='ocrx_word' id='word_1_484' title='bbox 395 4075 529 4156; x_wconf 80' lang='grc' dir='ltr'>πὴν,</span> <span class='ocrx_word' id='word_1_485' title='bbox 562 4074 700 4134; x_wconf 81' lang='grc' dir='ltr'><strong>ἀλλά</strong></span> <span class='ocrx_word' id='word_1_486' title='bbox 729 4075 860 4158; x_wconf 87' lang='grc'><strong>(13)</strong></span> <span class='ocrx_word' id='word_1_487' title='bbox 891 4079 968 4154; x_wconf 78' lang='grc' dir='ltr'>μὴ</span> <span class='ocrx_word' id='word_1_488' title='bbox 1028 4082 1102 4142; x_wconf 85' lang='grc' dir='ltr'>εἰς</span> <span class='ocrx_word' id='word_1_489' title='bbox 1153 4079 1484 4158; x_wconf 72' lang='grc' dir='ltr'>ἀνατροπὴν,</span> <span class='ocrx_word' id='word_1_490' title='bbox 1537 4082 1791 4135; x_wconf 83' lang='grc' dir='ltr'>νουθετῶν</span> <span class='ocrx_word' id='word_1_491' title='bbox 1823 4080 1898 4143; x_wconf 82' lang='grc' dir='ltr'>εἷς</span> <span class='ocrx_word' id='word_1_492' title='bbox 1930 4078 2056 4135; x_wconf 80' lang='grc' dir='ltr'>ἐπι-</span> 
     </span>
    </p>
   </div>
   <div class='ocr_carea' id='block_1_71' title="bbox 396 4166 2054 4247">
    <p class='ocr_par' dir='ltr' id='par_1_71' title="bbox 396 4166 2054 4247">
     <span class='ocr_line' id='line_1_72' title="bbox 396 4166 2054 4247; baseline 0.002 -26"><span class='ocrx_word' id='word_1_493' title='bbox 396 4166 657 4245; x_wconf 76' lang='grc' dir='ltr'>στροφὴν,</span> <span class='ocrx_word' id='word_1_494' title='bbox 694 4166 955 4243; x_wconf 76' lang='grc' dir='ltr'>ἐπιτιμῶν</span> <span class='ocrx_word' id='word_1_495' title='bbox 1006 4170 1079 4233; x_wconf 81' lang='grc' dir='ltr'>εἰς</span> <span class='ocrx_word' id='word_1_496' title='bbox 1137 4166 1432 4247; x_wconf 72' lang='grc' dir='ltr'>διόρθωσιν,</span> <span class='ocrx_word' id='word_1_497' title='bbox 1477 4169 1565 4225; x_wconf 81' lang='grc' dir='ltr'><strong>καὶ</strong></span> <span class='ocrx_word' id='word_1_498' title='bbox 1618 4168 1875 4235; x_wconf 69' lang='grc' dir='ltr'>εὐθύτητα</span> <span class='ocrx_word' id='word_1_499' title='bbox 1947 4191 2054 4225; x_wconf 84' lang='grc' dir='ltr'>πο-</span> 
     </span>
    </p>
   </div>
   <div class='ocr_carea' id='block_1_72' title="bbox 391 4254 2062 4338">
    <p class='ocr_par' dir='ltr' id='par_1_72' title="bbox 391 4254 2062 4338">
     <span class='ocr_line' id='line_1_73' title="bbox 391 4254 2062 4338; baseline 0.003 -29"><span class='ocrx_word' id='word_1_500' title='bbox 391 4254 556 4332; x_wconf 85' lang='grc' dir='ltr'>ρείας·</span> <span class='ocrx_word' id='word_1_501' title='bbox 612 4257 672 4312; x_wconf 84' lang='grc' dir='ltr'>τὸ</span> <span class='ocrx_word' id='word_1_502' title='bbox 730 4257 947 4337; x_wconf 79' lang='grc' dir='ltr'>ἰσχυρὸν</span> <span class='ocrx_word' id='word_1_503' title='bbox 1006 4256 1311 4338; x_wconf 82' lang='grc' dir='ltr'>φυλάσσων,</span> <span class='ocrx_word' id='word_1_504' title='bbox 1345 4258 1607 4336; x_wconf 79' lang='grc' dir='ltr'>τουτέστι,</span> <span class='ocrx_word' id='word_1_505' title='bbox 1644 4259 1706 4314; x_wconf 82' lang='grc' dir='ltr'><strong>τὸ</strong></span> <span class='ocrx_word' id='word_1_506' title='bbox 1738 4256 1950 4336; x_wconf 76' lang='grc' dir='ltr'>ἑδραῖον</span> <span class='ocrx_word' id='word_1_507' title='bbox 1995 4265 2062 4335; x_wconf 80' lang='grc' dir='ltr'>τῇ</span> 
     </span>
    </p>
   </div>
   <div class='ocr_carea' id='block_1_73' title="bbox 393 4344 2058 4426">
    <p class='ocr_par' dir='ltr' id='par_1_73' title="bbox 393 4344 2058 4426">
     <span class='ocr_line' id='line_1_74' title="bbox 393 4344 2058 4426; baseline 0 -25"><span class='ocrx_word' id='word_1_508' title='bbox 393 4344 566 4402; x_wconf 78' lang='grc' dir='ltr'>πίστει</span> <span class='ocrx_word' id='word_1_509' title='bbox 596 4345 831 4426; x_wconf 77' lang='grc' dir='ltr'>ἀσφαλὲς</span> <span class='ocrx_word' id='word_1_510' title='bbox 862 4352 1067 4426; x_wconf 75' lang='grc' dir='ltr'>τηρῶνο</span> <span class='ocrx_word' id='word_1_511' title='bbox 1102 4347 1192 4403; x_wconf 85' lang='grc' dir='ltr'>τὸν</span> <span class='ocrx_word' id='word_1_512' title='bbox 1248 4346 1379 4404; x_wconf 80' lang='grc' dir='ltr'>λαὸτ</span> <span class='ocrx_word' id='word_1_513' title='bbox 1411 4349 1694 4426; x_wconf 79' lang='grc' dir='ltr'>εἰρηνικῶς</span> <span class='ocrx_word' id='word_1_514' title='bbox 1753 4349 2058 4421; x_wconf 87' lang='grc' dir='ltr'>ποιμαίνων</span> 
     </span>
    </p>
   </div>
   <div class='ocr_carea' id='block_1_74' title="bbox 392 4433 2056 4517">
    <p class='ocr_par' dir='ltr' id='par_1_74' title="bbox 392 4433 2056 4517">
     <span class='ocr_line' id='line_1_75' title="bbox 392 4433 2056 4517; baseline 0.002 -27"><span class='ocrx_word' id='word_1_515' title='bbox 392 4435 456 4491; x_wconf 81' lang='grc' dir='ltr'>τὸ</span> <span class='ocrx_word' id='word_1_516' title='bbox 504 4433 898 4516; x_wconf 72' lang='grc' dir='ltr'>ἓνοχλούμενον</span> <span class='ocrx_word' id='word_1_517' title='bbox 956 4436 1239 4517; x_wconf 71' lang='grc' dir='ltr'>ἐνισχύων,</span> <span class='ocrx_word' id='word_1_518' title='bbox 1276 4436 1541 4507; x_wconf 83' lang='grc' dir='ltr'>τουτέστι,</span> <span class='ocrx_word' id='word_1_519' title='bbox 1576 4438 1638 4493; x_wconf 78' lang='grc' dir='ltr'>τὸ</span> <span class='ocrx_word' id='word_1_520' title='bbox 1670 4437 2056 4515; x_wconf 78' lang='grc' dir='ltr'>πειραζόμενον</span> 
     </span>
    </p>
   </div>
   <div class='ocr_carea' id='block_1_75' title="bbox 384 4523 2050 4605">
    <p class='ocr_par' dir='ltr' id='par_1_75' title="bbox 384 4523 2050 4605">
     <span class='ocr_line' id='line_1_76' title="bbox 384 4523 2050 4605; baseline 0.003 -27"><span class='ocrx_word' id='word_1_521' title='bbox 384 4523 440 4579; x_wconf 79' lang='grc' dir='ltr'>ἐν</span> <span class='ocrx_word' id='word_1_522' title='bbox 463 4530 530 4602; x_wconf 74' lang='grc' dir='ltr'>τῇ</span> <span class='ocrx_word' id='word_1_523' title='bbox 602 4526 842 4598; x_wconf 77' lang='grc' dir='ltr'>τουθεσίᾳ</span> <span class='ocrx_word' id='word_1_524' title='bbox 895 4524 1275 4604; x_wconf 76' lang='grc' dir='ltr'>στερροποιῶν·</span> <span class='ocrx_word' id='word_1_525' title='bbox 1338 4528 1399 4582; x_wconf 82' lang='grc' dir='ltr'><strong>τὸ</strong></span> <span class='ocrx_word' id='word_1_526' title='bbox 1459 4524 1760 4604; x_wconf 78' lang='grc' dir='ltr'>ἀῤῥωστοῦν</span> <span class='ocrx_word' id='word_1_527' title='bbox 1795 4527 2050 4605; x_wconf 79' lang='grc' dir='ltr'>ἰώμενος,</span> 
     </span>
    </p>
   </div>
   <div class='ocr_carea' id='block_1_76' title="bbox 383 4613 2053 4695">
    <p class='ocr_par' dir='ltr' id='par_1_76' title="bbox 383 4613 2053 4695">
     <span class='ocr_line' id='line_1_77' title="bbox 383 4613 2053 4695; baseline 0.001 -26"><span class='ocrx_word' id='word_1_528' title='bbox 383 4613 654 4695; x_wconf 81' lang='grc' dir='ltr'>τουτέστι,</span> <span class='ocrx_word' id='word_1_529' title='bbox 700 4617 761 4671; x_wconf 83' lang='grc' dir='ltr'>τὸ</span> <span class='ocrx_word' id='word_1_530' title='bbox 812 4615 998 4672; x_wconf 74' lang='grc' dir='ltr'>νοσοῦν</span> <span class='ocrx_word' id='word_1_531' title='bbox 1044 4615 1105 4670; x_wconf 81' lang='grc' dir='ltr'>ἐκ</span> <span class='ocrx_word' id='word_1_532' title='bbox 1166 4620 1265 4681; x_wconf 78' lang='grc' dir='ltr'>τῆς</span> <span class='ocrx_word' id='word_1_533' title='bbox 1295 4615 1523 4678; x_wconf 88' lang='grc' dir='ltr'>πίστεως</span> <span class='ocrx_word' id='word_1_534' title='bbox 1557 4616 1612 4671; x_wconf 80' lang='grc' dir='ltr'>ἐν</span> <span class='ocrx_word' id='word_1_535' title='bbox 1645 4616 1909 4695; x_wconf 72' lang='grc' dir='ltr'>διχονοίᾳ,</span> <span class='ocrx_word' id='word_1_536' title='bbox 1943 4613 2053 4671; x_wconf 81' lang='grc' dir='ltr'>διὰ·</span> 
     </span>
    </p>
   </div>
   <div class='ocr_carea' id='block_1_77' title="bbox 2141 3173 3793 3258">
    <p class='ocr_par' dir='ltr' id='par_1_77' title="bbox 2141 3173 3793 3258">
     <span class='ocr_line' id='line_1_78' title="bbox 2141 3173 3793 3258; baseline 0.001 -24"><span class='ocrx_word' id='word_1_537' title='bbox 2141 3173 2369 3253; x_wconf 86' lang='lat' dir='ltr'><strong>spernit</strong></span> <span class='ocrx_word' id='word_1_538' title='bbox 2400 3175 2886 3256; x_wconf 86' lang='lat' dir='ltr'><strong>eum,Ghristum</strong></span> <span class='ocrx_word' id='word_1_539' title='bbox 2920 3179 3150 3258; x_wconf 87' lang='lat' dir='ltr'><strong>spernit</strong></span> <span class='ocrx_word' id='word_1_540' title='bbox 3178 3202 3193 3251; x_wconf 91' lang='lat'><strong>;</strong></span> <span class='ocrx_word' id='word_1_541' title='bbox 3229 3186 3287 3240; x_wconf 90' lang='lat' dir='ltr'><strong>et</strong></span> <span class='ocrx_word' id='word_1_542' title='bbox 3311 3177 3415 3257; x_wconf 89' lang='lat' dir='ltr'><strong>qui</strong></span> <span class='ocrx_word' id='word_1_543' title='bbox 3439 3194 3557 3238; x_wconf 90' lang='lat' dir='ltr'><strong>non</strong></span> <span class='ocrx_word' id='word_1_544' title='bbox 3579 3174 3793 3254; x_wconf 88' lang='lat' dir='ltr'><strong>recipit</strong></span> 
     </span>
    </p>
   </div>
   <div class='ocr_carea' id='block_1_78' title="bbox 2142 3260 3793 3347">
    <p class='ocr_par' dir='ltr' id='par_1_78' title="bbox 2142 3260 3793 3347">
     <span class='ocr_line' id='line_1_79' title="bbox 2142 3260 3793 3347; baseline 0.001 -23"><span class='ocrx_word' id='word_1_545' title='bbox 2142 3260 2469 3339; x_wconf 86' lang='lat' dir='ltr'><strong>Christum,</strong></span> <span class='ocrx_word' id='word_1_546' title='bbox 2506 3284 2625 3327; x_wconf 88' lang='lat' dir='ltr'><strong>non</strong></span> <span class='ocrx_word' id='word_1_547' title='bbox 2658 3267 2868 3347; x_wconf 88' lang='lat' dir='ltr'><strong>recipit</strong></span> <span class='ocrx_word' id='word_1_548' title='bbox 2902 3267 3058 3331; x_wconf 90' lang='lat' dir='ltr'><strong>illius</strong></span> <span class='ocrx_word' id='word_1_549' title='bbox 3086 3269 3273 3331; x_wconf 90' lang='lat' dir='ltr'><strong>Deum</strong></span> <span class='ocrx_word' id='word_1_550' title='bbox 3305 3286 3373 3330; x_wconf 83' lang='lat' dir='ltr'><strong>ac</strong></span> <span class='ocrx_word' id='word_1_551' title='bbox 3404 3268 3664 3330; x_wconf 75' lang='lat' dir='ltr'><strong>Patrem.</strong></span> <span class='ocrx_word' id='word_1_552' title='bbox 3690 3265 3793 3327; x_wconf 85' lang='lat' dir='ltr'><strong>Ait</strong></span> 
     </span>
    </p>
   </div>
   <div class='ocr_carea' id='block_1_79' title="bbox 2139 3353 3797 3438">
    <p class='ocr_par' dir='ltr' id='par_1_79' title="bbox 2139 3353 3797 3438">
     <span class='ocr_line' id='line_1_80' title="bbox 2139 3353 3797 3438; baseline 0 -23"><span class='ocrx_word' id='word_1_553' title='bbox 2139 3353 2339 3416; x_wconf 87' lang='lat' dir='ltr'><strong>enim:</strong></span> <span class='ocrx_word' id='word_1_554' title='bbox 2374 3379 2400 3410; x_wconf 79' lang='grc' dir='ltr'><strong>α</strong></span> <span class='ocrx_word' id='word_1_555' title='bbox 2436 3353 2549 3427; x_wconf 90' lang='lat' dir='ltr'><strong>Qui</strong></span> <span class='ocrx_word' id='word_1_556' title='bbox 2578 3374 2680 3417; x_wconf 85' lang='lat' dir='ltr'><strong>vos</strong></span> <span class='ocrx_word' id='word_1_557' title='bbox 2709 3358 2899 3429; x_wconf 88' lang='lat' dir='ltr'><strong>audit,</strong></span> <span class='ocrx_word' id='word_1_558' title='bbox 2931 3377 3024 3420; x_wconf 92' lang='lat' dir='ltr'><strong>me</strong></span> <span class='ocrx_word' id='word_1_559' title='bbox 3054 3358 3219 3421; x_wconf 91' lang='lat' dir='ltr'><strong>audit</strong></span> <span class='ocrx_word' id='word_1_560' title='bbox 3246 3376 3262 3433; x_wconf 88' lang='lat'><strong>;</strong></span> <span class='ocrx_word' id='word_1_561' title='bbox 3288 3365 3344 3419; x_wconf 92' lang='lat' dir='ltr'><strong>et</strong></span> <span class='ocrx_word' id='word_1_562' title='bbox 3366 3356 3465 3438; x_wconf 90' lang='lat' dir='ltr'><strong>qui</strong></span> <span class='ocrx_word' id='word_1_563' title='bbox 3499 3374 3601 3416; x_wconf 89' lang='lat' dir='ltr'><strong>vos</strong></span> <span class='ocrx_word' id='word_1_564' title='bbox 3630 3372 3797 3436; x_wconf 87' lang='lat' dir='ltr'><strong>sper-</strong></span> 
     </span>
    </p>
   </div>
   <div class='ocr_carea' id='block_1_80' title="bbox 2140 3443 3792 3529">
    <p class='ocr_par' dir='ltr' id='par_1_80' title="bbox 2140 3443 3792 3529">
     <span class='ocr_line' id='line_1_81' title="bbox 2140 3443 3792 3529; baseline 0 -26"><span class='ocrx_word' id='word_1_565' title='bbox 2140 3443 2248 3517; x_wconf 89' lang='lat' dir='ltr'><strong>nit,</strong></span> <span class='ocrx_word' id='word_1_566' title='bbox 2285 3461 2381 3503; x_wconf 92' lang='lat' dir='ltr'><strong>me</strong></span> <span class='ocrx_word' id='word_1_567' title='bbox 2412 3445 2640 3524; x_wconf 86' lang='lat' dir='ltr'><strong>spernit</strong></span> <span class='ocrx_word' id='word_1_568' title='bbox 2667 3463 2681 3515; x_wconf 86' lang='lat'><strong>;</strong></span> <span class='ocrx_word' id='word_1_569' title='bbox 2712 3455 2771 3507; x_wconf 92' lang='lat' dir='ltr'><strong>et</strong></span> <span class='ocrx_word' id='word_1_570' title='bbox 2817 3447 2916 3527; x_wconf 91' lang='lat' dir='ltr'><strong>qui</strong></span> <span class='ocrx_word' id='word_1_571' title='bbox 2956 3465 3052 3508; x_wconf 88' lang='lat' dir='ltr'><strong>mc</strong></span> <span class='ocrx_word' id='word_1_572' title='bbox 3101 3447 3354 3529; x_wconf 88' lang='lat' dir='ltr'><strong>spernit,</strong></span> <span class='ocrx_word' id='word_1_573' title='bbox 3390 3444 3618 3526; x_wconf 89' lang='lat' dir='ltr'><strong>spernit</strong></span> <span class='ocrx_word' id='word_1_574' title='bbox 3657 3461 3792 3505; x_wconf 88' lang='lat' dir='ltr'><strong>eum</strong></span> 
     </span>
    </p>
   </div>
   <div class='ocr_carea' id='block_1_81' title="bbox 2141 3532 3798 3618">
    <p class='ocr_par' dir='ltr' id='par_1_81' title="bbox 2141 3532 3798 3618">
     <span class='ocr_line' id='line_1_82' title="bbox 2141 3532 3798 3618; baseline 0 -24"><span class='ocrx_word' id='word_1_575' title='bbox 2141 3535 2240 3615; x_wconf 91' lang='lat' dir='ltr'><strong>qui</strong></span> <span class='ocrx_word' id='word_1_576' title='bbox 2274 3551 2369 3595; x_wconf 89' lang='lat' dir='ltr'><strong>me</strong></span> <span class='ocrx_word' id='word_1_577' title='bbox 2400 3535 2570 3596; x_wconf 89' lang='lat' dir='ltr'><strong>misit</strong></span> <span class='ocrx_word' id='word_1_578' title='bbox 2598 3532 2672 3595; x_wconf 70' lang='grc' dir='ltr'><strong>ιτ.</strong></span> <span class='ocrx_word' id='word_1_579' title='bbox 2708 3562 2731 3595; x_wconf 68' lang='grc' dir='ltr'><strong>ι</strong></span> <span class='ocrx_word' id='word_1_580' title='bbox 2765 3536 3055 3599; x_wconf 87' lang='lat' dir='ltr'><strong>Similiter</strong></span> <span class='ocrx_word' id='word_1_581' title='bbox 3089 3537 3378 3618; x_wconf 87' lang='lat' dir='ltr'><strong>epicopus</strong></span> <span class='ocrx_word' id='word_1_582' title='bbox 3409 3535 3597 3597; x_wconf 87' lang='lat' dir='ltr'><strong>Iaicos</strong></span> <span class='ocrx_word' id='word_1_583' title='bbox 3628 3541 3692 3594; x_wconf 88' lang='lat' dir='ltr'><strong>ut</strong></span> <span class='ocrx_word' id='word_1_584' title='bbox 3724 3534 3798 3595; x_wconf 81' lang='lat' dir='ltr'><strong>tl-</strong></span> 
     </span>
    </p>
   </div>
   <div class='ocr_carea' id='block_1_82' title="bbox 2142 3622 3792 3705">
    <p class='ocr_par' dir='ltr' id='par_1_82' title="bbox 2142 3622 3792 3705">
     <span class='ocr_line' id='line_1_83' title="bbox 2142 3622 3792 3705; baseline 0.002 -20"><span class='ocrx_word' id='word_1_585' title='bbox 2142 3624 2251 3685; x_wconf 88' lang='lat' dir='ltr'><strong>lios</strong></span> <span class='ocrx_word' id='word_1_586' title='bbox 2274 3622 2478 3703; x_wconf 84' lang='lat' dir='ltr'><strong>diligat</strong></span> <span class='ocrx_word' id='word_1_587' title='bbox 2504 3627 2817 3699; x_wconf 83' lang='lat' dir='ltr'><strong>;natura|is</strong></span> <span class='ocrx_word' id='word_1_588' title='bbox 2843 3627 3042 3691; x_wconf 87' lang='lat' dir='ltr'><strong>studio</strong></span> <span class='ocrx_word' id='word_1_589' title='bbox 3070 3626 3376 3688; x_wconf 88' lang='lat' dir='ltr'><strong>charitatis</strong></span> <span class='ocrx_word' id='word_1_590' title='bbox 3400 3642 3792 3705; x_wconf 80' lang='lat' dir='ltr'><strong>prosequens.</strong></span> 
     </span>
    </p>
   </div>
   <div class='ocr_carea' id='block_1_83' title="bbox 2136 3714 3797 3797">
    <p class='ocr_par' dir='ltr' id='par_1_83' title="bbox 2136 3714 3797 3797">
     <span class='ocr_line' id='line_1_84' title="bbox 2136 3714 3797 3797; baseline -0.001 -22"><span class='ocrx_word' id='word_1_591' title='bbox 2136 3734 2205 3776; x_wconf 91' lang='lat' dir='ltr'><strong>ac</strong></span> <span class='ocrx_word' id='word_1_592' title='bbox 2230 3714 2462 3788; x_wconf 88' lang='lat' dir='ltr'><strong>fovens,</strong></span> <span class='ocrx_word' id='word_1_593' title='bbox 2491 3716 2661 3796; x_wconf 88' lang='lat' dir='ltr'><strong>quasi</strong></span> <span class='ocrx_word' id='word_1_594' title='bbox 2684 3735 2792 3777; x_wconf 88' lang='lat' dir='ltr'><strong>ova</strong></span> <span class='ocrx_word' id='word_1_595' title='bbox 2818 3717 2892 3779; x_wconf 89' lang='lat' dir='ltr'><strong>ad</strong></span> <span class='ocrx_word' id='word_1_596' title='bbox 2919 3717 3325 3779; x_wconf 85' lang='lat' dir='ltr'><strong>exclusionem</strong></span> <span class='ocrx_word' id='word_1_597' title='bbox 3349 3715 3668 3797; x_wconf 86' lang='lat' dir='ltr'><strong>pullorum,</strong></span> <span class='ocrx_word' id='word_1_598' title='bbox 3695 3720 3797 3775; x_wconf 89' lang='lat' dir='ltr'><strong>aut</strong></span> 
     </span>
    </p>
   </div>
   <div class='ocr_carea' id='block_1_84' title="bbox 2141 3804 3795 3887">
    <p class='ocr_par' dir='ltr' id='par_1_84' title="bbox 2141 3804 3795 3887">
     <span class='ocr_line' id='line_1_85' title="bbox 2141 3804 3795 3887; baseline -0.001 -21"><span class='ocrx_word' id='word_1_599' title='bbox 2141 3805 2314 3881; x_wconf 89' lang='lat' dir='ltr'><strong>quasi</strong></span> <span class='ocrx_word' id='word_1_600' title='bbox 2349 3804 2544 3885; x_wconf 88' lang='lat' dir='ltr'><strong>pullos</strong></span> <span class='ocrx_word' id='word_1_601' title='bbox 2579 3813 2643 3866; x_wconf 89' lang='lat' dir='ltr'><strong>ut</strong></span> <span class='ocrx_word' id='word_1_602' title='bbox 2687 3807 2746 3868; x_wconf 92' lang='lat' dir='ltr'><strong>in</strong></span> <span class='ocrx_word' id='word_1_603' title='bbox 2777 3807 3035 3887; x_wconf 84' lang='lat' dir='ltr'><strong>gallinas</strong></span> <span class='ocrx_word' id='word_1_604' title='bbox 3091 3809 3427 3869; x_wconf 88' lang='lat' dir='ltr'><strong>educentur</strong></span> <span class='ocrx_word' id='word_1_605' title='bbox 3458 3804 3593 3866; x_wconf 86' lang='lat' dir='ltr'><strong>sinu</strong></span> <span class='ocrx_word' id='word_1_606' title='bbox 3624 3822 3795 3865; x_wconf 85' lang='lat' dir='ltr'><strong>com-</strong></span> 
     </span>
    </p>
   </div>
   <div class='ocr_carea' id='block_1_85' title="bbox 2142 3896 3795 3978">
    <p class='ocr_par' dir='ltr' id='par_1_85' title="bbox 2142 3896 3795 3978">
     <span class='ocr_line' id='line_1_86' title="bbox 2142 3896 3795 3978; baseline -0.001 -23"><span class='ocrx_word' id='word_1_607' title='bbox 2142 3896 2408 3975; x_wconf 91' lang='lat' dir='ltr'><strong>plectens</strong></span> <span class='ocrx_word' id='word_1_608' title='bbox 2437 3911 2451 3956; x_wconf 92' lang='lat'><strong>:</strong></span> <span class='ocrx_word' id='word_1_609' title='bbox 2487 3905 2736 3959; x_wconf 91' lang='lat' dir='ltr'><strong>cunctos</strong></span> <span class='ocrx_word' id='word_1_610' title='bbox 2764 3896 3137 3978; x_wconf 83' lang='lat' dir='ltr'><strong>admonens;</strong></span> <span class='ocrx_word' id='word_1_611' title='bbox 3171 3914 3380 3958; x_wconf 91' lang='lat' dir='ltr'><strong>omnes</strong></span> <span class='ocrx_word' id='word_1_612' title='bbox 3410 3896 3510 3978; x_wconf 89' lang='lat' dir='ltr'><strong>qui</strong></span> <span class='ocrx_word' id='word_1_613' title='bbox 3543 3897 3795 3973; x_wconf 82' lang='lat' dir='ltr'><strong>castiga-</strong></span> 
     </span>
    </p>
   </div>
   <div class='ocr_carea' id='block_1_86' title="bbox 2142 3982 3795 4065">
    <p class='ocr_par' dir='ltr' id='par_1_86' title="bbox 2142 3982 3795 4065">
     <span class='ocr_line' id='line_1_87' title="bbox 2142 3982 3795 4065; baseline 0 -20"><span class='ocrx_word' id='word_1_614' title='bbox 2142 3986 2304 4046; x_wconf 91' lang='lat' dir='ltr'><strong>tione</strong></span> <span class='ocrx_word' id='word_1_615' title='bbox 2326 3982 2598 4065; x_wconf 88' lang='lat' dir='ltr'><strong>indigent</strong></span> <span class='ocrx_word' id='word_1_616' title='bbox 2626 3983 2985 4063; x_wconf 75' lang='lat' dir='ltr'><strong>laedens,sed</strong></span> <span class='ocrx_word' id='word_1_617' title='bbox 3012 4006 3128 4048; x_wconf 92' lang='lat' dir='ltr'><strong>non</strong></span> <span class='ocrx_word' id='word_1_618' title='bbox 3154 3986 3421 4057; x_wconf 86' lang='lat' dir='ltr'><strong>illidens;</strong></span> <span class='ocrx_word' id='word_1_619' title='bbox 3447 3986 3518 4047; x_wconf 91' lang='lat' dir='ltr'><strong>ad</strong></span> <span class='ocrx_word' id='word_1_620' title='bbox 3543 4002 3795 4045; x_wconf 89' lang='lat' dir='ltr'><strong>conver-</strong></span> 
     </span>
    </p>
   </div>
   <div class='ocr_carea' id='block_1_87' title="bbox 2141 4073 3794 4155">
    <p class='ocr_par' dir='ltr' id='par_1_87' title="bbox 2141 4073 3794 4155">
     <span class='ocr_line' id='line_1_88' title="bbox 2141 4073 3794 4155; baseline 0 -20"><span class='ocrx_word' id='word_1_621' title='bbox 2141 4073 2370 4136; x_wconf 86' lang='lat' dir='ltr'><strong>sionem</strong></span> <span class='ocrx_word' id='word_1_622' title='bbox 2409 4092 2713 4155; x_wconf 84' lang='lat' dir='ltr'><strong>premens,</strong></span> <span class='ocrx_word' id='word_1_623' title='bbox 2744 4095 2857 4137; x_wconf 93' lang='lat' dir='ltr'><strong>non</strong></span> <span class='ocrx_word' id='word_1_624' title='bbox 2888 4085 3086 4139; x_wconf 89' lang='lat' dir='ltr'><strong>autem</strong></span> <span class='ocrx_word' id='word_1_625' title='bbox 3111 4076 3183 4137; x_wconf 86' lang='lat' dir='ltr'><strong>ad</strong></span> <span class='ocrx_word' id='word_1_626' title='bbox 3208 4076 3579 4138; x_wconf 87' lang='lat' dir='ltr'><strong>eversionem</strong></span> <span class='ocrx_word' id='word_1_627' title='bbox 3611 4093 3794 4149; x_wconf 90' lang='lat' dir='ltr'><strong>;sua—</strong></span> 
     </span>
    </p>
   </div>
   <div class='ocr_carea' id='block_1_88' title="bbox 2143 4164 3792 4246">
    <p class='ocr_par' dir='ltr' id='par_1_88' title="bbox 2143 4164 3792 4246">
     <span class='ocr_line' id='line_1_89' title="bbox 2143 4164 3792 4246; baseline -0.001 -21"><span class='ocrx_word' id='word_1_628' title='bbox 2143 4164 2293 4225; x_wconf 89' lang='lat' dir='ltr'><strong>deus</strong></span> <span class='ocrx_word' id='word_1_629' title='bbox 2310 4165 2379 4225; x_wconf 88' lang='lat' dir='ltr'><strong>ad</strong></span> <span class='ocrx_word' id='word_1_630' title='bbox 2406 4182 2770 4244; x_wconf 89' lang='lat' dir='ltr'><strong>regressum;</strong></span> <span class='ocrx_word' id='word_1_631' title='bbox 2790 4168 3106 4246; x_wconf 88' lang='lat' dir='ltr'><strong>increpans</strong></span> <span class='ocrx_word' id='word_1_632' title='bbox 3125 4173 3191 4230; x_wconf 88' lang='lat' dir='ltr'><strong>ut</strong></span> <span class='ocrx_word' id='word_1_633' title='bbox 3213 4167 3470 4244; x_wconf 84' lang='lat' dir='ltr'><strong>corrigat</strong></span> <span class='ocrx_word' id='word_1_634' title='bbox 3489 4173 3547 4227; x_wconf 92' lang='lat' dir='ltr'><strong>et</strong></span> <span class='ocrx_word' id='word_1_635' title='bbox 3565 4164 3625 4225; x_wconf 92' lang='lat' dir='ltr'><strong>in</strong></span> <span class='ocrx_word' id='word_1_636' title='bbox 3640 4164 3792 4225; x_wconf 88' lang='lat' dir='ltr'><strong>viam</strong></span> 
     </span>
    </p>
   </div>
   <div class='ocr_carea' id='block_1_89' title="bbox 2145 4252 3791 4336">
    <p class='ocr_par' dir='ltr' id='par_1_89' title="bbox 2145 4252 3791 4336">
     <span class='ocr_line' id='line_1_90' title="bbox 2145 4252 3791 4336; baseline -0.001 -21"><span class='ocrx_word' id='word_1_637' title='bbox 2145 4262 2367 4317; x_wconf 87' lang='lat' dir='ltr'><strong>rectam</strong></span> <span class='ocrx_word' id='word_1_638' title='bbox 2407 4252 2706 4316; x_wconf 87' lang='lat' dir='ltr'><strong>deducat:</strong></span> <span class='ocrx_word' id='word_1_639' title='bbox 2746 4255 2902 4336; x_wconf 88' lang='lat' dir='ltr'><strong>quod</strong></span> <span class='ocrx_word' id='word_1_640' title='bbox 2960 4256 3194 4317; x_wconf 78' lang='lat' dir='ltr'><strong>firmum</strong></span> <span class='ocrx_word' id='word_1_641' title='bbox 3251 4264 3340 4317; x_wconf 90' lang='lat' dir='ltr'><strong>est</strong></span> <span class='ocrx_word' id='word_1_642' title='bbox 3390 4254 3697 4335; x_wconf 86' lang='lat' dir='ltr'><strong>retinens;</strong></span> <span class='ocrx_word' id='word_1_643' title='bbox 3732 4253 3791 4314; x_wconf 88' lang='lat' dir='ltr'><strong>id</strong></span> 
     </span>
    </p>
   </div>
   <div class='ocr_carea' id='block_1_90' title="bbox 2144 4343 3790 4426">
    <p class='ocr_par' dir='ltr' id='par_1_90' title="bbox 2144 4343 3790 4426">
     <span class='ocr_line' id='line_1_91' title="bbox 2144 4343 3790 4426; baseline 0.001 -20"><span class='ocrx_word' id='word_1_644' title='bbox 2144 4353 2256 4419; x_wconf 86' lang='lat' dir='ltr'><strong>est,</strong></span> <span class='ocrx_word' id='word_1_645' title='bbox 2290 4343 2449 4423; x_wconf 91' lang='lat' dir='ltr'><strong>quod</strong></span> <span class='ocrx_word' id='word_1_646' title='bbox 2514 4344 2629 4407; x_wconf 80' lang='lat' dir='ltr'><strong>[ide</strong></span> <span class='ocrx_word' id='word_1_647' title='bbox 2691 4344 2999 4407; x_wconf 80' lang='lat' dir='ltr'><strong>fundatum</strong></span> <span class='ocrx_word' id='word_1_648' title='bbox 3062 4356 3177 4426; x_wconf 87' lang='lat' dir='ltr'><strong>est,</strong></span> <span class='ocrx_word' id='word_1_649' title='bbox 3211 4346 3270 4406; x_wconf 90' lang='lat' dir='ltr'><strong>in</strong></span> <span class='ocrx_word' id='word_1_650' title='bbox 3328 4353 3449 4405; x_wconf 86' lang='lat' dir='ltr'><strong>tuto</strong></span> <span class='ocrx_word' id='word_1_651' title='bbox 3504 4362 3790 4407; x_wconf 84' lang='lat' dir='ltr'><strong>servans:</strong></span> 
     </span>
    </p>
   </div>
   <div class='ocr_carea' id='block_1_91' title="bbox 2145 4433 3797 4515">
    <p class='ocr_par' dir='ltr' id='par_1_91' title="bbox 2145 4433 3797 4515">
     <span class='ocr_line' id='line_1_92' title="bbox 2145 4433 3797 4515; baseline 0.001 -22"><span class='ocrx_word' id='word_1_652' title='bbox 2145 4433 2425 4515; x_wconf 91' lang='lat' dir='ltr'><strong>populum</strong></span> <span class='ocrx_word' id='word_1_653' title='bbox 2492 4434 2742 4514; x_wconf 81' lang='lat' dir='ltr'><strong>paciﬁce</strong></span> <span class='ocrx_word' id='word_1_654' title='bbox 2802 4451 3090 4515; x_wconf 89' lang='lat' dir='ltr'><strong>pascens:</strong></span> <span class='ocrx_word' id='word_1_655' title='bbox 3156 4433 3313 4515; x_wconf 85' lang='lat' dir='ltr'><strong>quod</strong></span> <span class='ocrx_word' id='word_1_656' title='bbox 3365 4452 3645 4515; x_wconf 85' lang='lat' dir='ltr'><strong>quassum</strong></span> <span class='ocrx_word' id='word_1_657' title='bbox 3708 4443 3797 4495; x_wconf 91' lang='lat' dir='ltr'><strong>est</strong></span> 
     </span>
    </p>
   </div>
   <div class='ocr_carea' id='block_1_92' title="bbox 2140 4523 3790 4603">
    <p class='ocr_par' dir='ltr' id='par_1_92' title="bbox 2140 4523 3790 4603">
     <span class='ocr_line' id='line_1_93' title="bbox 2140 4523 3790 4603; baseline -0.001 -18"><span class='ocrx_word' id='word_1_658' title='bbox 2140 4524 2472 4594; x_wconf 87' lang='lat' dir='ltr'><strong>roborans;</strong></span> <span class='ocrx_word' id='word_1_659' title='bbox 2508 4523 2620 4584; x_wconf 87' lang='lat' dir='ltr'><strong>hoc</strong></span> <span class='ocrx_word' id='word_1_660' title='bbox 2679 4532 2787 4595; x_wconf 85' lang='lat' dir='ltr'><strong>est,</strong></span> <span class='ocrx_word' id='word_1_661' title='bbox 2826 4524 2986 4603; x_wconf 90' lang='lat' dir='ltr'><strong>quod</strong></span> <span class='ocrx_word' id='word_1_662' title='bbox 3049 4524 3374 4585; x_wconf 89' lang='lat' dir='ltr'><strong>tentatione</strong></span> <span class='ocrx_word' id='word_1_663' title='bbox 3435 4525 3790 4597; x_wconf 87' lang='lat' dir='ltr'><strong>concutitur,</strong></span> 
     </span>
    </p>
   </div>
   <div class='ocr_carea' id='block_1_93' title="bbox 2137 4613 3789 4694">
    <p class='ocr_par' dir='ltr' id='par_1_93' title="bbox 2137 4613 3789 4694">
     <span class='ocr_line' id='line_1_94' title="bbox 2137 4613 3789 4694; baseline 0 -20"><span class='ocrx_word' id='word_1_664' title='bbox 2137 4613 2551 4675; x_wconf 89' lang='lat' dir='ltr'><strong>admonitione</strong></span> <span class='ocrx_word' id='word_1_665' title='bbox 2584 4614 3001 4676; x_wconf 84' lang='lat' dir='ltr'><strong>consolidans:</strong></span> <span class='ocrx_word' id='word_1_666' title='bbox 3038 4614 3196 4694; x_wconf 86' lang='lat' dir='ltr'><strong>quod</strong></span> <span class='ocrx_word' id='word_1_667' title='bbox 3244 4622 3525 4692; x_wconf 73' lang='lat' dir='ltr'><strong>aegrotum</strong></span> <span class='ocrx_word' id='word_1_668' title='bbox 3580 4623 3667 4675; x_wconf 92' lang='lat' dir='ltr'><strong>est</strong></span> <span class='ocrx_word' id='word_1_669' title='bbox 3697 4633 3789 4674; x_wconf 88' lang='lat' dir='ltr'><strong>sa-</strong></span> 
     </span>
    </p>
   </div>
   <div class='ocr_carea' id='block_1_94' title="bbox 385 4702 2073 4784">
    <p class='ocr_par' dir='ltr' id='par_1_94' title="bbox 385 4703 2049 4784">
     <span class='ocr_line' id='line_1_95' title="bbox 385 4703 2049 4784; baseline 0.001 -26"><span class='ocrx_word' id='word_1_670' title='bbox 385 4704 491 4769; x_wconf 80' lang='grc' dir='ltr'><strong>τῆς</strong></span> <span class='ocrx_word' id='word_1_671' title='bbox 562 4703 899 4768; x_wconf 72' lang='grc' dir='ltr'>διδσσκαλίας</span> <span class='ocrx_word' id='word_1_672' title='bbox 957 4705 1284 4779; x_wconf 69' lang='grc' dir='ltr'>θεραπεύω-ι’</span> <span class='ocrx_word' id='word_1_673' title='bbox 1337 4706 1398 4761; x_wconf 83' lang='grc' dir='ltr'><strong>τὺ</strong></span> <span class='ocrx_word' id='word_1_674' title='bbox 1455 4704 1898 4784; x_wconf 82' lang='grc' dir='ltr'>συντετριμμένον</span> <span class='ocrx_word' id='word_1_675' title='bbox 1945 4726 2049 4761; x_wconf 82' lang='grc' dir='ltr'><strong>κα-</strong></span> 
     </span>
    </p>
   </div>
   <div class='ocr_carea' id='block_1_95' title="bbox 2151 4702 3796 4784">
    <p class='ocr_par' dir='ltr' id='par_1_95' title="bbox 2151 4702 3796 4784">
     <span class='ocr_line' id='line_1_96' title="bbox 2151 4702 3796 4784; baseline -0.001 -19"><span class='ocrx_word' id='word_1_676' title='bbox 2151 4720 2290 4766; x_wconf 73' lang='grc' dir='ltr'><strong>]ίωε</strong></span> <span class='ocrx_word' id='word_1_677' title='bbox 2321 4720 2336 4777; x_wconf 91' lang='grc'>;</span> <span class='ocrx_word' id='word_1_678' title='bbox 2371 4703 2428 4763; x_wconf 77' lang='lat' dir='ltr'><strong>id</strong></span> <span class='ocrx_word' id='word_1_679' title='bbox 2469 4712 2579 4783; x_wconf 89' lang='lat' dir='ltr'><strong>est,</strong></span> <span class='ocrx_word' id='word_1_680' title='bbox 2611 4704 2765 4784; x_wconf 88' lang='lat' dir='ltr'><strong>quod</strong></span> <span class='ocrx_word' id='word_1_681' title='bbox 2798 4722 2869 4764; x_wconf 80' lang='lat' dir='ltr'><strong>ex</strong></span> <span class='ocrx_word' id='word_1_682' title='bbox 2912 4703 3030 4765; x_wconf 82' lang='lat' dir='ltr'><strong>ﬁde</strong></span> <span class='ocrx_word' id='word_1_683' title='bbox 3065 4703 3379 4765; x_wconf 86' lang='lat' dir='ltr'><strong>vacillante</strong></span> <span class='ocrx_word' id='word_1_684' title='bbox 3411 4702 3658 4777; x_wconf 86' lang='lat' dir='ltr'><strong>laborat,</strong></span> <span class='ocrx_word' id='word_1_685' title='bbox 3690 4720 3796 4782; x_wconf 89' lang='lat' dir='ltr'><strong>per</strong></span> 
     </span>
    </p>
   </div>
   <div class='ocr_carea' id='block_1_96' title="bbox 383 4791 2073 4874">
    <p class='ocr_par' dir='ltr' id='par_1_96' title="bbox 383 4791 2049 4873">
     <span class='ocr_line' id='line_1_97' title="bbox 383 4791 2049 4873; baseline 0.002 -25"><span class='ocrx_word' id='word_1_686' title='bbox 383 4791 692 4869; x_wconf 85' lang='grc' dir='ltr'>ταδεσμῶν,</span> <span class='ocrx_word' id='word_1_687' title='bbox 727 4795 993 4870; x_wconf 83' lang='grc' dir='ltr'>τουτέστι,</span> <span class='ocrx_word' id='word_1_688' title='bbox 1048 4796 1111 4851; x_wconf 83' lang='grc' dir='ltr'><strong>τὸ</strong></span> <span class='ocrx_word' id='word_1_689' title='bbox 1168 4793 1603 4871; x_wconf 86' lang='grc' dir='ltr'>πεπλανημένον,</span> <span class='ocrx_word' id='word_1_690' title='bbox 1638 4795 1674 4864; x_wconf 70' lang='grc' dir='ltr'><strong>ἢ</strong></span> <span class='ocrx_word' id='word_1_691' title='bbox 1704 4797 1766 4852; x_wconf 81' lang='grc' dir='ltr'>τὸ</span> <span class='ocrx_word' id='word_1_692' title='bbox 1791 4798 2049 4873; x_wconf 87' lang='grc' dir='ltr'>τεθραυσ-</span> 
     </span>
    </p>
   </div>
   <div class='ocr_carea' id='block_1_97' title="bbox 2151 4791 3792 4874">
    <p class='ocr_par' dir='ltr' id='par_1_97' title="bbox 2151 4792 3792 4874">
     <span class='ocr_line' id='line_1_98' title="bbox 2151 4792 3792 4874; baseline -0.001 -20"><span class='ocrx_word' id='word_1_693' title='bbox 2151 4792 2470 4855; x_wconf 83' lang='lat' dir='ltr'><strong>ioctrinam</strong></span> <span class='ocrx_word' id='word_1_694' title='bbox 2496 4813 2713 4856; x_wconf 83' lang='lat' dir='ltr'><strong>curans</strong></span> <span class='ocrx_word' id='word_1_695' title='bbox 2740 4815 2753 4857; x_wconf 75' lang='grc' dir='ltr'><strong>ε</strong></span> <span class='ocrx_word' id='word_1_696' title='bbox 2780 4794 2935 4874; x_wconf 84' lang='lat' dir='ltr'><strong>quod</strong></span> <span class='ocrx_word' id='word_1_697' title='bbox 2962 4793 3285 4855; x_wconf 89' lang='lat' dir='ltr'><strong>contritum</strong></span> <span class='ocrx_word' id='word_1_698' title='bbox 3311 4802 3399 4855; x_wconf 90' lang='lat' dir='ltr'><strong>est</strong></span> <span class='ocrx_word' id='word_1_699' title='bbox 3423 4793 3611 4872; x_wconf 89' lang='lat' dir='ltr'><strong>ligans</strong></span> <span class='ocrx_word' id='word_1_700' title='bbox 3640 4815 3654 4869; x_wconf 91' lang='lat'><strong>;</strong></span> <span class='ocrx_word' id='word_1_701' title='bbox 3681 4794 3792 4854; x_wconf 90' lang='lat' dir='ltr'><strong>hoc</strong></span> 
     </span>
    </p>
   </div>
   <div class='ocr_carea' id='block_1_98' title="bbox 462 4910 3409 4995">
    <p class='ocr_par' dir='ltr' id='par_1_98' title="bbox 462 4910 3409 4995">
     <span class='ocr_line' id='line_1_99' title="bbox 462 4910 3409 4995; baseline 0 -20"><span class='ocrx_word' id='word_1_702' title='bbox 462 4910 520 4956; x_wconf 79' lang='lat'><strong>“</strong></span> <span class='ocrx_word' id='word_1_703' title='bbox 547 4912 766 4979; x_wconf 87' lang='lat' dir='ltr'><strong>Ezech.</strong></span> <span class='ocrx_word' id='word_1_704' title='bbox 798 4932 998 4991; x_wconf 77' lang='lat' dir='ltr'><strong>xxxtv,</strong></span> <span class='ocrx_word' id='word_1_705' title='bbox 1034 4914 1133 4989; x_wconf 86' lang='lat'><strong>30,</strong></span> <span class='ocrx_word' id='word_1_706' title='bbox 1169 4914 1267 4980; x_wconf 77' lang='grc'><strong>31.</strong></span> <span class='ocrx_word' id='word_1_707' title='bbox 1356 4917 1420 4967; x_wconf 72' lang='grc'><strong>45</strong></span> <span class='ocrx_word' id='word_1_708' title='bbox 1453 4915 1603 4978; x_wconf 85' lang='lat' dir='ltr'><strong>Ibid.</strong></span> <span class='ocrx_word' id='word_1_709' title='bbox 1646 4916 1741 4979; x_wconf 79' lang='grc' dir='ltr'><strong>Π.</strong></span> <span class='ocrx_word' id='word_1_710' title='bbox 1830 4915 1892 4965; x_wconf 78' lang='grc'><strong>46</strong></span> <span class='ocrx_word' id='word_1_711' title='bbox 1923 4916 1962 4977; x_wconf 92' lang='grc' dir='ltr'><strong>Ι.</strong></span> <span class='ocrx_word' id='word_1_712' title='bbox 1999 4914 2163 4995; x_wconf 87' lang='lat' dir='ltr'><strong>Ignat</strong></span> <span class='ocrx_word' id='word_1_713' title='bbox 2224 4917 2509 4995; x_wconf 90' lang='lat' dir='ltr'><strong>interpol.</strong></span> <span class='ocrx_word' id='word_1_714' title='bbox 2544 4916 2617 4977; x_wconf 91' lang='lat' dir='ltr'><strong>ad</strong></span> <span class='ocrx_word' id='word_1_715' title='bbox 2643 4914 2827 4977; x_wconf 83' lang='lat' dir='ltr'><strong>Trall.</strong></span> <span class='ocrx_word' id='word_1_716' title='bbox 2861 4916 2924 4978; x_wconf 82' lang='lat'><strong>7.</strong></span> <span class='ocrx_word' id='word_1_717' title='bbox 3012 4915 3073 4963; x_wconf 70' lang='grc'><strong>47</strong></span> <span class='ocrx_word' id='word_1_718' title='bbox 3106 4916 3275 4987; x_wconf 88' lang='lat' dir='ltr'><strong>Luc.,</strong></span> <span class='ocrx_word' id='word_1_719' title='bbox 3318 4916 3409 4977; x_wconf 88' lang='lat'><strong>16.</strong></span> 
     </span>
    </p>
   </div>
   <div class='ocr_carea' id='block_1_99' title="bbox 900 5002 2421 5109">
    <p class='ocr_par' dir='ltr' id='par_1_99' title="bbox 900 5002 2421 5109">
     <span class='ocr_line' id='line_1_100' title="bbox 900 5002 2421 5109; baseline -0.002 -4"><span class='ocrx_word' id='word_1_720' title='bbox 900 5002 903 5005; x_wconf 63' lang='grc'><em>’</em></span> <span class='ocrx_word' id='word_1_721' title='bbox 1724 5042 2123 5109; x_wconf 78' lang='lat' dir='ltr'><strong>VARIORUM</strong></span> <span class='ocrx_word' id='word_1_722' title='bbox 2171 5041 2421 5107; x_wconf 70' lang='lat' dir='ltr'><strong>nom.</strong></span> 
     </span>
    </p>
   </div>
   <div class='ocr_carea' id='block_1_100' title="bbox 492 5170 2045 5255">
    <p class='ocr_par' dir='ltr' id='par_1_100' title="bbox 492 5170 2045 5255">
     <span class='ocr_line' id='line_1_101' title="bbox 492 5170 2045 5255; baseline 0 -21"><span class='ocrx_word' id='word_1_723' title='bbox 492 5170 561 5255; x_wconf 83' lang='lat'><strong>&#39;_7)</strong></span> <span class='ocrx_word' id='word_1_724' title='bbox 587 5173 784 5255; x_wconf 46' lang='lat' dir='ltr'><strong>ﬁdin</strong></span> <span class='ocrx_word' id='word_1_725' title='bbox 814 5174 891 5255; x_wconf 75' lang='grc' dir='ltr'>μή</span> <span class='ocrx_word' id='word_1_726' title='bbox 926 5172 989 5255; x_wconf 87' lang='lat' dir='ltr'><strong>in</strong></span> <span class='ocrx_word' id='word_1_727' title='bbox 1015 5172 1207 5255; x_wconf 58' lang='lat' dir='ltr'><strong>altero</strong></span> <span class='ocrx_word' id='word_1_728' title='bbox 1232 5172 1655 5255; x_wconf 90' lang='lat' dir='ltr'><strong>codicum,nec</strong></span> <span class='ocrx_word' id='word_1_729' title='bbox 1678 5173 2045 5237; x_wconf 57' lang='lat' dir='ltr'><strong>metellum.</strong></span> 
     </span>
    </p>
   </div>
   <div class='ocr_carea' id='block_1_101' title="bbox 493 5252 1179 5333">
    <p class='ocr_par' dir='ltr' id='par_1_101' title="bbox 493 5252 1179 5333">
     <span class='ocr_line' id='line_1_102' title="bbox 493 5252 1179 5333; baseline 0.001 -15"><span class='ocrx_word' id='word_1_730' title='bbox 493 5252 550 5333; x_wconf 82' lang='lat'><strong>8)</strong></span> <span class='ocrx_word' id='word_1_731' title='bbox 586 5252 724 5318; x_wconf 70' lang='lat' dir='ltr'><strong>&quot;9c.</strong></span> <span class='ocrx_word' id='word_1_732' title='bbox 761 5253 845 5333; x_wconf 70' lang='grc' dir='ltr'>Τί,</span> <span class='ocrx_word' id='word_1_733' title='bbox 881 5253 1054 5333; x_wconf 79' lang='lat' dir='ltr'><strong>quid.</strong></span> <span class='ocrx_word' id='word_1_734' title='bbox 1088 5252 1179 5319; x_wconf 82' lang='lat' dir='ltr'><strong>ID.</strong></span> 
     </span>
    </p>
   </div>
   <div class='ocr_carea' id='block_1_102' title="bbox 493 5331 2051 5414">
    <p class='ocr_par' dir='ltr' id='par_1_102' title="bbox 493 5331 2051 5414">
     <span class='ocr_line' id='line_1_103' title="bbox 493 5331 2051 5414; baseline 0 -18"><span class='ocrx_word' id='word_1_735' title='bbox 493 5331 931 5414; x_wconf 14' lang='grc' dir='ltr'><strong>9)ίΚαὶμοῦδέναίΑ</strong></span> <span class='ocrx_word' id='word_1_736' title='bbox 960 5333 1145 5413; x_wconf 86' lang='grc' dir='ltr'>λόγον.</span> <span class='ocrx_word' id='word_1_737' title='bbox 1202 5335 1339 5398; x_wconf 70' lang='grc' dir='ltr'><strong>Ηωε</strong></span> <span class='ocrx_word' id='word_1_738' title='bbox 1391 5336 1576 5398; x_wconf 88' lang='lat' dir='ltr'><strong>verba</strong></span> <span class='ocrx_word' id='word_1_739' title='bbox 1622 5344 1680 5397; x_wconf 92' lang='lat' dir='ltr'><strong>et</strong></span> <span class='ocrx_word' id='word_1_740' title='bbox 1738 5336 2051 5414; x_wconf 87' lang='lat' dir='ltr'><strong>sequentia</strong></span> 
     </span>
    </p>
   </div>
   <div class='ocr_carea' id='block_1_103' title="bbox 382 5410 2046 5481">
    <p class='ocr_par' dir='ltr' id='par_1_103' title="bbox 382 5410 2046 5481">
     <span class='ocr_line' id='line_1_104' title="bbox 382 5410 2046 5481; baseline 0.003 -10"><span class='ocrx_word' id='word_1_741' title='bbox 382 5411 456 5473; x_wconf 88' lang='lat' dir='ltr'><strong>ad</strong></span> <span class='ocrx_word' id='word_1_742' title='bbox 486 5410 636 5481; x_wconf 76' lang='grc' dir='ltr'>δίκὴν</span> <span class='ocrx_word' id='word_1_743' title='bbox 666 5411 884 5475; x_wconf 89' lang='lat' dir='ltr'><strong>desunt</strong></span> <span class='ocrx_word' id='word_1_744' title='bbox 918 5412 977 5475; x_wconf 93' lang='lat' dir='ltr'><strong>iu</strong></span> <span class='ocrx_word' id='word_1_745' title='bbox 1010 5410 1199 5476; x_wconf 76' lang='lat' dir='ltr'><strong>altero</strong></span> <span class='ocrx_word' id='word_1_746' title='bbox 1233 5417 1463 5479; x_wconf 88' lang='lat' dir='ltr'><strong>codice.</strong></span> <span class='ocrx_word' id='word_1_747' title='bbox 1498 5415 1652 5480; x_wconf 91' lang='lat' dir='ltr'><strong>Sunt</strong></span> <span class='ocrx_word' id='word_1_748' title='bbox 1682 5410 1891 5478; x_wconf 79' lang='lat' dir='ltr'><strong>revera</strong></span> <span class='ocrx_word' id='word_1_749' title='bbox 1919 5434 2011 5477; x_wconf 86' lang='lat' dir='ltr'><strong>am</strong></span> <span class='ocrx_word' id='word_1_750' title='bbox 2033 5450 2046 5462; x_wconf 91' lang='lat'><strong>-</strong></span> 
     </span>
    </p>
   </div>
   <div class='ocr_carea' id='block_1_104' title="bbox 2219 5174 3791 5257">
    <p class='ocr_par' dir='ltr' id='par_1_104' title="bbox 2219 5174 3791 5257">
     <span class='ocr_line' id='line_1_105' title="bbox 2219 5174 3791 5257; baseline 0 -22"><span class='ocrx_word' id='word_1_751' title='bbox 2219 5175 2269 5257; x_wconf 17' lang='lat'><strong>(7|</strong></span> <span class='ocrx_word' id='word_1_752' title='bbox 2287 5176 2342 5253; x_wconf 93' lang='grc' dir='ltr'><strong>Ο)</strong></span> <span class='ocrx_word' id='word_1_753' title='bbox 2378 5176 2471 5240; x_wconf 61' lang='grc' dir='ltr'><strong>ἐὶς</strong></span> <span class='ocrx_word' id='word_1_754' title='bbox 2505 5178 2707 5255; x_wconf 79' lang='grc' dir='ltr'>κύριον.</span> <span class='ocrx_word' id='word_1_755' title='bbox 2746 5174 3061 5257; x_wconf 62' lang='grc' dir='ltr'><strong>Ρῐεειηίίιὶῐ</strong></span> <span class='ocrx_word' id='word_1_756' title='bbox 3089 5176 3241 5257; x_wconf 82' lang='lat' dir='ltr'><strong>alter</strong></span> <span class='ocrx_word' id='word_1_757' title='bbox 3259 5176 3447 5238; x_wconf 80' lang='lat' dir='ltr'><strong>codex</strong></span> <span class='ocrx_word' id='word_1_758' title='bbox 3472 5181 3544 5243; x_wconf 83' lang='grc' dir='ltr'>ὡς</span> <span class='ocrx_word' id='word_1_759' title='bbox 3568 5178 3791 5257; x_wconf 84' lang='grc' dir='ltr'>πατέρα,</span> 
     </span>
    </p>
   </div>
   <div class='ocr_carea' id='block_1_105' title="bbox 2134 5254 3521 5336">
    <p class='ocr_par' dir='ltr' id='par_1_105' title="bbox 2134 5254 3521 5336">
     <span class='ocr_line' id='line_1_106' title="bbox 2134 5254 3521 5336; baseline 0.001 -21"><span class='ocrx_word' id='word_1_760' title='bbox 2134 5256 2483 5334; x_wconf 88' lang='lat' dir='ltr'><strong>omittitque</strong></span> <span class='ocrx_word' id='word_1_761' title='bbox 2516 5254 2670 5336; x_wconf 69' lang='grc' dir='ltr'>(μιοά</span> <span class='ocrx_word' id='word_1_762' title='bbox 2707 5256 2978 5336; x_wconf 82' lang='lat' dir='ltr'><strong>sequitur</strong></span> <span class='ocrx_word' id='word_1_763' title='bbox 3008 5261 3081 5321; x_wconf 82' lang='grc' dir='ltr'>ὡς</span> <span class='ocrx_word' id='word_1_764' title='bbox 3113 5254 3398 5324; x_wconf 81' lang='grc' dir='ltr'>δεσπότην.</span> <span class='ocrx_word' id='word_1_765' title='bbox 3434 5261 3521 5321; x_wconf 88' lang='lat' dir='ltr'><strong>In.</strong></span> 
     </span>
    </p>
   </div>
   <div class='ocr_carea' id='block_1_106' title="bbox 2216 5336 3512 5416">
    <p class='ocr_par' dir='ltr' id='par_1_106' title="bbox 2216 5336 3512 5416">
     <span class='ocr_line' id='line_1_107' title="bbox 2216 5336 3512 5416; baseline 0.002 -23"><span class='ocrx_word' id='word_1_766' title='bbox 2216 5339 2337 5403; x_wconf 72' lang='grc'><strong>(11)</strong></span> <span class='ocrx_word' id='word_1_767' title='bbox 2370 5338 2636 5416; x_wconf 86' lang='grc' dir='ltr'>Στέργων.</span> <span class='ocrx_word' id='word_1_768' title='bbox 2670 5337 2830 5399; x_wconf 87' lang='lat' dir='ltr'><strong>Idem</strong></span> <span class='ocrx_word' id='word_1_769' title='bbox 2871 5336 3051 5399; x_wconf 89' lang='lat' dir='ltr'><strong>habet</strong></span> <span class='ocrx_word' id='word_1_770' title='bbox 3078 5339 3390 5416; x_wconf 81' lang='grc' dir='ltr'>θερμαίνων.</span> <span class='ocrx_word' id='word_1_771' title='bbox 3428 5340 3512 5401; x_wconf 86' lang='lat' dir='ltr'><strong>ID.</strong></span> 
     </span>
    </p>
   </div>
   <div class='ocr_carea' id='block_1_107' title="bbox 2218 5416 3788 5497">
    <p class='ocr_par' dir='ltr' id='par_1_107' title="bbox 2218 5416 3788 5497">
     <span class='ocr_line' id='line_1_108' title="bbox 2218 5416 3788 5497; baseline 0.001 -22"><span class='ocrx_word' id='word_1_772' title='bbox 2218 5416 2345 5497; x_wconf 72' lang='grc'><strong>(12)</strong></span> <span class='ocrx_word' id='word_1_773' title='bbox 2383 5419 2755 5494; x_wconf 73' lang='grc' dir='ltr'>Ηληκτισμοῦ.</span> <span class='ocrx_word' id='word_1_774' title='bbox 2788 5418 2963 5480; x_wconf 86' lang='lat' dir='ltr'><strong>Alter</strong></span> <span class='ocrx_word' id='word_1_775' title='bbox 3021 5416 3440 5493; x_wconf 80' lang='grc' dir='ltr'>διατληκτισμοῦ</span> <span class='ocrx_word' id='word_1_776' title='bbox 3495 5419 3788 5496; x_wconf 84' lang='grc' dir='ltr'>δεομένοις.</span> 
     </span>
    </p>
   </div>
   <div class='ocr_carea' id='block_1_108' title="bbox 379 5490 2212 5575">
    <p class='ocr_par' dir='ltr' id='par_1_108' title="bbox 379 5490 2212 5575">
     <span class='ocr_line' id='line_1_109' title="bbox 379 5490 2212 5575; baseline 0.004 -22"><span class='ocrx_word' id='word_1_777' title='bbox 379 5490 661 5575; x_wconf 77' lang='lat' dir='ltr'><strong>pliticatio</strong></span> <span class='ocrx_word' id='word_1_778' title='bbox 706 5510 940 5569; x_wconf 80' lang='lat' dir='ltr'><strong>eorum,</strong></span> <span class='ocrx_word' id='word_1_779' title='bbox 975 5513 1110 5575; x_wconf 85' lang='lat' dir='ltr'><strong>quae</strong></span> <span class='ocrx_word' id='word_1_780' title='bbox 1136 5498 1410 5574; x_wconf 85' lang='lat' dir='ltr'><strong>proxime</strong></span> <span class='ocrx_word' id='word_1_781' title='bbox 1438 5506 1912 5569; x_wconf 85' lang='lat' dir='ltr'><strong>antecesserunt;</strong></span> <span class='ocrx_word' id='word_1_782' title='bbox 1938 5497 2040 5558; x_wconf 90' lang='lat' dir='ltr'><strong>sed</strong></span> <span class='ocrx_word' id='word_1_783' title='bbox 2128 5494 2212 5560; x_wconf 84' lang='lat' dir='ltr'><strong>In.</strong></span> 
     </span>
    </p>
   </div>
   <div class='ocr_carea' id='block_1_109' title="bbox 380 5571 2034 5711">
    <p class='ocr_par' dir='ltr' id='par_1_109' title="bbox 380 5571 2034 5711">
     <span class='ocr_line' id='line_1_110' title="bbox 380 5571 2034 5711; baseline 0.004 -82"><span class='ocrx_word' id='word_1_784' title='bbox 380 5571 529 5711; x_wconf 74' lang='lat' dir='ltr'><strong>pihil</strong></span> <span class='ocrx_word' id='word_1_785' title='bbox 566 5586 719 5636; x_wconf 81' lang='lat' dir='ltr'><strong>vetat</strong></span> <span class='ocrx_word' id='word_1_786' title='bbox 766 5576 893 5636; x_wconf 61' lang='lat' dir='ltr'><strong>hinc</strong></span> <span class='ocrx_word' id='word_1_787' title='bbox 945 5571 1189 5659; x_wconf 79' lang='lat' dir='ltr'><strong>quoque</strong></span> <span class='ocrx_word' id='word_1_788' title='bbox 1239 5596 1370 5640; x_wconf 85' lang='lat' dir='ltr'><strong>esse</strong></span> <span class='ocrx_word' id='word_1_789' title='bbox 1401 5577 1789 5658; x_wconf 77' lang='lat' dir='ltr'><strong>aScriptoris</strong></span> <span class='ocrx_word' id='word_1_790' title='bbox 1839 5595 2034 5639; x_wconf 85' lang='lat' dir='ltr'><strong>manu.</strong></span> 
     </span>
     <span class='ocr_line' id='line_1_111' title="bbox 411 5667 471 5711; baseline -0.017 0"><span class='ocrx_word' id='word_1_791' title='bbox 411 5667 471 5711; x_wconf 83' lang='grc' dir='ltr'>ι).</span> 
     </span>
    </p>
   </div>
   <div class='ocr_carea' id='block_1_110' title="bbox 411 5667 471 5713">
    <p class='ocr_par' dir='ltr' id='par_1_110' title="bbox 411 5667 471 5713">
     <span class='ocr_line' id='line_1_112' title="bbox 411 5667 471 5713; baseline -0.05 0"><span class='ocrx_word' id='word_1_792' title='bbox 411 5667 471 5713; x_wconf 90' lang='lat' dir='ltr'><strong>D.</strong></span> 
     </span>
    </p>
   </div>
   <div class='ocr_carea' id='block_1_111' title="bbox 2204 5578 3791 5661">
    <p class='ocr_par' dir='ltr' id='par_1_111' title="bbox 2204 5578 3791 5661">
     <span class='ocr_line' id='line_1_113' title="bbox 2204 5578 3791 5661; baseline 0.006 -26"><span class='ocrx_word' id='word_1_793' title='bbox 2204 5578 2331 5661; x_wconf 67' lang='lat' dir='ltr'><strong>(l3)</strong></span> <span class='ocrx_word' id='word_1_794' title='bbox 2384 5578 2573 5661; x_wconf 65' lang='grc' dir='ltr'>Ἀλλά.</span> <span class='ocrx_word' id='word_1_795' title='bbox 2613 5578 2778 5640; x_wconf 81' lang='lat' dir='ltr'><strong>Hanc</strong></span> <span class='ocrx_word' id='word_1_796' title='bbox 2828 5596 3032 5661; x_wconf 87' lang='lat' dir='ltr'><strong>vocem</strong></span> <span class='ocrx_word' id='word_1_797' title='bbox 3068 5586 3127 5640; x_wconf 90' lang='lat' dir='ltr'><strong>et</strong></span> <span class='ocrx_word' id='word_1_798' title='bbox 3168 5587 3287 5639; x_wconf 91' lang='lat' dir='ltr'><strong>tres</strong></span> <span class='ocrx_word' id='word_1_799' title='bbox 3321 5586 3639 5661; x_wconf 83' lang='lat' dir='ltr'><strong>sequentes</strong></span> <span class='ocrx_word' id='word_1_800' title='bbox 3671 5598 3791 5645; x_wconf 86' lang='lat' dir='ltr'><strong>nou</strong></span> 
     </span>
    </p>
   </div>
   <div class='ocr_carea' id='block_1_112' title="bbox 2128 5658 2993 5736">
    <p class='ocr_par' dir='ltr' id='par_1_112' title="bbox 2128 5658 2993 5736">
     <span class='ocr_line' id='line_1_114' title="bbox 2128 5658 2993 5736; baseline 0.002 -18"><span class='ocrx_word' id='word_1_801' title='bbox 2128 5658 2384 5736; x_wconf 73' lang='lat' dir='ltr'><strong>legimus</strong></span> <span class='ocrx_word' id='word_1_802' title='bbox 2418 5660 2483 5721; x_wconf 86' lang='lat' dir='ltr'><strong>in</strong></span> <span class='ocrx_word' id='word_1_803' title='bbox 2510 5660 2697 5721; x_wconf 65' lang='lat' dir='ltr'><strong>altera</strong></span> <span class='ocrx_word' id='word_1_804' title='bbox 2731 5660 2867 5723; x_wconf 85' lang='lat' dir='ltr'><strong>cod.</strong></span> <span class='ocrx_word' id='word_1_805' title='bbox 2905 5664 2993 5723; x_wconf 83' lang='lat' dir='ltr'><strong>lu.</strong></span> 
     </span>
    </p>
   </div>
  </div>
