4124 6408
327 295 443 359 635

1160 297 1219 358 S.
1268 294 1705 360 CLEMENTIS
1750 293 1771 357 Ι
1819 298 2001 360 ROM.
2049 298 2275 360 I'ONT.
2321 298 2570 362 OPERA
2614 296 2867 362 DUBlA.

3589 299 3709 364 636

328 437 438 504 est,
474 430 631 508 quod
656 447 861 507 vagum
894 440 1007 505 est,
1041 431 1125 493 vel
1158 429 1456 511 collisum,
1484 432 1572 493 vel
1608 432 1687 493 ita
1718 432 1980 511 peccatis

2064 432 2313 516 μένον,ἢ
2348 438 2409 492 τὸ
2461 437 2821 515 κατεαγμένον
2884 437 2937 493 ἐν
2999 437 3277 515 ἁμαρτίαις
3345 440 3417 499 εἱς
3476 436 3715 517 χωλείαν

328 518 694 581 confractum
726 518 871 580 utin
904 520 996 581 via
1017 519 1334 591 claudicet,
1364 540 1470 600 per
1498 520 1977 587 exhortationem

329 609 782 671 consolatoriam
812 609 1097 672 vinciens.
1122 608 1523 685 Peccatorem,
1551 610 1978 693 episcope,de~

331 699 482 760 lictis
504 697 931 770 deonerans,et
951 700 1177 780 Optima
1198 718 1305 781 spe
1331 700 1594 781 replens,
1612 702 1734 780 jam
1759 703 1977 765 robus-

328 796 450 849 tum
485 787 542 847 in
570 786 897 849 Ecclesiam
943 788 1218 868 restitue,
1253 798 1434 867 atque
1481 790 1667 851 reduc
1697 792 1770 853 ad
1801 792 1971 855 ovile.

326 876 496 950 Quod
522 877 833 957 expulsum
867 878 973 939 fuit
1004 892 1215 941 revoca
1241 900 1257 959 ;
1284 880 1398 941 hoc
1430 887 1540 953 est,
1566 881 1722 961 quod
1756 882 1815 943 in
1846 902 1971 962 pm-

325 984 458 1027 nam
493 977 873 1047 peccatorum
901 987 1143 1030 suorum
1171 970 1429 1048 ejectum
1457 969 1669 1044 fuit,ne
1693 971 1855 1033 sinas
1886 974 1973 1034 fo-

326 1059 407 1121 ris
431 1061 916 1139 permanere;sed
942 1070 1312 1143 assumptum
1336 1065 1974 1139 etconversum,redde

324 1148 623 1227 gregi,seu
646 1150 1041 1211 immaculatze
1063 1150 1343 1213 Ecclesiae
1372 1154 1624 1231 populo:
1652 1155 1805 1235 quod
1833 1174 1970 1217 vero

327 1238 584 1317 perierat
608 1240 867 1320 require;
892 1239 948 1301 id
972 1240 1250 1322 est,quod
1278 1241 1660 1306 multitudine
1690 1254 1970 1322 peccato-

324 1345 457 1389 rum
489 1346 730 1390 suorum
755 1347 921 1410 spem
945 1330 1150 1391 salutis
1166 1330 1468 1406 amiserat,
1492 1331 1758 1394 funditus
1779 1334 1970 1396 inter-

326 1417 417 1479 ire
440 1436 513 1478 ne
536 1419 881 1498 permiseris
910 1442 921 1477 τ
951 1420 1109 1497 quod
1137 1439 1206 1481 ex
1231 1419 1415 1481 animi
1446 1428 1687 1499 torpore
1707 1442 1776 1485 ac
1807 1429 1975 1505 supi-

328 1506 513 1569 nitate
545 1509 600 1568 in
629 1528 903 1589 soporem
938 1509 1098 1571 venit
1127 1518 1185 1571 et
1220 1510 1369 1571 adeo
1402 1529 1635 1591 gravem
1668 1532 1970 1589 somnum,

2063 524 2203 600 6606,
2268 525 2550 584 ἐπιδέννων
2610 526 2727 607 (14)
2802 526 2905 586 ’διὰ
2958 527 3364 606 παρακλητικῆς
3416 530 3708 599 νουθεσίας,

2062 614 2365 696 ἐλαφρύνων
2426 618 2527 674 ὑπὸ
2582 619 3068 695 παραπτωμάπων,
3104 620 3190 673 καὶ
3249 616 3461 673 εὔελπιν
3517 624 3709 695 ποιῶν,

2062 704 2218 779 οῧτω,
2255 705 2529 782 ῥωμαλέον
2577 706 2630 762 ἐν
2661 713 2728 782 τῇ
2777 706 3071 780 Ἐκκλησία
3127 708 3477 786 ἀποκαθίστα,
3546 707 3713 763 ἐπα»-

2062 796 2206 872 ἀγων
2236 795 2290 851 ἐν
2452 797 2673 872 πυίμνῃ.
2739 799 2807 855 Τὸ
2858 795 3166 869 ἐξωσμένων
3224 798 3524 876 ἐπίστρεφε,
3588 819 3713 852 του-

2060 885 2225 957 τέστι,
2261 887 2321 940 τὸ
2370 884 2420 940 ἐι
2472 886 2751 963 ἁμαρτίαις
2803 888 3086 963 γενόμενον
3141 887 3230 942 καὶ
3274 887 3346 949 εἷς
3404 886 3712 960 ἐπιτίμησιν

2060 972 2448 1050 ἐκϐεϐλημένον
2492 977 2569 1049 μὴ
2626 975 2725 1031 ἐῶν
2777 975 2874 1040 ἔξω
2925 973 3214 1051 διαμένειν,
3250 974 3383 1031 ἀλλὰ
3430 975 3707 1053 προσλαμι

2059 1062 2347 1140 ϐανύμενος
2406 1066 2493 1121 καὶ
2554 1065 2878 1145 ἐπιστρέφων
2914 1066 3237 1122 ἀποκαθίστα
3272 1066 3325 1121 ἐν
3370 1072 3437 1141 τῇ
3480 1067 3706 1140 ποίμνη,

2054 1154 2343 1227 τουτέστιν,
2372 1156 2427 1209 ἓν
2468 1159 2543 1227 τῷ
2606 1154 2720 1229 λαῷ
2773 1159 2871 1217 ττῖς
2932 1153 3157 1229 ἀμώμου
3209 1154 3521 1221 ἐκκλησίας·
3569 1156 3627 1209 τὸ
3656 1154 3708 1209 δὲ

2054 1242 2335 1305 ἀπολωλὸς
2376 1244 2609 1317 έκζήτει,
2671 1245 2934 1313 τουτέστι,
2980 1247 3040 1301 τὸ
3088 1246 3189 1301 ὑπὸ
3238 1244 3471 1314 πλήθους
3527 1268 3701 1319 παρα-

2056 1332 2357 1408 πτωμάτων
2408 1336 2597 1393 ἑαυτοῦ
2639 1334 2774 1412 (15)
2832 1333 3131 1390 ἀπελπίσαν
3174 1340 3270 1400 τῆς
3302 1335 3590 1412 σωτηρίας,
3623 1337 3700 1408 μη

2054 1423 2219 1499 ἐἁτῃς
2251 1422 2444 1487 τέλέως
2478 1422 2791 1480 ἀπολέσθαι·
2849 1426 2908 1480 τὸ
2959 1425 3058 1479 ὑπὸ
3110 1422 3315 1489 πολλῆς
3352 1421 3551 1498 ψύξεως
3599 1430 3702 1498 ψυ-
3798 1450 3805 1459 ·

2055 1513 2223 1593 χικῆς
2251 1512 2382 1591 (16)
2424 1515 2510 1569 καὶ
2548 1514 2815 1594 νωχελίας
2847 1516 3107 1571 κάθυπνον
3143 1514 3454 1594 γενόμενον,
3496 1516 3578 1570 καὶ
3622 1513 3704 1569 δια

329 1607 395 1659 ut
415 1615 579 1660 suam
608 1599 783 1659 vitam
812 1619 927 1661 non
952 1600 1306 1663 recordetur
1334 1621 1350 1677 ;
1378 1601 1656 1681 quodque
1678 1602 1853 1683 longe
1877 1622 1972 1665 re-

2063 1602 2239 1680 Βαρέος
2291 1602 2453 1660 ὕπνου
2516 1604 2612 1670 τῆς
2691 1604 2876 1663 ἑαυτοῦ
2936 1604 3075 1674 ζωῆς
3153 1602 3560 1681 ὶπιλαθόμενον,
3623 1605 3709 1660 καὶ

328 1688 508 1751 cessit
534 1708 564 1749 a
605 1690 845 1769 proprio
872 1708 1071 1769 grege,
1096 1689 1175 1751 ita
1206 1700 1267 1752 nt
1295 1690 1577 1753 inciderit
1604 1691 1664 1753 in
1695 1692 1869 1773 lupos
1898 1693 1968 1755 ad

324 1795 519 1841 escam
550 1800 564 1859 ;
591 1778 650 1842 id
685 1788 743 1840 tu
778 1781 1127 1860 pervestiga,
1157 1791 1213 1842 et
1238 1782 1537 1843 monendo
1570 1791 1873 1857 converte,
1904 1801 1971 1846 ac

328 1869 610 1948 utv1gilet
639 1870 898 1944 hortare,
924 1879 980 1931 et
1004 1888 1170 1949 spem
1196 1869 1396 1933 insere
1420 1894 1435 1943 ;
1463 1890 1657 1953 neque
1680 1872 1809 1953 ipse
1833 1891 1975 1936 con-

327 1957 502 2019 cedas
524 1966 587 2018 ut
613 1958 767 2020 dicat
790 1960 945 2041 quod
969 1978 1003 2020 a
1023 1959 1381 2041 quibusdam
1408 1961 1637 2025 dictum
1656 1972 1767 2025 est:
1801 1986 1823 2022 ι
1848 1963 1970 2026 Im-

325 2048 573 2129 pietates
608 2057 825 2112 nostrai
846 2068 1031 2131 super
1053 2069 1185 2131 nos,
1220 2059 1277 2111 et
1310 2070 1415 2113 nos
1447 2050 1507 2113 in
1542 2052 1685 2133 ipsis
1719 2052 1977 2116 tabesci-

322 2146 545 2212 mus,et
569 2157 686 2219 quo
719 2138 896 2201 modo
928 2139 1192 2200 vivemus
1220 2138 1273 2182 ‘8
1294 2140 1325 2200 ?
1355 2166 1376 2197 ι
1409 2139 1824 2224 Episcopus,si
1854 2144 1981 2205 ﬁeri

323 2230 527 2307 possit,
564 2227 846 2290 delictum
884 2230 1128 2291 alterius
1155 2231 1319 2310 quasi
1357 2231 1665 2311 pr0prium
1698 2233 1979 2295 conside-

324 2324 439 2397 ret,
469 2326 526 2378 et
560 2319 859 2396 peccatori
892 2318 1049 2380 dicat
1080 2338 1091 2382 :
1129 2322 1213 2382 Te
1248 2322 1424 2382 modo
1458 2321 1551 2383 fac
1576 2331 1974 2403 convertas,et

321 2424 431 2486 ego
446 2416 699 2469 mortem
718 2407 821 2469 tibi
838 2408 1098 2471 debitam
1118 2411 1970 2492 suscipiam,qnemadmodum

315 2496 604 2561 Dominus
632 2514 735 2576 pro
762 2516 857 2560 me
879 2507 934 2559 et
961 2517 1065 2579 pro
1090 2500 1371 2561 omnibus
1399 2509 1666 2562 mortuus
1686 2510 1792 2562 est.
1822 2500 1966 2563 Nam

321 2610 343 2643 ι
384 2586 581 2648 bonus
613 2594 812 2666 pastor
856 2587 1118 2649 animam
1161 2608 1327 2651 suam
1383 2590 1551 2670 ponit
1599 2608 1705 2670 pro
1758 2592 1968 2654 ovibus

2056 1693 2260 1769 μακρὰν
2306 1692 2679 1760 ἀποστατῆσαν
2724 1700 2822 1761 τῆς
2877 1693 3006 1757 ἰδίας
3064 1694 3321 1766 ποίμνης,
3382 1694 3455 1756 ὡς
3500 1695 3587 1749 καὶ
3620 1692 3708 1748 λύ-

2054 1805 2169 1844 κοις
2228 1796 2535 1855 περιπεσεῖν
2594 1785 2663 1849 εἰς
2740 1784 2899 1862 βορὰν
2974 1782 3125 1863 (17),
3162 1783 3222 1837 σὺ
3280 1782 3561 1855 ἀναζήτει,
3622 1786 3709 1838 καὶ

2056 1877 2308 1931 νουθετῶν
2364 1874 2664 1954 ὶπίστρειρε,
2724 1876 2811 1929 καὶ
2870 1876 3052 1952 νήφειν
3110 1872 3407 1951 παρακάλε,
3474 1874 3560 1929 καὶ
3611 1872 3700 1927 ἐλσ

2062 1960 2183 2018 πίθα
2230 1962 2540 2041 ύπόσπειρε,
2604 1963 2682 2037 μὴ
2741 1970 3037 2043 συγχωρῶν
3099 1966 3241 2028 αὺτῴ
3300 1960 3473 2039 λέγειν
3517 1963 3577 2018 τὸ
3609 1962 3711 2017 ὑπό

2061 2075 2215 2109 τινων
2249 2053 2371 2124 (18)
2420 2052 2720 2129 εἰρημένον,
2781 2052 2860 2109 ὅτι
2914 2074 2936 2108 ι
2983 2054 3058 2111 Τὰ
3088 2049 3401 2125 ἀσεϐήματα
3444 2054 3597 2125 ἡμῶν
3630 2051 3713 2131 ἐφ’

2061 2145 2220 2221 ἡμῖν,
2252 2144 2337 2199 καὶ
2386 2144 2549 2215 ἡμεῖς
2583 2142 2637 2197 ἐν
2671 2146 2851 2205 αὖτοϊς
2903 2142 3197 2220 τηκόμεθα,
3252 2142 3335 2197 καὶ
3386 2148 3503 2205 πῶς
3536 2142 3707 2212 ζησό-

2062 2236 2219 2313 μεθα,
2254 2256 2280 2287 ›)
2346 2234 2402 2289 Εἰ
2460 2232 2579 2288 οἶόν
2636 2254 2692 2287 τε
2746 2233 2855 2312 οὖν,
2888 2228 3239 2288 ἱδιοποιείσθω
3268 2232 3295 2285 6
3333 2229 3618 2293 ἐπίσκοπος
3652 2232 3713 2286 τὸ

2056 2321 2433 2398 πλημμέλημα
2471 2366 2485 2392 ,
2539 2322 2626 2378 καὶ
2686 2320 2889 2399 λεγέτω
2940 2329 3018 2395 τῷ
3070 2317 3427 2397 ἡμαρτηκότι,
3499 2317 3580 2375 ὅτι
3653 2322 3714 2374 σὺ

2055 2415 2217 2489 μόνον
2250 2412 2586 2490 ἐπίστρεψον,
2652 2412 2801 2490 κάγὼ
2839 2414 2928 2467 τὸν
2969 2411 3096 2486 ὑπὲρ
3169 2415 3262 2465 σοῦ
3314 2409 3535 2465 θάνατον
3579 2408 3707 2463 ἀνα-

2053 2502 2287 2581 δέξομαι,
2359 2503 2432 2565 ὡς
2483 2504 2509 2556 6
2560 2499 2752 2578 Κύριος
2808 2501 2897 2555 τὸν
2970 2500 3100 2577 ὑπὲρ
3158 2497 3288 2571 ἐμοῦ
3328 2499 3412 2553 καὶ
3463 2498 3697 2556 πάντων.

2055 2593 2155 2651 α¹Ο
2187 2592 2391 2665 ποιμὴν
2449 2591 2547 2668 γὰρ
2599 2594 2625 2646 6
2681 2589 2840 2654 καλὸς
2886 2590 2985 2656 τὴν
3043 2588 3228 2668 ψυχὴν
3290 2587 3448 2646 αὒτοῦ
3495 2587 3700 2653 τίθησιν

316 2675 473 2737 suis:
528 2677 934 2738 mercenaruis
966 2687 1164 2742 autem
1222 2688 1280 2740 et
1304 2680 1406 2759 qui
1460 2700 1579 2741 non
1605 2691 1699 2743 est
1742 2689 1964 2762 pastor,

2063 2685 2179 2761 ὂπὲρ
2211 2688 2313 2737 τῶν
2366 2678 2668 2751 προϐάτων·
2706 2681 2732 2735 6
2765 2676 2817 2733 δε
2873 2679 3141 2752 μισθωτὸς
3204 2679 3290 2733 καὶ
3322 2680 3417 2735 οὒκ
3454 2676 3526 2733 ὢν
3571 2699 3697 2731 ποι-

318 2767 489 2847 cujus
522 2785 639 2827 non
671 2774 809 2828 sunt
838 2786 977 2829 oves
1003 2769 1281 2850 propriae,
1306 2769 1463 2831 videt
1491 2770 1696 2850 lupum
1719 2773 1964 2833 venien-

2051 2775 2181 2852 μὴν,
2243 2773 2302 2827 οὗ
2355 2772 2448 2826 οὒκ
2505 2768 2615 2825 ἔστι
2646 2770 2710 2824 τα
2742 2766 2978 2846 πρόϐατα
3011 2766 3142 2847 ἴδια,
3188 2771 3377 2845 θεωρεῖ
3422 2773 3509 2823 τὸν
3542 2765 3698 2821 λύκον

318 2864 461 2933 tem,
496 2881 521 2911 ι
548 2856 659 2918 hoc
687 2864 797 2931 est,
823 2857 1156 2933 diabolum,
1188 2882 1210 2913 α
1241 2868 1300 2921 et
1329 2859 1580 2922 dimittit
1609 2880 1778 2936 oves,
1803 2870 1858 2922 et
1883 2862 1988 2923 fu-i

2063 2865 2408 2942 ἐρχομενον,»
2444 2857 2709 2930 τουτέστι,
2745 2860 2835 2913 τὸν
2866 2854 3107 2914 διάϐολον
3143 2856 3293 2937 (19),
3331 2876 3360 2914 ι
3400 2858 3487 2912 καὶ
3516 2855 3701 2935 ἀφίησι

317 2945 439 3023 git;
467 2954 524 3008 et
547 2945 722 3027 lupus
752 2950 903 3027 rapit
923 2966 1022 3009 eas
1046 2947 1126 3003 49.
1161 2973 1186 3003 ι
1216 2949 1511 3022 Quocirca
1533 2950 1685 3017 scire
1708 2960 1965 3031 oportet,

317 3036 475 3117 quod
503 3038 681 3111 Deus,
705 3037 807 3117 qui
832 3038 1173 3099 misericors
1197 3047 1309 3115 est,
1337 3038 1829 3117 delinquentibus
1854 3058 1973 3121 p03-

318 3124 626 3188 nitentiam
655 3127 1050 3207 jurejurando
1077 3128 1371 3208 promisit.
1397 3128 1509 3201 Qui
1532 3148 1669 3192 vero
1694 3129 1971 3214 deliquit,

318 3227 377 3278 et
400 3215 549 3279 hanc
573 3216 647 3278 de
673 3216 1023 3297 paenitentia
1052 3217 1494 3298 professionem
1526 3219 1629 3283 Dei
1655 3219 1975 3299 ignorat,et

316 3306 581 3369 divinam
616 3308 1140 3370 mansuetudinem
1166 3316 1345 3389 atque
1382 3309 1725 3389 patientiam
1758 3316 1969 3383 nescit,

315 3396 673 3478 insnperqne
700 3406 933 3459 sanctas
959 3396 1299 3479 Scripturas
1329 3399 1735 3479 paenitentiam
1764 3399 1970 3480 praedi-

317 3494 522 3547 cantes
551 3506 671 3547 non
704 3486 1031 3562 cognoscit,
1053 3486 1306 3560 scilicet,
1330 3495 1441 3549 ate
1466 3506 1584 3548 non
1606 3486 1853 3548 edoctus
1878 3510 1893 3562 -,
1917 3486 1970 3548 is

319 3585 560 3656 propter
590 3575 883 3637 inscitiam
919 3575 1104 3656 perit;
1139 3585 1197 3637 at
1228 3584 1317 3650 tu,
1349 3584 1625 3657 tanquam
1651 3575 1972 3653 indulgens

218 3665 224 3673 ’
320 3673 520 3745 pastor
551 3675 609 3727 et
640 3664 945 3726 studiosus
978 3664 1313 3745 pabulator,
1345 3665 1607 3747 require,
1643 3683 1969 3728 numerans

317 3772 558 3832 gregem
596 3776 608 3813 :
645 3755 804 3835 quod
865 3754 1239 3818 desideratur
1292 3755 1601 3836 investiga,
1636 3756 1791 3816 sicut
1839 3757 1966 3818 Do-

320 3843 516 3905 minus
533 3847 712 3926 Deus,
735 3845 924 3907 bonus
947 3847 1123 3908 Pater
1146 3854 1370 3920 noster,
1398 3845 1498 3925 qui
1529 3845 1831 3907 doctorem
1858 3864 1971 3905 no-

318 3940 507 3993 strum
538 3931 766 4009 Iesum,
802 3932 1017 3995 Filium
1052 3952 1247 4008 suum,
1286 3944 1582 4015 pastorem
1632 3932 1855 3995 bonum
1904 3952 1973 3996 ac

320 4021 678 4086 Salvatorem
715 4023 895 4099 misit,
921 4033 978 4085 et
1002 4023 1299 4086 mandavit
1332 4025 1385 4086 ei
1418 4026 1757 4105 relinquere
1791 4042 1969 4085 nona-

320 4112 480 4193 ginta
511 4131 723 4175 novem
755 4132 891 4175 oves
948 4114 1008 4175 in
1062 4114 1385 4189 montibus,
1416 4122 1475 4176 et
1524 4131 1847 4195 properare
1896 4112 1971 4173 ad

2052 2954 2116 3009 τὰ
2148 2948 2409 3031 πρόϐατα,
2460 2950 2547 3005 καὶ
2598 2949 2800 3026 φεύγει,
2834 2949 2921 3003 καὶ
2950 2949 2977 3003 'o
3012 2946 3170 3009 λύκος
3232 2947 3449 3025 ἁρπάζει
3480 2946 3634 3006 αὒτὰ,
3676 2970 3696 3000 ιι

2058 3040 2257 3099 Εἷδέναι
2320 3042 2407 3097 οὖν
2466 3040 2775 3117 προσήκει,
2842 3037 2922 3093 ὅτι
2998 3050 3116 3097 τοῖς
3173 3039 3548 3114 ἡμαρτηκοσιν
3620 3032 3705 3090 εὕρ

2059 3130 2373 3211 σπλαγχνος
2432 3128 2504 3185 ὢν
2539 3130 2565 3184 6
2602 3130 2754 3201 Θεὸς,
2790 3127 2925 3202 μετά
2969 3126 3125 3205 ὅρκου
3183 3127 3470 3201 μετάνοιαν
3529 3124 3707 3201 ὲπηγ·

2058 3220 2291 3300 γείλατο’
2346 3222 2372 3276 6
2438 3216 2492 3274 δὲ
2562 3219 2879 3298 ἁμαρτήσας
2941 3219 3028 3272 καὶ
3082 3216 3182 3283 τὴν
3234 3214 3559 3295 ἐπαγγελίαν
3617 3224 3709 3273 του

2059 3320 2188 3369 Θεοῦ
2217 3312 2313 3380 τὴν
2344 3312 2460 3388 περὶ
2491 3311 2774 3386 μετάνοιαν
2822 3309 3051 3387 ἀγνοῶν,
3106 3307 3191 3364 καὶ
3244 3310 3305 3363 τὸ
3366 3308 3701 3384 μακρόθυμον

2058 3404 2143 3458 καὶ
2175 3400 2479 3465 ἀνεξίκακον
2509 3398 2666 3457 αὒτοῦ
2698 3400 2776 3474 μὴ
2804 3397 3183 3476 ἓπιστάμενος,
3229 3396 3305 3453 ἔτι
3354 3397 3461 3471 μὴν
3491 3395 3578 3450 καὶ
3607 3394 3699 3454 τὰς

2053 3492 2204 3569 ἁγίας
2253 3497 2289 3546 Γ
2294 3490 2461 3570 ραφὰς
2506 3490 2599 3553 τὰς
2632 3490 2829 3555 ταύτην
2886 3488 3249 3567 κηρυσσούσας
3293 3489 3351 3544 οὗ
3395 3484 3693 3561 γινώσκων,

2052 3581 2145 3638 εἴτε
2204 3580 2282 3656 μὴ
2355 3582 2681 3654 μεμαθηκὼς
2750 3578 2891 3656 παρὰ
2969 3584 3085 3656 σοῦ,
3145 3573 3435 3632 ἁπολλυται
3484 3572 3568 3651 50,
3633 3572 3695 3627 σὺ

2052 3668 2105 3725 δὲ
2156 3671 2228 3733 ὡς
2279 3667 2625 3749 φιλόστοργος
2686 3666 2889 3743 ποιμήν
2936 3667 3021 3723 καὶ
3050 3668 3123 3729 ὡς
3173 3661 3457 3723 σπουδαῖος
3505 3661 3695 3737 νομεὺς

2055 3748 2327 3832 ἀναζήτει,
2388 3759 2623 3837 ἀριθμῶν
2674 3758 2774 3825 τὴν
2822 3756 3077 3831 ποίμνην
3134 3755 3194 3810 τὸ
3249 3752 3440 3811 λεῖπον
3494 3748 3699 3821 ἒκζήτει

2055 3849 2127 3914 ὠς
2178 3847 2370 3926 Κύριος
2404 3850 2431 3903 6
2466 3848 2592 3909 Θεὸς
2644 3849 2671 3903 6
2716 3847 2912 3925 ἀγαθὸς
2948 3845 3128 3924 Πατὴρ
3171 3844 3349 3917 ἡμῶν,
3387 3838 3701 3903 ἀποστείλας

2054 3940 2145 3997 τὸν
2175 3938 2359 3994 ἑαυτοῦ
2422 3940 2541 3993 ι’ἷὸν
2590 3938 2819 4012 ποιμένα
2881 3934 3041 3993 καλὸν
3094 3936 3181 3991 καὶ
3241 3938 3466 4011 Σωτῆρα
3502 3933 3587 3987 τὸν
3616 3930 3700 3986 δι-

2056 4027 2319 4084 δάσκαλον
2377 4031 2524 4097 ἡκῶν
2571 4028 2803 4106 Ἰησοῦν,
2877 4024 3163 4104 ἐπιτρέψας
3225 4025 3364 4096 αὐτῷ
3439 4020 3591 4077 ἐάσαι
3646 4020 3710 4076 τὰ

2059 4117 2563 4185 ἐννενηκονταεννέα
2621 4118 2705 4173 ἐπὶ
2759 4115 2877 4193 (90)
2937 4116 3002 4171 τὰ
3050 4114 3173 4194 ὅρη,
3242 4115 3327 4168 καὶ
3390 4113 3707 4187 πορευθῆναι

320 4204 702 4282 quaerendam
722 4223 849 4267 eam
868 4224 1000 4287 quae
1023 4206 1777 4281 erraverat,iuvenlamque
1792 4220 1972 4283 super

2063 4206 2141 4264 ἐπὶ
2190 4207 2290 4274 τὴν
2341 4210 2563 4279 ζήτησιν
2594 4214 2686 4263 τοῦ
2716 4203 3156 4283 πεπλανημένον,
3211 4203 3299 4258 καὶ
3343 4200 3559 4278 εὓρόντα
3584 4198 3704 4277 ἆραι

319 4295 602 4355 humeros
621 4314 761 4356 suos
786 4296 1081 4376 attollere,
1106 4303 1163 4357 et
1182 4294 1254 4357 ad
1274 4313 1510 4375 gregem
1536 4302 1794 4374 portare,
1819 4311 1964 4371 gau-

318 4383 517 4446 dendo
546 4384 620 4447 de
653 4386 777 4446 ovis
809 4386 1057 4466 perdita
1086 4385 1543 4467 recuperatione
1565 4383 1639 4441 ⁵1.
1669 4381 1803 4444 Pari
1826 4398 1967 4459 ergo

321 4474 520 4555 modo,
556 4494 589 4534 (ι
621 4475 923 4556 episcope,
952 4484 1011 4537 et
1041 4484 1100 4537 tu
1134 4477 1255 4539 Deo
1289 4473 1692 4537 obedientiam
1727 4480 1963 4552 praesta,

319 4562 459 4624 dum
484 4564 639 4646 quod
664 4566 921 4645 perierat
940 4566 1219 4647 requiris,
1246 4564 1401 4647 quod
1422 4563 1798 4627 aberraverat
1816 4561 1965 4623 diri-

396 4696 460 4747 43
490 4693 720 4760 Ezecb.
756 4713 959 4774 χχχιιι,
996 4696 1087 4759 ιΟ.
1177 4697 1437 4760 4910an.
1473 4714 1532 4776 χ,
1568 4696 1663 4757 11.

1753 4696 1815 4747 50
1844 4696 1921 4759 al.
1955 4695 2095 4761 add.
2127 4699 2228 4755 ὑπὸ
2267 4698 2471 4764 ἀνοίας.

2052 4297 2137 4353 ἐπὶ
2188 4298 2309 4361 τοὺς
2368 4298 2553 4353 ἑαυτοῦ
2606 4294 2810 4375 ὤμους,
2886 4298 2969 4352 καὶ
3016 4292 3187 4373 φέρειν
3242 4291 3293 4346 ἐν
3344 4296 3415 4367 τῇ
3472 4290 3698 4362 ποίμνῃ,

2051 4392 2314 4467 χαίροναα
2365 4386 2449 4443 ἐπὶ
2479 4392 2547 4463 τῇ
2591 4386 2786 4463 είιρέσει
2844 4391 2935 4441 τοῦ
2986 4381 3354 4444 ἀπολωλότος,
3405 4377 3578 4439 Οὕτως
3613 4376 3703 4434 οὖν

2052 4466 2285 4547 ὑπήκοος
2342 4484 2485 4555 γίνου
2532 4477 2620 4532 καὶ
2675 4476 2759 4545 σὺ,
2796 4475 2840 4531 ὦ
2872 4474 3148 4551 ἐπίσκοπε,
3182 4470 3419 4542 ἐκζητῶν
3444 4469 3504 4524 τὸ
3537 4466 3699 4521 ἀπολ-

2053 4567 2217 4638 ωλὸς,
2266 4567 2587 4624 κατευθύνων
2646 4568 2707 4622 τὸ
2770 4562 3209 4641 πεπλανημένον,
3274 4557 3600 4637 ἐπιστρέφων
3641 4556 3701 4612 τὸ

2558 4697 2607 4741 ⁵1
2640 4696 2849 4758 Matth.
2874 4711 3040 4769 xvnr;
3067 4693 3213 4756 Luc.
3245 4708 3339 4753 xv.

1686 4807 2086 4883 VARIORUM
2130 4818 2381 4885 NOTIE.

399 4946 528 5027 (l4)
566 4944 905 5027 Ἐπιδέννων.
945 4943 1067 5007 Vox
1099 4944 1426 5027 estnihili,
1473 4962 1578 5025 pro
1612 4961 1727 5027 qua
1756 4943 1965 5027 legen-

2135 4942 2249 5023 (_l6)
2282 4948 2562 5023 Ψυχιαῆς.
2584 4938 2831 5023 Omittit
2856 4943 3137 5023 uterque,
3174 4951 3285 4995 nec
3315 4949 3460 4994 sane
3492 4949 3705 4994 neces-

322 5016 487 5100 dnin,
509 5016 633 5089 'aut
664 5025 909 5106 ἓπιδέων,
947 5035 1067 5106 aut,
1104 5016 1424 5102 ἐπιδεσμῶν,
1473 5016 1534 5086 ut
1566 5016 1655 5106 est
1686 5024 1747 5084 in
1778 5016 1965 5106 altero
2050 5016 2271 5106 sarium
2305 5016 2484 5084 est'et
2513 5022 2990 5106 offenditaures.
3028 5016 3111 5079 In.

319 5107 528 5197 codice
572 5104 1146 5197 Vindobon_ensi,_'_ut
1186 5105 1817 5197 postea_rescivimus;
1854 5104 1965 5165 hoc

2131 5102 2257 5181 (l7)
2291 5106 2375 5166 Εἰς
2410 5106 2589 5182 βοράν.
2622 5101 2863 5164 Rectius
2894 5117 3070 5181 quam
3124 5098 3271 5173 βορᾷ,
3308 5092 3468 5174 quod
3520 5101 3608 5153 est
3638 5092 3699 5153 in

320 5195 430 5269 est,
465 5185 690 5269 lignus,
722 5186 1006 5269 ut‘solent
1028 5182 1076 5269 iii
1108 5182 1207 5269 qui
1242 5186 1724 5269 membral'racta
1758 5199 1967 5269 curare
2051 5182 2249 5269 altero
2271 5183 2501 5269 codice.
2527 5184 2612 5246 Io.

319 5265 542 5329 volunt.
578 5266 757 5329 Miror
788 5265 1146 5330 Coteleriuni
1172 5268 1282 5329 hoc
1306 5286 1421 5328 non
1445 5266 1827 5337 vidisse,nam
1856 5265 1967 5325 hoc

319 5346 483 5409 verbi
515 5354 845 5408 monstrum
879 5348 939 5409 in
970 5348 1096 5411 lnd.
1126 5350 1328 5411 Graeco
1350 5347 1672 5410 recensuit.
1700 5344 1970 5408 Cncn.—

317 5427 571 5491 Tantum
602 5426 770 5489 abest
799 5434 863 5488 nt
892 5429 1143 5486 ἐπιδέννω
1165 5430 1413 5491 verbum
1445 5428 1521 5490 sit
1543 5426 1752 5505 nihili,
1784 5434 1845 5486 ut
1870 5425 1971 5485 ha-

319 5509 752 5589 beatur,sensu
769 5510 993 5589 ligo,in
1017 5508 1358 5589 Symmachi
1379 5507 1652 5571 versione
1686 5510 1970 5589 ls_.VI,tes-

321 5597 479 5671 tante
500 5586 838 5671 Procopio
863 5586 1259 5668 ἐπιδεννομένου
1277 5591 1698 5671 (εατραύματος
1732 5586 1965 5671 Πη-Αοιι.

404 5670 534 5751 (15)
594 5669 844 5733 Ἐαυτοῦ.
900 5671 1070 5736 Alter
1118 5668 1300 5735 habet
1350 5668 1589 5745 ἑαυτούς,
1651 5668 1967 5732 mendose.

320 5752 508 5817 Casu.

2134 5263 2257 5347 (18)
2297 5263 2426 5321 Τπό
2447 5288 2630 5347 τινων.
2662 5262 2966 5347 omittitur
2994 5261 3055 5347 i_n
3086 5258 3292 5347 altero.
3322 5257 3409 5347 ID:

2133 5334 2268 5422 (19')
2302 5345 2542 5403 Γοπέστι
2574 5347 2665 5401 τὸν
2695 5342 2961 5407 διὰὅολον.
2995 5340 3363 5406 Omittnntur
3393 5336 3454 5397 in
3484 5334 3694 5411 altero,

2056 5432 2109 5487 et
2143 5424 2399 5503 glossam
2432 5424 2727 5488 redolent.
2763 5426 2850 5487 ID.

2137 5497 2266 5585 (20)
2298 5506 2443 5568 Ἐπί.
2476 5506 2795 5569 Antecedit
2817 5506 2879 5568 in
2908 5503 3097 5567 altero
3133 5501 3270 5585 cod,
3303 5500 3388 5585 ἐπὶ
3410 5497 3702 5577 τῇέρήμφ,

2052 5580 2186 5730 qua:
2209 5585 2381 5730 facille
2414 5586 2785 5664 exciderunt,
2816 5592 3057 5669 propter
3082 5580 3501 5664 repetitionem
3537 5596 3707 5640 vocu-

2082 5686 2133 5729 aa
2188 5674 2268 5730 πὶ.
2328 5683 2389 5730 D.

2082 5686 2133 5729 aa
2160 5674 2268 5731 ἐπὶ.
2305 5674 2389 5731 ΙΙ).
