  <div class='ocr_page' id='page_1' title='image "/cluster/home/n/w/nwhite01/storage/ocr_20150623/1:no.1/coo.31924054872803/337.png"; bbox 0 0 4124 6454; ppageno 0'>
   <div class='ocr_carea' id='block_1_1' title="bbox 262 341 383 408">
    <p class='ocr_par' dir='ltr' id='par_1_1' title="bbox 262 341 383 408">
     <span class='ocr_line' id='line_1_1' title="bbox 262 341 383 408; baseline 0.017 -2"><span class='ocrx_word' id='word_1_1' title='bbox 262 341 383 408; x_wconf 76' lang='lat'><strong>659</strong></span> 
     </span>
    </p>
   </div>
   <div class='ocr_carea' id='block_1_2' title="bbox 1091 328 2814 425">
    <p class='ocr_par' dir='ltr' id='par_1_2' title="bbox 1091 328 2814 425">
     <span class='ocr_line' id='line_1_2' title="bbox 1091 328 2814 425; baseline 0.006 -14"><span class='ocrx_word' id='word_1_2' title='bbox 1091 350 1154 413; x_wconf 92' lang='lat' dir='ltr'><strong>s.</strong></span> <span class='ocrx_word' id='word_1_3' title='bbox 1199 350 1642 417; x_wconf 86' lang='lat' dir='ltr'><strong>CLEMENTIS</strong></span> <span class='ocrx_word' id='word_1_4' title='bbox 1685 356 1711 417; x_wconf 84' lang='lat'><strong>1</strong></span> <span class='ocrx_word' id='word_1_5' title='bbox 1756 354 1940 418; x_wconf 75' lang='lat' dir='ltr'><strong>nom.</strong></span> <span class='ocrx_word' id='word_1_6' title='bbox 1992 328 2215 423; x_wconf 88' lang='lat' dir='ltr'><strong>PONT.</strong></span> <span class='ocrx_word' id='word_1_7' title='bbox 2261 359 2512 424; x_wconf 81' lang='lat' dir='ltr'><strong>OPERA</strong></span> <span class='ocrx_word' id='word_1_8' title='bbox 2557 362 2814 425; x_wconf 86' lang='lat' dir='ltr'><strong>DUBIA.</strong></span> 
     </span>
    </p>
   </div>
   <div class='ocr_carea' id='block_1_3' title="bbox 3548 366 3669 433">
    <p class='ocr_par' dir='ltr' id='par_1_3' title="bbox 3548 366 3669 433">
     <span class='ocr_line' id='line_1_3' title="bbox 3548 366 3669 433; baseline 0 -3"><span class='ocrx_word' id='word_1_9' title='bbox 3548 366 3669 433; x_wconf 86' lang='lat'><strong>660</strong></span> 
     </span>
    </p>
   </div>
   <div class='ocr_carea' id='block_1_4' title="bbox 266 478 1943 582">
    <p class='ocr_par' dir='ltr' id='par_1_4' title="bbox 266 478 1930 580">
     <span class='ocr_line' id='line_1_4' title="bbox 266 478 1930 580; baseline 0.007 -39"><span class='ocrx_word' id='word_1_10' title='bbox 266 496 336 542; x_wconf 91' lang='lat' dir='ltr'><strong>ac</strong></span> <span class='ocrx_word' id='word_1_11' title='bbox 364 478 553 541; x_wconf 90' lang='lat' dir='ltr'><strong>Deum</strong></span> <span class='ocrx_word' id='word_1_12' title='bbox 586 486 857 580; x_wconf 72' lang='lat' dir='ltr'><strong>nostrum</strong></span> <span class='ocrx_word' id='word_1_13' title='bbox 879 482 1110 564; x_wconf 88' lang='lat' dir='ltr'><strong>Jesum,</strong></span> <span class='ocrx_word' id='word_1_14' title='bbox 1144 498 1252 564; x_wconf 91' lang='lat' dir='ltr'><strong>pro</strong></span> <span class='ocrx_word' id='word_1_15' title='bbox 1284 501 1467 565; x_wconf 88' lang='lat' dir='ltr'><strong>scopo</strong></span> <span class='ocrx_word' id='word_1_16' title='bbox 1507 484 1734 551; x_wconf 87' lang='lat' dir='ltr'><strong>habere</strong></span> <span class='ocrx_word' id='word_1_17' title='bbox 1776 508 1930 552; x_wconf 87' lang='lat' dir='ltr'><strong>con-</strong></span> 
     </span>
    </p>
   </div>
   <div class='ocr_carea' id='block_1_5' title="bbox 2038 478 3665 582">
    <p class='ocr_par' dir='ltr' id='par_1_5' title="bbox 2038 490 3665 582">
     <span class='ocr_line' id='line_1_5' title="bbox 2038 490 3665 582; baseline 0.007 -33"><span class='ocrx_word' id='word_1_18' title='bbox 2038 492 2130 569; x_wconf 76' lang='lat' dir='ltr'><strong>.éa,</strong></span> <span class='ocrx_word' id='word_1_19' title='bbox 2192 498 2281 552; x_wconf 87' lang='grc' dir='ltr'><strong>καὶ</strong></span> <span class='ocrx_word' id='word_1_20' title='bbox 2313 497 2443 554; x_wconf 83' lang='grc' dir='ltr'>Θεὸν</span> <span class='ocrx_word' id='word_1_21' title='bbox 2500 498 2654 573; x_wconf 76' lang='grc' dir='ltr'>ἡμῶν</span> <span class='ocrx_word' id='word_1_22' title='bbox 2705 496 2930 575; x_wconf 79' lang='grc' dir='ltr'>Ἰησοῦν,</span> <span class='ocrx_word' id='word_1_23' title='bbox 2992 503 3036 555; x_wconf 86' lang='grc' dir='ltr'>ὧ</span> <span class='ocrx_word' id='word_1_24' title='bbox 3096 500 3404 582; x_wconf 80' lang='grc' dir='ltr'>ἐπίσκοποι,</span> <span class='ocrx_word' id='word_1_25' title='bbox 3462 490 3665 561; x_wconf 65' lang='grc' dir='ltr'><strong>σκοτὼν</strong></span> 
     </span>
    </p>
   </div>
   <div class='ocr_carea' id='block_1_6' title="bbox 267 567 1921 660">
    <p class='ocr_par' dir='ltr' id='par_1_6' title="bbox 267 567 1921 660">
     <span class='ocr_line' id='line_1_6' title="bbox 267 567 1921 660; baseline 0.007 -31"><span class='ocrx_word' id='word_1_26' title='bbox 267 567 432 631; x_wconf 80' lang='lat' dir='ltr'><strong>venit</strong></span> <span class='ocrx_word' id='word_1_27' title='bbox 457 590 473 641; x_wconf 88' lang='lat'><strong>;</strong></span> <span class='ocrx_word' id='word_1_28' title='bbox 496 568 655 631; x_wconf 90' lang='lat' dir='ltr'><strong>hunc</strong></span> <span class='ocrx_word' id='word_1_29' title='bbox 680 567 1112 660; x_wconf 86' lang='lat' dir='ltr'><strong>imitari,mites</strong></span> <span class='ocrx_word' id='word_1_30' title='bbox 1138 590 1298 655; x_wconf 87' lang='lat' dir='ltr'><strong>esse,</strong></span> <span class='ocrx_word' id='word_1_31' title='bbox 1323 574 1581 657; x_wconf 88' lang='lat' dir='ltr'><strong>quietos,</strong></span> <span class='ocrx_word' id='word_1_32' title='bbox 1602 577 1921 660; x_wconf 86' lang='lat' dir='ltr'><strong>humanos,</strong></span> 
     </span>
    </p>
   </div>
   <div class='ocr_carea' id='block_1_7' title="bbox 270 657 1923 745">
    <p class='ocr_par' dir='ltr' id='par_1_7' title="bbox 270 657 1923 745">
     <span class='ocr_line' id='line_1_7' title="bbox 270 657 1923 745; baseline 0.008 -26"><span class='ocrx_word' id='word_1_33' title='bbox 270 657 727 735; x_wconf 80' lang='lat' dir='ltr'><strong>misericordes,</strong></span> <span class='ocrx_word' id='word_1_34' title='bbox 764 659 1067 743; x_wconf 84' lang='lat' dir='ltr'><strong>paciﬁcos,</strong></span> <span class='ocrx_word' id='word_1_35' title='bbox 1102 672 1379 745; x_wconf 74' lang='lat' dir='ltr'><strong>expertes</strong></span> <span class='ocrx_word' id='word_1_36' title='bbox 1408 664 1553 739; x_wconf 61' lang='lat' dir='ltr'><strong>irar;</strong></span> <span class='ocrx_word' id='word_1_37' title='bbox 1588 668 1659 729; x_wconf 89' lang='lat' dir='ltr'><strong>ad</strong></span> <span class='ocrx_word' id='word_1_38' title='bbox 1694 657 1923 732; x_wconf 54' lang='lat' dir='ltr'><strong>docené</strong></span> 
     </span>
    </p>
   </div>
   <div class='ocr_carea' id='block_1_8' title="bbox 272 748 1931 834">
    <p class='ocr_par' dir='ltr' id='par_1_8' title="bbox 272 748 1931 834">
     <span class='ocr_line' id='line_1_8' title="bbox 272 748 1931 834; baseline 0.007 -26"><span class='ocrx_word' id='word_1_39' title='bbox 272 748 438 823; x_wconf 91' lang='lat' dir='ltr'><strong>dum,</strong></span> <span class='ocrx_word' id='word_1_40' title='bbox 473 751 973 825; x_wconf 88' lang='lat' dir='ltr'><strong>convertendum,</strong></span> <span class='ocrx_word' id='word_1_41' title='bbox 1010 753 1450 834; x_wconf 89' lang='lat' dir='ltr'><strong>recipiendum,</strong></span> <span class='ocrx_word' id='word_1_42' title='bbox 1477 755 1835 821; x_wconf 91' lang='lat' dir='ltr'><strong>hortandum</strong></span> <span class='ocrx_word' id='word_1_43' title='bbox 1869 765 1931 819; x_wconf 91' lang='lat' dir='ltr'><strong>et</strong></span> 
     </span>
    </p>
   </div>
   <div class='ocr_carea' id='block_1_9' title="bbox 269 837 1929 929">
    <p class='ocr_par' dir='ltr' id='par_1_9' title="bbox 269 837 1929 929">
     <span class='ocr_line' id='line_1_9' title="bbox 269 837 1929 929; baseline 0.008 -32"><span class='ocrx_word' id='word_1_44' title='bbox 269 837 698 900; x_wconf 88' lang='lat' dir='ltr'><strong>consolandum</strong></span> <span class='ocrx_word' id='word_1_45' title='bbox 725 841 1367 923; x_wconf 66' lang='lat' dir='ltr'><strong>accommodatosmon</strong></span> <span class='ocrx_word' id='word_1_46' title='bbox 1390 863 1929 929; x_wconf 86' lang='lat' dir='ltr'><strong>percussores,non</strong></span> 
     </span>
    </p>
   </div>
   <div class='ocr_carea' id='block_1_10' title="bbox 270 927 1930 1015">
    <p class='ocr_par' dir='ltr' id='par_1_10' title="bbox 270 927 1930 1015">
     <span class='ocr_line' id='line_1_10' title="bbox 270 927 1930 1015; baseline 0.007 -27"><span class='ocrx_word' id='word_1_47' title='bbox 270 927 747 1004; x_wconf 88' lang='lat' dir='ltr'><strong>iracundos,non</strong></span> <span class='ocrx_word' id='word_1_48' title='bbox 781 932 1406 1009; x_wconf 87' lang='lat' dir='ltr'><strong>contumeliosos,non</strong></span> <span class='ocrx_word' id='word_1_49' title='bbox 1428 927 1930 1015; x_wconf 77' lang='lat' dir='ltr'><strong>arrogantes,non</strong></span> 
     </span>
    </p>
   </div>
   <div class='ocr_carea' id='block_1_11' title="bbox 274 1020 1931 1103">
    <p class='ocr_par' dir='ltr' id='par_1_11' title="bbox 274 1020 1931 1103">
     <span class='ocr_line' id='line_1_11' title="bbox 274 1020 1931 1103; baseline 0.008 -26"><span class='ocrx_word' id='word_1_50' title='bbox 274 1023 746 1098; x_wconf 77' lang='lat' dir='ltr'><strong>contemptores,</strong></span> <span class='ocrx_word' id='word_1_51' title='bbox 783 1036 902 1081; x_wconf 90' lang='lat' dir='ltr'><strong>non</strong></span> <span class='ocrx_word' id='word_1_52' title='bbox 937 1020 1295 1100; x_wconf 81' lang='lat' dir='ltr'><strong>vinolentos,</strong></span> <span class='ocrx_word' id='word_1_53' title='bbox 1330 1043 1448 1086; x_wconf 91' lang='lat' dir='ltr'><strong>non</strong></span> <span class='ocrx_word' id='word_1_54' title='bbox 1482 1025 1777 1103; x_wconf 86' lang='lat' dir='ltr'><strong>ebriosos,</strong></span> <span class='ocrx_word' id='word_1_55' title='bbox 1811 1046 1931 1090; x_wconf 93' lang='lat' dir='ltr'><strong>non</strong></span> 
     </span>
    </p>
   </div>
   <div class='ocr_carea' id='block_1_12' title="bbox 270 1112 1931 1197">
    <p class='ocr_par' dir='ltr' id='par_1_12' title="bbox 270 1112 1931 1197">
     <span class='ocr_line' id='line_1_12' title="bbox 270 1112 1931 1197; baseline 0.008 -30"><span class='ocrx_word' id='word_1_56' title='bbox 270 1114 657 1187; x_wconf 89' lang='lat' dir='ltr'><strong>sumptuosos</strong></span> <span class='ocrx_word' id='word_1_57' title='bbox 689 1115 941 1190; x_wconf 91' lang='lat' dir='ltr'><strong>temere,</strong></span> <span class='ocrx_word' id='word_1_58' title='bbox 970 1129 1089 1173; x_wconf 91' lang='lat' dir='ltr'><strong>non</strong></span> <span class='ocrx_word' id='word_1_59' title='bbox 1108 1112 1623 1197; x_wconf 89' lang='lat' dir='ltr'><strong>voluptarios,non</strong></span> <span class='ocrx_word' id='word_1_60' title='bbox 1647 1135 1931 1180; x_wconf 89' lang='lat' dir='ltr'><strong>consum-</strong></span> 
     </span>
    </p>
   </div>
   <div class='ocr_carea' id='block_1_13' title="bbox 276 1199 1931 1285">
    <p class='ocr_par' dir='ltr' id='par_1_13' title="bbox 276 1199 1931 1285">
     <span class='ocr_line' id='line_1_13' title="bbox 276 1199 1931 1285; baseline 0.007 -28"><span class='ocrx_word' id='word_1_61' title='bbox 276 1204 521 1277; x_wconf 78' lang='lat' dir='ltr'><strong>ptores;</strong></span> <span class='ocrx_word' id='word_1_62' title='bbox 556 1215 676 1259; x_wconf 93' lang='lat' dir='ltr'><strong>non</strong></span> <span class='ocrx_word' id='word_1_63' title='bbox 712 1205 950 1262; x_wconf 85' lang='lat' dir='ltr'><strong>utentes</strong></span> <span class='ocrx_word' id='word_1_64' title='bbox 974 1199 1079 1263; x_wconf 87' lang='lat' dir='ltr'><strong>Dei</strong></span> <span class='ocrx_word' id='word_1_65' title='bbox 1100 1200 1272 1265; x_wconf 91' lang='lat' dir='ltr'><strong>donis</strong></span> <span class='ocrx_word' id='word_1_66' title='bbox 1289 1212 1567 1285; x_wconf 89' lang='lat' dir='ltr'><strong>tanquam</strong></span> <span class='ocrx_word' id='word_1_67' title='bbox 1595 1206 1802 1268; x_wconf 90' lang='lat' dir='ltr'><strong>alienis</strong></span> <span class='ocrx_word' id='word_1_68' title='bbox 1824 1210 1931 1269; x_wconf 89' lang='lat' dir='ltr'><strong>sed</strong></span> 
     </span>
    </p>
   </div>
   <div class='ocr_carea' id='block_1_14' title="bbox 275 1288 1936 1377">
    <p class='ocr_par' dir='ltr' id='par_1_14' title="bbox 275 1288 1936 1377">
     <span class='ocr_line' id='line_1_14' title="bbox 275 1288 1936 1377; baseline 0.007 -30"><span class='ocrx_word' id='word_1_69' title='bbox 275 1293 557 1367; x_wconf 82' lang='lat' dir='ltr'><strong>tanquam</strong></span> <span class='ocrx_word' id='word_1_70' title='bbox 595 1288 886 1369; x_wconf 89' lang='lat' dir='ltr'><strong>propriis,</strong></span> <span class='ocrx_word' id='word_1_71' title='bbox 910 1300 973 1352; x_wconf 94' lang='lat' dir='ltr'><strong>ut</strong></span> <span class='ocrx_word' id='word_1_72' title='bbox 1002 1292 1354 1355; x_wconf 90' lang='lat' dir='ltr'><strong>constitutos</strong></span> <span class='ocrx_word' id='word_1_73' title='bbox 1385 1292 1449 1355; x_wconf 91' lang='lat' dir='ltr'><strong>in</strong></span> <span class='ocrx_word' id='word_1_74' title='bbox 1480 1294 1669 1357; x_wconf 91' lang='lat' dir='ltr'><strong>bonos</strong></span> <span class='ocrx_word' id='word_1_75' title='bbox 1699 1296 1936 1377; x_wconf 84' lang='lat' dir='ltr'><strong>dispen-</strong></span> 
     </span>
    </p>
   </div>
   <div class='ocr_carea' id='block_1_15' title="bbox 282 1378 1934 1468">
    <p class='ocr_par' dir='ltr' id='par_1_15' title="bbox 282 1378 1934 1468">
     <span class='ocr_line' id='line_1_15' title="bbox 282 1378 1934 1468; baseline 0.007 -32"><span class='ocrx_word' id='word_1_76' title='bbox 282 1382 534 1458; x_wconf 85' lang='lat' dir='ltr'><strong>satores,</strong></span> <span class='ocrx_word' id='word_1_77' title='bbox 562 1385 750 1458; x_wconf 88' lang='lat' dir='ltr'><strong>utque</strong></span> <span class='ocrx_word' id='word_1_78' title='bbox 780 1378 1071 1442; x_wconf 87' lang='lat' dir='ltr'><strong>rationem</strong></span> <span class='ocrx_word' id='word_1_79' title='bbox 1104 1399 1138 1443; x_wconf 89' lang='lat' dir='ltr'><strong>a</strong></span> <span class='ocrx_word' id='word_1_80' title='bbox 1167 1380 1292 1444; x_wconf 88' lang='lat' dir='ltr'><strong>Deo</strong></span> <span class='ocrx_word' id='word_1_81' title='bbox 1322 1385 1750 1465; x_wconf 87' lang='lat' dir='ltr'><strong>reposcendos.</strong></span> <span class='ocrx_word' id='word_1_82' title='bbox 1785 1385 1934 1468; x_wconf 89' lang='lat' dir='ltr'><strong>Epi-</strong></span> 
     </span>
    </p>
   </div>
   <div class='ocr_carea' id='block_1_16' title="bbox 279 1468 1936 1556">
    <p class='ocr_par' dir='ltr' id='par_1_16' title="bbox 279 1468 1936 1556">
     <span class='ocr_line' id='line_1_16' title="bbox 279 1468 1936 1556; baseline 0.007 -29"><span class='ocrx_word' id='word_1_83' title='bbox 279 1483 499 1556; x_wconf 81' lang='lat' dir='ltr'><strong>scopus</strong></span> <span class='ocrx_word' id='word_1_84' title='bbox 530 1468 838 1531; x_wconf 88' lang='lat' dir='ltr'><strong>moderato</strong></span> <span class='ocrx_word' id='word_1_85' title='bbox 866 1472 1021 1533; x_wconf 87' lang='lat' dir='ltr'><strong>victu</strong></span> <span class='ocrx_word' id='word_1_86' title='bbox 1052 1480 1369 1535; x_wconf 83' lang='lat' dir='ltr'><strong>contentus</strong></span> <span class='ocrx_word' id='word_1_87' title='bbox 1398 1474 1516 1556; x_wconf 81' lang='lat' dir='ltr'><strong>sit;</strong></span> <span class='ocrx_word' id='word_1_88' title='bbox 1553 1476 1692 1537; x_wconf 89' lang='lat' dir='ltr'><strong>item</strong></span> <span class='ocrx_word' id='word_1_89' title='bbox 1725 1477 1936 1539; x_wconf 86' lang='lat' dir='ltr'><strong>vestitu</strong></span> 
     </span>
    </p>
   </div>
   <div class='ocr_carea' id='block_1_17' title="bbox 283 1555 1936 1645">
    <p class='ocr_par' dir='ltr' id='par_1_17' title="bbox 283 1555 1936 1645">
     <span class='ocr_line' id='line_1_17' title="bbox 283 1555 1936 1645; baseline 0.005 -27"><span class='ocrx_word' id='word_1_90' title='bbox 283 1555 357 1618; x_wconf 93' lang='lat' dir='ltr'><strong>ad</strong></span> <span class='ocrx_word' id='word_1_91' title='bbox 389 1557 806 1621; x_wconf 84' lang='lat' dir='ltr'><strong>necessitatem</strong></span> <span class='ocrx_word' id='word_1_92' title='bbox 839 1567 897 1621; x_wconf 92' lang='lat' dir='ltr'><strong>et</strong></span> <span class='ocrx_word' id='word_1_93' title='bbox 926 1560 1300 1625; x_wconf 82' lang='lat' dir='ltr'><strong>honestatem</strong></span> <span class='ocrx_word' id='word_1_94' title='bbox 1324 1571 1465 1645; x_wconf 92' lang='lat' dir='ltr'><strong>apto</strong></span> <span class='ocrx_word' id='word_1_95' title='bbox 1489 1555 1508 1627; x_wconf 11' lang='lat'><strong>:7</strong></span> <span class='ocrx_word' id='word_1_96' title='bbox 1539 1563 1711 1625; x_wconf 87' lang='lat' dir='ltr'><strong>bonis</strong></span> <span class='ocrx_word' id='word_1_97' title='bbox 1736 1566 1936 1629; x_wconf 91' lang='lat' dir='ltr'><strong>Domi-</strong></span> 
     </span>
    </p>
   </div>
   <div class='ocr_carea' id='block_1_18' title="bbox 292 1646 1932 1729">
    <p class='ocr_par' dir='ltr' id='par_1_18' title="bbox 292 1646 1932 1729">
     <span class='ocr_line' id='line_1_18' title="bbox 292 1646 1932 1729; baseline 0.005 -21"><span class='ocrx_word' id='word_1_98' title='bbox 292 1646 447 1708; x_wconf 87' lang='lat' dir='ltr'><strong>nicis</strong></span> <span class='ocrx_word' id='word_1_99' title='bbox 475 1654 754 1729; x_wconf 78' lang='lat' dir='ltr'><strong>tanquam</strong></span> <span class='ocrx_word' id='word_1_100' title='bbox 815 1650 1116 1714; x_wconf 82' lang='lat' dir='ltr'><strong>extraneis</strong></span> <span class='ocrx_word' id='word_1_101' title='bbox 1158 1670 1279 1713; x_wconf 92' lang='lat' dir='ltr'><strong>non</strong></span> <span class='ocrx_word' id='word_1_102' title='bbox 1327 1652 1629 1729; x_wconf 85' lang='lat' dir='ltr'><strong>abutatur,</strong></span> <span class='ocrx_word' id='word_1_103' title='bbox 1663 1655 1765 1717; x_wconf 91' lang='lat' dir='ltr'><strong>sed</strong></span> <span class='ocrx_word' id='word_1_104' title='bbox 1798 1673 1932 1717; x_wconf 91' lang='lat' dir='ltr'><strong>cum</strong></span> 
     </span>
    </p>
   </div>
   <div class='ocr_carea' id='block_1_19' title="bbox 286 1735 1933 1825">
    <p class='ocr_par' dir='ltr' id='par_1_19' title="bbox 286 1735 1933 1825">
     <span class='ocr_line' id='line_1_19' title="bbox 286 1735 1933 1825; baseline 0.006 -28"><span class='ocrx_word' id='word_1_105' title='bbox 286 1735 518 1799; x_wconf 89' lang='lat' dir='ltr'><strong>modo:</strong></span> <span class='ocrx_word' id='word_1_106' title='bbox 577 1761 605 1792; x_wconf 75' lang='grc' dir='ltr'><strong>α</strong></span> <span class='ocrx_word' id='word_1_107' title='bbox 640 1737 868 1819; x_wconf 87' lang='lat' dir='ltr'><strong>Dignus</strong></span> <span class='ocrx_word' id='word_1_108' title='bbox 918 1748 1010 1801; x_wconf 90' lang='lat' dir='ltr'><strong>est</strong></span> <span class='ocrx_word' id='word_1_109' title='bbox 1063 1742 1222 1803; x_wconf 90' lang='lat' dir='ltr'><strong>enim</strong></span> <span class='ocrx_word' id='word_1_110' title='bbox 1277 1744 1587 1825; x_wconf 83' lang='lat' dir='ltr'><strong>aperarius</strong></span> <span class='ocrx_word' id='word_1_111' title='bbox 1652 1744 1933 1809; x_wconf 88' lang='lat' dir='ltr'><strong>mercede</strong></span> 
     </span>
    </p>
   </div>
   <div class='ocr_carea' id='block_1_20' title="bbox 284 1826 1932 1915">
    <p class='ocr_par' dir='ltr' id='par_1_20' title="bbox 284 1826 1932 1915">
     <span class='ocr_line' id='line_1_20' title="bbox 284 1826 1932 1915; baseline 0.007 -29"><span class='ocrx_word' id='word_1_112' title='bbox 284 1843 392 1887; x_wconf 87' lang='lat' dir='ltr'><strong>sua</strong></span> <span class='ocrx_word' id='word_1_113' title='bbox 418 1826 502 1886; x_wconf 81' lang='grc'><strong>80.</strong></span> <span class='ocrx_word' id='word_1_114' title='bbox 539 1850 563 1885; x_wconf 75' lang='grc' dir='ltr'><strong>ι</strong></span> <span class='ocrx_word' id='word_1_115' title='bbox 599 1826 728 1889; x_wconf 87' lang='lat' dir='ltr'><strong>Non</strong></span> <span class='ocrx_word' id='word_1_116' title='bbox 758 1830 837 1891; x_wconf 81' lang='lat' dir='ltr'><strong>sit</strong></span> <span class='ocrx_word' id='word_1_117' title='bbox 865 1828 1230 1914; x_wconf 84' lang='lat' dir='ltr'><strong>luxuriosus,</strong></span> <span class='ocrx_word' id='word_1_118' title='bbox 1264 1852 1383 1895; x_wconf 91' lang='lat' dir='ltr'><strong>non</strong></span> <span class='ocrx_word' id='word_1_119' title='bbox 1413 1833 1703 1915; x_wconf 75' lang='lat' dir='ltr'><strong>impensae</strong></span> <span class='ocrx_word' id='word_1_120' title='bbox 1730 1854 1797 1897; x_wconf 89' lang='lat' dir='ltr'><strong>ac</strong></span> <span class='ocrx_word' id='word_1_121' title='bbox 1830 1854 1932 1898; x_wconf 91' lang='lat' dir='ltr'><strong>or-</strong></span> 
     </span>
    </p>
   </div>
   <div class='ocr_carea' id='block_1_21' title="bbox 2008 584 3664 676">
    <p class='ocr_par' dir='ltr' id='par_1_21' title="bbox 2008 584 3664 676">
     <span class='ocr_line' id='line_1_21' title="bbox 2008 584 3664 676; baseline 0.007 -35"><span class='ocrx_word' id='word_1_122' title='bbox 2008 584 2158 665; x_wconf 77' lang='grc' dir='ltr'>ἕχειν</span> <span class='ocrx_word' id='word_1_123' title='bbox 2227 585 2332 664; x_wconf 74' lang='grc' dir='ltr'>δεῖ,</span> <span class='ocrx_word' id='word_1_124' title='bbox 2390 590 2575 646; x_wconf 82' lang='grc' dir='ltr'>τούτου</span> <span class='ocrx_word' id='word_1_125' title='bbox 2616 592 2857 668; x_wconf 71' lang='grc' dir='ltr'>μιμητὰς</span> <span class='ocrx_word' id='word_1_126' title='bbox 2903 590 3025 670; x_wconf 82' lang='grc'>(50)</span> <span class='ocrx_word' id='word_1_127' title='bbox 3061 593 3203 650; x_wconf 77' lang='grc' dir='ltr'>εἶναι</span> <span class='ocrx_word' id='word_1_128' title='bbox 3234 594 3387 675; x_wconf 79' lang='grc'>(51),</span> <span class='ocrx_word' id='word_1_129' title='bbox 3443 610 3664 676; x_wconf 76' lang='grc' dir='ltr'>πραεῖς,</span> 
     </span>
    </p>
   </div>
   <div class='ocr_carea' id='block_1_22' title="bbox 2010 676 3668 761">
    <p class='ocr_par' dir='ltr' id='par_1_22' title="bbox 2010 676 3668 761">
     <span class='ocr_line' id='line_1_22' title="bbox 2010 676 3668 761; baseline 0.007 -32"><span class='ocrx_word' id='word_1_130' title='bbox 2010 676 2294 754; x_wconf 80' lang='grc' dir='ltr'>ἡσυχίους,</span> <span class='ocrx_word' id='word_1_131' title='bbox 2357 676 2788 758; x_wconf 80' lang='grc' dir='ltr'>εὖσπλάγχνους,</span> <span class='ocrx_word' id='word_1_132' title='bbox 2824 678 3142 757; x_wconf 75' lang='grc' dir='ltr'>ἐλεήμονας,</span> <span class='ocrx_word' id='word_1_133' title='bbox 3187 684 3508 761; x_wconf 77' lang='grc' dir='ltr'>εἷρηνικούς,</span> <span class='ocrx_word' id='word_1_134' title='bbox 3544 684 3668 761; x_wconf 82' lang='grc' dir='ltr'>ἆορ,</span> 
     </span>
    </p>
   </div>
   <div class='ocr_carea' id='block_1_23' title="bbox 2013 764 3668 848">
    <p class='ocr_par' dir='ltr' id='par_1_23' title="bbox 2013 764 3668 848">
     <span class='ocr_line' id='line_1_23' title="bbox 2013 764 3668 848; baseline 0.006 -28"><span class='ocrx_word' id='word_1_135' title='bbox 2013 766 2242 842; x_wconf 82' lang='grc' dir='ltr'>γήτους,</span> <span class='ocrx_word' id='word_1_136' title='bbox 2319 764 2679 843; x_wconf 81' lang='grc' dir='ltr'>διδακτικοὺς,</span> <span class='ocrx_word' id='word_1_137' title='bbox 2766 769 3227 848; x_wconf 81' lang='grc' dir='ltr'>ἐπιστρεπτικοὺς,</span> <span class='ocrx_word' id='word_1_138' title='bbox 3313 771 3668 839; x_wconf 79' lang='grc' dir='ltr'>εἷσδεκτικοῦς</span> 
     </span>
    </p>
   </div>
   <div class='ocr_carea' id='block_1_24' title="bbox 2013 854 3671 943">
    <p class='ocr_par' dir='ltr' id='par_1_24' title="bbox 2013 854 3671 943">
     <span class='ocr_line' id='line_1_24' title="bbox 2013 854 3671 943; baseline 0.005 -33"><span class='ocrx_word' id='word_1_139' title='bbox 2013 854 2473 936; x_wconf 75' lang='grc' dir='ltr'>παρακλητικοὺς,</span> <span class='ocrx_word' id='word_1_140' title='bbox 2536 858 2615 932; x_wconf 79' lang='grc' dir='ltr'>μὴ</span> <span class='ocrx_word' id='word_1_141' title='bbox 2673 856 2942 935; x_wconf 78' lang='grc' dir='ltr'>πλήκτας,</span> <span class='ocrx_word' id='word_1_142' title='bbox 2978 861 3055 935; x_wconf 75' lang='grc' dir='ltr'><strong>μὴ</strong></span> <span class='ocrx_word' id='word_1_143' title='bbox 3106 860 3371 943; x_wconf 80' lang='grc' dir='ltr'>ὀργίλους,</span> <span class='ocrx_word' id='word_1_144' title='bbox 3409 864 3487 937; x_wconf 77' lang='grc' dir='ltr'>μὴ</span> <span class='ocrx_word' id='word_1_145' title='bbox 3517 861 3671 941; x_wconf 78' lang='grc' dir='ltr'>ὑϐρι-</span> 
     </span>
    </p>
   </div>
   <div class='ocr_carea' id='block_1_25' title="bbox 2015 944 3665 1033">
    <p class='ocr_par' dir='ltr' id='par_1_25' title="bbox 2015 944 3665 1033">
     <span class='ocr_line' id='line_1_25' title="bbox 2015 944 3665 1033; baseline 0.005 -32"><span class='ocrx_word' id='word_1_146' title='bbox 2015 946 2169 1021; x_wconf 80' lang='grc' dir='ltr'>στὰς,</span> <span class='ocrx_word' id='word_1_147' title='bbox 2235 946 2313 1022; x_wconf 76' lang='grc' dir='ltr'>μὴ</span> <span class='ocrx_word' id='word_1_148' title='bbox 2346 944 2628 1023; x_wconf 79' lang='grc' dir='ltr'>ἀλαζόνας,</span> <span class='ocrx_word' id='word_1_149' title='bbox 2664 950 2741 1024; x_wconf 80' lang='grc' dir='ltr'><strong>μὴ</strong></span> <span class='ocrx_word' id='word_1_150' title='bbox 2770 950 3177 1027; x_wconf 78' lang='grc' dir='ltr'>ῦπεροπτικοῦς,</span> <span class='ocrx_word' id='word_1_151' title='bbox 3213 952 3290 1029; x_wconf 79' lang='grc' dir='ltr'>μὴ</span> <span class='ocrx_word' id='word_1_152' title='bbox 3321 952 3665 1033; x_wconf 66' lang='grc' dir='ltr'>οἰνόφλυγας,</span> 
     </span>
    </p>
   </div>
   <div class='ocr_carea' id='block_1_26' title="bbox 2014 1036 3669 1123">
    <p class='ocr_par' dir='ltr' id='par_1_26' title="bbox 2014 1036 3669 1123">
     <span class='ocr_line' id='line_1_26' title="bbox 2014 1036 3669 1123; baseline 0.006 -32"><span class='ocrx_word' id='word_1_153' title='bbox 2014 1039 2096 1112; x_wconf 74' lang='grc' dir='ltr'>μὴ</span> <span class='ocrx_word' id='word_1_154' title='bbox 2151 1039 2429 1112; x_wconf 79' lang='grc' dir='ltr'><strong>μεθύσους,</strong></span> <span class='ocrx_word' id='word_1_155' title='bbox 2484 1039 2563 1113; x_wconf 80' lang='grc' dir='ltr'>μὴ</span> <span class='ocrx_word' id='word_1_156' title='bbox 2623 1036 3079 1121; x_wconf 84' lang='grc' dir='ltr'>εἶκαιοδαπάνους,</span> <span class='ocrx_word' id='word_1_157' title='bbox 3134 1042 3213 1116; x_wconf 77' lang='grc' dir='ltr'>μὴ</span> <span class='ocrx_word' id='word_1_158' title='bbox 3266 1044 3557 1123; x_wconf 72' lang='grc' dir='ltr'>τρυφητάς,</span> <span class='ocrx_word' id='word_1_159' title='bbox 3591 1044 3669 1117; x_wconf 77' lang='grc' dir='ltr'>μὴ</span> 
     </span>
    </p>
   </div>
   <div class='ocr_carea' id='block_1_27' title="bbox 2018 1125 3667 1210">
    <p class='ocr_par' dir='ltr' id='par_1_27' title="bbox 2018 1125 3667 1210">
     <span class='ocr_line' id='line_1_27' title="bbox 2018 1125 3667 1210; baseline 0.004 -27"><span class='ocrx_word' id='word_1_160' title='bbox 2018 1125 2447 1206; x_wconf 80' lang='grc' dir='ltr'>πολυδαπάνους,</span> <span class='ocrx_word' id='word_1_161' title='bbox 2506 1129 2584 1204; x_wconf 76' lang='grc' dir='ltr'>μὴ</span> <span class='ocrx_word' id='word_1_162' title='bbox 2644 1130 2717 1192; x_wconf 80' lang='grc' dir='ltr'><strong>ὼς</strong></span> <span class='ocrx_word' id='word_1_163' title='bbox 2776 1128 3069 1210; x_wconf 79' lang='grc' dir='ltr'>ἀλλοτρίοις</span> <span class='ocrx_word' id='word_1_164' title='bbox 3102 1129 3221 1187; x_wconf 85' lang='grc' dir='ltr'>ἀλλ’</span> <span class='ocrx_word' id='word_1_165' title='bbox 3255 1134 3327 1196; x_wconf 80' lang='grc' dir='ltr'>ὡς</span> <span class='ocrx_word' id='word_1_166' title='bbox 3360 1131 3505 1197; x_wconf 75' lang='grc' dir='ltr'>ἰδίοις</span> <span class='ocrx_word' id='word_1_167' title='bbox 3541 1134 3667 1198; x_wconf 75' lang='grc' dir='ltr'>τοῖς</span> 
     </span>
    </p>
   </div>
   <div class='ocr_carea' id='block_1_28' title="bbox 2014 1215 3667 1300">
    <p class='ocr_par' dir='ltr' id='par_1_28' title="bbox 2014 1215 3667 1300">
     <span class='ocr_line' id='line_1_28' title="bbox 2014 1215 3667 1300; baseline 0.004 -28"><span class='ocrx_word' id='word_1_168' title='bbox 2014 1223 2107 1275; x_wconf 91' lang='grc' dir='ltr'><strong>τοῦ</strong></span> <span class='ocrx_word' id='word_1_169' title='bbox 2162 1223 2292 1274; x_wconf 90' lang='grc' dir='ltr'>Θεοῦ</span> <span class='ocrx_word' id='word_1_170' title='bbox 2344 1215 2531 1293; x_wconf 88' lang='grc' dir='ltr'>δόμασι</span> <span class='ocrx_word' id='word_1_171' title='bbox 2587 1218 2926 1298; x_wconf 82' lang='grc' dir='ltr'>χρωμένους,</span> <span class='ocrx_word' id='word_1_172' title='bbox 2960 1222 3034 1285; x_wconf 82' lang='grc' dir='ltr'>ὡς</span> <span class='ocrx_word' id='word_1_173' title='bbox 3085 1221 3312 1300; x_wconf 81' lang='grc' dir='ltr'>ἀγαθοὺς</span> <span class='ocrx_word' id='word_1_174' title='bbox 3358 1223 3667 1298; x_wconf 77' lang='grc' dir='ltr'>οἰκονόμους</span> 
     </span>
    </p>
   </div>
   <div class='ocr_carea' id='block_1_29' title="bbox 2016 1307 3668 1393">
    <p class='ocr_par' dir='ltr' id='par_1_29' title="bbox 2016 1307 3668 1393">
     <span class='ocr_line' id='line_1_29' title="bbox 2016 1307 3668 1393; baseline 0.005 -31"><span class='ocrx_word' id='word_1_175' title='bbox 2016 1309 2376 1381; x_wconf 79' lang='grc' dir='ltr'><strong>καθεστῶτας,</strong></span> <span class='ocrx_word' id='word_1_176' title='bbox 2439 1308 2513 1371; x_wconf 86' lang='grc' dir='ltr'>ὡς</span> <span class='ocrx_word' id='word_1_177' title='bbox 2598 1307 2892 1382; x_wconf 85' lang='grc' dir='ltr'>μέλλοντας</span> <span class='ocrx_word' id='word_1_178' title='bbox 2952 1312 3291 1369; x_wconf 72' lang='grc' dir='ltr'><strong>ἀπαιτεῖσθαι</strong></span> <span class='ocrx_word' id='word_1_179' title='bbox 3372 1314 3515 1393; x_wconf 75' lang='grc' dir='ltr'>παρὰ</span> <span class='ocrx_word' id='word_1_180' title='bbox 3576 1320 3668 1371; x_wconf 89' lang='grc' dir='ltr'><strong>τοῦ</strong></span> 
     </span>
    </p>
   </div>
   <div class='ocr_carea' id='block_1_30' title="bbox 2018 1395 3665 1482">
    <p class='ocr_par' dir='ltr' id='par_1_30' title="bbox 2018 1395 3665 1482">
     <span class='ocr_line' id='line_1_30' title="bbox 2018 1395 3665 1482; baseline 0.004 -29"><span class='ocrx_word' id='word_1_181' title='bbox 2018 1403 2149 1453; x_wconf 90' lang='grc' dir='ltr'>Θεοῦ</span> <span class='ocrx_word' id='word_1_182' title='bbox 2209 1396 2301 1453; x_wconf 79' lang='grc' dir='ltr'>τὸν</span> <span class='ocrx_word' id='word_1_183' title='bbox 2359 1395 2541 1477; x_wconf 84' lang='grc' dir='ltr'>λόγον.</span> <span class='ocrx_word' id='word_1_184' title='bbox 2580 1398 2826 1478; x_wconf 79' lang='grc' dir='ltr'>Αῦτάρκη</span> <span class='ocrx_word' id='word_1_185' title='bbox 2857 1398 3037 1480; x_wconf 79' lang='grc' dir='ltr'>ἐχέτω</span> <span class='ocrx_word' id='word_1_186' title='bbox 3079 1402 3301 1482; x_wconf 77' lang='grc' dir='ltr'>τροφὴν,</span> <span class='ocrx_word' id='word_1_187' title='bbox 3332 1404 3420 1459; x_wconf 84' lang='grc' dir='ltr'><strong>καὶ</strong></span> <span class='ocrx_word' id='word_1_188' title='bbox 3450 1405 3665 1481; x_wconf 75' lang='grc' dir='ltr'>ἀμφια-</span> 
     </span>
    </p>
   </div>
   <div class='ocr_carea' id='block_1_31' title="bbox 2016 1484 3669 1571">
    <p class='ocr_par' dir='ltr' id='par_1_31' title="bbox 2016 1484 3669 1571">
     <span class='ocr_line' id='line_1_31' title="bbox 2016 1484 3669 1571; baseline 0.005 -31"><span class='ocrx_word' id='word_1_189' title='bbox 2016 1486 2176 1562; x_wconf 84' lang='grc' dir='ltr'>σμόν,</span> <span class='ocrx_word' id='word_1_190' title='bbox 2238 1488 2267 1542; x_wconf 98' lang='lat'><strong>6</strong></span> <span class='ocrx_word' id='word_1_191' title='bbox 2329 1484 2640 1563; x_wconf 73' lang='grc' dir='ltr'>ἰπίσκοπος,</span> <span class='ocrx_word' id='word_1_192' title='bbox 2693 1490 2785 1545; x_wconf 85' lang='grc' dir='ltr'><strong>τὸν</strong></span> <span class='ocrx_word' id='word_1_193' title='bbox 2968 1491 3124 1571; x_wconf 79' lang='grc' dir='ltr'>χρείᾳ</span> <span class='ocrx_word' id='word_1_194' title='bbox 3162 1494 3250 1549; x_wconf 79' lang='grc' dir='ltr'>καὶ</span> <span class='ocrx_word' id='word_1_195' title='bbox 3280 1498 3349 1569; x_wconf 73' lang='grc' dir='ltr'>τῇ</span> <span class='ocrx_word' id='word_1_196' title='bbox 3378 1492 3669 1567; x_wconf 80' lang='grc' dir='ltr'>σεμνότητι</span> 
     </span>
    </p>
   </div>
   <div class='ocr_carea' id='block_1_32' title="bbox 2017 1577 3665 1661">
    <p class='ocr_par' dir='ltr' id='par_1_32' title="bbox 2017 1577 3665 1661">
     <span class='ocr_line' id='line_1_32' title="bbox 2017 1577 3665 1661; baseline 0.005 -30"><span class='ocrx_word' id='word_1_197' title='bbox 2017 1577 2381 1655; x_wconf 75' lang='grc' dir='ltr'>προσήκοντα·</span> <span class='ocrx_word' id='word_1_198' title='bbox 2433 1578 2510 1652; x_wconf 77' lang='grc' dir='ltr'>μὴ</span> <span class='ocrx_word' id='word_1_199' title='bbox 2572 1591 2695 1641; x_wconf 78' lang='grc' dir='ltr'>τοῖς</span> <span class='ocrx_word' id='word_1_200' title='bbox 2747 1588 3037 1651; x_wconf 81' lang='grc' dir='ltr'>Κυριακοϊς</span> <span class='ocrx_word' id='word_1_201' title='bbox 3107 1582 3180 1646; x_wconf 85' lang='grc' dir='ltr'>ὡς</span> <span class='ocrx_word' id='word_1_202' title='bbox 3240 1580 3535 1661; x_wconf 80' lang='grc' dir='ltr'>ἀλλοτρίοις</span> <span class='ocrx_word' id='word_1_203' title='bbox 3568 1604 3665 1639; x_wconf 84' lang='grc' dir='ltr'>κε-</span> 
     </span>
    </p>
   </div>
   <div class='ocr_carea' id='block_1_33' title="bbox 2016 1664 3666 1751">
    <p class='ocr_par' dir='ltr' id='par_1_33' title="bbox 2016 1664 3666 1751">
     <span class='ocr_line' id='line_1_33' title="bbox 2016 1664 3666 1751; baseline 0.005 -30"><span class='ocrx_word' id='word_1_204' title='bbox 2016 1667 2263 1747; x_wconf 80' lang='grc' dir='ltr'>χρήσθω,</span> <span class='ocrx_word' id='word_1_205' title='bbox 2352 1664 2489 1722; x_wconf 86' lang='grc' dir='ltr'><strong>ἀλλά</strong></span> <span class='ocrx_word' id='word_1_206' title='bbox 2538 1667 2983 1748; x_wconf 84' lang='grc' dir='ltr'>μεμετρημένως.</span> <span class='ocrx_word' id='word_1_207' title='bbox 3024 1691 3047 1725; x_wconf 70' lang='grc' dir='ltr'>ι</span> <span class='ocrx_word' id='word_1_208' title='bbox 3087 1668 3279 1736; x_wconf 62' lang='grc' dir='ltr'>’Ἄξιος</span> <span class='ocrx_word' id='word_1_209' title='bbox 3301 1672 3401 1751; x_wconf 76' lang='grc' dir='ltr'><strong>γὰρ</strong></span> <span class='ocrx_word' id='word_1_210' title='bbox 3445 1673 3473 1729; x_wconf 89' lang='lat'><strong>6</strong></span> <span class='ocrx_word' id='word_1_211' title='bbox 3504 1671 3666 1749; x_wconf 76' lang='grc' dir='ltr'>ἐργά-</span> 
     </span>
    </p>
   </div>
   <div class='ocr_carea' id='block_1_34' title="bbox 2014 1759 3667 1843">
    <p class='ocr_par' dir='ltr' id='par_1_34' title="bbox 2014 1759 3667 1843">
     <span class='ocr_line' id='line_1_34' title="bbox 2014 1759 3667 1843; baseline 0.007 -32"><span class='ocrx_word' id='word_1_212' title='bbox 2014 1778 2115 1822; x_wconf 89' lang='grc' dir='ltr'><strong>της</strong></span> <span class='ocrx_word' id='word_1_213' title='bbox 2163 1763 2257 1813; x_wconf 89' lang='grc' dir='ltr'><strong>τοῦ</strong></span> <span class='ocrx_word' id='word_1_214' title='bbox 2301 1760 2490 1833; x_wconf 81' lang='grc' dir='ltr'>μισθοῦ</span> <span class='ocrx_word' id='word_1_215' title='bbox 2518 1759 2676 1815; x_wconf 78' lang='grc' dir='ltr'>αὐτοῦ</span> <span class='ocrx_word' id='word_1_216' title='bbox 2710 1767 2846 1820; x_wconf 81' lang='grc' dir='ltr'>ἐστι.</span> <span class='ocrx_word' id='word_1_217' title='bbox 2881 1779 2909 1819; x_wconf 71' lang='grc' dir='ltr'><strong><em>ι</em></strong></span> <span class='ocrx_word' id='word_1_218' title='bbox 2960 1760 3049 1828; x_wconf 76' lang='grc' dir='ltr'><strong>Μὴ</strong></span> <span class='ocrx_word' id='word_1_219' title='bbox 3080 1760 3349 1828; x_wconf 86' lang='grc' dir='ltr'>σπάταλος</span> <span class='ocrx_word' id='word_1_220' title='bbox 3404 1760 3557 1843; x_wconf 77' lang='grc'>(52),</span> <span class='ocrx_word' id='word_1_221' title='bbox 3591 1764 3667 1839; x_wconf 78' lang='grc' dir='ltr'>μὴ</span> 
     </span>
    </p>
   </div>
   <div class='ocr_carea' id='block_1_35' title="bbox 2016 1845 3669 1933">
    <p class='ocr_par' dir='ltr' id='par_1_35' title="bbox 2016 1845 3669 1933">
     <span class='ocr_line' id='line_1_35' title="bbox 2016 1845 3669 1933; baseline 0.005 -31"><span class='ocrx_word' id='word_1_222' title='bbox 2016 1845 2303 1927; x_wconf 87' lang='grc' dir='ltr'>πέρπερος,</span> <span class='ocrx_word' id='word_1_223' title='bbox 2351 1846 2489 1903; x_wconf 85' lang='grc' dir='ltr'><strong>ἀλλά</strong></span> <span class='ocrx_word' id='word_1_224' title='bbox 2556 1849 2733 1923; x_wconf 86' lang='grc' dir='ltr'>μόνων</span> <span class='ocrx_word' id='word_1_225' title='bbox 2778 1846 2902 1931; x_wconf 89' lang='grc'>(53)</span> <span class='ocrx_word' id='word_1_226' title='bbox 2952 1853 3057 1907; x_wconf 90' lang='grc' dir='ltr'><strong>τῶν</strong></span> <span class='ocrx_word' id='word_1_227' title='bbox 3090 1851 3221 1931; x_wconf 80' lang='grc' dir='ltr'>πρὸς</span> <span class='ocrx_word' id='word_1_228' title='bbox 3252 1852 3501 1909; x_wconf 81' lang='grc' dir='ltr'>σύστασιν</span> <span class='ocrx_word' id='word_1_229' title='bbox 3523 1851 3669 1933; x_wconf 52' lang='lat' dir='ltr'><strong>tete&quot;</strong></span> 
     </span>
    </p>
   </div>
   <div class='ocr_carea' id='block_1_36' title="bbox 285 1917 2196 2022">
    <p class='ocr_par' dir='ltr' id='par_1_36' title="bbox 285 1917 2196 2022">
     <span class='ocr_line' id='line_1_36' title="bbox 285 1917 2196 2022; baseline 0.009 -45"><span class='ocrx_word' id='word_1_230' title='bbox 285 1923 457 1978; x_wconf 91' lang='lat' dir='ltr'><strong>natus</strong></span> <span class='ocrx_word' id='word_1_231' title='bbox 480 1917 758 2000; x_wconf 93' lang='lat' dir='ltr'><strong>cupidus,</strong></span> <span class='ocrx_word' id='word_1_232' title='bbox 782 1918 889 1983; x_wconf 76' lang='lat' dir='ltr'><strong>sed</strong></span> <span class='ocrx_word' id='word_1_233' title='bbox 920 1922 1394 1985; x_wconf 91' lang='lat' dir='ltr'><strong>necessariarum</strong></span> <span class='ocrx_word' id='word_1_234' title='bbox 1420 1924 1703 1987; x_wconf 85' lang='lat' dir='ltr'><strong>duntaxat</strong></span> <span class='ocrx_word' id='word_1_235' title='bbox 1726 1943 1929 1987; x_wconf 89' lang='lat' dir='ltr'><strong>rerum</strong></span> <span class='ocrx_word' id='word_1_236' title='bbox 1955 1970 1995 2022; x_wconf 71' lang='grc' dir='ltr'><strong>Β</strong></span> <span class='ocrx_word' id='word_1_237' title='bbox 2016 1917 2196 2013; x_wconf 43' lang='lat' dir='ltr'><strong>ad“;</strong></span> 
     </span>
    </p>
   </div>
   <div class='ocr_carea' id='block_1_37' title="bbox 280 2014 588 2088">
    <p class='ocr_par' dir='ltr' id='par_1_37' title="bbox 280 2014 588 2088">
     <span class='ocr_line' id='line_1_37' title="bbox 280 2014 588 2088; baseline 0.003 -20"><span class='ocrx_word' id='word_1_238' title='bbox 280 2014 588 2088; x_wconf 84' lang='lat' dir='ltr'><strong>appetens.</strong></span> 
     </span>
    </p>
   </div>
   <div class='ocr_carea' id='block_1_38' title="bbox 869 2098 1336 2166">
    <p class='ocr_par' dir='ltr' id='par_1_38' title="bbox 869 2098 1336 2166">
     <span class='ocr_line' id='line_1_38' title="bbox 869 2098 1336 2166; baseline -0.002 -2"><span class='ocrx_word' id='word_1_239' title='bbox 869 2098 1119 2164; x_wconf 83' lang='lat' dir='ltr'><strong>CAPUT</strong></span> <span class='ocrx_word' id='word_1_240' title='bbox 1162 2099 1336 2166; x_wconf 83' lang='lat' dir='ltr'><strong>XXV.</strong></span> 
     </span>
    </p>
   </div>
   <div class='ocr_carea' id='block_1_39' title="bbox 291 2185 1940 2277">
    <p class='ocr_par' dir='ltr' id='par_1_39' title="bbox 291 2185 1940 2277">
     <span class='ocr_line' id='line_1_39' title="bbox 291 2185 1940 2277; baseline 0.005 -28"><span class='ocrx_word' id='word_1_241' title='bbox 291 2185 379 2249; x_wconf 85' lang='lat' dir='ltr'><strong>De</strong></span> <span class='ocrx_word' id='word_1_242' title='bbox 398 2186 721 2268; x_wconf 66' lang='lat' dir='ltr'><strong>primitiis,</strong></span> <span class='ocrx_word' id='word_1_243' title='bbox 755 2194 813 2253; x_wconf 82' lang='lat' dir='ltr'><strong>et</strong></span> <span class='ocrx_word' id='word_1_244' title='bbox 842 2190 1098 2255; x_wconf 69' lang='lat' dir='ltr'><strong>decimis</strong></span> <span class='ocrx_word' id='word_1_245' title='bbox 1120 2210 1136 2269; x_wconf 90' lang='lat'><strong>;</strong></span> <span class='ocrx_word' id='word_1_246' title='bbox 1158 2202 1215 2255; x_wconf 83' lang='lat' dir='ltr'><strong>et</strong></span> <span class='ocrx_word' id='word_1_247' title='bbox 1242 2211 1360 2273; x_wconf 83' lang='lat' dir='ltr'><strong>quo</strong></span> <span class='ocrx_word' id='word_1_248' title='bbox 1388 2195 1566 2257; x_wconf 83' lang='lat' dir='ltr'><strong>modo</strong></span> <span class='ocrx_word' id='word_1_249' title='bbox 1586 2196 1789 2257; x_wconf 78' lang='lat' dir='ltr'><strong>debeat</strong></span> <span class='ocrx_word' id='word_1_250' title='bbox 1818 2196 1940 2277; x_wconf 73' lang='lat' dir='ltr'><strong>epi-</strong></span> 
     </span>
    </p>
   </div>
   <div class='ocr_carea' id='block_1_40' title="bbox 367 2278 1940 2365">
    <p class='ocr_par' dir='ltr' id='par_1_40' title="bbox 367 2278 1940 2365">
     <span class='ocr_line' id='line_1_40' title="bbox 367 2278 1940 2365; baseline 0.004 -25"><span class='ocrx_word' id='word_1_251' title='bbox 367 2294 606 2358; x_wconf 75' lang='lat' dir='ltr'><strong>scopus,</strong></span> <span class='ocrx_word' id='word_1_252' title='bbox 633 2296 709 2343; x_wconf 78' lang='lat' dir='ltr'><strong>ea:</strong></span> <span class='ocrx_word' id='word_1_253' title='bbox 728 2281 820 2342; x_wconf 73' lang='lat' dir='ltr'><strong>eis</strong></span> <span class='ocrx_word' id='word_1_254' title='bbox 838 2278 936 2343; x_wconf 83' lang='lat' dir='ltr'><strong>vel</strong></span> <span class='ocrx_word' id='word_1_255' title='bbox 960 2282 1086 2362; x_wconf 79' lang='lat' dir='ltr'><strong>ipse</strong></span> <span class='ocrx_word' id='word_1_256' title='bbox 1112 2285 1406 2365; x_wconf 81' lang='lat' dir='ltr'><strong>accipere,</strong></span> <span class='ocrx_word' id='word_1_257' title='bbox 1438 2286 1535 2347; x_wconf 78' lang='lat' dir='ltr'><strong>vel</strong></span> <span class='ocrx_word' id='word_1_258' title='bbox 1564 2284 1705 2347; x_wconf 78' lang='lat' dir='ltr'><strong>aliis</strong></span> <span class='ocrx_word' id='word_1_259' title='bbox 1734 2285 1940 2347; x_wconf 78' lang='lat' dir='ltr'><strong>distri-</strong></span> 
     </span>
    </p>
   </div>
   <div class='ocr_carea' id='block_1_41' title="bbox 366 2367 568 2432">
    <p class='ocr_par' dir='ltr' id='par_1_41' title="bbox 366 2367 568 2432">
     <span class='ocr_line' id='line_1_41' title="bbox 366 2367 568 2432; baseline 0.025 -5"><span class='ocrx_word' id='word_1_260' title='bbox 366 2367 568 2432; x_wconf 84' lang='lat' dir='ltr'><strong>buere.</strong></span> 
     </span>
    </p>
   </div>
   <div class='ocr_carea' id='block_1_42' title="bbox 368 2455 1937 2545">
    <p class='ocr_par' dir='ltr' id='par_1_42' title="bbox 368 2455 1937 2545">
     <span class='ocr_line' id='line_1_42' title="bbox 368 2455 1937 2545; baseline 0.006 -28"><span class='ocrx_word' id='word_1_261' title='bbox 368 2455 645 2519; x_wconf 86' lang='lat' dir='ltr'><strong>Decimas</strong></span> <span class='ocrx_word' id='word_1_262' title='bbox 676 2465 735 2521; x_wconf 90' lang='lat' dir='ltr'><strong>et</strong></span> <span class='ocrx_word' id='word_1_263' title='bbox 763 2458 1075 2545; x_wconf 85' lang='lat' dir='ltr'><strong>primitias,</strong></span> <span class='ocrx_word' id='word_1_264' title='bbox 1103 2481 1236 2544; x_wconf 76' lang='lat' dir='ltr'><strong>quae</strong></span> <span class='ocrx_word' id='word_1_265' title='bbox 1250 2464 1421 2545; x_wconf 83' lang='lat' dir='ltr'><strong>juxta</strong></span> <span class='ocrx_word' id='word_1_266' title='bbox 1452 2464 1561 2529; x_wconf 90' lang='lat' dir='ltr'><strong>Dei</strong></span> <span class='ocrx_word' id='word_1_267' title='bbox 1593 2465 1937 2527; x_wconf 86' lang='lat' dir='ltr'><strong>mandatum</strong></span> 
     </span>
    </p>
   </div>
   <div class='ocr_carea' id='block_1_43' title="bbox 289 2553 1941 2636">
    <p class='ocr_par' dir='ltr' id='par_1_43' title="bbox 289 2553 1941 2636">
     <span class='ocr_line' id='line_1_43' title="bbox 289 2553 1941 2636; baseline 0.005 -27"><span class='ocrx_word' id='word_1_268' title='bbox 289 2555 630 2627; x_wconf 77' lang='lat' dir='ltr'><strong>erogantur,</strong></span> <span class='ocrx_word' id='word_1_269' title='bbox 657 2559 993 2634; x_wconf 86' lang='lat' dir='ltr'><strong>consumat,</strong></span> <span class='ocrx_word' id='word_1_270' title='bbox 1016 2559 1079 2614; x_wconf 94' lang='lat' dir='ltr'><strong>ut</strong></span> <span class='ocrx_word' id='word_1_271' title='bbox 1097 2553 1402 2617; x_wconf 89' lang='lat' dir='ltr'><strong>hominem</strong></span> <span class='ocrx_word' id='word_1_272' title='bbox 1431 2556 1539 2619; x_wconf 87' lang='lat' dir='ltr'><strong>Dei</strong></span> <span class='ocrx_word' id='word_1_273' title='bbox 1564 2555 1775 2633; x_wconf 81' lang='lat' dir='ltr'><strong>decet;</strong></span> <span class='ocrx_word' id='word_1_274' title='bbox 1809 2573 1941 2636; x_wconf 69' lang='lat' dir='ltr'><strong>quae</strong></span> 
     </span>
    </p>
   </div>
   <div class='ocr_carea' id='block_1_44' title="bbox 288 2644 1937 2725">
    <p class='ocr_par' dir='ltr' id='par_1_44' title="bbox 288 2644 1937 2725">
     <span class='ocr_line' id='line_1_44' title="bbox 288 2644 1937 2725; baseline 0.004 -24"><span class='ocrx_word' id='word_1_275' title='bbox 288 2656 469 2701; x_wconf 90' lang='lat' dir='ltr'><strong>causa</strong></span> <span class='ocrx_word' id='word_1_276' title='bbox 499 2656 826 2721; x_wconf 91' lang='lat' dir='ltr'><strong>pauperum</strong></span> <span class='ocrx_word' id='word_1_277' title='bbox 859 2648 1073 2722; x_wconf 89' lang='lat' dir='ltr'><strong>sponte</strong></span> <span class='ocrx_word' id='word_1_278' title='bbox 1102 2644 1517 2722; x_wconf 80' lang='lat' dir='ltr'><strong>conferuntur,</strong></span> <span class='ocrx_word' id='word_1_279' title='bbox 1539 2658 1705 2707; x_wconf 87' lang='lat' dir='ltr'><strong>recte</strong></span> <span class='ocrx_word' id='word_1_280' title='bbox 1735 2645 1796 2706; x_wconf 90' lang='lat' dir='ltr'><strong>in</strong></span> <span class='ocrx_word' id='word_1_281' title='bbox 1828 2664 1937 2725; x_wconf 83' lang='lat' dir='ltr'><strong>pu-</strong></span> 
     </span>
    </p>
   </div>
   <div class='ocr_carea' id='block_1_45' title="bbox 289 2727 1939 2817">
    <p class='ocr_par' dir='ltr' id='par_1_45' title="bbox 289 2727 1939 2817">
     <span class='ocr_line' id='line_1_45' title="bbox 289 2727 1939 2817; baseline 0.004 -28"><span class='ocrx_word' id='word_1_282' title='bbox 289 2727 491 2810; x_wconf 90' lang='lat' dir='ltr'><strong>pillos,</strong></span> <span class='ocrx_word' id='word_1_283' title='bbox 527 2730 754 2807; x_wconf 83' lang='lat' dir='ltr'><strong>viduas,</strong></span> <span class='ocrx_word' id='word_1_284' title='bbox 784 2730 1058 2809; x_wconf 82' lang='lat' dir='ltr'><strong>afﬂictos,</strong></span> <span class='ocrx_word' id='word_1_285' title='bbox 1092 2741 1151 2795; x_wconf 90' lang='lat' dir='ltr'><strong>et</strong></span> <span class='ocrx_word' id='word_1_286' title='bbox 1180 2735 1534 2816; x_wconf 84' lang='lat' dir='ltr'><strong>peregrinos</strong></span> <span class='ocrx_word' id='word_1_287' title='bbox 1569 2737 1779 2817; x_wconf 89' lang='lat' dir='ltr'><strong>inopes</strong></span> <span class='ocrx_word' id='word_1_288' title='bbox 1811 2734 1939 2796; x_wconf 87' lang='lat' dir='ltr'><strong>dis-</strong></span> 
     </span>
    </p>
   </div>
   <div class='ocr_carea' id='block_1_46' title="bbox 291 2818 1943 2906">
    <p class='ocr_par' dir='ltr' id='par_1_46' title="bbox 291 2818 1943 2906">
     <span class='ocr_line' id='line_1_46' title="bbox 291 2818 1943 2906; baseline 0.004 -28"><span class='ocrx_word' id='word_1_289' title='bbox 291 2826 528 2900; x_wconf 87' lang='lat' dir='ltr'><strong>penset,</strong></span> <span class='ocrx_word' id='word_1_290' title='bbox 560 2818 740 2895; x_wconf 85' lang='lat' dir='ltr'><strong>velut,</strong></span> <span class='ocrx_word' id='word_1_291' title='bbox 770 2819 869 2901; x_wconf 92' lang='lat' dir='ltr'><strong>qui</strong></span> <span class='ocrx_word' id='word_1_292' title='bbox 893 2820 1109 2885; x_wconf 87' lang='lat' dir='ltr'><strong>habeat</strong></span> <span class='ocrx_word' id='word_1_293' title='bbox 1135 2823 1347 2886; x_wconf 90' lang='lat' dir='ltr'><strong>horum</strong></span> <span class='ocrx_word' id='word_1_294' title='bbox 1383 2824 1823 2906; x_wconf 88' lang='lat' dir='ltr'><strong>impendiorum</strong></span> <span class='ocrx_word' id='word_1_295' title='bbox 1850 2841 1943 2886; x_wconf 89' lang='lat' dir='ltr'><strong>ra-</strong></span> 
     </span>
    </p>
   </div>
   <div class='ocr_carea' id='block_1_47' title="bbox 294 2906 1946 2997">
    <p class='ocr_par' dir='ltr' id='par_1_47' title="bbox 294 2906 1946 2997">
     <span class='ocr_line' id='line_1_47' title="bbox 294 2906 1946 2997; baseline 0.004 -28"><span class='ocrx_word' id='word_1_296' title='bbox 294 2906 711 2971; x_wconf 86' lang='lat' dir='ltr'><strong>tiocinatorem</strong></span> <span class='ocrx_word' id='word_1_297' title='bbox 736 2912 948 2989; x_wconf 88' lang='lat' dir='ltr'><strong>Deum,</strong></span> <span class='ocrx_word' id='word_1_298' title='bbox 974 2931 1009 2973; x_wconf 93' lang='lat' dir='ltr'><strong>a</strong></span> <span class='ocrx_word' id='word_1_299' title='bbox 1038 2932 1155 2991; x_wconf 89' lang='lat' dir='ltr'><strong>quo</strong></span> <span class='ocrx_word' id='word_1_300' title='bbox 1189 2914 1303 2996; x_wconf 90' lang='lat' dir='ltr'><strong>ipsi</strong></span> <span class='ocrx_word' id='word_1_301' title='bbox 1334 2916 1459 2977; x_wconf 58' lang='lat' dir='ltr'><strong>haec</strong></span> <span class='ocrx_word' id='word_1_302' title='bbox 1488 2914 1824 2997; x_wconf 85' lang='lat' dir='ltr'><strong>procuratio</strong></span> <span class='ocrx_word' id='word_1_303' title='bbox 1856 2921 1946 2976; x_wconf 89' lang='lat' dir='ltr'><strong>est</strong></span> 
     </span>
    </p>
   </div>
   <div class='ocr_carea' id='block_1_48' title="bbox 297 2998 1947 3086">
    <p class='ocr_par' dir='ltr' id='par_1_48' title="bbox 297 2998 1947 3086">
     <span class='ocr_line' id='line_1_48' title="bbox 297 2998 1947 3086; baseline 0.003 -27"><span class='ocrx_word' id='word_1_304' title='bbox 297 2998 638 3063; x_wconf 85' lang='lat' dir='ltr'><strong>commissa.</strong></span> <span class='ocrx_word' id='word_1_305' title='bbox 718 2998 873 3073; x_wconf 88' lang='lat' dir='ltr'><strong>Quin</strong></span> <span class='ocrx_word' id='word_1_306' title='bbox 948 3002 1151 3080; x_wconf 87' lang='lat' dir='ltr'><strong>etiam,</strong></span> <span class='ocrx_word' id='word_1_307' title='bbox 1210 3025 1244 3067; x_wconf 96' lang='lat' dir='ltr'><strong>o</strong></span> <span class='ocrx_word' id='word_1_308' title='bbox 1317 3005 1606 3086; x_wconf 88' lang='lat' dir='ltr'><strong>episcopi,</strong></span> <span class='ocrx_word' id='word_1_309' title='bbox 1666 3003 1947 3065; x_wconf 83' lang='lat' dir='ltr'><strong>omnibus</strong></span> 
     </span>
    </p>
   </div>
   <div class='ocr_carea' id='block_1_49' title="bbox 299 3088 1947 3179">
    <p class='ocr_par' dir='ltr' id='par_1_49' title="bbox 299 3088 1947 3179">
     <span class='ocr_line' id='line_1_49' title="bbox 299 3088 1947 3179; baseline 0.002 -28"><span class='ocrx_word' id='word_1_310' title='bbox 299 3088 612 3179; x_wconf 75' lang='lat' dir='ltr'><strong>egentibus</strong></span> <span class='ocrx_word' id='word_1_311' title='bbox 647 3091 816 3172; x_wconf 86' lang='lat' dir='ltr'><strong>juste</strong></span> <span class='ocrx_word' id='word_1_312' title='bbox 865 3092 1331 3179; x_wconf 87' lang='lat' dir='ltr'><strong>dispertientes;</strong></span> <span class='ocrx_word' id='word_1_313' title='bbox 1374 3106 1435 3158; x_wconf 83' lang='lat' dir='ltr'><strong>et</strong></span> <span class='ocrx_word' id='word_1_314' title='bbox 1477 3096 1593 3178; x_wconf 89' lang='lat' dir='ltr'><strong>ipsi</strong></span> <span class='ocrx_word' id='word_1_315' title='bbox 1621 3094 1947 3157; x_wconf 81' lang='lat' dir='ltr'><strong>Dominicis</strong></span> 
     </span>
    </p>
   </div>
   <div class='ocr_carea' id='block_1_50' title="bbox 2566 2118 3145 2182">
    <p class='ocr_par' dir='ltr' id='par_1_50' title="bbox 2566 2118 3145 2182">
     <span class='ocr_line' id='line_1_50' title="bbox 2566 2118 3145 2182; baseline 0.007 -5"><span class='ocrx_word' id='word_1_316' title='bbox 2566 2124 2956 2177; x_wconf 74' lang='grc' dir='ltr'><strong>ΚΕΦΑΛΑὶΟΝ</strong></span> <span class='ocrx_word' id='word_1_317' title='bbox 3018 2118 3145 2182; x_wconf 79' lang='lat' dir='ltr'><strong>KE’.</strong></span> 
     </span>
    </p>
   </div>
   <div class='ocr_carea' id='block_1_51' title="bbox 2020 2204 3634 2358">
    <p class='ocr_par' dir='ltr' id='par_1_51' title="bbox 2020 2204 3634 2358">
     <span class='ocr_line' id='line_1_51' title="bbox 2020 2204 3634 2285; baseline 0.007 -26"><span class='ocrx_word' id='word_1_318' title='bbox 2020 2205 2145 2283; x_wconf 85' lang='grc' dir='ltr'>Περὶ</span> <span class='ocrx_word' id='word_1_319' title='bbox 2204 2204 2468 2285; x_wconf 80' lang='grc' dir='ltr'>ἀπαρχῶν</span> <span class='ocrx_word' id='word_1_320' title='bbox 2545 2207 2635 2263; x_wconf 84' lang='grc' dir='ltr'><strong>καὶ</strong></span> <span class='ocrx_word' id='word_1_321' title='bbox 2694 2204 2953 2281; x_wconf 83' lang='grc' dir='ltr'>δεκατῶν,</span> <span class='ocrx_word' id='word_1_322' title='bbox 3014 2210 3100 2264; x_wconf 88' lang='grc' dir='ltr'><strong>καὶ</strong></span> <span class='ocrx_word' id='word_1_323' title='bbox 3157 2208 3306 2275; x_wconf 78' lang='grc' dir='ltr'>ὅπως</span> <span class='ocrx_word' id='word_1_324' title='bbox 3365 2212 3392 2267; x_wconf 89' lang='grc' dir='ltr'>ὁ</span> <span class='ocrx_word' id='word_1_325' title='bbox 3436 2211 3634 2270; x_wconf 85' lang='grc' dir='ltr'>είλειὸ</span> 
     </span>
     <span class='ocr_line' id='line_1_52' title="bbox 2103 2238 3634 2358; baseline 0.008 -19"><span class='ocrx_word' id='word_1_326' title='bbox 2103 2283 2417 2358; x_wconf 79' lang='grc' dir='ltr'>ἐπίσκοπος,</span> <span class='ocrx_word' id='word_1_327' title='bbox 2518 2286 2552 2355; x_wconf 76' lang='grc' dir='ltr'><strong>ἢ</strong></span> <span class='ocrx_word' id='word_1_328' title='bbox 2620 2287 2776 2352; x_wconf 71' lang='grc' dir='ltr'>αὐτὸς</span> <span class='ocrx_word' id='word_1_329' title='bbox 2864 2286 3293 2358; x_wconf 81' lang='grc' dir='ltr'>μεταλαμϐάνειν</span> <span class='ocrx_word' id='word_1_330' title='bbox 3367 2238 3431 2358; x_wconf 54' lang='grc' dir='ltr'><strong>ἐξ</strong></span> <span class='ocrx_word' id='word_1_331' title='bbox 3481 2293 3634 2351; x_wconf 64' lang='grc' dir='ltr'>αῦτῶτ</span> 
     </span>
    </p>
   </div>
   <div class='ocr_carea' id='block_1_52' title="bbox 2103 2283 3679 2367">
    <p class='ocr_par' dir='ltr' id='par_1_52' title="bbox 2103 2283 3679 2367">
     <span class='ocr_line' id='line_1_53' title="bbox 2103 2283 3679 2367; baseline 0.006 -28"><span class='ocrx_word' id='word_1_332' title='bbox 2103 2283 2438 2367; x_wconf 52' lang='grc' dir='ltr'>έπίσκοπος,</span> <span class='ocrx_word' id='word_1_333' title='bbox 2518 2286 2552 2355; x_wconf 76' lang='grc' dir='ltr'><strong>ἢ</strong></span> <span class='ocrx_word' id='word_1_334' title='bbox 2620 2287 2776 2352; x_wconf 71' lang='grc' dir='ltr'>αὐτὸς</span> <span class='ocrx_word' id='word_1_335' title='bbox 2864 2286 3293 2366; x_wconf 81' lang='grc' dir='ltr'>μεταλαμϐάνειν</span> <span class='ocrx_word' id='word_1_336' title='bbox 3367 2283 3420 2358; x_wconf 73' lang='grc' dir='ltr'><strong>ἐξ</strong></span> <span class='ocrx_word' id='word_1_337' title='bbox 3481 2293 3679 2367; x_wconf 69' lang='grc' dir='ltr'>αὐτῶν,</span> 
     </span>
    </p>
   </div>
   <div class='ocr_carea' id='block_1_53' title="bbox 2102 2364 2704 2444">
    <p class='ocr_par' dir='ltr' id='par_1_53' title="bbox 2102 2364 2704 2444">
     <span class='ocr_line' id='line_1_54' title="bbox 2102 2364 2704 2444; baseline 0.005 -22"><span class='ocrx_word' id='word_1_338' title='bbox 2102 2364 2138 2432; x_wconf 74' lang='grc' dir='ltr'><strong>ἦ</strong></span> <span class='ocrx_word' id='word_1_339' title='bbox 2189 2365 2387 2444; x_wconf 67' lang='grc' dir='ltr'>ἑτέροις</span> <span class='ocrx_word' id='word_1_340' title='bbox 2402 2364 2704 2443; x_wconf 78' lang='grc' dir='ltr'>διανέμειν.</span> 
     </span>
    </p>
   </div>
   <div class='ocr_carea' id='block_1_54' title="bbox 2101 2454 3682 2527">
    <p class='ocr_par' dir='ltr' id='par_1_54' title="bbox 2101 2454 3682 2527">
     <span class='ocr_line' id='line_1_55' title="bbox 2101 2454 3682 2527; baseline 0.005 -16"><span class='ocrx_word' id='word_1_341' title='bbox 2101 2456 2171 2516; x_wconf 77' lang='grc' dir='ltr'><strong>Τὰ</strong></span> <span class='ocrx_word' id='word_1_342' title='bbox 2220 2454 2467 2527; x_wconf 77' lang='grc' dir='ltr'>διδόμενα</span> <span class='ocrx_word' id='word_1_343' title='bbox 2496 2456 2617 2513; x_wconf 89' lang='grc' dir='ltr'>κατ’</span> <span class='ocrx_word' id='word_1_344' title='bbox 2642 2456 2865 2524; x_wconf 71' lang='grc' dir='ltr'>ἓντολὴν</span> <span class='ocrx_word' id='word_1_345' title='bbox 2899 2462 3030 2516; x_wconf 85' lang='grc' dir='ltr'>Θεοῦ</span> <span class='ocrx_word' id='word_1_346' title='bbox 3055 2466 3163 2517; x_wconf 90' lang='grc' dir='ltr'><strong>τῶν</strong></span> <span class='ocrx_word' id='word_1_347' title='bbox 3191 2458 3426 2519; x_wconf 75' lang='grc' dir='ltr'>δεκατῶν</span> <span class='ocrx_word' id='word_1_348' title='bbox 3457 2464 3543 2520; x_wconf 85' lang='grc' dir='ltr'><strong>καὶ</strong></span> <span class='ocrx_word' id='word_1_349' title='bbox 3575 2472 3682 2521; x_wconf 90' lang='grc' dir='ltr'><strong>τῶν</strong></span> 
     </span>
    </p>
   </div>
   <div class='ocr_carea' id='block_1_55' title="bbox 2026 2545 3682 2635">
    <p class='ocr_par' dir='ltr' id='par_1_55' title="bbox 2026 2545 3682 2635">
     <span class='ocr_line' id='line_1_56' title="bbox 2026 2545 3682 2635; baseline 0.007 -35"><span class='ocrx_word' id='word_1_350' title='bbox 2026 2545 2314 2627; x_wconf 85' lang='grc' dir='ltr'>ἀπαρχῶν,</span> <span class='ocrx_word' id='word_1_351' title='bbox 2378 2548 2453 2611; x_wconf 83' lang='grc' dir='ltr'><strong>ὡς</strong></span> <span class='ocrx_word' id='word_1_352' title='bbox 2486 2553 2615 2604; x_wconf 89' lang='grc' dir='ltr'>Θεοῦ</span> <span class='ocrx_word' id='word_1_353' title='bbox 2646 2545 2915 2626; x_wconf 79' lang='grc' dir='ltr'>ἄνθρωπος</span> <span class='ocrx_word' id='word_1_354' title='bbox 2960 2548 3314 2608; x_wconf 79' lang='grc' dir='ltr'>ἀναλισκέτω·</span> <span class='ocrx_word' id='word_1_355' title='bbox 3345 2554 3409 2609; x_wconf 81' lang='grc' dir='ltr'>τὰ</span> <span class='ocrx_word' id='word_1_356' title='bbox 3440 2554 3682 2635; x_wconf 77' lang='grc' dir='ltr'>εἰσφερό-</span> 
     </span>
    </p>
   </div>
   <div class='ocr_carea' id='block_1_56' title="bbox 2024 2634 3671 2717">
    <p class='ocr_par' dir='ltr' id='par_1_56' title="bbox 2024 2634 3671 2717">
     <span class='ocr_line' id='line_1_57' title="bbox 2024 2634 3671 2717; baseline 0.005 -27"><span class='ocrx_word' id='word_1_357' title='bbox 2024 2655 2157 2710; x_wconf 84' lang='grc' dir='ltr'>μενα</span> <span class='ocrx_word' id='word_1_358' title='bbox 2209 2634 2294 2691; x_wconf 76' lang='grc' dir='ltr'><strong>ἐπὶ</strong></span> <span class='ocrx_word' id='word_1_359' title='bbox 2325 2636 2583 2716; x_wconf 78' lang='grc' dir='ltr'>προφάσει</span> <span class='ocrx_word' id='word_1_360' title='bbox 2614 2638 2858 2707; x_wconf 77' lang='grc' dir='ltr'>πενήτων</span> <span class='ocrx_word' id='word_1_361' title='bbox 2889 2639 3126 2712; x_wconf 79' lang='grc' dir='ltr'>ἑκούσια,</span> <span class='ocrx_word' id='word_1_362' title='bbox 3168 2639 3348 2705; x_wconf 90' lang='grc' dir='ltr'>καλῶς</span> <span class='ocrx_word' id='word_1_363' title='bbox 3386 2634 3671 2717; x_wconf 78' lang='grc' dir='ltr'>οἰκονομεί-</span> 
     </span>
    </p>
   </div>
   <div class='ocr_carea' id='block_1_57' title="bbox 2023 2725 3666 2810">
    <p class='ocr_par' dir='ltr' id='par_1_57' title="bbox 2023 2725 3666 2810">
     <span class='ocr_line' id='line_1_58' title="bbox 2023 2725 3666 2810; baseline 0.004 -29"><span class='ocrx_word' id='word_1_364' title='bbox 2023 2747 2124 2798; x_wconf 84' lang='grc' dir='ltr'><strong>τω,</strong></span> <span class='ocrx_word' id='word_1_365' title='bbox 2160 2727 2437 2805; x_wconf 78' lang='grc' dir='ltr'>ὀρφανοῖς,</span> <span class='ocrx_word' id='word_1_366' title='bbox 2488 2728 2577 2781; x_wconf 85' lang='grc' dir='ltr'><strong>καὶ</strong></span> <span class='ocrx_word' id='word_1_367' title='bbox 2608 2725 2832 2806; x_wconf 77' lang='grc' dir='ltr'>χήραις,</span> <span class='ocrx_word' id='word_1_368' title='bbox 2886 2731 2972 2785; x_wconf 85' lang='grc' dir='ltr'><strong>καὶ</strong></span> <span class='ocrx_word' id='word_1_369' title='bbox 3002 2726 3360 2810; x_wconf 84' lang='grc' dir='ltr'>θλιϐομένοις,</span> <span class='ocrx_word' id='word_1_370' title='bbox 3390 2732 3473 2788; x_wconf 86' lang='grc' dir='ltr'><strong>καὶ</strong></span> <span class='ocrx_word' id='word_1_371' title='bbox 3503 2730 3666 2796; x_wconf 77' lang='grc' dir='ltr'>ξένοις</span> 
     </span>
    </p>
   </div>
   <div class='ocr_carea' id='block_1_58' title="bbox 2024 2814 3661 2896">
    <p class='ocr_par' dir='ltr' id='par_1_58' title="bbox 2024 2814 3661 2896">
     <span class='ocr_line' id='line_1_59' title="bbox 2024 2814 3661 2896; baseline 0.001 -25"><span class='ocrx_word' id='word_1_372' title='bbox 2024 2814 2441 2895; x_wconf 82' lang='grc' dir='ltr'>ἀπορουμένοις,</span> <span class='ocrx_word' id='word_1_373' title='bbox 2534 2818 2606 2878; x_wconf 83' lang='grc' dir='ltr'>ὡς</span> <span class='ocrx_word' id='word_1_374' title='bbox 2670 2815 2815 2896; x_wconf 81' lang='grc' dir='ltr'>ἔχων</span> <span class='ocrx_word' id='word_1_375' title='bbox 2864 2818 2994 2873; x_wconf 85' lang='grc' dir='ltr'>Θεὸν</span> <span class='ocrx_word' id='word_1_376' title='bbox 3048 2816 3389 2896; x_wconf 78' lang='grc' dir='ltr'>λογιστευτην</span> <span class='ocrx_word' id='word_1_377' title='bbox 3443 2820 3661 2896; x_wconf 70' lang='grc' dir='ltr'><strong>τούτωνΙ</strong></span> 
     </span>
    </p>
   </div>
   <div class='ocr_carea' id='block_1_59' title="bbox 2026 2904 3670 2985">
    <p class='ocr_par' dir='ltr' id='par_1_59' title="bbox 2026 2904 3670 2985">
     <span class='ocr_line' id='line_1_60' title="bbox 2026 2904 3670 2985; baseline 0.002 -24"><span class='ocrx_word' id='word_1_378' title='bbox 2026 2906 2119 2961; x_wconf 78' lang='grc' dir='ltr'><strong>τὸν</strong></span> <span class='ocrx_word' id='word_1_379' title='bbox 2194 2904 2567 2985; x_wconf 78' lang='grc' dir='ltr'>ἐγχειρίσαντα</span> <span class='ocrx_word' id='word_1_380' title='bbox 2638 2905 2781 2980; x_wconf 67' lang='grc' dir='ltr'><strong>αὸτῷ</strong></span> <span class='ocrx_word' id='word_1_381' title='bbox 2833 2907 3033 2975; x_wconf 75' lang='grc' dir='ltr'>ταύτην</span> <span class='ocrx_word' id='word_1_382' title='bbox 3062 2908 3158 2976; x_wconf 81' lang='grc' dir='ltr'>τὴν</span> <span class='ocrx_word' id='word_1_383' title='bbox 3189 2911 3505 2984; x_wconf 82' lang='grc' dir='ltr'>οἷκονομίαν’</span> <span class='ocrx_word' id='word_1_384' title='bbox 3543 2916 3670 2966; x_wconf 78' lang='grc' dir='ltr'>πᾶσι</span> 
     </span>
    </p>
   </div>
   <div class='ocr_carea' id='block_1_60' title="bbox 2029 2992 3675 3079">
    <p class='ocr_par' dir='ltr' id='par_1_60' title="bbox 2029 2992 3675 3079">
     <span class='ocr_line' id='line_1_61' title="bbox 2029 2992 3675 3079; baseline 0.003 -29"><span class='ocrx_word' id='word_1_385' title='bbox 2029 2992 2084 3050; x_wconf 74' lang='grc' dir='ltr'>δὲ</span> <span class='ocrx_word' id='word_1_386' title='bbox 2144 2994 2271 3075; x_wconf 85' lang='grc'>(54)</span> <span class='ocrx_word' id='word_1_387' title='bbox 2306 3008 2423 3059; x_wconf 75' lang='grc' dir='ltr'>τοῖς</span> <span class='ocrx_word' id='word_1_388' title='bbox 2455 2992 2729 3069; x_wconf 85' lang='grc' dir='ltr'>δεομένοις</span> <span class='ocrx_word' id='word_1_389' title='bbox 2759 2996 2895 3071; x_wconf 82' lang='grc' dir='ltr'>μετὰ</span> <span class='ocrx_word' id='word_1_390' title='bbox 2920 2994 3256 3066; x_wconf 77' lang='grc' dir='ltr'>δικαιοσύνης</span> <span class='ocrx_word' id='word_1_391' title='bbox 3288 2998 3675 3079; x_wconf 75' lang='grc' dir='ltr'>ὲπιμερίζοντες</span> 
     </span>
    </p>
   </div>
   <div class='ocr_carea' id='block_1_61' title="bbox 2030 3082 3684 3169">
    <p class='ocr_par' dir='ltr' id='par_1_61' title="bbox 2030 3082 3684 3169">
     <span class='ocr_line' id='line_1_62' title="bbox 2030 3082 3684 3169; baseline 0.002 -27"><span class='ocrx_word' id='word_1_392' title='bbox 2030 3082 2177 3164; x_wconf 85' lang='grc'>(55),</span> <span class='ocrx_word' id='word_1_393' title='bbox 2205 3086 2291 3141; x_wconf 84' lang='grc' dir='ltr'>καὶ</span> <span class='ocrx_word' id='word_1_394' title='bbox 2320 3086 2479 3161; x_wconf 74' lang='grc' dir='ltr'>ὑμεῖς</span> <span class='ocrx_word' id='word_1_395' title='bbox 2507 3085 2650 3141; x_wconf 70' lang='grc' dir='ltr'>αὐτοὶ</span> <span class='ocrx_word' id='word_1_396' title='bbox 2680 3085 2952 3165; x_wconf 86' lang='grc' dir='ltr'>χρώμενοι</span> <span class='ocrx_word' id='word_1_397' title='bbox 2981 3089 3046 3143; x_wconf 65' lang='lat' dir='ltr'><strong>hx</strong></span> <span class='ocrx_word' id='word_1_398' title='bbox 3070 3093 3177 3143; x_wconf 89' lang='grc' dir='ltr'><strong>τῶν</strong></span> <span class='ocrx_word' id='word_1_399' title='bbox 3210 3091 3511 3169; x_wconf 84' lang='grc' dir='ltr'>Κυριακῶν,</span> <span class='ocrx_word' id='word_1_400' title='bbox 3543 3086 3684 3145; x_wconf 83' lang='grc' dir='ltr'><strong>ἀλλά</strong></span> 
     </span>
    </p>
   </div>
   <div class='ocr_carea' id='block_1_62' title="bbox 292 3174 1943 3264">
    <p class='ocr_par' dir='ltr' id='par_1_62' title="bbox 292 3174 1943 3264">
     <span class='ocr_line' id='line_1_63' title="bbox 292 3174 1943 3264; baseline 0.002 -23"><span class='ocrx_word' id='word_1_401' title='bbox 292 3177 476 3243; x_wconf 88' lang='lat' dir='ltr'><strong>rebus</strong></span> <span class='ocrx_word' id='word_1_402' title='bbox 506 3188 766 3259; x_wconf 83' lang='lat' dir='ltr'><strong>utentes,</strong></span> <span class='ocrx_word' id='word_1_403' title='bbox 799 3182 907 3245; x_wconf 87' lang='lat' dir='ltr'><strong>sed</strong></span> <span class='ocrx_word' id='word_1_404' title='bbox 957 3174 1077 3247; x_wconf 85' lang='lat' dir='ltr'><strong>non</strong></span> <span class='ocrx_word' id='word_1_405' title='bbox 1133 3174 1594 3264; x_wconf 49' lang='lat' dir='ltr'><strong>abutentesfex</strong></span> <span class='ocrx_word' id='word_1_406' title='bbox 1626 3186 1698 3247; x_wconf 93' lang='lat' dir='ltr'><strong>iis</strong></span> <span class='ocrx_word' id='word_1_407' title='bbox 1743 3184 1943 3247; x_wconf 89' lang='lat' dir='ltr'><strong>cibum</strong></span> 
     </span>
    </p>
   </div>
   <div class='ocr_carea' id='block_1_63' title="bbox 2038 3174 3684 3264">
    <p class='ocr_par' dir='ltr' id='par_1_63' title="bbox 2038 3174 3684 3257">
     <span class='ocr_line' id='line_1_64' title="bbox 2038 3174 3684 3257; baseline 0.002 -26"><span class='ocrx_word' id='word_1_408' title='bbox 2038 3176 2108 3249; x_wconf 71' lang='grc' dir='ltr'><strong>αὴ</strong></span> <span class='ocrx_word' id='word_1_409' title='bbox 2162 3176 2607 3257; x_wconf 87' lang='grc' dir='ltr'>παραχρώμενοι,</span> <span class='ocrx_word' id='word_1_410' title='bbox 2647 3174 2904 3240; x_wconf 77' lang='grc' dir='ltr'>ἐσθίοντες</span> <span class='ocrx_word' id='word_1_411' title='bbox 2936 3176 2988 3243; x_wconf 79' lang='grc' dir='ltr'>ἐξ</span> <span class='ocrx_word' id='word_1_412' title='bbox 3020 3178 3215 3253; x_wconf 75' lang='grc' dir='ltr'>αὐτῶν,</span> <span class='ocrx_word' id='word_1_413' title='bbox 3250 3177 3387 3235; x_wconf 81' lang='grc' dir='ltr'>ἀλλὰ</span> <span class='ocrx_word' id='word_1_414' title='bbox 3419 3179 3497 3255; x_wconf 85' lang='grc' dir='ltr'>μὴ</span> <span class='ocrx_word' id='word_1_415' title='bbox 3547 3200 3684 3235; x_wconf 85' lang='grc' dir='ltr'>κατ·</span> 
     </span>
    </p>
   </div>
   <div class='ocr_carea' id='block_1_64' title="bbox 292 3272 1947 3349">
    <p class='ocr_par' dir='ltr' id='par_1_64' title="bbox 292 3272 1947 3349">
     <span class='ocr_line' id='line_1_65' title="bbox 292 3272 1947 3349; baseline 0.001 -17"><span class='ocrx_word' id='word_1_416' title='bbox 292 3282 624 3347; x_wconf 88' lang='lat' dir='ltr'><strong>sumentes,</strong></span> <span class='ocrx_word' id='word_1_417' title='bbox 684 3272 790 3336; x_wconf 87' lang='lat' dir='ltr'><strong>sed</strong></span> <span class='ocrx_word' id='word_1_418' title='bbox 846 3291 966 3335; x_wconf 92' lang='lat' dir='ltr'><strong>non</strong></span> <span class='ocrx_word' id='word_1_419' title='bbox 1019 3292 1122 3337; x_wconf 87' lang='lat' dir='ltr'><strong>eas</strong></span> <span class='ocrx_word' id='word_1_420' title='bbox 1175 3276 1566 3339; x_wconf 85' lang='lat' dir='ltr'><strong>absumentes</strong></span> <span class='ocrx_word' id='word_1_421' title='bbox 1626 3273 1761 3349; x_wconf 88' lang='lat' dir='ltr'><strong>soli,</strong></span> <span class='ocrx_word' id='word_1_422' title='bbox 1824 3273 1947 3335; x_wconf 91' lang='lat' dir='ltr'><strong>imo</strong></span> 
     </span>
    </p>
   </div>
   <div class='ocr_carea' id='block_1_65' title="bbox 293 3361 1947 3442">
    <p class='ocr_par' dir='ltr' id='par_1_65' title="bbox 293 3361 1947 3442">
     <span class='ocr_line' id='line_1_66' title="bbox 293 3361 1947 3442; baseline -0.001 -17"><span class='ocrx_word' id='word_1_423' title='bbox 293 3378 427 3425; x_wconf 89' lang='lat' dir='ltr'><strong>cum</strong></span> <span class='ocrx_word' id='word_1_424' title='bbox 452 3361 765 3442; x_wconf 73' lang='lat' dir='ltr'><strong>egentibus</strong></span> <span class='ocrx_word' id='word_1_425' title='bbox 791 3365 1307 3428; x_wconf 89' lang='lat' dir='ltr'><strong>communicantes</strong></span> <span class='ocrx_word' id='word_1_426' title='bbox 1332 3384 1348 3441; x_wconf 90' lang='lat'><strong>;</strong></span> <span class='ocrx_word' id='word_1_427' title='bbox 1371 3366 1735 3430; x_wconf 81' lang='lat' dir='ltr'><strong>inoll‘ensum</strong></span> <span class='ocrx_word' id='word_1_428' title='bbox 1758 3362 1947 3426; x_wconf 91' lang='lat' dir='ltr'><strong>Deum</strong></span> 
     </span>
    </p>
   </div>
   <div class='ocr_carea' id='block_1_66' title="bbox 290 3449 1948 3535">
    <p class='ocr_par' dir='ltr' id='par_1_66' title="bbox 290 3449 1948 3535">
     <span class='ocr_line' id='line_1_67' title="bbox 290 3449 1948 3535; baseline 0 -22"><span class='ocrx_word' id='word_1_429' title='bbox 290 3449 592 3515; x_wconf 86' lang='lat' dir='ltr'><strong>habetote.</strong></span> <span class='ocrx_word' id='word_1_430' title='bbox 651 3450 799 3516; x_wconf 85' lang='lat' dir='ltr'><strong>Nam</strong></span> <span class='ocrx_word' id='word_1_431' title='bbox 858 3454 906 3516; x_wconf 88' lang='lat' dir='ltr'><strong>si</strong></span> <span class='ocrx_word' id='word_1_432' title='bbox 964 3454 1080 3517; x_wconf 92' lang='lat' dir='ltr'><strong>soli</strong></span> <span class='ocrx_word' id='word_1_433' title='bbox 1138 3454 1295 3517; x_wconf 90' lang='lat' dir='ltr'><strong>bona</strong></span> <span class='ocrx_word' id='word_1_434' title='bbox 1326 3456 1436 3519; x_wconf 92' lang='lat' dir='ltr'><strong>Dei</strong></span> <span class='ocrx_word' id='word_1_435' title='bbox 1492 3451 1948 3535; x_wconf 88' lang='lat' dir='ltr'><strong>consumpseri-</strong></span> 
     </span>
    </p>
   </div>
   <div class='ocr_carea' id='block_1_67' title="bbox 294 3541 1947 3626">
    <p class='ocr_par' dir='ltr' id='par_1_67' title="bbox 294 3541 1947 3626">
     <span class='ocr_line' id='line_1_68' title="bbox 294 3541 1947 3626; baseline 0.001 -24"><span class='ocrx_word' id='word_1_436' title='bbox 294 3541 393 3619; x_wconf 89' lang='lat' dir='ltr'><strong>tis,</strong></span> <span class='ocrx_word' id='word_1_437' title='bbox 428 3541 544 3604; x_wconf 90' lang='lat' dir='ltr'><strong>hoc</strong></span> <span class='ocrx_word' id='word_1_438' title='bbox 598 3541 671 3605; x_wconf 89' lang='lat' dir='ltr'><strong>ab</strong></span> <span class='ocrx_word' id='word_1_439' title='bbox 733 3560 807 3605; x_wconf 92' lang='lat' dir='ltr'><strong>eo</strong></span> <span class='ocrx_word' id='word_1_440' title='bbox 858 3550 1137 3626; x_wconf 86' lang='lat' dir='ltr'><strong>tanquam</strong></span> <span class='ocrx_word' id='word_1_441' title='bbox 1198 3544 1568 3607; x_wconf 85' lang='lat' dir='ltr'><strong>insatiabiles</strong></span> <span class='ocrx_word' id='word_1_442' title='bbox 1616 3553 1674 3607; x_wconf 90' lang='lat' dir='ltr'><strong>et</strong></span> <span class='ocrx_word' id='word_1_443' title='bbox 1724 3542 1947 3604; x_wconf 87' lang='lat' dir='ltr'><strong>solico-</strong></span> 
     </span>
    </p>
   </div>
   <div class='ocr_carea' id='block_1_68' title="bbox 294 3629 1947 3717">
    <p class='ocr_par' dir='ltr' id='par_1_68' title="bbox 294 3629 1947 3717">
     <span class='ocr_line' id='line_1_69' title="bbox 294 3629 1947 3717; baseline 0 -26"><span class='ocrx_word' id='word_1_444' title='bbox 294 3629 586 3694; x_wconf 88' lang='lat' dir='ltr'><strong>medones</strong></span> <span class='ocrx_word' id='word_1_445' title='bbox 618 3631 905 3712; x_wconf 89' lang='lat' dir='ltr'><strong>probrum</strong></span> <span class='ocrx_word' id='word_1_446' title='bbox 934 3633 1321 3715; x_wconf 88' lang='lat' dir='ltr'><strong>reportabitis</strong></span> <span class='ocrx_word' id='word_1_447' title='bbox 1348 3657 1364 3717; x_wconf 85' lang='lat'><strong>;</strong></span> <span class='ocrx_word' id='word_1_448' title='bbox 1407 3660 1426 3692; x_wconf 74' lang='grc' dir='ltr'><strong>ι</strong></span> <span class='ocrx_word' id='word_1_449' title='bbox 1467 3636 1583 3697; x_wconf 90' lang='lat' dir='ltr'><strong>Lac</strong></span> <span class='ocrx_word' id='word_1_450' title='bbox 1611 3630 1947 3703; x_wconf 88' lang='lat' dir='ltr'><strong>comeditis,</strong></span> 
     </span>
    </p>
   </div>
   <div class='ocr_carea' id='block_1_69' title="bbox 296 3718 1954 3803">
    <p class='ocr_par' dir='ltr' id='par_1_69' title="bbox 296 3718 1954 3803">
     <span class='ocr_line' id='line_1_70' title="bbox 296 3718 1954 3803; baseline -0.001 -22"><span class='ocrx_word' id='word_1_451' title='bbox 296 3727 355 3781; x_wconf 93' lang='lat' dir='ltr'><strong>et</strong></span> <span class='ocrx_word' id='word_1_452' title='bbox 384 3718 539 3782; x_wconf 77' lang='lat' dir='ltr'><strong>lanis</strong></span> <span class='ocrx_word' id='word_1_453' title='bbox 569 3722 889 3802; x_wconf 91' lang='lat' dir='ltr'><strong>operimini</strong></span> <span class='ocrx_word' id='word_1_454' title='bbox 911 3720 987 3787; x_wconf 67' lang='grc' dir='ltr'>εί.</span> <span class='ocrx_word' id='word_1_455' title='bbox 1012 3744 1039 3782; x_wconf 72' lang='grc' dir='ltr'><strong>ι</strong></span> <span class='ocrx_word' id='word_1_456' title='bbox 1074 3723 1149 3786; x_wconf 91' lang='lat' dir='ltr'><strong>Et</strong></span> <span class='ocrx_word' id='word_1_457' title='bbox 1170 3725 1288 3787; x_wconf 88' lang='lat' dir='ltr'><strong>alio</strong></span> <span class='ocrx_word' id='word_1_458' title='bbox 1318 3724 1382 3786; x_wconf 90' lang='lat' dir='ltr'><strong>in</strong></span> <span class='ocrx_word' id='word_1_459' title='bbox 1408 3725 1538 3786; x_wconf 91' lang='lat' dir='ltr'><strong>loco</strong></span> <span class='ocrx_word' id='word_1_460' title='bbox 1565 3744 1579 3786; x_wconf 89' lang='lat'><strong>:</strong></span> <span class='ocrx_word' id='word_1_461' title='bbox 1617 3748 1638 3776; x_wconf 72' lang='grc' dir='ltr'><strong>ι</strong></span> <span class='ocrx_word' id='word_1_462' title='bbox 1670 3718 1954 3803; x_wconf 89' lang='lat' dir='ltr'><strong>Nunquid</strong></span> 
     </span>
    </p>
   </div>
   <div class='ocr_carea' id='block_1_70' title="bbox 297 3808 1959 3896">
    <p class='ocr_par' dir='ltr' id='par_1_70' title="bbox 297 3808 1959 3896">
     <span class='ocr_line' id='line_1_71' title="bbox 297 3808 1959 3896; baseline 0.001 -27"><span class='ocrx_word' id='word_1_463' title='bbox 297 3808 645 3873; x_wconf 85' lang='lat' dir='ltr'><strong>habitabitis</strong></span> <span class='ocrx_word' id='word_1_464' title='bbox 664 3810 776 3873; x_wconf 93' lang='lat' dir='ltr'><strong>soli</strong></span> <span class='ocrx_word' id='word_1_465' title='bbox 804 3813 861 3875; x_wconf 89' lang='lat' dir='ltr'><strong>in</strong></span> <span class='ocrx_word' id='word_1_466' title='bbox 887 3820 1047 3877; x_wconf 88' lang='lat' dir='ltr'><strong>terra</strong></span> <span class='ocrx_word' id='word_1_467' title='bbox 1064 3813 1151 3878; x_wconf 71' lang='grc' dir='ltr'>θη</span> <span class='ocrx_word' id='word_1_468' title='bbox 1184 3839 1207 3871; x_wconf 77' lang='grc' dir='ltr'><strong>η</strong></span> <span class='ocrx_word' id='word_1_469' title='bbox 1236 3814 1610 3896; x_wconf 85' lang='lat' dir='ltr'><strong>Quapropter</strong></span> <span class='ocrx_word' id='word_1_470' title='bbox 1636 3819 1694 3873; x_wconf 89' lang='lat' dir='ltr'><strong>et</strong></span> <span class='ocrx_word' id='word_1_471' title='bbox 1718 3811 1777 3870; x_wconf 91' lang='lat' dir='ltr'><strong>in</strong></span> <span class='ocrx_word' id='word_1_472' title='bbox 1805 3809 1959 3889; x_wconf 89' lang='lat' dir='ltr'><strong>Lege</strong></span> 
     </span>
    </p>
   </div>
   <div class='ocr_carea' id='block_1_71' title="bbox 297 3898 1954 3985">
    <p class='ocr_par' dir='ltr' id='par_1_71' title="bbox 297 3898 1954 3985">
     <span class='ocr_line' id='line_1_72' title="bbox 297 3898 1954 3985; baseline 0.001 -26"><span class='ocrx_word' id='word_1_473' title='bbox 297 3898 640 3962; x_wconf 87' lang='lat' dir='ltr'><strong>mandatum</strong></span> <span class='ocrx_word' id='word_1_474' title='bbox 687 3910 777 3963; x_wconf 91' lang='lat' dir='ltr'><strong>est</strong></span> <span class='ocrx_word' id='word_1_475' title='bbox 814 3902 1027 3965; x_wconf 88' lang='lat' dir='ltr'><strong>vobis:</strong></span> <span class='ocrx_word' id='word_1_476' title='bbox 1069 3929 1096 3961; x_wconf 76' lang='lat' dir='ltr'><strong>e</strong></span> <span class='ocrx_word' id='word_1_477' title='bbox 1149 3905 1375 3984; x_wconf 76' lang='lat' dir='ltr'><strong>Diliges</strong></span> <span class='ocrx_word' id='word_1_478' title='bbox 1419 3901 1755 3985; x_wconf 88' lang='lat' dir='ltr'><strong>proximum</strong></span> <span class='ocrx_word' id='word_1_479' title='bbox 1790 3908 1954 3961; x_wconf 91' lang='lat' dir='ltr'><strong>tuum</strong></span> 
     </span>
    </p>
   </div>
   <div class='ocr_carea' id='block_1_72' title="bbox 295 3987 1958 4073">
    <p class='ocr_par' dir='ltr' id='par_1_72' title="bbox 295 3987 1958 4073">
     <span class='ocr_line' id='line_1_73' title="bbox 295 3987 1958 4073; baseline 0.001 -25"><span class='ocrx_word' id='word_1_480' title='bbox 295 3987 454 4051; x_wconf 89' lang='lat' dir='ltr'><strong>sicut</strong></span> <span class='ocrx_word' id='word_1_481' title='bbox 475 3989 734 4071; x_wconf 88' lang='lat' dir='ltr'><strong>teipsum</strong></span> <span class='ocrx_word' id='word_1_482' title='bbox 758 3989 833 4052; x_wconf 77' lang='grc'><strong>⁸³.</strong></span> <span class='ocrx_word' id='word_1_483' title='bbox 855 4013 884 4053; x_wconf 74' lang='grc' dir='ltr'><strong>ι</strong></span> <span class='ocrx_word' id='word_1_484' title='bbox 913 3994 1111 4073; x_wconf 84' lang='lat' dir='ltr'><strong>Atque</strong></span> <span class='ocrx_word' id='word_1_485' title='bbox 1131 3994 1260 4056; x_wconf 66' lang='lat' dir='ltr'><strong>haec</strong></span> <span class='ocrx_word' id='word_1_486' title='bbox 1281 3993 1686 4073; x_wconf 89' lang='lat' dir='ltr'><strong>dicimus,non</strong></span> <span class='ocrx_word' id='word_1_487' title='bbox 1712 4000 1775 4050; x_wconf 88' lang='lat' dir='ltr'><strong>ut</strong></span> <span class='ocrx_word' id='word_1_488' title='bbox 1795 3988 1958 4052; x_wconf 92' lang='lat' dir='ltr'><strong>labo-</strong></span> 
     </span>
    </p>
   </div>
   <div class='ocr_carea' id='block_1_73' title="bbox 297 4079 1957 4165">
    <p class='ocr_par' dir='ltr' id='par_1_73' title="bbox 297 4079 1957 4165">
     <span class='ocr_line' id='line_1_74' title="bbox 297 4079 1957 4165; baseline -0.004 -20"><span class='ocrx_word' id='word_1_489' title='bbox 297 4079 468 4145; x_wconf 91' lang='lat' dir='ltr'><strong>ribus</strong></span> <span class='ocrx_word' id='word_1_490' title='bbox 500 4081 715 4145; x_wconf 85' lang='lat' dir='ltr'><strong>vestris</strong></span> <span class='ocrx_word' id='word_1_491' title='bbox 766 4080 1104 4147; x_wconf 86' lang='lat' dir='ltr'><strong>nullatenus</strong></span> <span class='ocrx_word' id='word_1_492' title='bbox 1149 4083 1472 4165; x_wconf 83' lang='lat' dir='ltr'><strong>iruamini;</strong></span> <span class='ocrx_word' id='word_1_493' title='bbox 1523 4080 1811 4161; x_wconf 88' lang='lat' dir='ltr'><strong>scriptum</strong></span> <span class='ocrx_word' id='word_1_494' title='bbox 1868 4086 1957 4140; x_wconf 92' lang='lat' dir='ltr'><strong>est</strong></span> 
     </span>
    </p>
   </div>
   <div class='ocr_carea' id='block_1_74' title="bbox 292 4169 1955 4253">
    <p class='ocr_par' dir='ltr' id='par_1_74' title="bbox 292 4169 1955 4253">
     <span class='ocr_line' id='line_1_75' title="bbox 292 4169 1955 4253; baseline -0.003 -19"><span class='ocrx_word' id='word_1_495' title='bbox 292 4171 456 4234; x_wconf 89' lang='lat' dir='ltr'><strong>enim</strong></span> <span class='ocrx_word' id='word_1_496' title='bbox 492 4190 505 4231; x_wconf 90' lang='lat'><strong>:</strong></span> <span class='ocrx_word' id='word_1_497' title='bbox 543 4191 574 4231; x_wconf 83' lang='grc'><strong>(</strong></span> <span class='ocrx_word' id='word_1_498' title='bbox 609 4172 743 4235; x_wconf 91' lang='lat' dir='ltr'><strong>Non</strong></span> <span class='ocrx_word' id='word_1_499' title='bbox 774 4172 1046 4253; x_wconf 90' lang='lat' dir='ltr'><strong>alligabis</strong></span> <span class='ocrx_word' id='word_1_500' title='bbox 1075 4192 1143 4235; x_wconf 94' lang='lat' dir='ltr'><strong>os</strong></span> <span class='ocrx_word' id='word_1_501' title='bbox 1173 4173 1311 4235; x_wconf 90' lang='lat' dir='ltr'><strong>bovi</strong></span> <span class='ocrx_word' id='word_1_502' title='bbox 1346 4172 1643 4237; x_wconf 87' lang='lat' dir='ltr'><strong>trituranti</strong></span> <span class='ocrx_word' id='word_1_503' title='bbox 1666 4169 1754 4251; x_wconf 61' lang='lat'><strong>8‘;</strong></span> <span class='ocrx_word' id='word_1_504' title='bbox 1785 4193 1813 4225; x_wconf 73' lang='grc' dir='ltr'><strong>ι</strong></span> <span class='ocrx_word' id='word_1_505' title='bbox 1849 4169 1955 4229; x_wconf 88' lang='lat' dir='ltr'><strong>sed</strong></span> 
     </span>
    </p>
   </div>
   <div class='ocr_carea' id='block_1_75' title="bbox 297 4258 1955 4344">
    <p class='ocr_par' dir='ltr' id='par_1_75' title="bbox 297 4258 1955 4344">
     <span class='ocr_line' id='line_1_76' title="bbox 297 4258 1955 4344; baseline -0.004 -20"><span class='ocrx_word' id='word_1_506' title='bbox 297 4269 363 4326; x_wconf 86' lang='lat' dir='ltr'><strong>ut</strong></span> <span class='ocrx_word' id='word_1_507' title='bbox 383 4261 688 4324; x_wconf 89' lang='lat' dir='ltr'><strong>moderate</strong></span> <span class='ocrx_word' id='word_1_508' title='bbox 705 4279 843 4327; x_wconf 90' lang='lat' dir='ltr'><strong>cum</strong></span> <span class='ocrx_word' id='word_1_509' title='bbox 870 4263 1107 4344; x_wconf 83' lang='lat' dir='ltr'><strong>justitia</strong></span> <span class='ocrx_word' id='word_1_510' title='bbox 1134 4264 1412 4326; x_wconf 91' lang='lat' dir='ltr'><strong>utamini.</strong></span> <span class='ocrx_word' id='word_1_511' title='bbox 1438 4258 1955 4336; x_wconf 82' lang='lat' dir='ltr'><strong>Quemadmodum</strong></span> 
     </span>
    </p>
   </div>
   <div class='ocr_carea' id='block_1_76' title="bbox 301 4350 1961 4434">
    <p class='ocr_par' dir='ltr' id='par_1_76' title="bbox 301 4350 1961 4434">
     <span class='ocr_line' id='line_1_77' title="bbox 301 4350 1961 4434; baseline -0.003 -21"><span class='ocrx_word' id='word_1_512' title='bbox 301 4369 446 4431; x_wconf 86' lang='lat' dir='ltr'><strong>ergo</strong></span> <span class='ocrx_word' id='word_1_513' title='bbox 474 4350 584 4413; x_wconf 90' lang='lat' dir='ltr'><strong>bos</strong></span> <span class='ocrx_word' id='word_1_514' title='bbox 605 4352 662 4413; x_wconf 89' lang='lat' dir='ltr'><strong>in</strong></span> <span class='ocrx_word' id='word_1_515' title='bbox 687 4369 826 4415; x_wconf 84' lang='lat' dir='ltr'><strong>area</strong></span> <span class='ocrx_word' id='word_1_516' title='bbox 853 4372 1133 4434; x_wconf 86' lang='lat' dir='ltr'><strong>operans,</strong></span> <span class='ocrx_word' id='word_1_517' title='bbox 1160 4358 1311 4417; x_wconf 84' lang='lat' dir='ltr'><strong>cami</strong></span> <span class='ocrx_word' id='word_1_518' title='bbox 1335 4355 1525 4417; x_wconf 88' lang='lat' dir='ltr'><strong>libero</strong></span> <span class='ocrx_word' id='word_1_519' title='bbox 1550 4369 1679 4425; x_wconf 89' lang='lat' dir='ltr'><strong>ore,</strong></span> <span class='ocrx_word' id='word_1_520' title='bbox 1704 4350 1961 4431; x_wconf 86' lang='lat' dir='ltr'><strong>pascitur</strong></span> 
     </span>
    </p>
   </div>
   <div class='ocr_carea' id='block_1_77' title="bbox 302 4437 2027 4525">
    <p class='ocr_par' dir='ltr' id='par_1_77' title="bbox 302 4437 2027 4525">
     <span class='ocr_line' id='line_1_78' title="bbox 302 4437 2027 4525; baseline -0.003 -22"><span class='ocrx_word' id='word_1_521' title='bbox 302 4440 568 4524; x_wconf 90' lang='lat' dir='ltr'><strong>quidem,</strong></span> <span class='ocrx_word' id='word_1_522' title='bbox 590 4441 696 4503; x_wconf 88' lang='lat' dir='ltr'><strong>sed</strong></span> <span class='ocrx_word' id='word_1_523' title='bbox 722 4461 843 4505; x_wconf 92' lang='lat' dir='ltr'><strong>non</strong></span> <span class='ocrx_word' id='word_1_524' title='bbox 866 4451 1053 4506; x_wconf 91' lang='lat' dir='ltr'><strong>totum</strong></span> <span class='ocrx_word' id='word_1_525' title='bbox 1075 4444 1417 4525; x_wconf 90' lang='lat' dir='ltr'><strong>depascitur</strong></span> <span class='ocrx_word' id='word_1_526' title='bbox 1443 4464 1456 4506; x_wconf 91' lang='lat'>:</span> <span class='ocrx_word' id='word_1_527' title='bbox 1483 4444 1563 4505; x_wconf 89' lang='lat' dir='ltr'><strong>ita</strong></span> <span class='ocrx_word' id='word_1_528' title='bbox 1587 4450 1646 4503; x_wconf 88' lang='lat' dir='ltr'><strong>et</strong></span> <span class='ocrx_word' id='word_1_529' title='bbox 1664 4457 1768 4500; x_wconf 88' lang='lat' dir='ltr'><strong>vos</strong></span> <span class='ocrx_word' id='word_1_530' title='bbox 1786 4437 1957 4500; x_wconf 90' lang='lat' dir='ltr'><strong>labo-</strong></span> <span class='ocrx_word' id='word_1_531' title='bbox 1984 4474 2027 4524; x_wconf 76' lang='grc' dir='ltr'><strong>ι)</strong></span> 
     </span>
    </p>
   </div>
   <div class='ocr_carea' id='block_1_78' title="bbox 301 4529 1960 4616">
    <p class='ocr_par' dir='ltr' id='par_1_78' title="bbox 301 4529 1960 4616">
     <span class='ocr_line' id='line_1_79' title="bbox 301 4529 1960 4616; baseline -0.004 -22"><span class='ocrx_word' id='word_1_532' title='bbox 301 4540 507 4594; x_wconf 86' lang='lat' dir='ltr'><strong>rantes</strong></span> <span class='ocrx_word' id='word_1_533' title='bbox 541 4531 602 4592; x_wconf 94' lang='lat' dir='ltr'><strong>in</strong></span> <span class='ocrx_word' id='word_1_534' title='bbox 633 4549 795 4609; x_wconf 88' lang='lat' dir='ltr'><strong>area,</strong></span> <span class='ocrx_word' id='word_1_535' title='bbox 820 4532 934 4598; x_wconf 88' lang='lat' dir='ltr'><strong>hoc</strong></span> <span class='ocrx_word' id='word_1_536' title='bbox 965 4542 1079 4616; x_wconf 84' lang='lat' dir='ltr'><strong>est,</strong></span> <span class='ocrx_word' id='word_1_537' title='bbox 1104 4534 1164 4596; x_wconf 89' lang='lat' dir='ltr'><strong>in</strong></span> <span class='ocrx_word' id='word_1_538' title='bbox 1194 4533 1461 4598; x_wconf 87' lang='lat' dir='ltr'><strong>Ecclesia</strong></span> <span class='ocrx_word' id='word_1_539' title='bbox 1490 4532 1620 4609; x_wconf 82' lang='lat' dir='ltr'><strong>Dei,</strong></span> <span class='ocrx_word' id='word_1_540' title='bbox 1642 4549 1710 4592; x_wconf 89' lang='lat' dir='ltr'><strong>ex</strong></span> <span class='ocrx_word' id='word_1_541' title='bbox 1745 4529 1960 4590; x_wconf 84' lang='lat' dir='ltr'><strong>Eccle-</strong></span> 
     </span>
    </p>
   </div>
   <div class='ocr_carea' id='block_1_79' title="bbox 2030 3265 3685 3349">
    <p class='ocr_par' dir='ltr' id='par_1_79' title="bbox 2030 3265 3685 3349">
     <span class='ocr_line' id='line_1_80' title="bbox 2030 3265 3685 3349; baseline 0 -27"><span class='ocrx_word' id='word_1_542' title='bbox 2030 3266 2287 3331; x_wconf 91' lang='grc' dir='ltr'>εσθίοντες</span> <span class='ocrx_word' id='word_1_543' title='bbox 2320 3266 2451 3325; x_wconf 75' lang='grc' dir='ltr'>αὐτὰ</span> <span class='ocrx_word' id='word_1_544' title='bbox 2494 3265 2673 3345; x_wconf 84' lang='grc' dir='ltr'>μόνοι,</span> <span class='ocrx_word' id='word_1_545' title='bbox 2709 3274 3087 3333; x_wconf 86' lang='grc' dir='ltr'>κοινωνοῦντες</span> <span class='ocrx_word' id='word_1_546' title='bbox 3117 3266 3173 3323; x_wconf 78' lang='grc' dir='ltr'><strong>δὲ</strong></span> <span class='ocrx_word' id='word_1_547' title='bbox 3216 3281 3334 3333; x_wconf 76' lang='grc' dir='ltr'>τοῖς</span> <span class='ocrx_word' id='word_1_548' title='bbox 3364 3269 3685 3349; x_wconf 73' lang='grc' dir='ltr'>χρῄζουσιν,</span> 
     </span>
    </p>
   </div>
   <div class='ocr_carea' id='block_1_80' title="bbox 2029 3355 3690 3437">
    <p class='ocr_par' dir='ltr' id='par_1_80' title="bbox 2029 3355 3690 3437">
     <span class='ocr_line' id='line_1_81' title="bbox 2029 3355 3690 3437; baseline 0.001 -24"><span class='ocrx_word' id='word_1_549' title='bbox 2029 3355 2361 3435; x_wconf 81' lang='grc' dir='ltr'>ἀπρόσκοποι</span> <span class='ocrx_word' id='word_1_550' title='bbox 2419 3359 2534 3430; x_wconf 86' lang='grc' dir='ltr'>Θεῷ</span> <span class='ocrx_word' id='word_1_551' title='bbox 2583 3357 2810 3433; x_wconf 84' lang='grc' dir='ltr'>γίνεσθε’</span> <span class='ocrx_word' id='word_1_552' title='bbox 2860 3356 2951 3414; x_wconf 77' lang='grc' dir='ltr'><strong>ἐὰν</strong></span> <span class='ocrx_word' id='word_1_553' title='bbox 2995 3358 3096 3437; x_wconf 81' lang='grc' dir='ltr'><strong>γὰρ</strong></span> <span class='ocrx_word' id='word_1_554' title='bbox 3157 3359 3311 3433; x_wconf 89' lang='grc' dir='ltr'>μόνοι</span> <span class='ocrx_word' id='word_1_555' title='bbox 3370 3359 3504 3416; x_wconf 66' lang='grc' dir='ltr'>αὐτὰ</span> <span class='ocrx_word' id='word_1_556' title='bbox 3554 3358 3690 3416; x_wconf 81' lang='grc' dir='ltr'>ἀνα-</span> 
     </span>
    </p>
   </div>
   <div class='ocr_carea' id='block_1_81' title="bbox 2031 3444 3690 3527">
    <p class='ocr_par' dir='ltr' id='par_1_81' title="bbox 2031 3444 3690 3527">
     <span class='ocr_line' id='line_1_82' title="bbox 2031 3444 3690 3527; baseline 0.001 -24"><span class='ocrx_word' id='word_1_557' title='bbox 2031 3445 2267 3523; x_wconf 86' lang='grc' dir='ltr'>λώσητε,</span> <span class='ocrx_word' id='word_1_558' title='bbox 2303 3444 2721 3516; x_wconf 77' lang='grc' dir='ltr'>ὁνειδισθήσεσθε</span> <span class='ocrx_word' id='word_1_559' title='bbox 2778 3449 2916 3526; x_wconf 83' lang='grc' dir='ltr'><strong>παρᾶ</strong></span> <span class='ocrx_word' id='word_1_560' title='bbox 2962 3455 3116 3523; x_wconf 86' lang='grc' dir='ltr'>Θεοῦ,</span> <span class='ocrx_word' id='word_1_561' title='bbox 3167 3447 3418 3527; x_wconf 63' lang='grc' dir='ltr'>λέγοντος</span> <span class='ocrx_word' id='word_1_562' title='bbox 3449 3451 3525 3514; x_wconf 86' lang='grc' dir='ltr'>ὡς</span> <span class='ocrx_word' id='word_1_563' title='bbox 3558 3451 3690 3524; x_wconf 80' lang='grc' dir='ltr'>πρὸς</span> 
     </span>
    </p>
   </div>
   <div class='ocr_carea' id='block_1_82' title="bbox 2034 3536 3693 3617">
    <p class='ocr_par' dir='ltr' id='par_1_82' title="bbox 2034 3536 3693 3617">
     <span class='ocr_line' id='line_1_83' title="bbox 2034 3536 3693 3617; baseline 0.001 -24"><span class='ocrx_word' id='word_1_564' title='bbox 2034 3536 2338 3604; x_wconf 74' lang='grc' dir='ltr'>ἀπλήστους</span> <span class='ocrx_word' id='word_1_565' title='bbox 2374 3538 2464 3594; x_wconf 92' lang='grc' dir='ltr'><strong>καί</strong></span> <span class='ocrx_word' id='word_1_566' title='bbox 2493 3538 2852 3616; x_wconf 69' lang='grc' dir='ltr'>μονοφάγουςο</span> <span class='ocrx_word' id='word_1_567' title='bbox 2894 3559 2917 3591; x_wconf 80' lang='lat' dir='ltr'><strong>e</strong></span> <span class='ocrx_word' id='word_1_568' title='bbox 2954 3540 3025 3595; x_wconf 83' lang='lat' dir='ltr'>T6</span> <span class='ocrx_word' id='word_1_569' title='bbox 3056 3536 3195 3617; x_wconf 83' lang='grc' dir='ltr'>γάλα</span> <span class='ocrx_word' id='word_1_570' title='bbox 3224 3540 3547 3605; x_wconf 81' lang='grc' dir='ltr'>κατεσθίετε,</span> <span class='ocrx_word' id='word_1_571' title='bbox 3601 3540 3693 3595; x_wconf 80' lang='grc' dir='ltr'>καὶ</span> 
     </span>
    </p>
   </div>
   <div class='ocr_carea' id='block_1_83' title="bbox 2035 3624 3692 3706">
    <p class='ocr_par' dir='ltr' id='par_1_83' title="bbox 2035 3624 3692 3706">
     <span class='ocr_line' id='line_1_84' title="bbox 2035 3624 3692 3706; baseline 0.002 -24"><span class='ocrx_word' id='word_1_572' title='bbox 2035 3628 2101 3683; x_wconf 77' lang='grc' dir='ltr'><strong>τὰ</strong></span> <span class='ocrx_word' id='word_1_573' title='bbox 2150 3627 2264 3705; x_wconf 78' lang='grc' dir='ltr'>ἔρια</span> <span class='ocrx_word' id='word_1_574' title='bbox 2307 3624 2712 3706; x_wconf 77' lang='grc' dir='ltr'>περιϐάλλεσθε,</span> <span class='ocrx_word' id='word_1_575' title='bbox 2763 3650 2790 3682; x_wconf 74' lang='grc' dir='ltr'><strong><em>ι</em></strong></span> <span class='ocrx_word' id='word_1_576' title='bbox 2839 3629 2937 3685; x_wconf 80' lang='grc' dir='ltr'><strong>Καὶ</strong></span> <span class='ocrx_word' id='word_1_577' title='bbox 2999 3626 3053 3683; x_wconf 77' lang='grc' dir='ltr'>ἐν</span> <span class='ocrx_word' id='word_1_578' title='bbox 3103 3627 3310 3691; x_wconf 77' lang='grc' dir='ltr'>ἄλλοις·</span> <span class='ocrx_word' id='word_1_579' title='bbox 3352 3650 3375 3684; x_wconf 82' lang='lat' dir='ltr'><strong>e</strong></span> <span class='ocrx_word' id='word_1_580' title='bbox 3413 3630 3503 3697; x_wconf 75' lang='grc' dir='ltr'><strong>Μὴ</strong></span> <span class='ocrx_word' id='word_1_581' title='bbox 3535 3628 3692 3696; x_wconf 74' lang='grc' dir='ltr'>οἰκή-</span> 
     </span>
    </p>
   </div>
   <div class='ocr_carea' id='block_1_84' title="bbox 2035 3718 3690 3798">
    <p class='ocr_par' dir='ltr' id='par_1_84' title="bbox 2035 3718 3690 3798">
     <span class='ocr_line' id='line_1_85' title="bbox 2035 3718 3690 3798; baseline 0.001 -26"><span class='ocrx_word' id='word_1_582' title='bbox 2035 3737 2155 3772; x_wconf 80' lang='grc' dir='ltr'>σετε</span> <span class='ocrx_word' id='word_1_583' title='bbox 2215 3718 2367 3792; x_wconf 88' lang='grc' dir='ltr'>μόνοι</span> <span class='ocrx_word' id='word_1_584' title='bbox 2411 3718 2497 3773; x_wconf 81' lang='grc' dir='ltr'>ἐπὶ</span> <span class='ocrx_word' id='word_1_585' title='bbox 2540 3722 2639 3784; x_wconf 78' lang='grc' dir='ltr'>τῆς</span> <span class='ocrx_word' id='word_1_586' title='bbox 2672 3721 2773 3794; x_wconf 75' lang='grc' dir='ltr'><strong>γῆς</strong></span> <span class='ocrx_word' id='word_1_587' title='bbox 2809 3734 2825 3792; x_wconf 86' lang='grc'>;</span> <span class='ocrx_word' id='word_1_588' title='bbox 2865 3740 2888 3774; x_wconf 70' lang='grc' dir='ltr'>ι</span> <span class='ocrx_word' id='word_1_589' title='bbox 2928 3718 3028 3774; x_wconf 79' lang='grc' dir='ltr'>Διὸ</span> <span class='ocrx_word' id='word_1_590' title='bbox 3055 3719 3142 3774; x_wconf 87' lang='grc' dir='ltr'><strong>καὶ</strong></span> <span class='ocrx_word' id='word_1_591' title='bbox 3169 3719 3223 3773; x_wconf 84' lang='grc' dir='ltr'><strong>έν</strong></span> <span class='ocrx_word' id='word_1_592' title='bbox 3253 3725 3329 3793; x_wconf 84' lang='grc' dir='ltr'>τῷ</span> <span class='ocrx_word' id='word_1_593' title='bbox 3351 3718 3497 3795; x_wconf 83' lang='grc' dir='ltr'>νόμώ</span> <span class='ocrx_word' id='word_1_594' title='bbox 3525 3740 3690 3798; x_wconf 63' lang='grc' dir='ltr'>προσ-</span> 
     </span>
    </p>
   </div>
   <div class='ocr_carea' id='block_1_85' title="bbox 2039 3806 3687 3885">
    <p class='ocr_par' dir='ltr' id='par_1_85' title="bbox 2039 3806 3687 3885">
     <span class='ocr_line' id='line_1_86' title="bbox 2039 3806 3687 3885; baseline -0.001 -21"><span class='ocrx_word' id='word_1_595' title='bbox 2039 3806 2288 3864; x_wconf 88' lang='grc' dir='ltr'>τέτακται</span> <span class='ocrx_word' id='word_1_596' title='bbox 2346 3808 2477 3881; x_wconf 79' lang='grc' dir='ltr'>ῦμττ</span> <span class='ocrx_word' id='word_1_597' title='bbox 2533 3806 2676 3885; x_wconf 88' lang='grc'>(56)·</span> <span class='ocrx_word' id='word_1_598' title='bbox 2744 3832 2767 3860; x_wconf 79' lang='grc' dir='ltr'><strong>ιι</strong></span> <span class='ocrx_word' id='word_1_599' title='bbox 2833 3806 3162 3884; x_wconf 81' lang='grc' dir='ltr'>Ἀγαπήσεις</span> <span class='ocrx_word' id='word_1_600' title='bbox 3213 3808 3304 3863; x_wconf 81' lang='grc' dir='ltr'><strong>τὸν</strong></span> <span class='ocrx_word' id='word_1_601' title='bbox 3335 3806 3564 3875; x_wconf 87' lang='grc' dir='ltr'>πλησίον</span> <span class='ocrx_word' id='word_1_602' title='bbox 3594 3824 3687 3864; x_wconf 82' lang='grc' dir='ltr'><strong>σου</strong></span> 
     </span>
    </p>
   </div>
   <div class='ocr_carea' id='block_1_86' title="bbox 2040 3894 3688 3977">
    <p class='ocr_par' dir='ltr' id='par_1_86' title="bbox 2040 3894 3688 3977">
     <span class='ocr_line' id='line_1_87' title="bbox 2040 3894 3688 3977; baseline 0 -24"><span class='ocrx_word' id='word_1_603' title='bbox 2040 3898 2113 3959; x_wconf 85' lang='grc' dir='ltr'>ὡς</span> <span class='ocrx_word' id='word_1_604' title='bbox 2173 3896 2414 3955; x_wconf 78' lang='grc' dir='ltr'>σεαυτόν.</span> <span class='ocrx_word' id='word_1_605' title='bbox 2454 3913 2483 3953; x_wconf 73' lang='grc' dir='ltr'><strong><em>ι</em></strong></span> <span class='ocrx_word' id='word_1_606' title='bbox 2550 3897 2646 3953; x_wconf 85' lang='grc' dir='ltr'>Καὶ</span> <span class='ocrx_word' id='word_1_607' title='bbox 2669 3896 2832 3952; x_wconf 86' lang='grc' dir='ltr'>ταῦτα</span> <span class='ocrx_word' id='word_1_608' title='bbox 2886 3894 3007 3977; x_wconf 86' lang='grc'>(57)</span> <span class='ocrx_word' id='word_1_609' title='bbox 3037 3895 3288 3975; x_wconf 88' lang='grc' dir='ltr'>λέγομεν,</span> <span class='ocrx_word' id='word_1_610' title='bbox 3331 3899 3436 3976; x_wconf 69' lang='grc' dir='ltr'><strong>οὔχ</strong></span> <span class='ocrx_word' id='word_1_611' title='bbox 3466 3897 3559 3953; x_wconf 72' lang='grc' dir='ltr'>’ίνα</span> <span class='ocrx_word' id='word_1_612' title='bbox 3611 3897 3688 3973; x_wconf 79' lang='grc' dir='ltr'>μὴ</span> 
     </span>
    </p>
   </div>
   <div class='ocr_carea' id='block_1_87' title="bbox 2041 3981 3681 4065">
    <p class='ocr_par' dir='ltr' id='par_1_87' title="bbox 2041 3981 3681 4065">
     <span class='ocr_line' id='line_1_88' title="bbox 2041 3981 3681 4065; baseline -0.016 -23"><span class='ocrx_word' id='word_1_613' title='bbox 2041 3981 2489 4061; x_wconf 74' lang='grc' dir='ltr'>μεταλαμϐάνητε</span> <span class='ocrx_word' id='word_1_614' title='bbox 2548 3986 2695 4060; x_wconf 75' lang='grc' dir='ltr'>ὑμῶν</span> <span class='ocrx_word' id='word_1_615' title='bbox 2752 3991 2857 4041; x_wconf 88' lang='grc' dir='ltr'><strong>τῶν</strong></span> <span class='ocrx_word' id='word_1_616' title='bbox 2952 3986 3151 4043; x_wconf 83' lang='grc' dir='ltr'>πόνων·</span> <span class='ocrx_word' id='word_1_617' title='bbox 3209 3984 3502 4065; x_wconf 64' lang='grc' dir='ltr'>γέγραπται</span> <span class='ocrx_word' id='word_1_618' title='bbox 3560 3987 3681 4065; x_wconf 73' lang='grc' dir='ltr'><strong>γάρ.</strong></span> 
     </span>
    </p>
   </div>
   <div class='ocr_carea' id='block_1_88' title="bbox 2045 4073 3687 4155">
    <p class='ocr_par' dir='ltr' id='par_1_88' title="bbox 2045 4073 3687 4155">
     <span class='ocr_line' id='line_1_89' title="bbox 2045 4073 3687 4155; baseline 0.002 -25"><span class='ocrx_word' id='word_1_619' title='bbox 2045 4099 2072 4130; x_wconf 75' lang='grc' dir='ltr'>ι</span> <span class='ocrx_word' id='word_1_620' title='bbox 2127 4075 2199 4133; x_wconf 83' lang='grc' dir='ltr'>Οῦ</span> <span class='ocrx_word' id='word_1_621' title='bbox 2257 4075 2517 4153; x_wconf 76' lang='grc' dir='ltr'>φιμώσεις</span> <span class='ocrx_word' id='word_1_622' title='bbox 2547 4076 2671 4153; x_wconf 85' lang='grc' dir='ltr'>βοῦν</span> <span class='ocrx_word' id='word_1_623' title='bbox 2701 4074 2967 4155; x_wconf 83' lang='grc' dir='ltr'>ἀλοῶντα⁹</span> <span class='ocrx_word' id='word_1_624' title='bbox 3007 4099 3030 4131; x_wconf 75' lang='grc' dir='ltr'>ι</span> <span class='ocrx_word' id='word_1_625' title='bbox 3066 4073 3188 4132; x_wconf 83' lang='grc' dir='ltr'>ἀλλ’</span> <span class='ocrx_word' id='word_1_626' title='bbox 3214 4076 3305 4132; x_wconf 77' lang='grc' dir='ltr'>’ἶνα</span> <span class='ocrx_word' id='word_1_627' title='bbox 3336 4075 3687 4155; x_wconf 82' lang='grc' dir='ltr'>μεμετρημέ-</span> 
     </span>
    </p>
   </div>
   <div class='ocr_carea' id='block_1_89' title="bbox 2045 4154 3691 4244">
    <p class='ocr_par' dir='ltr' id='par_1_89' title="bbox 2045 4154 3691 4244">
     <span class='ocr_line' id='line_1_90' title="bbox 2045 4154 3691 4244; baseline -0.001 -23"><span class='ocrx_word' id='word_1_628' title='bbox 2045 4187 2142 4229; x_wconf 67' lang='grc' dir='ltr'><strong>νως</strong></span> <span class='ocrx_word' id='word_1_629' title='bbox 2204 4165 2340 4241; x_wconf 86' lang='grc' dir='ltr'><strong>μετά</strong></span> <span class='ocrx_word' id='word_1_630' title='bbox 2362 4162 2722 4232; x_wconf 81' lang='grc' dir='ltr'>δικαιοσύνης,</span> <span class='ocrx_word' id='word_1_631' title='bbox 2751 4154 2862 4222; x_wconf 65' lang='lat' dir='ltr'><strong>&quot;Ov</strong></span> <span class='ocrx_word' id='word_1_632' title='bbox 2887 4165 3082 4244; x_wconf 86' lang='grc' dir='ltr'>τρόπον</span> <span class='ocrx_word' id='word_1_633' title='bbox 3114 4167 3202 4224; x_wconf 74' lang='grc' dir='ltr'><strong>οὖν</strong></span> <span class='ocrx_word' id='word_1_634' title='bbox 3224 4165 3342 4241; x_wconf 88' lang='grc'>(58)</span> <span class='ocrx_word' id='word_1_635' title='bbox 3376 4167 3403 4220; x_wconf 88' lang='lat'><strong>6</strong></span> <span class='ocrx_word' id='word_1_636' title='bbox 3447 4154 3571 4242; x_wconf 89' lang='grc' dir='ltr'>βοῦς</span> <span class='ocrx_word' id='word_1_637' title='bbox 3605 4165 3691 4243; x_wconf 77' lang='grc' dir='ltr'><strong>ἐρ-</strong></span> 
     </span>
    </p>
   </div>
   <div class='ocr_carea' id='block_1_90' title="bbox 2040 4252 3693 4335">
    <p class='ocr_par' dir='ltr' id='par_1_90' title="bbox 2040 4252 3693 4335">
     <span class='ocr_line' id='line_1_91' title="bbox 2040 4252 3693 4335; baseline 0.001 -26"><span class='ocrx_word' id='word_1_638' title='bbox 2040 4254 2337 4333; x_wconf 79' lang='grc' dir='ltr'>γαζόμενος</span> <span class='ocrx_word' id='word_1_639' title='bbox 2384 4257 2440 4309; x_wconf 64' lang='grc' dir='ltr'>ἓν</span> <span class='ocrx_word' id='word_1_640' title='bbox 2462 4261 2531 4331; x_wconf 81' lang='grc' dir='ltr'>τῇ</span> <span class='ocrx_word' id='word_1_641' title='bbox 2561 4252 2676 4329; x_wconf 79' lang='grc' dir='ltr'><strong>ἅλῳ</strong></span> <span class='ocrx_word' id='word_1_642' title='bbox 2719 4254 3005 4327; x_wconf 80' lang='grc' dir='ltr'>ἀκήμωτος</span> <span class='ocrx_word' id='word_1_643' title='bbox 3037 4253 3195 4335; x_wconf 82' lang='grc'>(59),</span> <span class='ocrx_word' id='word_1_644' title='bbox 3227 4256 3383 4311; x_wconf 71' lang='grc' dir='ltr'>ἒσθίει</span> <span class='ocrx_word' id='word_1_645' title='bbox 3409 4256 3536 4331; x_wconf 80' lang='grc' dir='ltr'>μὲν,</span> <span class='ocrx_word' id='word_1_646' title='bbox 3571 4253 3693 4310; x_wconf 86' lang='grc' dir='ltr'>ἀλλ’</span> 
     </span>
    </p>
   </div>
   <div class='ocr_carea' id='block_1_91' title="bbox 2042 4343 3697 4423">
    <p class='ocr_par' dir='ltr' id='par_1_91' title="bbox 2042 4343 3697 4423">
     <span class='ocr_line' id='line_1_92' title="bbox 2042 4343 3697 4423; baseline 0 -24"><span class='ocrx_word' id='word_1_647' title='bbox 2042 4347 2100 4401; x_wconf 77' lang='grc' dir='ltr'><strong>οῦ</strong></span> <span class='ocrx_word' id='word_1_648' title='bbox 2150 4345 2211 4401; x_wconf 81' lang='grc' dir='ltr'>τὸ</span> <span class='ocrx_word' id='word_1_649' title='bbox 2272 4348 2377 4399; x_wconf 82' lang='grc' dir='ltr'>πᾶν</span> <span class='ocrx_word' id='word_1_650' title='bbox 2426 4346 2711 4401; x_wconf 82' lang='grc' dir='ltr'>κατεσθίει’</span> <span class='ocrx_word' id='word_1_651' title='bbox 2760 4343 2898 4400; x_wconf 72' lang='grc' dir='ltr'>οὕτω</span> <span class='ocrx_word' id='word_1_652' title='bbox 2927 4345 3015 4400; x_wconf 86' lang='grc' dir='ltr'><strong>καὶ</strong></span> <span class='ocrx_word' id='word_1_653' title='bbox 3045 4346 3198 4418; x_wconf 72' lang='grc' dir='ltr'>ὅμεϊς</span> <span class='ocrx_word' id='word_1_654' title='bbox 3244 4343 3589 4423; x_wconf 78' lang='grc' dir='ltr'>ἐργαζόμενοι</span> <span class='ocrx_word' id='word_1_655' title='bbox 3622 4347 3697 4406; x_wconf 78' lang='grc' dir='ltr'>εἰς</span> 
     </span>
    </p>
   </div>
   <div class='ocr_carea' id='block_1_92' title="bbox 2044 4433 3701 4510">
    <p class='ocr_par' dir='ltr' id='par_1_92' title="bbox 2044 4433 3701 4510">
     <span class='ocr_line' id='line_1_93' title="bbox 2044 4433 3701 4510; baseline -0.001 -19"><span class='ocrx_word' id='word_1_656' title='bbox 2044 4436 2141 4502; x_wconf 80' lang='grc' dir='ltr'><strong>την</strong></span> <span class='ocrx_word' id='word_1_657' title='bbox 2200 4434 2337 4510; x_wconf 78' lang='grc' dir='ltr'>ἅλω,</span> <span class='ocrx_word' id='word_1_658' title='bbox 2398 4436 2668 4492; x_wconf 89' lang='grc' dir='ltr'>τουτέστιν</span> <span class='ocrx_word' id='word_1_659' title='bbox 2701 4437 2773 4499; x_wconf 85' lang='grc' dir='ltr'>εἰς</span> <span class='ocrx_word' id='word_1_660' title='bbox 2818 4435 2913 4503; x_wconf 76' lang='grc' dir='ltr'>τὴν</span> <span class='ocrx_word' id='word_1_661' title='bbox 2954 4434 3278 4502; x_wconf 85' lang='grc' dir='ltr'>Ἐκκλησίαν</span> <span class='ocrx_word' id='word_1_662' title='bbox 3310 4443 3399 4492; x_wconf 91' lang='grc' dir='ltr'><strong>τοῦ</strong></span> <span class='ocrx_word' id='word_1_663' title='bbox 3442 4441 3595 4510; x_wconf 87' lang='grc' dir='ltr'>Θεοῦ,</span> <span class='ocrx_word' id='word_1_664' title='bbox 3640 4433 3701 4489; x_wconf 77' lang='grc' dir='ltr'>ὲκ</span> 
     </span>
    </p>
   </div>
   <div class='ocr_carea' id='block_1_93' title="bbox 2045 4522 3705 4605">
    <p class='ocr_par' dir='ltr' id='par_1_93' title="bbox 2045 4522 3705 4605">
     <span class='ocr_line' id='line_1_94' title="bbox 2045 4522 3705 4605; baseline -0.001 -24"><span class='ocrx_word' id='word_1_665' title='bbox 2045 4532 2143 4591; x_wconf 76' lang='grc' dir='ltr'>τῆς</span> <span class='ocrx_word' id='word_1_666' title='bbox 2204 4523 2494 4591; x_wconf 78' lang='grc' dir='ltr'>ἐκκλησίας</span> <span class='ocrx_word' id='word_1_667' title='bbox 2552 4525 2747 4584; x_wconf 76' lang='grc' dir='ltr'>ἐσθίετε</span> <span class='ocrx_word' id='word_1_668' title='bbox 2810 4524 2957 4605; x_wconf 83' lang='grc'>(60)⁶</span> <span class='ocrx_word' id='word_1_669' title='bbox 3006 4524 3065 4580; x_wconf 77' lang='grc' dir='ltr'>ὅν</span> <span class='ocrx_word' id='word_1_670' title='bbox 3107 4525 3302 4604; x_wconf 85' lang='grc' dir='ltr'>τρόπον</span> <span class='ocrx_word' id='word_1_671' title='bbox 3331 4526 3419 4581; x_wconf 83' lang='grc' dir='ltr'><strong>καὶ</strong></span> <span class='ocrx_word' id='word_1_672' title='bbox 3468 4527 3514 4581; x_wconf 83' lang='lat' dir='ltr'><strong>ot</strong></span> <span class='ocrx_word' id='word_1_673' title='bbox 3543 4522 3705 4580; x_wconf 81' lang='grc' dir='ltr'>λευϊ-</span> 
     </span>
    </p>
   </div>
   <div class='ocr_carea' id='block_1_94' title="bbox 303 4614 1943 4707">
    <p class='ocr_par' dir='ltr' id='par_1_94' title="bbox 303 4614 1943 4707">
     <span class='ocr_line' id='line_1_95' title="bbox 303 4614 1943 4707; baseline -0.004 -24"><span class='ocrx_word' id='word_1_674' title='bbox 303 4620 394 4683; x_wconf 91' lang='lat' dir='ltr'><strong>sia</strong></span> <span class='ocrx_word' id='word_1_675' title='bbox 422 4619 595 4683; x_wconf 89' lang='lat' dir='ltr'><strong>vivite</strong></span> <span class='ocrx_word' id='word_1_676' title='bbox 622 4642 638 4703; x_wconf 88' lang='lat'><strong>;</strong></span> <span class='ocrx_word' id='word_1_677' title='bbox 676 4622 866 4686; x_wconf 88' lang='lat' dir='ltr'><strong>instar</strong></span> <span class='ocrx_word' id='word_1_678' title='bbox 892 4614 1133 4707; x_wconf 87' lang='lat' dir='ltr'><strong>quoque</strong></span> <span class='ocrx_word' id='word_1_679' title='bbox 1160 4625 1505 4703; x_wconf 90' lang='lat' dir='ltr'><strong>levitarum,</strong></span> <span class='ocrx_word' id='word_1_680' title='bbox 1526 4621 1629 4703; x_wconf 91' lang='lat' dir='ltr'><strong>qui</strong></span> <span class='ocrx_word' id='word_1_681' title='bbox 1662 4619 1943 4681; x_wconf 88' lang='lat' dir='ltr'><strong>ministra-</strong></span> 
     </span>
    </p>
   </div>
   <div class='ocr_carea' id='block_1_95' title="bbox 2038 4614 3704 4707">
    <p class='ocr_par' dir='ltr' id='par_1_95' title="bbox 2049 4614 3704 4707">
     <span class='ocr_line' id='line_1_96' title="bbox 2049 4614 3704 4707; baseline -0.002 -34"><span class='ocrx_word' id='word_1_682' title='bbox 2049 4640 2137 4673; x_wconf 87' lang='grc' dir='ltr'><strong>ται</strong></span> <span class='ocrx_word' id='word_1_683' title='bbox 2162 4618 2208 4671; x_wconf 77' lang='grc' dir='ltr'>οἱ</span> <span class='ocrx_word' id='word_1_684' title='bbox 2252 4615 2678 4695; x_wconf 66' lang='grc' dir='ltr'>λειτουργοῦντες</span> <span class='ocrx_word' id='word_1_685' title='bbox 2737 4621 2805 4692; x_wconf 77' lang='grc' dir='ltr'>τῇ</span> <span class='ocrx_word' id='word_1_686' title='bbox 2868 4620 3044 4691; x_wconf 85' lang='grc' dir='ltr'>σκηνῇ</span> <span class='ocrx_word' id='word_1_687' title='bbox 3099 4624 3193 4674; x_wconf 82' lang='grc' dir='ltr'><strong>τόῦ</strong></span> <span class='ocrx_word' id='word_1_688' title='bbox 3242 4616 3550 4707; x_wconf 85' lang='grc' dir='ltr'>μαρτυρίου,</span> <span class='ocrx_word' id='word_1_689' title='bbox 3583 4614 3704 4707; x_wconf 61' lang='grc' dir='ltr'>ἣτις</span> 
     </span>
    </p>
   </div>
   <div class='ocr_carea' id='block_1_96' title="bbox 306 4708 1973 4797">
    <p class='ocr_par' dir='ltr' id='par_1_96' title="bbox 306 4708 1973 4797">
     <span class='ocr_line' id='line_1_97' title="bbox 306 4708 1973 4797; baseline -0.001 -26"><span class='ocrx_word' id='word_1_690' title='bbox 306 4708 451 4772; x_wconf 88' lang='lat' dir='ltr'><strong>bant</strong></span> <span class='ocrx_word' id='word_1_691' title='bbox 475 4713 807 4776; x_wconf 88' lang='lat' dir='ltr'><strong>testimonii</strong></span> <span class='ocrx_word' id='word_1_692' title='bbox 835 4713 1413 4797; x_wconf 85' lang='lat' dir='ltr'><strong>tabernaculo,quod</strong></span> <span class='ocrx_word' id='word_1_693' title='bbox 1438 4712 1603 4779; x_wconf 92' lang='lat' dir='ltr'><strong>omni</strong></span> <span class='ocrx_word' id='word_1_694' title='bbox 1621 4731 1690 4774; x_wconf 86' lang='lat' dir='ltr'><strong>ex</strong></span> <span class='ocrx_word' id='word_1_695' title='bbox 1718 4712 1884 4792; x_wconf 67' lang='lat' dir='ltr'><strong>parte</strong></span> <span class='ocrx_word' id='word_1_696' title='bbox 1907 4709 1973 4769; x_wconf 82' lang='lat' dir='ltr'><strong>ti-</strong></span> 
     </span>
    </p>
   </div>
   <div class='ocr_carea' id='block_1_97' title="bbox 384 4874 1963 4965">
    <p class='ocr_par' dir='ltr' id='par_1_97' title="bbox 384 4874 1963 4965">
     <span class='ocr_line' id='line_1_98' title="bbox 384 4874 1963 4965; baseline -0.004 -20"><span class='ocrx_word' id='word_1_697' title='bbox 384 4880 449 4933; x_wconf 81' lang='grc'><strong>80</strong></span> <span class='ocrx_word' id='word_1_698' title='bbox 477 4883 622 4945; x_wconf 84' lang='lat' dir='ltr'><strong>Luc.</strong></span> <span class='ocrx_word' id='word_1_699' title='bbox 658 4901 717 4965; x_wconf 84' lang='lat' dir='ltr'><strong>x,</strong></span> <span class='ocrx_word' id='word_1_700' title='bbox 751 4884 808 4947; x_wconf 74' lang='lat'><strong>7.</strong></span> <span class='ocrx_word' id='word_1_701' title='bbox 901 4881 954 4927; x_wconf 73' lang='grc'><strong>⁸1</strong></span> <span class='ocrx_word' id='word_1_702' title='bbox 978 4882 1194 4948; x_wconf 77' lang='grc' dir='ltr'>Ειεοὶι.</span> <span class='ocrx_word' id='word_1_703' title='bbox 1228 4898 1430 4963; x_wconf 77' lang='lat' dir='ltr'><strong>xxxxv,</strong></span> <span class='ocrx_word' id='word_1_704' title='bbox 1462 4882 1523 4944; x_wconf 88' lang='lat'><strong>3.</strong></span> <span class='ocrx_word' id='word_1_705' title='bbox 1608 4877 1663 4923; x_wconf 70' lang='grc'><strong>⁸³</strong></span> <span class='ocrx_word' id='word_1_706' title='bbox 1695 4881 1771 4943; x_wconf 91' lang='lat' dir='ltr'><strong>Is.</strong></span> <span class='ocrx_word' id='word_1_707' title='bbox 1807 4892 1865 4953; x_wconf 91' lang='lat' dir='ltr'><strong>v,</strong></span> <span class='ocrx_word' id='word_1_708' title='bbox 1902 4874 1963 4939; x_wconf 91' lang='lat'><strong>8.</strong></span> 
     </span>
    </p>
   </div>
   <div class='ocr_carea' id='block_1_98' title="bbox 2054 4700 3707 4785">
    <p class='ocr_par' dir='ltr' id='par_1_98' title="bbox 2054 4700 3707 4785">
     <span class='ocr_line' id='line_1_99' title="bbox 2054 4700 3707 4785; baseline -0.002 -24"><span class='ocrx_word' id='word_1_709' title='bbox 2054 4710 2125 4773; x_wconf 74' lang='grc' dir='ltr'>ἦν</span> <span class='ocrx_word' id='word_1_710' title='bbox 2155 4706 2323 4769; x_wconf 82' lang='grc' dir='ltr'>τύπος</span> <span class='ocrx_word' id='word_1_711' title='bbox 2374 4711 2474 4773; x_wconf 79' lang='grc' dir='ltr'>τῆς</span> <span class='ocrx_word' id='word_1_712' title='bbox 2526 4703 2852 4773; x_wconf 86' lang='grc' dir='ltr'>Ἐκκλησίας</span> <span class='ocrx_word' id='word_1_713' title='bbox 2938 4704 3074 4760; x_wconf 82' lang='grc' dir='ltr'>κατὰ</span> <span class='ocrx_word' id='word_1_714' title='bbox 3129 4706 3324 4763; x_wconf 86' lang='grc' dir='ltr'>πάντα⁶</span> <span class='ocrx_word' id='word_1_715' title='bbox 3378 4706 3595 4785; x_wconf 82' lang='grc' dir='ltr'>προσέτι</span> <span class='ocrx_word' id='word_1_716' title='bbox 3652 4700 3707 4758; x_wconf 76' lang='grc' dir='ltr'><strong>δὶ</strong></span> 
     </span>
    </p>
   </div>
   <div class='ocr_carea' id='block_1_99' title="bbox 2050 4863 3158 4943">
    <p class='ocr_par' dir='ltr' id='par_1_99' title="bbox 2050 4863 3158 4943">
     <span class='ocr_line' id='line_1_100' title="bbox 2050 4863 3158 4943; baseline -0.005 -12"><span class='ocrx_word' id='word_1_717' title='bbox 2050 4871 2105 4916; x_wconf 82' lang='lat'><strong>83</strong></span> <span class='ocrx_word' id='word_1_718' title='bbox 2138 4871 2276 4930; x_wconf 91' lang='lat' dir='ltr'><strong>Lev.</strong></span> <span class='ocrx_word' id='word_1_719' title='bbox 2310 4882 2438 4941; x_wconf 74' lang='lat' dir='ltr'><strong>nx,</strong></span> <span class='ocrx_word' id='word_1_720' title='bbox 2472 4867 2563 4929; x_wconf 84' lang='grc'><strong>18.</strong></span> <span class='ocrx_word' id='word_1_721' title='bbox 2652 4863 2708 4909; x_wconf 71' lang='grc'><strong>⁸⁸</strong></span> <span class='ocrx_word' id='word_1_722' title='bbox 2731 4864 2903 4928; x_wconf 90' lang='lat' dir='ltr'><strong>Deut.</strong></span> <span class='ocrx_word' id='word_1_723' title='bbox 2937 4883 3072 4943; x_wconf 86' lang='lat' dir='ltr'><strong>xxv,</strong></span> <span class='ocrx_word' id='word_1_724' title='bbox 3100 4866 3158 4929; x_wconf 84' lang='grc'><strong>4.</strong></span> 
     </span>
    </p>
   </div>
   <div class='ocr_carea' id='block_1_100' title="bbox 1653 5032 2363 5115">
    <p class='ocr_par' dir='ltr' id='par_1_100' title="bbox 1653 5032 2363 5115">
     <span class='ocr_line' id='line_1_101' title="bbox 1653 5032 2363 5115; baseline -0.008 -13"><span class='ocrx_word' id='word_1_725' title='bbox 1653 5036 2070 5115; x_wconf 77' lang='lat' dir='ltr'><strong>VARIOBUM</strong></span> <span class='ocrx_word' id='word_1_726' title='bbox 2114 5032 2363 5098; x_wconf 64' lang='lat' dir='ltr'><strong>NOTAE.</strong></span> 
     </span>
    </p>
   </div>
   <div class='ocr_carea' id='block_1_101' title="bbox 400 5172 1943 5263">
    <p class='ocr_par' dir='ltr' id='par_1_101' title="bbox 400 5179 1943 5263">
     <span class='ocr_line' id='line_1_102' title="bbox 400 5179 1943 5263; baseline -0.004 -20"><span class='ocrx_word' id='word_1_727' title='bbox 400 5179 526 5261; x_wconf 84' lang='lat'><strong>(50)</strong></span> <span class='ocrx_word' id='word_1_728' title='bbox 550 5182 719 5245; x_wconf 81' lang='lat' dir='ltr'><strong>Alter</strong></span> <span class='ocrx_word' id='word_1_729' title='bbox 750 5181 884 5253; x_wconf 84' lang='lat' dir='ltr'><strong>cod.</strong></span> <span class='ocrx_word' id='word_1_730' title='bbox 918 5180 1147 5263; x_wconf 87' lang='lat' dir='ltr'><strong>habet_:</strong></span> <span class='ocrx_word' id='word_1_731' title='bbox 1198 5180 1367 5258; x_wconf 82' lang='grc' dir='ltr'>’Υμᾰς</span> <span class='ocrx_word' id='word_1_732' title='bbox 1427 5182 1576 5263; x_wconf 80' lang='grc' dir='ltr'>ἔχειν</span> <span class='ocrx_word' id='word_1_733' title='bbox 1633 5180 1745 5238; x_wconf 73' lang='grc' dir='ltr'>δεῖν</span> <span class='ocrx_word' id='word_1_734' title='bbox 1792 5182 1943 5239; x_wconf 82' lang='grc' dir='ltr'>τούτο</span> 
     </span>
    </p>
   </div>
   <div class='ocr_carea' id='block_1_102' title="bbox 2038 5172 2385 5263">
    <p class='ocr_par' dir='ltr' id='par_1_102' title="bbox 2060 5172 2385 5263">
     <span class='ocr_line' id='line_1_103' title="bbox 2060 5172 2385 5263; baseline -0.009 -27"><span class='ocrx_word' id='word_1_735' title='bbox 2060 5191 2265 5263; x_wconf 63' lang='lat' dir='ltr'><strong>sensu,</strong></span> <span class='ocrx_word' id='word_1_736' title='bbox 2302 5172 2385 5263; x_wconf 69' lang='lat' dir='ltr'><strong>in.</strong></span> 
     </span>
    </p>
   </div>
   <div class='ocr_carea' id='block_1_103' title="bbox 318 5260 1288 5340">
    <p class='ocr_par' dir='ltr' id='par_1_103' title="bbox 318 5260 1288 5340">
     <span class='ocr_line' id='line_1_104' title="bbox 318 5260 1288 5340; baseline 0.006 -22"><span class='ocrx_word' id='word_1_737' title='bbox 318 5260 705 5340; x_wconf 81' lang='grc' dir='ltr'>καταμίμησιν,</span> <span class='ocrx_word' id='word_1_738' title='bbox 742 5281 861 5325; x_wconf 90' lang='lat' dir='ltr'><strong>non</strong></span> <span class='ocrx_word' id='word_1_739' title='bbox 896 5262 1069 5324; x_wconf 86' lang='lat' dir='ltr'><strong>male.</strong></span> <span class='ocrx_word' id='word_1_740' title='bbox 1099 5260 1288 5324; x_wconf 77' lang='lat' dir='ltr'><strong>CLER.</strong></span> 
     </span>
    </p>
   </div>
   <div class='ocr_carea' id='block_1_104' title="bbox 398 5343 1781 5506">
    <p class='ocr_par' dir='ltr' id='par_1_104' title="bbox 398 5343 1781 5506">
     <span class='ocr_line' id='line_1_105' title="bbox 398 5343 1781 5423; baseline -0.005 -18"><span class='ocrx_word' id='word_1_741' title='bbox 398 5343 492 5423; x_wconf 77' lang='lat'><strong>(51</strong></span> <span class='ocrx_word' id='word_1_742' title='bbox 554 5347 735 5403; x_wconf 72' lang='grc' dir='ltr'>Εἶναι.</span> <span class='ocrx_word' id='word_1_743' title='bbox 759 5343 824 5406; x_wconf 91' lang='lat' dir='ltr'><strong>In</strong></span> <span class='ocrx_word' id='word_1_744' title='bbox 852 5343 1065 5405; x_wconf 90' lang='lat' dir='ltr'><strong>eodem</strong></span> <span class='ocrx_word' id='word_1_745' title='bbox 1085 5343 1356 5419; x_wconf 85' lang='lat' dir='ltr'><strong>sequitur</strong></span> <span class='ocrx_word' id='word_1_746' title='bbox 1371 5349 1511 5401; x_wconf 85' lang='grc' dir='ltr'>εῖναι</span> <span class='ocrx_word' id='word_1_747' title='bbox 1527 5357 1715 5423; x_wconf 77' lang='grc' dir='ltr'>πραεῖς</span> <span class='ocrx_word' id='word_1_748' title='bbox 1743 5368 1781 5423; x_wconf 86' lang='grc' dir='ltr'><strong>χ</strong></span> 
     </span>
     <span class='ocr_line' id='line_1_106' title="bbox 400 5343 1781 5506; baseline -0.004 -20"><span class='ocrx_word' id='word_1_749' title='bbox 400 5343 525 5506; x_wconf 67' lang='lat'><strong>(52)</strong></span> <span class='ocrx_word' id='word_1_750' title='bbox 553 5432 635 5482; x_wconf 90' lang='grc' dir='ltr'>Σπ</span> <span class='ocrx_word' id='word_1_751' title='bbox 647 5425 866 5487; x_wconf 82' lang='grc' dir='ltr'>άταλος.</span> <span class='ocrx_word' id='word_1_752' title='bbox 900 5421 1070 5506; x_wconf 78' lang='lat' dir='ltr'><strong>Idem</strong></span> <span class='ocrx_word' id='word_1_753' title='bbox 1099 5423 1285 5506; x_wconf 80' lang='lat' dir='ltr'><strong>codex</strong></span> <span class='ocrx_word' id='word_1_754' title='bbox 1308 5444 1321 5487; x_wconf 90' lang='lat'><strong>:</strong></span> <span class='ocrx_word' id='word_1_755' title='bbox 1349 5423 1781 5506; x_wconf 74' lang='grc' dir='ltr'>πολυανάλωτος,</span> 
     </span>
    </p>
   </div>
   <div class='ocr_carea' id='block_1_105' title="bbox 324 5503 1612 5585">
    <p class='ocr_par' dir='ltr' id='par_1_105' title="bbox 324 5503 1612 5585">
     <span class='ocr_line' id='line_1_107' title="bbox 324 5503 1612 5585; baseline 0.002 -21"><span class='ocrx_word' id='word_1_756' title='bbox 324 5503 566 5585; x_wconf 83' lang='lat' dir='ltr'><strong>videtur</strong></span> <span class='ocrx_word' id='word_1_757' title='bbox 591 5522 727 5567; x_wconf 88' lang='lat' dir='ltr'><strong>esse</strong></span> <span class='ocrx_word' id='word_1_758' title='bbox 752 5512 846 5561; x_wconf 89' lang='grc' dir='ltr'><strong>τοῦ</strong></span> <span class='ocrx_word' id='word_1_759' title='bbox 876 5503 1153 5585; x_wconf 44' lang='lat' dir='ltr'><strong>augendos</strong></span> <span class='ocrx_word' id='word_1_760' title='bbox 1174 5504 1497 5585; x_wconf 86' lang='lat' dir='ltr'><strong>glossema.</strong></span> <span class='ocrx_word' id='word_1_761' title='bbox 1526 5504 1612 5567; x_wconf 84' lang='lat' dir='ltr'><strong>In.</strong></span> 
     </span>
    </p>
   </div>
   <div class='ocr_carea' id='block_1_106' title="bbox 401 5581 1977 5666">
    <p class='ocr_par' dir='ltr' id='par_1_106' title="bbox 401 5581 1977 5666">
     <span class='ocr_line' id='line_1_108' title="bbox 401 5581 1977 5666; baseline -0.003 -19"><span class='ocrx_word' id='word_1_762' title='bbox 401 5584 766 5666; x_wconf 62' lang='grc' dir='ltr'>(53λΜόνων,</span> <span class='ocrx_word' id='word_1_763' title='bbox 803 5591 920 5647; x_wconf 92' lang='lat' dir='ltr'><strong>etc.</strong></span> <span class='ocrx_word' id='word_1_764' title='bbox 955 5581 1120 5646; x_wconf 90' lang='lat' dir='ltr'><strong>Idem</strong></span> <span class='ocrx_word' id='word_1_765' title='bbox 1162 5581 1392 5661; x_wconf 48' lang='grc' dir='ltr'>τ’μόνοις</span> <span class='ocrx_word' id='word_1_766' title='bbox 1424 5600 1543 5650; x_wconf 77' lang='grc' dir='ltr'>τοῖς</span> <span class='ocrx_word' id='word_1_767' title='bbox 1576 5610 1637 5647; x_wconf 90' lang='grc' dir='ltr'><strong>π.</strong></span> <span class='ocrx_word' id='word_1_768' title='bbox 1668 5608 1719 5643; x_wconf 93' lang='grc' dir='ltr'><strong>σ.</strong></span> <span class='ocrx_word' id='word_1_769' title='bbox 1781 5586 1977 5666; x_wconf 81' lang='grc' dir='ltr'>ἀρκού-</span> 
     </span>
    </p>
   </div>
   <div class='ocr_carea' id='block_1_107' title="bbox 316 5665 620 5743">
    <p class='ocr_par' dir='ltr' id='par_1_107' title="bbox 316 5665 620 5743">
     <span class='ocr_line' id='line_1_109' title="bbox 316 5665 620 5743; baseline 0.01 -21"><span class='ocrx_word' id='word_1_770' title='bbox 316 5688 499 5743; x_wconf 87' lang='grc' dir='ltr'>μενος.</span> <span class='ocrx_word' id='word_1_771' title='bbox 532 5665 620 5730; x_wconf 84' lang='lat' dir='ltr'><strong>ID.</strong></span> 
     </span>
    </p>
   </div>
   <div class='ocr_carea' id='block_1_108' title="bbox 400 5744 1370 5910">
    <p class='ocr_par' dir='ltr' id='par_1_108' title="bbox 400 5744 1370 5910">
     <span class='ocr_line' id='line_1_110' title="bbox 400 5744 1370 5879; baseline 0.005 -72"><span class='ocrx_word' id='word_1_772' title='bbox 400 5747 531 5879; x_wconf 61' lang='lat'><strong>(54)</strong></span> <span class='ocrx_word' id='word_1_773' title='bbox 566 5747 656 5850; x_wconf 61' lang='grc' dir='ltr'><strong>Δξ.</strong></span> <span class='ocrx_word' id='word_1_774' title='bbox 707 5747 772 5810; x_wconf 90' lang='lat' dir='ltr'><strong>In</strong></span> <span class='ocrx_word' id='word_1_775' title='bbox 807 5744 1017 5808; x_wconf 88' lang='lat' dir='ltr'><strong>eodem</strong></span> <span class='ocrx_word' id='word_1_776' title='bbox 1050 5748 1247 5841; x_wconf 72' lang='grc' dir='ltr'>τοίνυν.</span> <span class='ocrx_word' id='word_1_777' title='bbox 1283 5745 1370 5812; x_wconf 84' lang='lat' dir='ltr'><strong>In.</strong></span> 
     </span>
     <span class='ocr_line' id='line_1_111' title="bbox 407 5826 1288 5910; baseline 0.001 -18"><span class='ocrx_word' id='word_1_778' title='bbox 407 5828 535 5910; x_wconf 59' lang='grc'>,55)</span> <span class='ocrx_word' id='word_1_779' title='bbox 642 5827 1073 5907; x_wconf 80' lang='grc' dir='ltr'>Επιμερίζοντες.</span> <span class='ocrx_word' id='word_1_780' title='bbox 1134 5826 1288 5895; x_wconf 83' lang='lat' dir='ltr'><strong>lbld.</strong></span> 
     </span>
    </p>
   </div>
   <div class='ocr_carea' id='block_1_109' title="bbox 620 5824 1989 5907">
    <p class='ocr_par' dir='ltr' id='par_1_109' title="bbox 620 5824 1989 5907">
     <span class='ocr_line' id='line_1_112' title="bbox 620 5824 1989 5907; baseline 0 -21"><span class='ocrx_word' id='word_1_781' title='bbox 620 5827 1073 5907; x_wconf 81' lang='grc' dir='ltr'>Ἐπιμερίζοντες.</span> <span class='ocrx_word' id='word_1_782' title='bbox 1134 5826 1288 5895; x_wconf 77' lang='lat' dir='ltr'><strong>Ibid.</strong></span> <span class='ocrx_word' id='word_1_783' title='bbox 1373 5826 1712 5903; x_wconf 84' lang='grc' dir='ltr'>διανέμοντες</span> <span class='ocrx_word' id='word_1_784' title='bbox 1774 5824 1989 5889; x_wconf 89' lang='lat' dir='ltr'><strong>eodem</strong></span> 
     </span>
    </p>
   </div>
   <div class='ocr_carea' id='block_1_110' title="bbox 2146 5246 3704 5336">
    <p class='ocr_par' dir='ltr' id='par_1_110' title="bbox 2146 5246 3704 5336">
     <span class='ocr_line' id='line_1_113' title="bbox 2146 5246 3704 5336; baseline -0.008 -16"><span class='ocrx_word' id='word_1_785' title='bbox 2146 5255 2275 5336; x_wconf 79' lang='lat'><strong>(56)</strong></span> <span class='ocrx_word' id='word_1_786' title='bbox 2310 5253 2490 5331; x_wconf 65' lang='grc' dir='ltr'>Ὑμῖν.</span> <span class='ocrx_word' id='word_1_787' title='bbox 2520 5250 2828 5315; x_wconf 89' lang='lat' dir='ltr'><strong>Omittitur</strong></span> <span class='ocrx_word' id='word_1_788' title='bbox 2850 5251 2910 5314; x_wconf 89' lang='lat' dir='ltr'><strong>in</strong></span> <span class='ocrx_word' id='word_1_789' title='bbox 2943 5250 3130 5336; x_wconf 71' lang='lat' dir='ltr'><strong>altero</strong></span> <span class='ocrx_word' id='word_1_790' title='bbox 3161 5247 3509 5336; x_wconf 72' lang='lat' dir='ltr'><strong>codice_,nec</strong></span> <span class='ocrx_word' id='word_1_791' title='bbox 3531 5246 3704 5320; x_wconf 89' lang='lat' dir='ltr'><strong>male,</strong></span> 
     </span>
    </p>
   </div>
   <div class='ocr_carea' id='block_1_111' title="bbox 554 5326 1943 5483">
    <p class='ocr_par' dir='ltr' id='par_1_111' title="bbox 554 5326 1943 5483">
     <span class='ocr_line' id='line_1_114' title="bbox 554 5326 1943 5423; baseline 0 -20"><span class='ocrx_word' id='word_1_792' title='bbox 554 5326 735 5403; x_wconf 66' lang='grc' dir='ltr'>έῖναι.</span> <span class='ocrx_word' id='word_1_793' title='bbox 759 5342 824 5406; x_wconf 92' lang='lat' dir='ltr'><strong>In</strong></span> <span class='ocrx_word' id='word_1_794' title='bbox 852 5343 1065 5405; x_wconf 89' lang='lat' dir='ltr'><strong>eodem</strong></span> <span class='ocrx_word' id='word_1_795' title='bbox 1085 5343 1356 5419; x_wconf 80' lang='lat' dir='ltr'><strong>sequitur</strong></span> <span class='ocrx_word' id='word_1_796' title='bbox 1371 5349 1511 5401; x_wconf 82' lang='grc' dir='ltr'>εἶναι</span> <span class='ocrx_word' id='word_1_797' title='bbox 1527 5357 1715 5423; x_wconf 77' lang='grc' dir='ltr'>πραεῖς</span> <span class='ocrx_word' id='word_1_798' title='bbox 1743 5338 1943 5423; x_wconf 70' lang='grc' dir='ltr'>χρήᾸιι</span> 
     </span>
     <span class='ocr_line' id='line_1_115' title="bbox 554 5421 1943 5483; baseline 0.001 -2"><span class='ocrx_word' id='word_1_799' title='bbox 554 5425 866 5483; x_wconf 83' lang='grc' dir='ltr'>Σπάταλος.</span> <span class='ocrx_word' id='word_1_800' title='bbox 900 5421 1064 5483; x_wconf 90' lang='lat' dir='ltr'><strong>Idem</strong></span> <span class='ocrx_word' id='word_1_801' title='bbox 1099 5423 1321 5483; x_wconf 83' lang='lat' dir='ltr'><strong>codex:</strong></span> <span class='ocrx_word' id='word_1_802' title='bbox 1349 5423 1781 5483; x_wconf 82' lang='grc' dir='ltr'>πολυανάλωτος.</span> <span class='ocrx_word' id='word_1_803' title='bbox 1817 5441 1943 5483; x_wconf 64' lang='grc' dir='ltr'>(ιυοι</span> 
     </span>
    </p>
   </div>
   <div class='ocr_carea' id='block_1_112' title="bbox 2038 5326 3572 5483">
    <p class='ocr_par' dir='ltr' id='par_1_112' title="bbox 2062 5326 3572 5483">
     <span class='ocr_line' id='line_1_116' title="bbox 2062 5326 3572 5412; baseline -0.009 -11"><span class='ocrx_word' id='word_1_804' title='bbox 2062 5326 2195 5401; x_wconf 79' lang='lat' dir='ltr'><strong>nam</strong></span> <span class='ocrx_word' id='word_1_805' title='bbox 2219 5326 2457 5400; x_wconf 77' lang='lat' dir='ltr'><strong>mutnus</strong></span> <span class='ocrx_word' id='word_1_806' title='bbox 2486 5351 2653 5394; x_wconf 88' lang='lat' dir='ltr'><strong>amor</strong></span> <span class='ocrx_word' id='word_1_807' title='bbox 2682 5342 2771 5393; x_wconf 83' lang='lat' dir='ltr'><strong>est</strong></span> <span class='ocrx_word' id='word_1_808' title='bbox 2802 5331 3078 5394; x_wconf 84' lang='lat' dir='ltr'><strong>omnibus</strong></span> <span class='ocrx_word' id='word_1_809' title='bbox 3104 5334 3463 5412; x_wconf 68' lang='lat' dir='ltr'><strong>praeceptus.</strong></span> <span class='ocrx_word' id='word_1_810' title='bbox 3488 5326 3572 5389; x_wconf 83' lang='lat' dir='ltr'><strong>in.</strong></span> 
     </span>
     <span class='ocr_line' id='line_1_117' title="bbox 2146 5412 3020 5483; baseline -0.015 0"><span class='ocrx_word' id='word_1_811' title='bbox 2146 5420 2270 5483; x_wconf 86' lang='grc'>(57)</span> <span class='ocrx_word' id='word_1_812' title='bbox 2308 5424 2502 5476; x_wconf 85' lang='grc' dir='ltr'>Ταῦτα.</span> <span class='ocrx_word' id='word_1_813' title='bbox 2532 5413 2686 5476; x_wconf 75' lang='lat' dir='ltr'><strong>Ibid.</strong></span> <span class='ocrx_word' id='word_1_814' title='bbox 2718 5422 2896 5477; x_wconf 88' lang='grc' dir='ltr'>τοῦτο.</span> <span class='ocrx_word' id='word_1_815' title='bbox 2930 5412 3020 5475; x_wconf 82' lang='lat' dir='ltr'><strong>Id.</strong></span> 
     </span>
    </p>
   </div>
   <div class='ocr_carea' id='block_1_113' title="bbox 1817 5441 1933 5503">
    <p class='ocr_par' dir='ltr' id='par_1_113' title="bbox 1817 5441 1933 5503">
     <span class='ocr_line' id='line_1_118' title="bbox 1817 5441 1933 5503; baseline 0 -20"><span class='ocrx_word' id='word_1_816' title='bbox 1817 5441 1933 5503; x_wconf 88' lang='lat' dir='ltr'><strong>quo</strong></span> 
     </span>
    </p>
   </div>
   <div class='ocr_carea' id='block_1_114' title="bbox 2146 5412 3020 5498">
    <p class='ocr_par' dir='ltr' id='par_1_114' title="bbox 2146 5412 3020 5498">
     <span class='ocr_line' id='line_1_119' title="bbox 2146 5412 3020 5498; baseline -0.011 -15"><span class='ocrx_word' id='word_1_817' title='bbox 2146 5420 2270 5498; x_wconf 80' lang='lat'><strong>(57)</strong></span> <span class='ocrx_word' id='word_1_818' title='bbox 2308 5424 2504 5498; x_wconf 59' lang='grc' dir='ltr'>Ταῦτα,</span> <span class='ocrx_word' id='word_1_819' title='bbox 2532 5413 2896 5498; x_wconf 44' lang='lat' dir='ltr'><strong>impero.</strong></span> <span class='ocrx_word' id='word_1_820' title='bbox 2930 5412 3020 5475; x_wconf 89' lang='lat' dir='ltr'><strong>Id.</strong></span> 
     </span>
    </p>
   </div>
   <div class='ocr_carea' id='block_1_115' title="bbox 2144 5420 2877 5578">
    <p class='ocr_par' dir='ltr' id='par_1_115' title="bbox 2144 5420 2877 5578">
     <span class='ocr_line' id='line_1_120' title="bbox 2146 5420 2874 5498; baseline -0.015 -15"><span class='ocrx_word' id='word_1_821' title='bbox 2146 5420 2241 5498; x_wconf 87' lang='grc'>(57</span> <span class='ocrx_word' id='word_1_822' title='bbox 2308 5424 2502 5476; x_wconf 85' lang='grc' dir='ltr'>Ταῦτα.</span> <span class='ocrx_word' id='word_1_823' title='bbox 2533 5420 2686 5476; x_wconf 79' lang='lat' dir='ltr'><strong>Ibid.</strong></span> <span class='ocrx_word' id='word_1_824' title='bbox 2718 5422 2874 5472; x_wconf 88' lang='grc' dir='ltr'>τοῦτο</span> 
     </span>
     <span class='ocr_line' id='line_1_121' title="bbox 2144 5420 2877 5578; baseline -0.011 -16"><span class='ocrx_word' id='word_1_825' title='bbox 2144 5420 2270 5578; x_wconf 63' lang='grc'>(58)</span> <span class='ocrx_word' id='word_1_826' title='bbox 2302 5498 2426 5557; x_wconf 83' lang='grc' dir='ltr'>Οῦν.</span> <span class='ocrx_word' id='word_1_827' title='bbox 2462 5493 2613 5555; x_wconf 76' lang='lat' dir='ltr'><strong>Ibid.</strong></span> <span class='ocrx_word' id='word_1_828' title='bbox 2646 5496 2766 5578; x_wconf 35' lang='grc' dir='ltr'>γάρ..</span> <span class='ocrx_word' id='word_1_829' title='bbox 2786 5497 2877 5578; x_wconf 82' lang='lat' dir='ltr'><strong>_ID.</strong></span> 
     </span>
    </p>
   </div>
   <div class='ocr_carea' id='block_1_116' title="bbox 2144 5566 3718 5655">
    <p class='ocr_par' dir='ltr' id='par_1_116' title="bbox 2144 5566 3718 5655">
     <span class='ocr_line' id='line_1_122' title="bbox 2144 5566 3718 5655; baseline -0.006 -14"><span class='ocrx_word' id='word_1_830' title='bbox 2144 5566 2826 5655; x_wconf 61' lang='grc' dir='ltr'><strong>(59)Ἀκήμωτος.’[5ἱᾶ.</strong></span> <span class='ocrx_word' id='word_1_831' title='bbox 2885 5573 3178 5655; x_wconf 79' lang='grc' dir='ltr'>ἀφίμωτος,</span> <span class='ocrx_word' id='word_1_832' title='bbox 3216 5566 3375 5652; x_wconf 90' lang='lat' dir='ltr'><strong>quod</strong></span> <span class='ocrx_word' id='word_1_833' title='bbox 3433 5576 3524 5631; x_wconf 80' lang='lat' dir='ltr'><strong>est</strong></span> <span class='ocrx_word' id='word_1_834' title='bbox 3572 5585 3718 5651; x_wconf 88' lang='lat' dir='ltr'><strong>per-</strong></span> 
     </span>
    </p>
   </div>
   <div class='ocr_carea' id='block_1_117' title="bbox 2067 5660 2352 5725">
    <p class='ocr_par' dir='ltr' id='par_1_117' title="bbox 2067 5660 2352 5725">
     <span class='ocr_line' id='line_1_123' title="bbox 2067 5660 2352 5725; baseline -0.007 0"><span class='ocrx_word' id='word_1_835' title='bbox 2067 5661 2233 5725; x_wconf 89' lang='lat' dir='ltr'><strong>inde.</strong></span> <span class='ocrx_word' id='word_1_836' title='bbox 2267 5660 2352 5724; x_wconf 81' lang='lat' dir='ltr'><strong>In.</strong></span> 
     </span>
    </p>
   </div>
   <div class='ocr_carea' id='block_1_118' title="bbox 2154 5728 3722 5821">
    <p class='ocr_par' dir='ltr' id='par_1_118' title="bbox 2154 5728 3722 5821">
     <span class='ocr_line' id='line_1_124' title="bbox 2154 5728 3722 5821; baseline -0.006 -22"><span class='ocrx_word' id='word_1_837' title='bbox 2154 5740 2274 5821; x_wconf 83' lang='grc'>(60)</span> <span class='ocrx_word' id='word_1_838' title='bbox 2319 5738 2572 5800; x_wconf 84' lang='grc' dir='ltr'>Ἐσθίετε.</span> <span class='ocrx_word' id='word_1_839' title='bbox 2608 5735 2830 5795; x_wconf 85' lang='grc' dir='ltr'>Ἐσθίειν</span> <span class='ocrx_word' id='word_1_840' title='bbox 2861 5736 3119 5819; x_wconf 67' lang='grc' dir='ltr'>ὀφείλετε,</span> <span class='ocrx_word' id='word_1_841' title='bbox 3182 5731 3365 5795; x_wconf 75' lang='lat' dir='ltr'><strong>codex</strong></span> <span class='ocrx_word' id='word_1_842' title='bbox 3424 5730 3597 5795; x_wconf 80' lang='lat' dir='ltr'><strong>alter.</strong></span> <span class='ocrx_word' id='word_1_843' title='bbox 3636 5728 3722 5793; x_wconf 78' lang='grc' dir='ltr'><strong>[Β.</strong></span> 
     </span>
    </p>
   </div>
  </div>
