4124 6434
418 402 537 467 663

1224 407 1283 468 8.
1332 404 1769 471 CLEMENTIS
1816 411 1837 470 Ι
1884 408 2068 471 ROM.
2113 407 2342 470 PONT.
2392 408 2641 469 OPERA
2687 408 2948 470 DUBIA.

3691 408 3814 470 664

420 540 683 596 omnium
716 545 983 597 nostrum
1012 548 1249 617 peccata
1286 538 1345 599 in
1376 538 1536 618 ligno
1563 540 1759 601 crucis
1783 540 2057 620 portavit,

2174 542 2465 617 εαρποῦσθε.
2520 541 2763 615 Μιμηταὶ
2821 541 2920 617 γὰρ
2983 540 3102 596 ἔστι
3149 547 3376 617 Χριστοῦ
3433 552 3528 600 τοῦ
3589 545 3814 620 Κυρίου--

418 622 830 686 immaculatus
864 644 968 703 pro
1004 628 1374 689 merentibus
1419 629 1775 710 supplicium
1820 630 2066 689 cruciﬁ—

422 734 551 791 ths;
599 724 651 774 ta
674 725 730 775 et
753 734 852 774 vos
876 714 1065 791 plebis
1091 725 1332 792 peccata
1348 717 1648 779 vindicare
1674 728 2067 797 oportet-,cum

424 806 498 863 de
530 804 828 865 Salvatore
864 806 919 865 in
942 808 1090 868 Isaia
1123 807 1344 867 dictum
1381 808 1645 870 sitzulste
1665 818 1905 889 peccata
1940 830 2071 869 nos-

424 906 515 950 tra
540 902 811 969 portal,et
842 912 943 965 pro
966 894 1132 953 nobis
1165 895 1460 977 dolet90;n
1485 905 1543 958 et
1568 896 1901 977 postzalpse
1930 916 2069 975 pet:-

423 988 548 1039 cata
583 981 906 1040 multorum
944 983 1095 1054 tulit,
1134 994 1188 1041 ιιι
1225 993 1465 1065 propter
1497 986 1844 1062 iniquitates
1868 1003 2069 1047 eorum

426 1070 674 1129 traditus
704 1082 854 1130 est»
891 1070 961 1133 Ut
996 1090 1136 1149 ergo
1168 1091 1266 1132 vos
1293 1075 1456 1153 scopi
1505 1076 1673 1153 estis,
1708 1076 1783 1135 ita
1818 1083 1872 1134 et
1906 1075 2071 1135 Chri-

426 1167 582 1218 stum
616 1179 863 1237 scopum
899 1161 1149 1242 habetis;
1194 1175 1251 1223 et
1296 1173 1355 1224 ut
1385 1166 1486 1229 ille
1513 1166 1779 1226 omnium
1810 1174 2067 1225 vestrum

430 1249 733 1329 exemplar
757 1260 867 1320 est,
899 1252 970 1310 ita
997 1264 1049 1310 ct
1072 1272 1174 1312 vos
1211 1255 1496 1316 laicornm
1533 1254 1751 1331 quibus
1784 1256 2073 1333 prmestis.

432 1335 554 1397 Non
589 1339 746 1397 enim
784 1341 1240 1401 exis‘iniandmu
1268 1345 1794 1424 est,episcopatum
1813 1342 1981 1403 facile
2012 1362 2079 1403 ac

434 1428 558 1486 li-ve
592 1446 744 1488 unus
769 1429 1219 1501 PSSP.QtIn(‘ll'Cd
1255 1434 1403 1494 sicut
1434 1434 1668 1514 pondus
1698 1432 1890 1504 fertis;
1918 1432 1999 1491 sic
2025 1443 2081 1491 et

431 1516 601 1575 deiet
637 1527 691 1576 ut
729 1518 901 1595 primi
936 1520 1160 1581 fructus
1191 1522 1712 1603 percipiatis,quos
1735 1540 1867 1582 cum
1893 1540 2079 1598 egen-

434 1604 593 1668 tibus
624 1610 1102 1674 i-ommuziicetis;
1138 1620 1334 1690 ulpulc
1369 1611 1662 1673 rationem
1709 1609 2002 1671 reddituri
2025 1610 2080 1671 ei

430 1694 527 1774 qui
577 1714 709 1754 cum
746 1697 1128 1759 ratiocinator
1160 1711 1353 1763 vester
1384 1700 1627 1780 sederit,
1662 1700 1824 1761 nulla
1854 1700 2083 1760 ratione

434 1786 643 1866 poterit
669 1788 897 1849 seduci.
927 1789 1173 1867 Oportet
1209 1791 1405 1871 itaque
1428 1792 1661 1871 eos,qui
1695 1788 1976 1851 Ecclesia:
1995 1807 2058 1848 as

2153 632 2241 685 καὶ
2270 630 2520 694 ὡσαύτως
2554 628 2618 678 89
2640 629 2764 710 (69)
2798 633 3010 687 πάντων
3069 631 3165 694 τὰς
3216 631 3473 708 ἁμαρτίας
3519 631 3813 707 ἀνήνεγκε-ι

2155 720 2240 774 ἐπὶ
2270 720 2329 774 τὸ
2378 717 2552 788 ξύλον,
2609 721 2920 799 σταυρωθεῖς
2983 722 3010 775 ὁ
3060 717 3284 794 ἄμωμος
3336 721 3469 798 ὑπὲρ
3503 728 3609 777 τῶν
3652 724 3821 777 κολά-

2157 830 2290 871 σεως
2322 808 2501 886 ἀξίων,
2549 809 2689 867 οὕτω
2744 810 2829 866 καὶ
2858 810 2994 881 ὑμᾶς
3052 815 3147 866 τοῦ
3207 808 3337 866 λαοῦ
3396 810 3490 873 τὰς
3560 811 3822 887 ἁμαρτίας

2157 895 2586 977 ἐξιδιοποιεῖσθαι
2648 899 2782 977 χρή·
2827 897 3041 974 ε’ίρηται
3102 898 3203 976 γὰρ
3259 900 3379 972 περὶ
3425 906 3521 955 τοῦ
3565 901 3819 977 Σωτῆρος

2157 986 2212 1041 ἐν
2250 976 2471 1065 Ἠσαίᾳ,
2508 985 2588 1042 ὅτι
2643 976 2685 1041 (ιγ
2716 989 2875 1049 Οὗτος
2915 988 3011 1052 τὰς
3042 986 3303 1064 ἀμαρτίας
3346 989 3501 1061 ἡμῶν
3524 989 3691 1069 φέρει,
3726 976 3819 1045 καὶ

2154 1076 2271 1150 περῖ
2317 1076 2471 1150 ἡμῶν
2513 1074 2779 1135 ὀδυνᾶται.
2826 1099 2848 1131 ι
2887 1078 2987 1134 Καὶ
3042 1075 3226 1135 πάλινο
3273 1098 3300 1131 ι
3335 1078 3503 1142 Αὑτὸς
3554 1080 3817 1156 ἁμαρτίας

2154 1162 2368 1220 πολλῶν
2418 1164 2698 1242 ἀνήνεγκε,
2762 1166 2850 1222 καὶ
2900 1163 2985 1221 διὰ
3041 1166 3137 1229 τὰς
3187 1164 3406 1239 ἀνομίας
3465 1169 3637 1223 αὑτῶν
3667 1189 3811 1244 παρ-

2162 1251 2338 1318 εδόθη,
2396 1276 2423 1306 ι
2489 1251 2709 1333 ’Ὠσπερ
2767 1256 2855 1311 οὑν
2900 1255 3055 1329 ὑμεῖς
3117 1254 3307 1311 σκοποί
3365 1254 3509 1327 ἐστι,
3544 1254 3682 1312 οὕτω
3727 1261 3815 1313 καὶ

2163 1344 2364 1397 σκοπὸν
2394 1341 2552 1422 ’ἔχετε
2583 1344 2673 1399 τὸν
2706 1344 2957 1422 Χριστόν·
2990 1345 3063 1409 ὡς
3090 1342 3180 1400 οὗν
3212 1342 3367 1406 αὑτὸς
3400 1345 3613 1400 πάντων
3638 1346 3812 1419 ὑμῶν,

2166 1432 2304 1487 οὕτω
2358 1434 2445 1487 καὶ
2494 1433 2652 1505 ὑμεῖς
2697 1439 2804 1489 τῶν
2842 1430 2926 1511 ὑφ’
2986 1434 3125 1507 ὑμᾶς
3182 1431 3413 1496 λαῖκῶν,
3456 1434 3545 1501 Μὴ
3576 1435 3675 1512 γάρ
3721 1434 3851 1490 νό-’

2166 1529 2282 1593 μιζε
2331 1518 2483 1599 (70),
2532 1521 2611 1577 ὅτι
2657 1522 2878 1601 εὑχερὲς
2909 1522 2945 1590 ἢ
2978 1520 3203 1603 ἐλαφρὸν
3233 1524 3444 1602 φορτίον
3471 1523 3609 1579 ἐστὶν
3629 1526 3663 1591 ἡ
3694 1525 3817 1579 Em-

2167 1612 2365 1680 σκοπή.
2412 1611 2527 1689 Χρὴ
2571 1610 2660 1667 οὗν
2692 1614 2765 1674 ὡς
2794 1613 2855 1668 τὸ
2886 1612 3045 1691 βάρος
3090 1612 3298 1691 φέρετε,
3356 1612 3523 1675 οὕτως
3582 1616 3671 1670 καὶ
3714 1620 3822 1669 τῶν

2164 1705 2382 1776 καρπῶν
2453 1702 2695 1779 πρώτους
2756 1699 3216 1775 μεπαλαμϐένειν,
3277 1702 3365 1757 καὶ
3394 1714 3515 1765 τοῖς
3546 1700 3819 1778 δεομένοις

2167 1785 2525 1862 μεταδιδόναι,
2571 1791 2644 1854 ὡς
2689 1789 2849 1866 λόγον
2886 1788 3161 1868 ὑφεξοντες
3232 1796 3310 1864 τῷ
3382 1789 3820 1869 ἀπαραλογίστως

431 1877 598 1935 εἱάυυ
624 1876 1071 1957 incumbunt,ex
1108 1880 1391 1941 Ecclesia:
1422 1878 1594 1941 bonis
1619 1877 2081 1958 nutriri,quippe

2174 1878 2299 1950 ὃμᾶς
2348 1876 2597 1951 μέλλοντι
2651 1876 3004 1956 λογιστεύειν.
3042 1888 3139 1934 Δεῖ
3190 1879 3289 1958 γάρ
3315 1879 3436 1942 τοὺς
3465 1886 3535 1957 τῇ
3569 1879 3812 1946 Ἐκκλη-

435 1966 797 2030 sacerdotes.
830 1966 1052 2038 levitas,
1082 1969 1387 2050 prtesiiles,
1434 1969 1536 2030 Dei
1570 1968 1899 2041 ministros;
1926 1968 2081 2027 sicut

435 2056 491 2115 in
530 2054 922 2117 Numerorum
962 2058 1109 2119 libro
1142 2059 1214 2119 de
1240 2058 1653 2121 sacerdotibus
1685 2058 1969 2135 scriptum
1991 2074 2083 2116 re-

437 2146 805 2222 peritur.uEt
835 2146 977 2207 dicit
1011 2148 1295 2209 Dominus
1325 2149 1396 2209 ad
1438 2152 1738 2211 Aaronem
1776 2146 2079 2219 :Tu,etﬁ-

434 2235 495 2295 lii
531 2235 640 2313 tui,
672 2245 729 2295 et
752 2234 963 2296 domus
985 2238 1169 2318 patria
1207 2246 1329 2316 tua,
1354 2236 1659 2317 accipietis
1685 2246 1922 2314 peccata
1953 2252 2081 2295 san-

435 2325 739 2402 ctuarii,et
769 2326 1086 2386 sacerdotii
1119 2327 1482 2389 vestri.Ecce
1516 2326 1656 2387 dedi
1687 2323 1849 2386 vobis
1877 2331 2083 2385 custo-

437 2414 594 2473 diam
616 2414 1005 2490 primitiarum
1018 2415 1112 2484 ;'le
1128 2415 1404 2477 omnibus
1420 2434 1552 2493 quae
1569 2414 1933 2476 sanctiﬁcata
1945 2420 2084 2473 sunt

442 2501 584 2561 mihi
610 2522 641 2560 a
673 2502 807 2562 ﬁliis
832 2504 1033 2577 Israel,
1071 2504 1170 2563 tibi
1203 2504 1343 2564 dedi
1373 2522 1464 2577 ea,
1498 2504 1559 2564 in
1593 2505 1905 2578 honorem,
1935 2512 1992 2562 et
2017 2501 2052 2561 ﬁ

440 2591 534 2650 lll.‘
575 2592 687 2651 tuis
722 2603 848 2670 post
869 2602 947 2671 te,
974 2594 1298 2667 legitimum
1349 2596 1809 2675 sempiternum.
1847 2593 1923 2655 Et
1970 2592 2083 2652 ltoc

438 2688 546 2741 erit
575 2681 738 2741 vobis
762 2683 836 2742 tle
868 2684 1271 2754 sanctiﬁcatis,
1323 2684 1398 2745 de
1447 2682 1868 2754 oblationibus,
1904 2690 1959 2741 et
2008 2680 2084 2739 de

440 2769 806 2843 muneribus,
844 2779 899 2830 et
942 2771 1016 2831 de
1048 2773 1322 2832 omnibus
1355 2772 1687 2844 sacriﬁciis,
1726 2779 1783 2831 et
1813 2769 1887 2830 de
1920 2769 2080 2829 omni

437 2859 658 2920 delicto
712 2869 769 2919 et
800 2862 872 2919 de
897 2862 1173 2921 omnibus
1217 2861 1549 2934 sacriﬁciis,
1585 2870 1642 2921 et
1672 2861 1746 2920 de
1778 2860 1939 2921 omni
1970 2859 2044 2919 de
2068 2892 2081 2902 -

438 2950 601 3021 lictu,
667 2960 723 3010 et
773 2950 845 3009 de
904 2951 1159 3029 peccatis
1217 2970 1227 3011 :
1281 2963 1336 3010 et
1395 2968 1768 3031 quaecunque
1825 2948 2083 3010 reddunt

446 3040 589 3099 milii
638 3042 711 3100 de
771 3041 1049 3101 omnibus
1104 3047 1325 3102 sanctis
1363 3090 1377 3113 ,
1432 3040 1536 3101 tibi
1597 3048 1769 3101 erunt
1826 3059 1893 3099 ac
1946 3039 2086 3100 ﬁliis

450 3152 474 3188 ε
508 3128 731 3192 Omnes
764 3130 1038 3209 primitiaz
1066 3132 1206 3206 olei,
1242 3141 1297 3191 et
1326 3132 1467 3210 vini,
1493 3130 1877 3202 ett‘rumenti,
1913 3146 2078 3205 que-

442 3238 677 3295 cunque
730 3221 999 3280 dederint
1067 3221 1337 3289 Domino.
1391 3220 1493 3281 tibi
1538 3219 1679 3280 dedi
1728 3237 1843 3280 ea:
1880 3236 2089 3278 omnes

447 3309 739 3389 primitias
769 3310 1001 3386 frugum
1039 3311 1140 3371 tibi
1175 3308 1447 3373 dedi.His
1478 3309 1917 3371 acceditomnis
1939 3326 2088 3367 con-

440 3399 717 3461 secratio.
756 3401 1047 3460 Praeterea
1078 3419 1255 3459 omne
1286 3399 1544 3460 hominis
1593 3417 1661 3458 ac
1703 3396 1948 3477 pecudis
1971 3397 2091 3456 sive

445 3492 679 3552 munda:
704 3491 823 3550 sive
858 3492 1179 3551 immunda:
1213 3491 1666 3570 primogenitum
1695 3508 1707 3551 :
1737 3489 1879 3551 item
1923 3488 2092 3547 victi-

449 3599 557 3639 mae
588 3598 907 3657 earumque
935 3580 1341 3657 pectusrulum
1367 3600 1434 3647 ac
1454 3578 1763 3641 brachium
1793 3577 2092 3658 dextrum,

447 3671 516 3730 ad
534 3688 619 3728 sai
639 3668 875 3729 erdotes
890 3671 1181 3747 pertinent
1197 3716 1207 3730 .
1222 3678 1277 3728 et
1292 3670 1359 3729 ad
1380 3670 1580 3730 levitas
1594 3669 2091 3749 reliquos,eorum

450 3758 835 3819 couiitvs93m
870 3759 1081 3819 Audite
1108 3758 1228 3819 haec
1260 3779 1359 3817 Vcs
1386 3759 1559 3819 etiam
1588 3758 1745 3836 laici,
1783 3757 1968 3818 electa
1990 3756 2095 3817 Dei

447 3848 887 3910 EcclesiaNam
914 3860 971 3907 et
1003 3849 1164 3927 prior
1185 3849 1457 3927 populus,
1491 3871 1517 3905 ε
1548 3848 1653 3910 Dei
1679 3847 1952 3927 populus,
1984 3873 2007 3899 υ
2041 3854 2096 3907 et

452 3956 636 4018 agens
665 3949 867 3998 sancta
890 3936 1471 3999 93ovocabuntur.Et
1496 3956 1593 3998 vos
1624 3936 1804 4016 igitur
1826 3937 1969 3997 estis
1992 3955 2055 3998 sa
2072 3972 2089 3980 -

448 4036 755 4087 crosancta
781 4026 885 4087 Dei
911 4026 1175 4087 Ecclesia
1203 4029 1539 4105 conscripta
1564 4027 1620 4087 in
1645 4025 1832 4105 caelis,
1862 4026 2094 4104 «regale

446 4116 1023 4195 sacerdotiumgens
1055 4116 1540 4196 sancta,populus
1562 4112 2087 4194 acquisitioniSW,»

451 4225 664 4285 sponsa
705 4215 906 4267 ornata
948 4204 1194 4267 homine
1230 4207 1372 4267 Deo.
1411 4205 1677 4269 Ecclesia
1713 4222 1944 4282 magna,
1978 4202 2094 4264 Ec-

448 4297 626 4360 clesia
663 4295 1129 4374 ﬁzlelisnurilms
1162 4297 1400 4374 percipe
1432 4312 1563 4374 quae
1596 4293 1756 4374 prius
1790 4294 1942 4353 dicta
1964 4292 2096 4353 fue-

2163 1965 2251 2037 σίᾳ
2304 1964 2774 2045 προσεδρεύοντας,
2838 1968 2899 2024 ἐκ
2951 1973 3049 2035 τῆς
3108 1966 3392 2034 ἐκκλησίας
3427 1966 3818 2049 διατρέφεσθαι,

2164 2054 2256 2110 ἅτε
2303 2057 2487 2135 ἱερεῖς,
2547 2055 2754 2121 λευίτας
2783 2105 2796 2130 ,
2858 2055 3138 2137 προέδρους
3167 2103 3183 2126 ,
3241 2056 3577 2138 λειτουργοὺς
3638 2067 3766 2116 Θεοῦ
3803 2078 3815 2089 '

2166 2145 2339 2207 καθὼς
2374 2144 2427 2200 ἐν
2453 2144 2617 2222 βίϐλῳ
2647 2148 2749 2202 τῶν
2784 2150 3054 2225 Ἀριθμῶν
3112 2147 3407 2225 γέγραπται
3459 2149 3577 2225 περὶ
3607 2150 3714 2205 τῶν
3738 2153 3819 2204 ἱε-

2168 2232 2322 2305 ρέων·
2365 2258 2393 2289 α
2432 2237 2528 2293 Καὶ
2556 2236 2681 2292 εἶπε
2717 2237 2904 2315 Κύριος
2936 2238 3068 2315 πρὸς
3103 2233 3332 2312 ⁹Λαρών·
3371 2238 3467 2311 Σὺ,
3527 2240 3619 2294 καὶ
3648 2240 3695 2295 υἱ
3724 2243 3823 2295 υἱοί

2168 2345 2283 2402 σου,
2316 2324 2405 2379 καὶ
2435 2326 2462 2379 ὁ
2493 2328 2645 2389 οἶκος
2704 2332 2929 2404 πατριᾶς
2986 2347 3079 2384 σου
3135 2323 3371 2400 λήψεσθε
3420 2328 3514 2388 τὰς
3562 2327 3825 2405 ἁμαρτίας

2165 2418 2273 2468 τῶν
2327 2412 2514 2490 ἀγίων,
2578 2418 2677 2481 τῆς
2736 2415 2993 2492 ἱερατείας
3052 2416 3222 2489 ὑμῶν.
3284 2412 3418 2471 Ἰδοὺ
3466 2414 3668 2473 δέδωκα
3698 2419 3828 2492 ὑμῖν

2166 2502 2263 2569 τὴν
2301 2499 2613 2581 διατήρησιν
2643 2503 2747 2558 τών
2780 2502 3068 2582 ἀπαρχῶν·
3122 2503 3229 2560 ἀπὸ
3279 2503 3493 2562 πάντων
3519 2511 3624 2561 τῶν
3654 2508 3821 2581 ἡγια-

2168 2591 2376 2664 σμένων
2408 2613 2501 2667 μοι
2532 2593 2674 2661 παρά
2703 2598 2809 2648 τῶν
2839 2594 2965 2650 υἱῶν
3023 2589 3262 2670 Ἰσραὴλ,
3312 2594 3392 2649 σοὶ
3439 2592 3639 2649 δέδωκα
3692 2595 3820 2649 αὑτὰ

2167 2681 2241 2743 εἷς
2297 2680 2480 2760 γέρας,
2540 2682 2623 2737 καῖ
2656 2696 2774 2745 τοῖς
2807 2683 2949 2741 υἱοῖς
2995 2704 3087 2739 σου
3120 2684 3256 2756 μετά
3298 2683 3377 2755 σὲ,
3426 2682 3649 2756 νόμιμον
3694 2683 3818 2738 αἰώ-

2165 2792 2300 2831 νιον.
2351 2771 2448 2827 Καὶ
2478 2778 2633 2828 τοῦτο
2666 2770 2814 2827 ἔσται
2844 2771 2975 2845 ὑμῖν
3032 2772 3138 2828 ἀπὸ
3191 2778 3295 2828 τῶν
3352 2770 3716 2848 ἡγιασμένων,
3754 2771 3815 2827 ἐκ

2165 2860 2268 2913 τῶν
2301 2860 2700 2935 καρπωμάτων,
2747 2862 2835 2916 καὶ
2892 2862 2998 2917 ἀπὸ
3050 2861 3154 2917 τῶν
3186 2858 3385 2936 δώρων,
3415 2860 3502 2915 καὶ
3532 2858 3636 2914 ἀπὸ
3666 2860 3806 2914 πάν-

2165 2969 2271 3002 των
2301 2946 2426 3026 (71)
2449 2954 2554 3003 τῶν
2584 2952 2796 3020 θυσιῶν,
2831 2951 2918 3006 καὶ
2948 2951 3054 3006 ἀπὸ
3085 2950 3265 3015 πάσης
3318 2946 3700 3022 πλεμμελειας,
3726 2952 3816 3003 καὶ

2167 3038 2284 3115 περὶ
2317 3036 2610 3114 ἁμαρτιῶν,
2652 3040 2739 3095 καὶ
2789 3038 2887 3094 ὅσα
2936 3037 3244 3096 ἀποδιδόασί
3289 3059 3378 3111 μοι
3441 3038 3544 3093 ἀπ’)
3607 3038 3820 3092 πάννων

2169 3132 2276 3182 τῶν
2320 3127 2506 3203 ἀγίων,
2542 3133 2622 3183 σοὶ
2651 3127 2799 3184 ἔσται
2831 3131 2918 3185 καὶ
2947 3142 3065 3191 τοῖς
3095 3131 3231 3191 υἱοῖς
3261 3149 3373 3187 σου.
3436 3126 3526 3183 Ἐν
3576 3129 3651 3199 τῷ
3691 3126 3825 3205 ἁγίῳ

2172 3216 2397 3295 φάγεσθε
2432 3216 2556 3295 (72)
2582 3217 2774 3277 αὑτά.»
2816 3220 2912 3275 Καὶ
2942 3215 3060 3293 μετ’
3086 3216 3266 3294 ὀλίγα.
3320 3237 3343 3271 ι
3385 3222 3530 3271 [Ιᾶσα
3564 3216 3823 3295 ἀπαρχὴ-

2173 3303 2350 3363 ἑλαίου
2394 3308 2475 3362 καὶ
2508 3304 2658 3363 οἴνου
2705 3309 2789 3363 καὶ
2836 3307 3002 3379 σίτου,
3057 3306 3155 3363 ὅσα
3204 3305 3265 3361 ἂν
3324 3304 3452 3361 δῶσι
3509 3306 3699 3383 Κυρίῳ,
3749 3306 3831 3360 σοὶ

2175 3392 2376 3450 δέδωκα
2437 3396 2591 3451 αὑτάο
2650 3398 2735 3452 καὶ
2790 3398 2856 3452 τά
2903 3394 3391 3475 πρωτογεννήματα
3421 3393 3591 3459 πάντα
3624 3414 3701 3449 εοι
3733 3391 3821 3449 δέ-

2180 3480 2347 3542 δωκα.
2410 3483 2514 3544 Καὶ
2562 3484 2793 3564 συνέῥρει
2852 3492 2955 3541 πᾶν
3015 3486 3271 3561 ἀνάθεμα·
3333 3490 3439 3539 πᾶν
3486 3486 3830 3560 πρωτότοκον

2178 3573 2451 3650 ἀνθρώπου
2504 3578 2591 3630 καὶ
2644 3578 2868 3645 κτήνους
2925 3579 3152 3654 καθαροῦ
3222 3576 3308 3630 καὶ
3361 3573 3677 3650 ἀκαθάρτου,
3741 3574 3828 3627 καὶ

2175 3663 2350 3726 θυσίας
2390 3662 2537 3743 (73),
2574 3667 2659 3721 καὶ
2692 3664 2994 3737 στηθηνίου,
3028 3666 3115 3720 καὶ
3167 3662 3450 3743 βραχίονος
3499 3660 3662 3726 δεΞίοῦ
3710 3674 3827 3723 τοῖς

2178 3754 2367 3829 ἱερεῦτι
2424 3756 2771 3829 προσανηκει,
2834 3756 2921 3809 καὶ
2975 3768 3088 3818 τοῖς
3143 3751 3356 3815 λοιποῖς
3421 3764 3539 3815 τοῖς
3570 3752 3825 3825 παρα.μέ-

2178 3862 2354 3898 νουσιν
2406 3843 2584 3906 αὑτοῖς
2644 3842 2895 3906 λευίταις.
2956 3867 2978 3899 ι
3040 3841 3290 3899 Ἀκούετε
3337 3847 3501 3897 ταῦτα
3542 3842 3631 3897 καὶ
3670 3842 3827 3915 ὑμεῖς

2179 3933 2226 3984 οἱ
2270 3929 2475 4010 λαῖκοὶ,
2518 3931 2742 3998 ἐκλεκτή
2803 3930 3097 3999 Ἐκκλησία
3155 3940 3247 3989 τοῦ
3308 3937 3462 3991 Θεοῦ.
3494 3927 3598 3989 Καὶ
3639 3932 3737 4006 γάρ
3801 3932 3828 3985 ὁ

2178 4018 2304 4083 λαὸς
2362 4024 2616 4101 πρότερον
2653 4045 2676 4077 ι
2715 4030 2846 4079 Θεοῦ
2888 4021 3016 4083 λαὸς
3060 4024 3147 4078 καὶ
3198 4020 3340 4084 ἔθνος
3365 4019 3520 4097 ἅγιον
3559 4042 3580 4072 η
3618 4019 3833 4093 ὠνομά-

2177 4120 2318 4183 ζετο’
2376 4113 2464 4167 καὶ
2503 4113 2659 4186 ὑμεῖς
2715 4113 2803 4169 οὖν
2847 4112 2964 4167 ἐστε
2994 4112 3118 4189 ἀγία
3149 4118 3240 4166 τοῦ
3274 4116 3406 4166 Θεοῦ
3435 4109 3547 4186 ἱερά
3576 4106 3785 4175 Ἐκκλη
3802 4138 3833 4155 ον

2183 4202 2268 4257 σία
2300 4202 2752 4281 ἀπογεγραμμένη
2784 4200 2837 4255 ἐν
2868 4205 3094 4280 οὑρανῷ,
3137 4224 3164 4254 α
3198 4197 3462 4275 βασίλειον
3512 4199 3831 4273 ἱεράτευμα,

2183 4290 2325 4353 ἔθνος
2358 4288 2530 4367 ἅγιον,
2563 4290 2690 4353 λαὸς
2737 4292 2809 4354 εἷς
2842 4292 3203 4367 περιποίησιν,
3242 4313 3265 4342 υ
3306 4289 3487 4361 νύμφη
3545 4284 3836 4342 κεκαλλω-

451 4397 589 4445 runt
621 4404 633 4447 :
661 4373 1000 4465 exceptitia,
1052 4393 1109 4445 et
1140 4373 1406 4456 decimae,
1444 4373 1504 4446 et
1541 4373 1819 4464 primitias
1867 4382 2084 4444 Christi

2187 4380 2418 4454 πισμὲνη
2451 4379 2629 4457 Κυρίῳ
2659 4387 2733 4452 τῷ
2792 4387 2930 4453 Θεῷ.
2966 4378 3258 4445 Ἐκκλησία
3318 4374 3553 4453 μεγάλη,
3590 4373 3835 4465 Ἐκκλη-

454 4474 713 4554 pontiﬁci
747 4484 805 4534 et
839 4474 1127 4533 ministris
1150 4474 1277 4552 ejus
1310 4494 1322 4532 :
1350 4474 1599 4533 decimae
1619 4470 2100 4545 salutaris,prin~

452 4564 671 4643 cipium
700 4564 958 4624 nominis
985 4563 1338 4636 .lcsn.Audi,
1373 4578 1539 4622 sacra
1570 4560 1859 4622 catholica
1894 4558 2100 4621 Eccleo

450 4654 561 4732 sia,
595 4673 722 4731 quae
736 4655 940 4715 decem
967 4654 1096 4715 illas
1122 4653 1317 4730 plagas
1340 4651 1619 4730 eﬁ'ugisti,
1640 4660 1699 4712 et
1730 4650 1935 4712 decem
1970 4649 2102 4709 illos

449 4762 761 4805 sermones
782 4764 885 4803 seu
916 4743 1268 4820 Decalogum
1295 4741 1595 4821 accepisti,
1633 4749 1693 4802 et
1718 4742 1905 4818 legem
1940 4738 2099 4799 didi-

2185 4470 2269 4523 σία
2333 4471 2520 4542 πιστὴ,
2558 4470 2591 4525 ἃ
2630 4468 2884 4546 πρότερον
2941 4468 3155 4545 ἀῤῥέθη,
3216 4466 3303 4522 νῦν
3348 4465 3614 4535 ἐνωτίζου·
3667 4463 3836 4544 ἀφαι-

2185 4558 2412 4638 ρὲματα,
2472 4561 2559 4616 καὶ
2616 4558 2852 4632 δεκάται,
2903 4559 3143 4636 ἀπαρχαὶ
3200 4561 3278 4629 τῷ
3331 4554 3579 4634 ἀρχιερεῖ
3626 4562 3837 4633 Χριστῷ

2184 4650 2271 4703 γαὶ
2303 4661 2419 4712 τοῖς
2451 4647 2842 4726 λειτουργοῦσιν
2887 4651 3051 4727 αὑτῷ,
3078 4645 3293 4702 δεκάται
3334 4642 3623 4721 σωτηρίου,
3659 4643 3834 4723 ἀρχὴ·

2185 4738 2446 4812 ὀνόματος
2472 4737 2650 4804 Ἰησοῦ
2681 4735 2835 4815 (74).
2892 4735 3131 4815 ”Ακουε,
3163 4736 3275 4812 ἱερά
3306 4731 3565 4798 καθολικὴ
3606 4729 3840 4799 Ἐκκλη-

530 4924 592 4974 89
626 4924 689 4985 ι.
725 4924 816 4986 ’-ἐς
850 4925 1029 4985 αὗτας.
1116 4920 1179 4970 90
1210 4919 1284 4981 ls.
1311 4937 1437 4999 Lm,
1477 4921 1534 4991 4,
1572 4917 1671 4981 12.
1755 4917 1803 4961 ⁹¹
1832 4916 2003 4978 Num.
2045 4937 2084 4977 ιι

2174 4913 2376 4995 [,1,8.
2462 4911 2829 4978 οεΙὺἱᾱΛίὶ.
2913 4906 3836 4993 ⁹³Ειοι1.κιι,5,6.⁰⁶Ηθὺι·.

453 5005 727 5083 xn,‘23;l
765 5007 887 5066 Pet.
923 5021 979 5064 ιι.
1020 5006 1077 5065 9.

1790 5112 2192 5179 VARIORUM
2238 5112 2489 5179 NOTIE.

541 5305 664 5383 (69)
694 5304 968 5383 Ὡσαύτως
1006 5304 1158 5383 liene
1182 5301 1439 5383 cuujerit
1466 5296 1735 5383 Qoteleri
1756 5315 1800 5355 .s
1822 5299 1891 5359 ὡς
1926 5296 2100 5355 αὒτό...

458 5377 557 5446 Sic
588 5377 746 5443 enim
782 5382 997 5460 legitur
1019 5382 1077 5442 in
1109 5377 1305 5440 altero
1328 5379 1463 5440 cod.
1494 5377 1674 5442 Vind.
1708 5382 1841 5441 Cor.

544 5466 669 5543 (70)
709 5466 792 5517 Min
828 5455 925 5539 γὰρ
964 5460 1332 5537 νομιζεᾸιΙΘΠ]
1367 5461 1444 5535 μὴ
1477 5462 1735 5536 νομίζετε,
1775 5474 1889 5519 non
1926 5455 2104 5516 male.

454 5546 657 5700 Ιοῗέίὶ)
694 5624 935 5685 Πάντων.
974 5621 1148 5683 Deest
1178 5622 1236 5683 in
1265 5623 1453 5683 altero
1479 5638 1591 5681 ms.
1631 5617 1806 5681 Vind.
1840 5616 1925 5678 In.

2191 5290 2556 5370 ἀνακολούθοις
2619 5289 2875 5370 aliisque
2933 5289 3088 5350 vitiis
3145 5286 3441 5350 sermonis
3497 5285 3827 5370 abundans,

2191 5368 2591 5444 Quamobrem
2619 5369 2717 5431 hic
2744 5366 2982 5432 coactus
3004 5387 3134 5429 sum
3164 5387 3281 5429 non
3310 5375 3426 5427 tam
3448 5366 3521 5427 ad
3546 5366 3725 5428 verba
3743 5372 3835 5424 at-

2194 5450 2467 5523 tendere,
2491 5468 2639 5531 Aqam
2695 5451 2767 5511 ad
2795 5469 3060 5519 sensum,
3090 5458 3147 5509 et
3176 5449 3248 5509 ad
3284 5454 3514 5531 textum
3541 5448 3842 5531 Numero-

2191 5550 2347 5604 rum,
2400 5525 2797 5611 qui'carptim
2848 5532 3289 5611 citatur.At_que
3325 5525 3517 5611 simili
3550 5527 3727 5589 modo
3756 5525 3846 5611 fa-

2192 5606 2473 5691 ciendum
2514 5606 2672 5691 saepe
2724 5610 2831 5673 fuit
2862 5606 3294 5691 interpretibus
3325 5607 3578 5688 hujusce
3620 5606 3848 5687 operis.

538 5690 665 5782 (72)
695 5704 953 5780 Φάγεσθε.
995 5704 1156 5766 ldem
1193 5702 1367 5763 habet
1398 5704 1676 5782 φάγεσθαι,
1733 5701 1843 5759 hoc
1896 5704 2007 5773 est,
2044 5702 2109 5755 ut
2191 5690 2329 5782 CO'l‘;

454 5786 858 5847 comeduntur
885 5802 921 5846 α
953 5784 1139 5847 vobis.
1177 5785 1256 5845 In.

543 5867 664 5941 (73)
699 5866 794 5921 Καὶ
822 5869 1021 5930 θυσίας.
1060 5866 1188 5927 Non
1217 5869 1346 5923 sine
1383 5880 1559 5922 causa
1611 5857 1822 5920 Photio
1864 5856 2106 5941 critico-

458 5937 589 6014 rutn
624 5934 878 6013 maximo
938 5945 1247 6029 displicuit
1297 5941 1817 6007 Constitutionum
1850 5934 2104 6018 phrasis,

2278 5772 2399 5851 (74)
2435 5772 2612 5851 Ἀργὴ
2644 5774 2906 5851 ὀνοματος
2938 5771 3167 5851 ἰῃσῲη
3192 5766 3464 5851 Forsitan
3511 5765 3852 5851 iste__locu_s_

2194 5844 2572 5914 occasionem
2609 5844 2934 5931 praebuerit
2968 5849 3031 5914 S.
3065 5848 3399 5931 Epiphanio
3424 5847 3505 5931 ita
3538 5844 3854 5931 scribendi

2194 5933 2404 5996 heresi
2462 5933 2525 6014 8,
2584 5927 2851 5995 sectione
2883 5932 2920 5996 6
2954 5952 2968 5995 :
3007 5927 3132 5990 Καὶ⁷
3164 5927 3224 5998 fiv
3285 5930 3402 5986 ἑλεῖ
3442 5927 3853 5990 ἀποδεκάτωσις
