4124 6434
434 318 556 379 703

1261 317 1316 377 S.
1368 314 1804 377 CLEMENTIS
1848 316 1865 374 l
1921 315 2097 375 ROM.
2146 314 2369 375 PUNT.
2420 313 2667 375 OPERA
2709 313 2964 373 DUBIA.

3696 308 3810 373 704

438 454 724 533 deinceps
744 452 892 513 nulli
920 449 1301 529 detractioni,
1328 449 1477 510 nulli
1498 448 1877 511 contumeliae
1899 447 2095 509 fetori.

2163 452 2406 519 πονηρῶν
2450 444 2858 525 ἀπαλλαγεῖσα,
2892 442 3102 517 δολίων,
3164 442 3443 523 λοιδόρων,
3504 443 3809 520 ἀνημέρων.

440 544 730 622 subjacet,
757 541 1001 602 liberata
1031 538 1374 601 hominibus
1396 538 1710 620 improbis,
1739 537 2081 599 fraudulen-

441 633 538 712 tis,
563 627 2082 710 conviciatoribus,inhumanis,proditoribus,virtu-

439 722 517 783 tis
569 719 867 795 osoribus,
899 718 1214 799 voluptatis
1262 718 1618 791 amantibus,
1653 718 1850 779 inanis
1880 715 2084 795 glorias

437 810 691 890 cupidis,
722 808 1171 890 impostoribus,
1199 810 1516 888 opionione
1539 807 1846 888 sapientiae
1872 806 2086 868 inﬂatis

438 899 733 981 quiqueid
761 916 1003 977 operam
1019 898 1160 959 dant
1178 907 1241 958 ut
1257 896 1691 976 Dominiagnos
1713 896 2081 976 dispergant,

438 997 539 1051 aut
562 989 759 1070 potius
779 987 1094 1068 dissipent.
1122 986 1210 1048 Tu
1237 1004 1399 1067 ergo,
1427 986 1734 1067 episcope,
1754 992 1951 1063 satage
1968 1002 2085 1044 una

437 1095 571 1142 cum
592 1078 755 1140 clero
778 1076 885 1139 tibi
905 1075 1199 1156 subjecto,
1220 1075 1464 1138 verbum
1489 1074 1750 1137 veritatis
1772 1084 1935 1136 recte
1958 1082 2083 1134 tra-

436 1175 635 1243 ctare;
656 1167 797 1248 quia
816 1166 1107 1228 Dominus
1128 1166 1210 1228 ait
1234 1184 1248 1228 :
1284 1185 1313 1226 (
1340 1166 1403 1229 Si
1425 1164 1652 1243 obliqui
1676 1162 2080 1225 ambulaveri-

438 1258 513 1319 tis
542 1258 615 1319 ad
651 1275 771 1338 me,
805 1265 866 1320 et
895 1275 1004 1337 ego
1035 1256 1108 1319 ad
1141 1273 1243 1319 vos
1270 1256 1513 1337 oblique
1543 1253 1863 1317 ambulabo
1885 1251 1998 1334 ",1
2024 1260 2085 1314 et

439 1347 557 1409 alio
579 1349 640 1409 in
664 1346 794 1410 loco
821 1368 835 1412 :
868 1370 892 1405 α
920 1346 1063 1410 Cum
1091 1355 1295 1409 sancto
1318 1356 1561 1409 sanctus
1582 1346 1726 1425 eris,
1749 1352 1808 1406 et
1828 1362 1961 1404 cum
1985 1343 2083 1404 in-

438 1445 694 1500 nocente
718 1437 1009 1499 innocens
1034 1436 1175 1509 eris,
1217 1444 1278 1498 et
1306 1454 1441 1497 cum
1475 1453 1751 1516 perverso
1784 1441 2086 1514 perverte-

2164 533 2461 613 προδοτῶν,
2509 534 2842 614 μισοκάλων,
2885 532 3208 614 φιληδόνων,
3244 530 3557 613 κενοδόξων,
3590 532 3811 599 ἀπατηο

2164 623 2294 698 λῶν,
2328 622 2659 702 δοξοσόφων,
2724 622 2875 702 ἔργον
2928 623 3161 695 θεμένων
3216 620 3560 699 διασπείρειν,
3608 621 3814 697 μᾶλλον

2166 713 2220 769 δὲ
2278 712 2662 790 διασκορπίζειν
2720 714 2786 769 τὰ
2816 719 2907 769 τοῦ
2941 714 3128 790 Κυρίου
3160 712 3332 789 ἀρνία.
3368 715 3439 766 Σὺ
3472 714 3586 783 οὖν,
3620 714 3665 765 ὦ
3690 711 3815 768 ἐπί-

2168 824 2356 875 σκοπε,
2391 801 2645 872 σπούδαζε
2702 802 2815 877 ἅμα
2858 806 2934 871 τῷ
2989 804 3107 860 ὑπὸ
3156 804 3213 859 σὲ
3249 800 3457 880 κλήρῳ,
3494 802 3815 879 ὀρθοτομεῖν

2167 895 2259 949 τὸν
2307 892 2468 970 λόγον
2519 896 2619 955 tr:
2691 891 2942 959 ἀληθείας
2980 909 2993 921 ⁸
3049 893 3132 948 ὃτι
3192 889 3337 970 λέγει
3372 893 3585 969 Κύριος·
3626 915 3654 946 α
3687 891 3815 948 Ἐὰν

2167 981 2390 1060 πλάγιοι
2453 982 2747 1058 πορεύησθε
2795 981 2927 1060 πρός
2974 1003 3063 1056 με,
3112 982 3265 1060 κάγὼ
3308 984 3439 1055 πρὸς
3482 982 3618 1057 ὑμᾶς
3664 980 3813 1037 πλα-

2166 1074 2293 1151 γίως
2320 1071 2666 1149 πορεύσομαι.
2713 1091 2735 1126 ο
2776 1072 2873 1127 Καὶ
2905 1068 3151 1149 ἀλλαχοῦ
3177 1087 3190 1101 ·
3235 1094 3265 1126 α
3300 1071 3447 1127 Μετὰ
3480 1071 3622 1127 ὁσίου
3652 1074 3813 1128 ὁσιω-

2164 1163 2327 1236 θήσῃ,
2374 1160 2463 1215 καὶ
2499 1160 2635 1234 μετὰ
2664 1160 2837 1215 ἆθώου
2868 1159 3040 1224 ἂθῶος
3085 1159 3206 1236 ἔσῃ,
3268 1162 3358 1221 καὶ
3389 1162 3525 1235 μετὰ
3556 1158 3813 1238 στρεϐλοῦ

2166 1248 2527 1328 διαστρέψεις,
2589 1271 2612 1305 ιι
2677 1246 2864 1312 Ὀσίως
2909 1249 2999 1305 οὖν
3065 1251 3374 1330 πορεύεσθε,
3451 1249 3542 1306 ἵνα
3604 1249 3809 1326 μᾶλλον

2167 1339 2381 1397 ἐπαίνου
2430 1337 2791 1405 ηταξιωθῆτε
2853 1338 2979 1417 (67)
3028 1340 3133 1396 ὺπὸ
3174 1348 3265 1399 τοῦ
3310 1340 3517 1420 Κυρίου,
3584 1339 3615 1406 ἦ
3670 1340 3813 1416 μέμ.

2168 1452 2306 1510 ipsa):
2336 1430 2398 1485 ἐκ
2420 1436 2514 1486 τοῦ
2542 1428 2799 1490 ἐναντίου.

437 1526 522 1588 ris
548 1526 624 1589 79.
665 1552 686 1584 ι
723 1529 941 1591 Sancte
970 1526 1154 1605 igitur
1171 1526 1498 1602 ambulate,
1528 1534 1592 1587 ut
1624 1525 1818 1606 potius
1843 1541 1914 1585 ex
1938 1523 2050 1584 hoc
2080 1518 2316 1583 laudem
2349 1535 2384 1579 a
2412 1517 2666 1580 Domino
2690 1517 3162 1597 consequamini,
3189 1535 3366 1599 quam
3397 1536 3470 1582 ex
3512 1520 3813 1583 contrario

434 1617 987 1699 reprehensionem.

1008 1721 1255 1787 CAPUT
1298 1722 1504 1787 XLIV.

441 1813 613 1889 Quod
640 1815 849 1879 debeat
874 1815 1170 1878 diaconus
1190 1813 1509 1877 sublevare
1537 1829 1689 1874 onus
1718 1809 2001 1890 episcopi,
2024 1812 2084 1870 et

838 1906 1069 1969 leviora
1096 1922 1355 1985 quaeque
1376 1905 1677 1985 dirigere.

518 1994 975 2058 Unanimitatem
1009 1995 1189 2075 igitur
1218 1997 1373 2058 inter
1399 2012 1505 2055 vos
1537 1992 1847 2070 habentes,
1881 2008 1914 2050 ο
1947 1988 2080 2067 epi-

432 2084 621 2165 scopi,
651 2103 856 2165 pacem
882 2095 1141 2147 mutuam
1165 2080 2077 2160 colite,misericordes,fratrum

432 2182 722 2250 amantes,
747 2196 879 2238 cum
914 2175 1218 2255 diligentia
1242 2174 1463 2255 pascite
1497 2173 1804 2253 p0pu|um,
1831 2183 2078 2230 concor-

434 2263 594 2327 diter
610 2265 899 2327 docentes
919 2285 1022 2327 eos
1049 2266 1147 2346 qui
1172 2266 1339 2326 vobis
1360 2263 1609 2343 subjecti
1634 2269 1791 2335 sunt,
1819 2276 2077 2321 consen-

432 2353 643 2428 tire,ac
657 2355 814 2419 idem
833 2355 1044 2418 iisdem
1065 2354 1138 2415 de
1153 2354 1333 2416 rebus
1349 2354 1810 2425 existimare,utc
1826 2367 1944 2410 non
1958 2347 2075 2407 sint

435 2441 496 2503 in
520 2442 684 2503 vobis
701 2444 1023 2505 schismata
1037 2442 1126 2513 73;
1157 2468 1183 2500 ι
1214 2444 1338 2505 sitis
1360 2453 1554 2505 autem
1587 2465 1613 2496 «
1640 2458 1822 2501 unum
1856 2453 2072 2517 corpus

430 2538 488 2592 et
502 2550 654 2591 unus
669 2532 1186 2611 spiritus,perfecti
1204 2533 1413 2593 eadem
1430 2539 1628 2593 mente
1647 2527 1923 2591 eteadem
1941 2543 2075 2587 sen-

428 2620 612 2682 tentia
630 2618 746 2702 7‘,»
769 2622 1098 2684 secundum
1121 2621 1487 2685 Dominicam
1509 2620 1872 2680 sanctionem
1889 2618 1969 2673 .75
1990 2616 2074 2677 Ac

426 2709 718 2773 diaconus
748 2711 990 2792 quidem
1024 2721 1236 2774 cuncta
1258 2712 1330 2773 ad
1363 2711 1709 2793 episcopum
1737 2708 1978 2785 referat,
2007 2713 2071 2767 ut

425 2798 693 2861 Christus
716 2804 789 2861 ad
817 2805 1084 2867 Patrem:
1110 2819 1485 2884 quaecunque
1514 2812 1711 2862 tamen
1736 2805 2072 2878 potest,per

426 2905 493 2949 se
518 2889 881 2968 moderetur,
908 2904 1152 2973 accepta
1172 2892 1244 2954 ab
1270 2892 1549 2972 episcopo
1583 2894 1892 2968 potestate,
1919 2886 2073 2947 sicut

432 2978 719 3040 Dominus
750 2999 783 3041 a
804 2983 999 3063 Patre,
1028 2998 1235 3043 creare
1267 2999 1333 3043 ac
1369 2979 1685 3058 providere
1716 2976 1944 3056 accepit
1973 2996 1988 3049 ;
2015 2982 2072 3037 at

2707 1721 3093 1774 κεφΑΑΑιοΝ
3139 1706 3280 1778 Ms'.

2167 1803 2300 1885 "Ott
2358 1806 2468 1884 χρὴ
2512 1807 2604 1860 τὸν
2660 1802 2899 1885 διάκονον
2959 1804 3317 1885 ἐπικουφίζειν
3385 1808 3447 1863 τὸ
3494 1809 3656 1884 βάρος
3702 1811 3811 1867 τῶν

2286 1883 2622 1964 ἐπισκόπων,
2674 1886 2760 1940 καὶ
2792 1883 3073 1941 διευθύνειν
3111 1883 3177 1943 τᾶ
3207 1883 3503 1967 κουφότερα
3530 1888 3684 1969 (68).

2248 1985 2569 2071 Ὀμόφρονες
2602 1992 2689 2047 οὖν
2741 1989 2888 2058 ὄντες
2938 1995 3068 2071 πρὸς
3102 1992 3391 2072 ἀλλήλους,
3424 1997 3470 2049 ὦ
3501 1995 3806 2079 ἐπίσκοποι,

2165 2083 2459 2159 εἰρηνεύετε
2497 2081 2616 2155 μετ’
2648 2080 2925 2154 αλλήλων,
2952 2087 3275 2157 συμπαθεῖς,
3311 2082 3622 2165 φιλάδελφοι
3645 2084 3802 2166 (69),

2165 2172 2301 2246 μετὰ
2332 2168 2602 2248 ἀκριϐείας
2661 2171 2972 2245 ποιμαίνετε
3017 2172 3109 2227 τὸν
3164 2170 3315 2243 λαὸν,
3375 2174 3686 2251 ὁμοφρόνως
3720 2173 3805 2230 δι-

2160 2259 2441 2324 δασκοντες
2478 2261 2599 2322 τοὺς
2657 2257 2741 2339 ὑφ’
2787 2262 2919 2334 ὑμᾶς
2972 2263 3403 2338 ὁμογνωμονεῖν,
3437 2265 3525 2319 καὶ
3581 2265 3644 2319 τὸ
3676 2266 3804 2322 αὐτὸ

2159 2354 2278 2429 περὶ
2332 2357 2439 2407 τῶν
2498 2351 2666 2406 αὐτῶν
2698 2347 2951 2422 δοξάζειν,
3013 2348 3159 2414 ὅπως
3200 2372 3222 2405 α
3260 2352 3338 2425 μὴ
3370 2352 3405 2427 ᾖ
3436 2355 3491 2406 εν
3520 2354 3653 2428 ὑμῖν
3684 2356 3805 2433 σχί.

2160 2463 2360 2516 σματα,
2391 2464 2418 2496 ι
2448 2442 2544 2516 ᾗτε
2576 2436 2628 2494 δὲ
2666 2462 2693 2493 α
2728 2438 2784 2493 ἓν
2843 2446 2999 2513 σῶμα
3056 2442 3144 2496 καὶ
3173 2440 3230 2495 ἓν
3259 2450 3488 2516 πνεῦμα,
3537 2464 3799 2520 κατηρτι-

2155 2531 2338 2607 σμένοι
2387 2537 2465 2603 τῷ
2495 2528 2637 2601 αὒτῷ
2682 2532 2797 2601 νοῖ,
2848 2531 2936 2586 καὶ
2976 2534 3041 2605 τῇ
3070 2534 3205 2605 αὒτῇ
3233 2529 3423 2607 γνώμῃ
3470 2553 3500 2585 ι
3535 2532 3671 2588 κατὰ
3703 2533 3801 2599 τὴν

2159 2621 2424 2698 Κυριακήν
2455 2618 2595 2674 θέσιν
2637 2618 2796 2697 (70).
2864 2620 2961 2675 Καὶ
3005 2619 3179 2674 πάντα
3240 2620 3337 2693 μὲν
3373 2622 3400 2675 6
3450 2617 3689 2686 διάκονος
3725 2629 3805 2697 τῷ

2153 2709 2432 2780 ἐπισκόπῳ
2475 2708 2805 2786 ἀναφερέτω,
2840 2710 2914 2773 ὡς
2946 2710 2973 2764 6
3028 2710 3251 2785 Χριστὸς
3310 2713 3386 2781 τῷ
3419 2710 3578 2783 Harp!
3616 2729 3629 2741 '
3679 2709 3802 2766 ἀλλ’

2155 2797 2253 2854 ὅσα
2284 2798 2334 2853 δὲ
2376 2796 2500 2877 (71)
2537 2796 2772 2871 δύναται,
2811 2798 3062 2853 εὑθυνέτω
3091 2795 3163 2853 δι’
3197 2798 3400 2869 ἐαυτοῦ,
3449 2795 3626 2853 λαϐὼν
3656 2799 3802 2875 παρὰ

2154 2894 2249 2945 τοῦ
2304 2888 2599 2943 ἐπισκόπου
2657 2888 2757 2953 τὴν
2806 2885 3072 2961 ἐξουσίαν,
3118 2889 3192 2950 ὡς
3224 2890 3253 2944 6
3306 2886 3482 2964 Κύριος
3516 2886 3659 2963 παρὰ
3702 2896 3797 2946 τοῦ

2158 2978 2363 3051 [ἰατρὸς
2396 2978 2455 3031 τὸ
2487 2973 2833 3053 δημιουργεῖν
2868 2975 3022 3054 (ἾΞ),
3055 2978 3116 3031 τὸ
3150 2989 3396 3055 προνοεῖν
3429 2994 3441 3006 ·
3473 2975 3538 3032 τὰ
3569 2973 3612 3031 δ’
3638 2976 3801 3053 ὺπέρ-

424 3068 687 3147 majores
709 3087 915 3132 causas
938 3053 1253 3153 episcopus
1274 3053 1827 3150 judicet.Caeterum
1849 3053 1927 3127 sit
1950 3065 2073 3126 dia-

2163 3089 2291 3145 ογκα
2332 3064 2455 3144 (Ἶ3)
2515 3068 2542 3121 6
2595 3053 2886 3128 ἐπίσκοπος
2936 3053 3202 3141 κρινέτω..
3235 3064 3380 3133 Πλὴν
3414 3063 3551 3120 ἔστω
3581 3066 3608 3120 ὃ
3631 3062 3807 3122 διάκο-

431 3175 640 3230 conus,
670 3159 927 3242 episcopi
961 3163 1121 3224 auris
1155 3170 1213 3223 et
1247 3159 1475 3233 oculus,
1513 3166 1571 3221 et
1600 3175 1688 3237 os,
1723 3175 1828 3219 cor
1860 3156 2078 3238 pariter

2163 3180 2248 3221 νος
2280 3156 2572 3212 ἐπισκόπου
2632 3155 2792 3231 ἀκοὴ,
2855 3155 2944 3210 καὶ
2988 3154 3283 3234 ὀφθαλμὸς,
3317 3155 3406 3211 καὶ
3437 3154 3635 3229 στόμα,
3672 3176 3806 3233 καρ-

430 3253 490 3309 et
516 3248 753 3329 anima;
787 3259 851 3312 ut
881 3250 1198 3333 episcopus
1244 3251 1302 3312 in
1337 3248 1609 3331 pluribus
1641 3264 1816 3329 quam
1852 3264 1957 3328 par
1989 3255 2079 3308 est

2163 3245 2241 3302 δία
2270 3266 2323 3301 τε
2360 3246 2448 3301 καὶ
2483 3248 2637 3323 ψυχὴ
2673 3242 2826 3323 (74),
2857 3242 2951 3299 ἵνα
2995 3248 3073 3319 μὴ
3104 3246 3140 3319 ᾗ
3178 3244 3241 3299 τᾶ
3278 3243 3447 3301 πολλὰ
3478 3250 3748 3322 μεριμνῶν
3780 3246 3807 3301 6

507 3424 557 3470 ⁷¹
584 3427 727 3508 Lev.
753 3444 913 3507 XXVI,
946 3429 1048 3508 23,
1079 3429 1182 3493 24.
1264 3425 1322 3472 ’⁷9
1370 3429 1529 3492 Psal.
1565 3441 1705 3506 xvn,
1758 3426 1858 3489 26.
1942 3423 1997 3467 ⁷⁸
2026 3423 2051 3486 ῐ
2082 3429 2095 3484 t

2168 3440 2218 3484 r.
2246 3422 2417 3497 1,10.
2501 3423 2565 3473 ’14
2611 3422 2762 3504 Eph.
2817 3439 2897 3501 tv,
2928 3422 2988 3487 4.
3075 3421 3138 3473 75
3186 3421 3253 3483 L.
3288 3419 3475 3484 Clem.
3510 3420 3699 3501 Epist.
3733 3422 3803 3486 ad

434 3507 668 3591 Jacob.,
703 3510 893 3575 c.12.

1788 3611 2185 3678 VARIORUM
2229 3609 2487 3675 NOTIE.

496 3755 631 3832 (67)
656 3755 1081 3835 Καταξιῳθῆτε.’
1106 3758 1435 3819 Resecatur
1498 3754 1831 3835 praepositio
1864 3753 1922 3835 in
1957 3771 2069 3815 ms.

426 3831 790 3915 Vindobqui
809 3831 2069 3915 habeta’zitmoﬁre,eodem—signiﬁcatam“.

507 3916 634 3993 (68)
683 3914 1011 3996 Κουφότερα.
1077 3915 1253 3978 Vind.
1310 3916 1442 3978 cod.
1510 3914 1855 3996 ἐλαφρότερα,
1916 3914 2074 3994 quod

423 3995 576 4123 idem
608 4006 715 4067 est,
750 3995 906 4053 mare
938 3995 1303 4054 librariorum
1337 3995 1653 4068 synonyma
1686 3999 2073 4053 miscentium.

451 4081 484 4123 D

451 4081 484 4123 D

507 4137 633 4221 (69)
663 4138 1005 4221 Φιλάδελφον..
1041 4138 1273 4221 In_cod.
1310 4137 1485 4200 Vind.
1549 4139 1820 4219 sequitur
1848 4139 2069 4217 γίνεσθε,

426 4228 484 4281 et
510 4218 641 4281 mox
675 4218 1065 4295 ποιμαίνοντες.
1103 4218 1186 4281 ID.

512 4302 630 4379 ('70)
668 4301 842 4381 Θέσιν.
874 4300 986 4363 Ms.
1020 4300 1198 4363 Vind.
1254 4300 1613 4381 διδασκαλίαν,
1649 4299 1807 4381 quod
1840 4299 2072 4379 glosse-

424 4394 514 4436 ma
550 4396 671 4437 esse
708 4380 949 4438 videtur.
991 4383 1071 4436 lo.

503 4453 617 4524 (7|)
651 4452 739 4514 Δὲ.
790 4452 970 4515 Deest
1028 4454 1084 4514 in
1137 4453 1326 4515 altero
1360 4451 1590 4531 codice,
1628 4470 1738 4516 nec
1766 4449 2073 4513 intercedo

424 4536 562 4603 quin
596 4532 866 4591 deleatur.
911 4532 992 4590 lu.

499 4605 617 4685 (γε)
646 4606 717 4663 Τὸ
744 4603 1113 4685 δημιουργεῖν.
1150 4604 1276 4667 Hoc
1336 4604 1632 4667 omittitur
1660 4604 1718 4665 in
1750 4604 1934 4665 altero
1963 4622 2068 4663 co-

420 4682 547 4741 dice
578 4684 813 4742 Vindob.
848 4686 926 4742 Is.

504 4756 633 4834 (73)
665 4757 989 4835 Τπὲρογκα.
1052 4756 1117 4817 In
1152 4756 1337 4818 altero
1382 4756 1590 4819 codice
1628 4756 1861 4831 μείζονα,
1909 4752 2072 4834 quod

421 4834 706 4907 glossema
738 4834 983 4894 redolet.
1023 4839 1102 4893 lu.

508 4917 629 4995 (64)
663 4918 859 4976 ’Ἔστω
915 4920 942 4975 ὁ
1002 4917 1264 4986 διάκονος,
1298 4942 1352 4977 κ.
1389 4942 1440 4981 τ.
1475 4918 1525 4974 λ.
1563 4916 1634 4979 ΕΙ.
1664 4916 1765 4977 lib.
1806 4933 1889 4993 III,
1937 4934 2069 4996 cap.

429 4997 751 5079 penultma‘t
776 4996 1372 5079 αῗσθηᾳιςἮὶειοοηοε.
1396 4998 1660 5079 episcopi
1682 4998 2072 5079 oculos.prae-

427 5078 753 5149 sertimque
771 5078 1651 5149 archidiaconum,episcbpalem
1684 5078 2074 5148 oculum,pas—

419 5150 528 5204 sim
570 5148 867 5218 appellant
896 5150 1139 5219 antiqui.
1174 5148 1327 5207 Inter
1354 5148 1592 5207 casteros
1628 5160 1826 5206 auctor
1858 5149 2078 5219 Episto-

424 5219 487 5292 lis
519 5219 590 5292 ad
623 5220 939 5292 Jacobum,
985 5233 1107 5290 cap.
1161 5221 1227 5276 t2
1258 5222 1443 5292 intra;
1498 5222 1751 5292 Isidorus
1792 5222 2075 5278 i'elusiota

423 5289 667 5363 Epistula
696 5290 765 5345 ad
792 5290 1014 5363 Lucium
1058 5289 1498 5350 archidiaconum
1550 5291 1778 5355 Pelusii,
1835 5307 1957 5363 quae
1988 5293 2077 5349 bis

427 5362 841 5433 editailegitur,
876 5362 972 5417 lib.
1006 5374 1044 5427 ι,
1078 5379 1231 5420 num.
1266 5364 1357 5428 29,
1405 5374 1461 5421 et
1503 5364 1595 5420 lib.
1640 5377 1714 5426 ιν,
1756 5362 1915 5420 num.
1952 5365 2077 5429 188,

426 5433 525 5505 ubi
567 5432 703 5488 dicit
725 5433 877 5505 quod
911 5433 1348 5492 archidiaconus
1381 5452 1503 5492 esse
1529 5436 1729 5492 debeat
1768 5444 1920 5491 toms
1949 5450 2081 5493 ocu-

431 5503 690 5578 lus,cumi
712 5503 938 5578 diaconi
971 5506 1084 5578 sint
1114 5508 1267 5564 oculi
1290 5509 1540 5578 episcopi
1571 5509 1739 5564 :item
1776 5506 2081 5563 Fulbortus

431 5576 598 5648 epist.
632 5575 720 5648 3ft,
762 5587 817 5632 et
856 5577 1123 5634 Amulius
1152 5575 1342 5647 contra
1378 5575 1682 5644 Girordum,
1715 5593 1839 5648 cap.
1875 5583 1924 5641 1,
1958 5590 1992 5635 t.
2038 5579 2083 5634 ΙΙ

424 5642 701 5721 §picilegii
753 5662 809 5718 ρ.
841 5649 987 5721 ,341.
1025 5642 1199 5720 Cujus
1232 5650 1421 5707 locum
1456 5652 1531 5707 ita
1576 5642 1806 5706 restituo
1842 5666 1853 5705 :
1888 5651 2081 5721 Engo-

423 5716 771 5801 lpsmeuseni
793 5716 1156 5785 abbatissam
1182 5722 1431 5801 quidam
1449 5728 1588 5785 tuus
1610 5716 2081 5785 archidiaconus

424 5797 748 5879 gravidam
762 5818 956 5883 pravo
968 5802 1107 5880 fecit
1124 5797 1364 5864 accessu
1377 5846 1390 5861 .
1404 5802 1594 5865 Porro
1614 5804 1855 5880 facinus
1873 5805 2077 5884 ingra-

2156 3754 2452 3812 vescentis
2465 3749 2636 3809 uteri
2647 3754 2847 3809 tumor
2857 3747 3230 3814 excedenset
3252 3745 3559 3809 naturalis
3569 3746 3807 3827 effectus

2158 3830 2421 3908 aperuit.
2462 3829 2633 3903 Quod
2654 3829 2797 3889 dum
2812 3834 3065 3907 prapter
3084 3827 3482 3889 insolentiam
3499 3828 3803 3908 criminis,

2158 3907 2560 3989 vinitatiaque
2582 3914 2994 3989 contemptum
3011 3908 3247 3969 civibus
3269 3907 3623 3970 incredibile
3647 3908 3810 3970 vide-

2161 3998 2283 4063 tur,
2292 3988 2648 4069 parturient
2658 3992 2706 4050 is
2728 3988 3044 4050 abbatissae
3052 3989 3399 4069 gemituset
3430 3993 3576 4049 novi
3601 3996 3813 4067 partus

2161 4066 2502 4148 crepundia
2525 4069 2699 4146 ﬁdem
2717 4070 3007 4146 fecerunt.
3050 4066 3350 4129 Universa
3380 4071 3568 4146 igitur
3589 4066 3810 4130 civitas

2160 4151 2564 4213 admiratione
2579 4148 2863 4227 perculsa
2878 4158 3116 4228 estzqua
3138 4149 3467 4226 cogitatum
3496 4149 3814 4228 impatien-

2159 4238 2397 4310 tia,qua
2422 4238 2520 4292 ten
2549 4231 2765 4291 eritate
2784 4235 3156 4310 conceptum,
3186 4246 3307 4310 qua
3325 4230 3581 4306 denique
3602 4230 3808 4308 impu-

2154 4308 2358 4373 dent'ia
2368 4316 2697 4391 possetesse
2711 4308 3257 4391 completuinwuod
3268 4308 3444 4391 homo
3459 4310 3813 4371 animarum

2158 4388 2380 4469 custos,
2386 4389 2741 4469 episcopalis
2766 4391 2999 4459 oculus,
3014 4388 3296 4450 Ecclesiae
3319 4389 3812 4469 columna,spon-

2158 4487 2270 4527 sam
2291 4467 2525 4539 Domini,
2541 4469 2817 4541 Virginum
2836 4470 2950 4541 ejus
2968 4477 3190 4523 matrem
3212 4473 3367 4541 atque
3388 4467 3675 4541 custodem,
3697 4482 3812 4541 non

2098 4541 2138 4591 ο
2156 4543 2516 4612 rompcllasset
2531 4540 2691 4597 verbo
2715 4540 3038 4612 tantum.aed
3059 4556 3208 4612 opere
3224 4540 3528 4611 polluisset.
3568 4540 3662 4598 Sic
3697 4540 3810 4612 mi-

2158 4611 2323 4669 nistri
2348 4611 3127 4682 spiritales,angeli,possunt
3156 4620 3296 4667 teste
3332 4611 3547 4668 Hilario
3577 4611 3804 4682 inpsal.

2154 4698 2344 4750 cxxnx,
2376 4680 2431 4750 2,
2467 4685 2665 4743 haberi
2710 4680 2813 4753 pro
2843 4683 2942 4739 Dei
2970 4682 3267 4753 oculis,vel
3302 4680 3811 4749 auribus,vel’ma-

2156 4758 2347 4820 nibus,
2384 4759 2466 4812 vel
2515 4752 2778 4827 pedibus.
2838 4755 3022 4827 Atqui
3067 4767 3137 4808 ex
3187 4752 3437 4824 Origene
3484 4756 3556 4810 ad
3612 4753 3806 4827 Matth.

2154 4840 2317 4892 xvm,
2351 4828 2404 4891 8,
2436 4828 2491 4894 9,
2515 4823 2868 4888 sacerdotes,
2903 4823 3166 4882 Ecclesia;
3194 4823 3400 4881 oculus
3431 4836 3581 4882 recte
3623 4824 3812 4881 nomi-

2155 4907 2407 4967 nantur;
2438 4897 2664 4954 diaconi
2696 4910 2829 4953 vero
2863 4897 3162 4967 caeterique
3185 4895 3456 4965 ministri,
3494 4909 3722 4953 manus.
3742 4895 3811 4967 In

2156 4965 2402 5042 quorum
2438 4968 2623 5037 primo
2682 4965 3084 5042 Adamantium'
3134 4967 3391 5042 sequitur
3434 4966 3684 5042 Hilarius
3740 4966 3815 5024 ad

2158 5038 2302 5112 psal.
2339 5051 2619 5104 Cxxxvm,
2656 5038 2739 5105 16,
2775 5048 2837 5095 ut
2888 5039 3599 5112 in__posterioriAZonaras
3631 5041 3815 5094 inter-

2204 5122 2396 5168 retans
2427 5125 2712 5181 canonem
2768 5108 3141 5181 apostolicum
3191 5109 3279 5165 56.
3314 5108 3584 5181 Symeoni
3618 5118 3813 5181 autem

2204 5127 2396 5168 retans
2427 5127 2712 5171 conouem
2768 5127 3139 5179 aposroucum
3191 5127 3279 5165 DD.
3314 5127 3584 5181 aymeom
3618 5127 3812 5167 autem

2159 5127 2689 5244 Ili‘hessaloniéensi
2715 5182 2801 5243 De
2820 5182 3017 5243 sacris
3034 5179 3526 5243 ordinationibus
3550 5198 3680 5260 cap.
3712 5179 3812 5255 13,

2161 5262 2587 5342 chartophylax
2620 5262 2743 5324 ὅλος
2776 5262 2885 5318 ἐστί
2932 5268 3008 5334 τῷ
3038 5261 3286 5341 ἀρχιερεῖ
3316 5260 3478 5341 δεξιὰ,
3509 5260 3817 5342 pontiﬁcis

2158 5340 2397 5425 dextera}
2461 5340 2621 5399 Ratio
2662 5355 2876 5425 porro,
2916 5340 3151 5423 propter
3204 5355 3378 5466 quam
3407 5340 3490 5424 tot
3510 5340 3816 5412 praeclaris

2161 5414 2498 5466 nominibus
2529 5414 2775 5466 decorat:
2807 5420 3177 5466 inveniuntur
3249 5414 3715 5466 Iaconmanaitur
3743 5412 3816 5466 ab

2161 5414 2498 5471 nominibus
2529 5414 2775 5469 decorati
2807 5411 3177 5469 inveniuntur
3207 5411 3715 5483 diaconi,tangitur
3743 5412 3816 5468 ab

2162 5486 2501 5566 Epiphanio
2528 5484 2742 5566 haeresi
2771 5484 3183 5566 78,cap.5,his
3210 5484 3452 5566 verbis;
3490 5484 3664 5541 ’Ἀνευ
3693 5483 3814 5566 δια-

2165 5564 2344 5641 κόνου,
2369 5567 2662 5624 ἐπίσκοπον
2690 5564 2941 5622 ἂδῧνατον
2972 5565 3139 5640 εἶναι,
3192 5566 3339 5628 Sine
3385 5564 3644 5626 diacono
3675 5564 3813 5643 epi-

2164 5664 2371 5725 scopus
2393 5664 2521 5709 esse
2557 5664 2679 5708 non
2716 5652 2906 5726 potest
2931 5653 2992 5726 et_
3017 5662 3051 5705 a
3077 5646 3367 5726 scriptore
3416 5643 3699 5726 Epistolas
3732 5643 3818 5726 De

2162 5723 2453 5806 gradibus
2473 5723 2936 5800 Ecclesiin,tom.
2972 5724 3054 5806 [Χ
3083 5723 3341 5805 Operum
3374 5723 3810 5806 S.Hieronymi,

2163 5804 2313 5870 istis:
2341 5808 2491 5870 Sine
2506 5807 2763 5869 diacono
2783 5805 3073 5869 sacerdos
3088 5804 3298 5867 nomen
3320 5823 3444 5866 non
3472 5804 3674 5885 habet,
3703 5820 3814 5866 or-
