4124 6448
443 425 549 489 ’191

1307 429 1969 496 CONSTITUTIONES
2009 425 2523 492 ΑΡΟΒΤθῙλῙΟιΕ.
2558 461 2639 472 -
2669 429 2816 490 LIB.
2864 425 2940 490 II.

3706 428 3827 494 722

438 565 536 632 τὴν
580 567 783 643 γένεσιν
830 569 1009 639 αὐτοῦ,
1046 567 1216 646 λέγων
1245 565 1379 646 (16)
1408 583 1420 597 ⁸
1478 587 1502 623 tt
1565 573 1883 624 Μετανοεττε
1920 587 1934 601 ⁶
1969 563 2077 644 ἥγ-

2168 562 2549 639 eosdem,per
2580 559 2842 640 seipsum
2870 569 2929 623 et
2960 568 3093 640 post
3126 558 3488 623 nativitatem
3524 580 3691 625 suam
3726 564 3822 626 di-

439 676 554 732 γικε
584 656 685 733 γὰρ
714 657 747 722 η
798 655 1038 732 βασιλεία
1084 663 1189 713 τῶν
1247 657 1481 735 οὖρανῶν
1518 673 1530 686 '
1575 681 1596 713 ι)
1653 657 1775 719 τοὺς
1835 658 1970 729 μετὰ
2026 658 2085 711 τὸ

2170 668 2311 711 cens
2344 667 2356 707 :
2390 675 2413 704 (ι
2456 649 2866 711 Poenitentiam
2904 651 3082 728 agite,
3133 648 3631 732 appropinquavit
3658 654 3818 715 enim

439 745 604 808 πάθος
635 747 816 817 αὐτοῦ,
850 743 915 801 δι’
962 747 1115 818 ἡμῶν
1150 747 1255 802 τῶν
1300 744 1522 825 δώδεκα,
1558 748 1761 805 καὶτοῦ
1789 752 1889 812 τῆς
1923 744 2081 803 ἐκλο-

438 838 539 912 γῆς
600 834 818 899 σκεύους
878 835 1108 892 Παύλου.
1166 826 1362 911 Ἠμεῖς
1423 835 1510 891 οὖν
1571 838 1617 892 οἱ
1676 834 2082 901 καταξιωθέντες

438 927 576 980 εἶναι
636 946 895 1002 μαρτυρες
956 924 1051 992 τῆς
1107 925 1393 1002 παρουσίας
1455 926 1633 995 αὐτοῦ,
1698 926 1787 979 σὺν
1848 922 2083 998 Ἰακώϐῳ

438 1020 514 1083 τῷ
547 1014 636 1068 τδῦ
669 1014 852 1090 Κυρίου
883 1012 1091 1093 ἀδελφῷ
1125 1013 1275 1093 (17),
1338 1013 1657 1091 καὶᾲὲτέροις
1716 1010 2083 1087 ἑϐδομήκοντα

438 1099 525 1157 δύο
557 1105 851 1175 μαθηταῖς,
882 1104 969 1159 καὶ
999 1117 1114 1164 τοῖς
1148 1105 1283 1159 ἑπτὰ
1325 1101 1589 1168 διακόνοις
1643 1104 1823 1181 αὑτοῦ,
1856 1103 1915 1159 ἐκ
1950 1102 2078 1183 (18)

438 1191 709 1265 στόματος
768 1198 861 1247 τοῦ
910 1194 1093 1269 Κυρίου
1150 1195 1304 1267 ἡμῶν
1349 1191 1528 1259 Ἰησοῦ
1580 1192 1805 1271 Χριστοῦ
1834 1194 2078 1260 ἠκούσα-

438 1301 560 1355 μεν,
595 1282 683 1337 καὶ
713 1278 943 1358 ἀκριϐῶς
974 1279 1170 1345 εἰδότες
1199 1281 1427 1359 λέγομεν
1462 1298 1477 1311 ⁸
1522 1305 1547 1336 σ
1589 1282 1648 1339 Τί
1676 1281 1786 1337 ἐστι
1818 1285 1879 1338 τὸ
1907 1282 2074 1350 ϐέλη-

436 1392 515 1445 μα
542 1378 636 1426 του
666 1378 797 1428 Θεοῦ
825 1374 888 1427 τὸ
917 1372 1113 1452 ἀγαθὸν
1157 1374 1245 1428 καὶ
1294 1372 1571 1448 εὐάρεστον
1619 1373 1706 1429 καὶ
1749 1371 1954 1429 τέλειον
1991 1390 2007 1447 ;
2042 1396 2069 1427 to

436 1460 499 1515 τὸ
525 1457 610 1516 διὰ
642 1457 819 1527 Ἰησοῦ
848 1461 1135 1540 γνωρισθέν
1176 1462 1336 1537 ημῖν,
1388 1463 1482 1517 ’ἱνα
1540 1457 1725 1536 μηδεὶς
1781 1459 2070 1530 ἀπόληται,

434 1548 572 1605 ἀλλὰ
603 1550 758 1606 αἶνον
813 1551 1095 1629 σύμφωνον
1153 1551 1565 1626 ἀναπέμψαντες
1617 1552 1782 1624 αὐτῷ,
1846 1552 2080 1621 ζήσωσιν

432 1640 681 1703 αἱωνίως.

974 1736 1363 1790 ΚΕΦΑΛΑΙΟΝ
1408 1729 1535 1804 NQ"

436 1816 569 1879 "Ott
615 1819 823 1896 θέλημα
870 1829 1001 1901 Θεοῦ
1021 1868 1036 1901 ,

1091 1820 1391 1915 ὁμόφρονας
1442 1825 1581 1877 εἶναι
1626 1821 1745 1884 τοὺς
1770 1819 2078 1915 ρινθρῴπους
2104 1865 2143 1915 Β

2166 759 2417 816 regnum
2442 740 2547 803 Dei
2571 739 2794 815 13;»eos
2812 740 2909 820 qui
2933 741 3063 816 ejus
3086 738 3420 818 passionem
3445 740 3822 823 subsequun-

2168 828 3069 909 tur,pernosduodecim,etper
3091 845 3189 887 vas
3209 828 3523 893 electionis
3544 831 3816 893 Paulum.

2168 916 2287 980 l‘ms
2316 920 2495 997 igitur
2517 919 2680 997 digni
2698 918 2888 979 habiti
2918 926 3105 981 testes
3131 937 3263 979 esse
3287 919 3583 982 Dominici
3606 921 3821 983 adven-

2170 1015 2284 1080 tus,
2324 1026 2441 1069 una
2485 1027 2618 1069 cum
2651 1007 2874 1071 Iacobo
2914 1008 3094 1068 fratre
3128 1008 3392 1080 Domini,
3421 1017 3477 1070 et
3505 1008 3641 1071 aliis
3674 1029 3816 1091 sep-

2168 1100 2429 1174 tuaginta
2461 1098 2693 1160 duobus
2722 1096 3129 1177 discipulis,et
3153 1104 3381 1176 septem
3405 1096 3816 1173 diaconis,au-

2166 1186 2425 1248 divimus
2444 1205 2514 1246 ex
2539 1205 2643 1248 ore
2666 1186 2906 1247 Domini
2930 1185 3116 1246 nostri
3138 1189 3280 1248 Jesu
3300 1186 3613 1260 Christi,et
3632 1190 3817 1268 probe

2163 1278 2422 1339 scientes
2444 1276 2723 1350 dicimus,
2737 1294 2906 1352 «quae
2923 1275 2999 1337 sit
3021 1275 3290 1337 voluntas
3308 1276 3411 1337 Dei
3441 1276 3596 1339 bona
3616 1287 3675 1339 et
3703 1277 3815 1341 be-

2160 1365 2485 1446 neplacens
2505 1373 2562 1426 et
2587 1366 2848 1445 perfecta
2868 1363 2943 1437 1‘;
2974 1390 2999 1420 ι)
3031 1383 3139 1445 per
3152 1367 3357 1426 Jesum
3381 1366 3684 1429 Christum
3711 1387 3815 1430 no-

2161 1453 2252 1516 bis
2278 1455 2648 1517 manilestata
2677 1474 2691 1531 ;
2728 1463 2811 1526 ut,
2845 1453 3283 1528 scilicet,nemo
3310 1456 3651 1535 pereat,sed
3679 1475 3814 1519 om-

2165 1562 2272 1605 nes
2304 1544 2579 1605 homines
2625 1563 2742 1605 uno
2775 1561 3073 1605 consensu
3108 1543 3426 1605 credentes
3475 1543 3552 1621 ei,
3599 1563 3667 1607 ac
3696 1565 3814 1607 uno

2163 1642 2457 1695 concentu
2511 1633 2792 1696 laudibus
2823 1651 2960 1694 eum
3006 1638 3468 1714 prosequentes,
3522 1633 3720 1697 vivant
3752 1634 3812 1697 in

2163 1730 2474 1786 aeternum.

2769 1809 3018 1875 CAPUT
3066 1810 3213 1873 LVI.

515 1902 633 1981 περὶ
659 1903 759 1969 τὴν
802 1898 1096 1976 εὐσέϐειαν,
1154 1898 1540 1980 παραπλησίως
1586 1914 1707 1963 ταῖς
1766 1899 1820 1957 ἐν
1875 1898 2079 1979 οὐρανῷ

2168 1900 2350 1977 Quod
2378 1902 2656 1965 voluntas
2686 1903 2797 1964 Dei
2823 1903 2927 1977 sit,
2961 1908 3028 1962 ut
3058 1918 3264 1981 omnes
3294 1900 3562 1965 homines
3590 1904 3657 1964 in
3676 1903 3809 1981 pic-

513 1979 785 2056 δυνάμεσι.

512 2077 675 2130 Τοῦτο
704 2071 804 2150 γάρ
835 2069 976 2127 ἐστιν
1009 2069 1036 2126 ὅ
1093 2068 1317 2136 ἐδίδαξεν
1370 2072 1512 2147 ἡμᾶς
1562 2072 1589 2126 ὁ
1624 2070 1811 2149 Κύριος
1841 2092 2074 2148 προσευ-

428 2161 697 2240 χομένους
729 2160 905 2238 λέγειν
928 2167 1002 2236 τῷ
1025 2162 1188 2239 Πατρὶ
1219 2162 1401 2217 αὐτοῦ’
1436 2160 1754 2229 σΓενηθήτω
1775 2161 1835 2215 τὸ
1866 2159 2078 2235 θέλημά

428 2273 546 2325 σου,
581 2254 650 2316 ὡς
683 2250 736 2306 ὲν
768 2254 972 2328 οὖρανῷ
1024 2252 1109 2306 καὶ
1141 2249 1226 2306 ἐπὶ
1268 2250 1364 2317 τῆς
1396 2253 1498 2327 γῆς
1546 2248 1672 2322 (19)
1709 2263 1730 2278 ⁹’
1764 2273 1790 2304 ι
1826 2249 1971 2314 ὅπως
2004 2252 2076 2316 ὡς

429 2341 481 2395 αἱ
512 2340 820 2418 ἒπουράνιοι
878 2341 1060 2420 φύσεις
1118 2344 1224 2394 τῶν
1276 2338 1575 2413 ἀσωμάτων
1630 2334 1900 2413 δυνάμεων
1948 2336 2073 2419 (20)

429 2436 597 2486 nam
649 2428 918 2501 δοξάζουσι
970 2431 1059 2485 τὸν
1111 2430 1242 2484 Θεὸν
1295 2429 1614 2509 συμφώνως,
1651 2426 1788 2483 οὕτω
1846 2430 1933 2484 καὶ
1990 2427 2077 2485 ἐπὶ

426 2524 527 2586 τῆς
563 2523 666 2597 γῆς
720 2521 912 2581 πάντες
961 2523 1006 2576 οἱ
1066 2518 1326 2597 ἅνθρωποι
1353 2522 1409 2575 ἓν
1455 2518 1528 2574 ἐνὶ
1567 2519 1792 2593 στόματι
1839 2518 1925 2574 καὶ
1979 2526 2075 2594 μιᾷ

426 2608 651 2666 διαθέσει
683 2607 933 2680 δοξάζωσι
966 2611 1054 2664 τὸν
1100 2610 1262 2684 μόνον
1324 2610 1476 2682 Θεὸν,
1511 2612 1600 2665 τὸν
1642 2608 1733 2664 ἕνα
1763 2609 1852 2665 καὶ
1878 2607 2073 2676 ἀληθι-

430 2701 541 2773 νὸν,
592 2698 676 2754 διὰ
730 2706 825 2756 τοῦ
888 2704 1205 2776 μονογενούς
1253 2704 1501 2777 Χριστοῦ,
1544 2696 1767 2773 Θέλημα
1800 2698 1888 2754 οὖν
1921 2701 2075 2755 αὔτοῦ

426 2789 569 2859 ἐστιν
603 2791 770 2845 αἰνεῖ)
831 2790 986 2845 αὖτὸν
1043 2788 1377 2867 ὁμοφρόνως,
1418 2789 1505 2843 καὶ
1562 2803 1883 2864 προσκυνοϊν
1915 2790 2073 2844 αὑτὸν

426 2878 724 2959 συμφώνως
788 2876 936 2957 (21).
1000 2888 1166 2937 Τοῦτο
1226 2878 1326 2956 γὰρ
1385 2878 1543 2935 αὒτοῦ
1596 2879 1707 2935 ἐστι
1769 2876 1977 2952 θέλημα
2021 2878 2074 2933 ἐν

2244 1990 2368 2045 tate
2396 1987 2807 2060 consentiant,
2832 1983 3030 2044 instar
3056 1980 3389 2044 caelestium
3413 1980 3728 2045 virtutum.

2240 2071 2364 2135 Hoc
2399 2074 2559 2134 enim
2591 2080 2707 2149 est,
2745 2071 2903 2153 quod
2956 2090 3064 2133 nos
3115 2071 3317 2133 docuit
3341 2072 3654 2152 Dominus,
3712 2072 3809 2134 di-

2161 2180 2301 2226 cere
2334 2164 2491 2226 Patri
2516 2163 2797 2241 suo,dum
2833 2180 3072 2224 oramus
3105 2178 3119 2222 :
3171 2186 3191 2218 (
3230 2163 3359 2223 Fiat
3390 2165 3659 2226 voluntas
3685 2170 3808 2244 tua,

2162 2252 2317 2315 sicut
2348 2252 2406 2313 in
2444 2252 2592 2315 caelo
2618 2260 2676 2313 et
2704 2252 2765 2313 in
2799 2261 2960 2314 terra
2983 2251 3096 2327 15;»
3134 2259 3193 2312 ut
3216 2250 3371 2313 sicut
3392 2252 3667 2314 caelestes
3696 2271 3808 2314 na-

2163 2342 3498 2421 turaeincorporearumvirtutum,cunctaauna
3514 2342 3810 2404 sententia

2161 2430 2348 2492 Deum
2367 2430 2832 2507 concelebrant;
2857 2430 2943 2492 sic
2967 2439 3026 2491 et
3045 2430 3107 2490 in
3130 2438 3292 2491 terra
3311 2433 3509 2493 cuncti
3532 2430 3810 2493 homines

2160 2539 2275 2580 uno
2309 2538 2433 2599 ore,
2462 2539 2702 2599 unoque
2733 2519 2978 2594 affectu,
3027 2519 3237 2581 laudes
3281 2519 3341 2580 in
3374 2520 3565 2580 solum
3593 2520 3802 2595 Deum,

2158 2628 2342 2670 unum
2380 2619 2435 2669 et
2461 2627 2671 2671 verum
2696 2609 3027 2689 conferant,
3070 2626 3177 2689 per
3206 2609 3575 2689 unigenitum
3630 2609 3807 2672 Chri-
3880 2684 3890 2694 ο

2159 2708 2340 2760 stum.
2375 2700 2670 2760 Voluntas
2720 2718 2860 2779 ergo
2896 2702 3003 2764 Dei
3034 2706 3149 2775 est,
3185 2708 3249 2761 ut
3277 2699 3469 2780 ipsum
3519 2699 3803 2761 concordi
3836 2730 3841 2733 -

2157 2798 2358 2852 mente
2391 2788 2723 2863 laudemus,
2751 2802 2810 2849 et
2836 2808 2981 2851 voce
3010 2808 3274 2851 consona
3299 2789 3637 2851 adoremus.
3671 2788 3810 2852 Haec

2154 2878 2374 2958 quippe
2398 2888 2488 2940 est
2534 2878 2642 2940 Dei
2661 2878 2928 2939 voluntas
2950 2879 3008 2939 in
3042 2877 3304 2958 Christo,
3338 2887 3404 2940 ut
3436 2879 3605 2940 multi
3639 2879 3701 2941 in
3733 2898 3803 2941 eo

427 2975 663 3047 Χριστῷ,
723 2967 954 3030 πολλοὺς
1018 2972 1156 3024 εἶναι
1215 2968 1332 3031 τοὺς
1401 2967 1732 3042 σωζομένους
1791 2967 1845 3024 ἐν
1905 2969 2067 3043 αὐτῷ,

2168 2966 2480 3041 salvantur,
2507 2986 2626 3029 non
2650 2976 2847 3030 autem
2874 2976 2936 3028 ut
2963 2969 3018 3030 ei
3044 2968 3466 3032 detrimentum
3496 2969 3630 3048 quis
3661 2968 3810 3031 infe-

424 3055 561 3113 ἀλλὰ
605 3058 683 3131 μη
713 3064 937 3132 ζημιοῦν
968 3056 1148 3131 αὐτὸν,
1201 3054 1337 3131 μηδὲ
1394 3055 1703 3112 ἒλαττονεϊν
1752 3055 1878 3135 (22)
1935 3059 2069 3133 ὑμᾶς

2168 3065 2469 3138 rat,neque
2495 3065 2557 3117 ut
2582 3076 2682 3118 vos
2699 3057 3030 3121 Ecclesiam
3059 3059 3468 3139 minuatis,ant
3490 3077 3807 3120 numerum

423 3148 519 3216 τὴν
551 3145 898 3227 Ἐκκλησίαν,
957 3147 992 3214 ἢ
1048 3144 1349 3205 συστέλλειν
1392 3147 1483 3201 τὸν
1533 3146 1778 3224 ἀριθμὸν,
1832 3145 1916 3202 διὰ
1945 3152 2070 3223 μιᾶς

2168 3146 2418 3209 fidelium
2452 3149 2837 3220 contrahatis.
2884 3166 3003 3210 una
3052 3147 3312 3210 hominis
3346 3149 3548 3210 anima
3577 3166 3610 3210 a
3636 3147 3804 3210 vobis

502 3358 554 3405 ¹³
579 3362 757 3425 Marc.
801 3376 842 3433 ι,
878 3360 974 3423 15.
1060 3355 1115 3402 ⁸4
1142 3360 1320 3423 Rom.
1350 3375 1413 3439 ιι,
1450 3359 1508 3423 2.
1592 3358 1648 3402 ¹⁶
1669 3359 1882 3423 Matth.
1918 3376 1998 3435 vr,
2055 3360 2146 3425 10.

1743 3563 2143 3632 VARIORUM
2186 3569 2443 3635 NOTAE.

2151 3759 2367 3816 omisso
2400 3757 2665 3835 videlicet
2699 3760 2859 3819 titulo
2892 3760 3169 3835 generali,
3222 3776 3290 3819 ac
3320 3762 3379 3821 in
3417 3763 3577 3822 illius
3614 3762 3806 3823 locum

2151 3838 2443 3906 assumpta
2502 3833 3152 3906 subdivisione'prima)
3205 3842 3340 3892 tom.
3373 3835 3418 3891 Il
3454 3836 3705 3906 Operum
3746 3837 3804 3894 S.

2149 3902 2463 3977 Athanasii,
2492 3914 2689 3977 quast.
2728 3904 2844 3977 131,
2875 3902 2972 3961 ubi
3016 3919 3211 3963 vocem
3240 3902 3521 3977 Apostoli;
3544 3907 3806 3965 Hebraeo-

2153 3993 2282 4038 rum
2306 3991 2388 4053 XI,
2427 3975 2500 4038 35
2537 3998 2551 4038 :
2586 3976 2737 4033 ἄλλοι
2769 3976 2823 4033 δὲ
2882 3975 3367 4053 ἐτυμπανίσθησαν,
3402 3975 3801 4042 (1011600Πᾶιο

2147 4055 2360 4113 Jacobo
2391 4053 2564 4112 fratre
2594 4056 2826 4129 Domini
2883 4056 3147 4125 explicat.
3197 4057 3345 4115 male
3374 4060 3666 4127 accipiens
3698 4062 3801 4129 (uti

2148 4132 2403 4201 apparet)
2462 4129 2637 4201 verba
2693 4128 3189 4201 interpretationis
3241 4130 3298 4187 S.
3357 4128 3742 4201 Cbrysostomi
3788 4151 3799 4187 :

499 3757 627 3835 (16)
659 3758 863 3835 Λέγων.
896 3757 1069 3838 Alter
1100 3774 1242 3838 mss.
1304 3758 1580 3836 Λέγοντος,
1639 3757 1783 3838 quia
1810 3756 2069 3821 refertur

418 3840 496 3899 ad
532 3839 711 3915 ποτοῦ,
745 3845 865 3914 aut,
901 3837 950 3898 si
981 3837 1163 3899 mavis
1192 3840 1401 3898 ἑαυτοῦ.
1435 3839 1619 3906 CLEB.

501 3943 625 4026 (17)
678 3947 779 4026 Συν
838 3943 1073 4026 Ἰακώϐῳ
1138 3953 1214 4026 cii)
1271 3954 1362 4003 τοῦ
1439 3948 1623 4024 Κυρίου
1688 3946 1920 4026 ἀδελφῷ,
1982 3948 2069 4010 Ita

415 4025 560 4098 solet
587 4025 665 4082 lat
687 4025 863 4081 obum
896 4025 1404 4098 fratremDomini,
1439 4026 1773 4098 episcopum
1811 4025 2065 4098 primum

413 4097 927 4169 Jerosolymorum,
978 4111 1050 4152 ex
1098 4095 1228 4154 albo
1259 4095 1652 4167 apostolorum
1694 4095 2063 4169 expungere;

414 4183 482 4225 ac
511 4178 628 4226 tres
645 4168 1303 4240 ’Jacobogsgenumerare,
1362 4168 1507 4226 duos
1542 4168 1855 4240 apostolos,
1888 4169 2069 4226 Zebo-

415 4240 519 4297 daei
552 4240 735 4297 ﬁlium
765 4249 816 4296 et
844 4238 1026 4312 ﬁlium
1058 4239 1295 4308 Alpbtei,
1360 4238 1747 4312 praetereaque
1787 4242 1944 4298 bunc
1972 4242 2067 4298 Je-

415 4312 919 4383 rosolymitanum.
954 4310 1160 4383 Quam
1244 4313 1585 4383 sententiam
1654 4310 1979 4383 ‘IEthiopes,
2035 4329 2069 4368 a

414 4381 627 4454 quibus
668 4381 1123 4454 Constitutionum
1192 4381 1373 4439 codex
1428 4398 1532 4453 pro
1588 4398 1752 4440 sacro
1801 4381 2065 4453 habetur,

414 4452 471 4510 in
508 4455 679 4511 missa
712 4470 811 4511 sua
871 4452 1343 4522 amplectuntur:
1405 4452 1903 4512 consentientibus
1946 4452 2063 4511 tum

412 4526 594 4596 Syris,
629 4534 746 4582 tum
778 4543 808 4580 a
848 4533 1103 4596 tempore
1146 4524 1327 4581 multo
1377 4524 1610 4581 Grascis.
1644 4525 1853 4582 Contra
1885 4524 2064 4583 Latini

413 4595 559 4655 duos
590 4599 648 4654 in
682 4596 872 4654 ofﬁcio
904 4595 1293 4652 ecclesiastico
1325 4606 1647 4666 agnoscunt
1677 4599 1949 4653 duntaxat
1970 4598 2065 4654 Ja-

416 4668 612 4738 cobos,
646 4676 955 4739 utrumque
984 4669 1335 4740 apostolum,
1367 4682 1573 4740 nempe
1594 4669 1844 4725 Zebedaei
1876 4668 2063 4731 illum,

2150 4196 2426 4272 Ἰάκωϐον,
2459 4198 2673 4297 inquit)
2707 4196 2869 4278 λέγειν
2908 4202 2996 4254 τὸν
3034 4198 3259 4278 ἀδελφὸν
3308 4211 3397 4260 τοῦ
3441 4196 3650 4279 Κῖδρίου,
3714 4207 3803 4259 καὶ

2214 4280 2224 4293 .
2343 4279 2362 4297 η
2502 4282 2513 4295 .
2641 4280 2653 4297 .
2838 4279 2849 4295 ς
3075 4278 3092 4297 ς
3114 4282 3124 4297 ,
3161 4284 3183 4297 Α
3739 4286 3750 4297 .

2148 4280 2268 4341 τοὺς
2343 4279 2556 4342 λοιποὺς
2632 4278 2742 4335 ὅσοι
2828 4278 3348 4359 ἀπεκεφαλίσθησαν,
3422 4278 3794 4358 τυμπανισμὸς

2149 4360 2248 4441 γὰρ
2282 4361 2307 4413 ὁ
2341 4358 2775 4441 amazement):
2806 4358 3069 4441 λέγετκι.Δ
3103 4361 3375 4441 Namque
3437 4367 3674 4425 constat
3726 4380 3801 4425 ex

2149 4440 2552 4513 {telorum_xu,
2582 4439 2639 4504 2,
2672 4439 2947 4513 Jacobum
2979 4438 3069 4513 quT
3118 4438 3301 4513 capite
3332 4448 3638 4513 truncatus
3677 4442 3801 4513 fuit,

2151 4510 2381 4581 fratrem
2414 4510 2652 4566 Joannis
2679 4512 2987 4566 exstitisse.
3022 4510 3140 4567 Hoc
3168 4512 3214 4565 si
3246 4512 3376 4581 quis
3415 4514 3576 4581 sequi
3634 4510 3797 4581 nolit,

2152 4580 2320 4635 habet
2354 4582 2455 4635 viri
2506 4581 2820 4637 doctissimi
2855 4598 2917 4635 ac
2962 4581 3118 4637 hisce
3165 4581 3235 4637 de
3265 4580 3471 4639 litteris
3502 4580 3649 4640 bene
3679 4600 3800 4642 me-

2153 4653 2197 4706 ll
2232 4654 2242 4705 i
2279 4651 2563 4708 Franctsci
2603 4651 2951 4714 Combeﬂsii.
2987 4663 3128 4708 tom.
3188 4652 3237 4708 ll
3294 4655 3558 4710 Auctarii
3597 4654 3803 4713 Biblio-

415 4723 945 4814 rr'a'tééin’isannts,
989 4723 1067 4814 et
1094 4723 1936 4814 nassum:paganum;
1955 4723 2066 4811 qui
2095 4791 2132 4814 η
2153 4724 2315 4814 {regem
2345 4724 2601 4814 Patrensi
2622 4740 2750 4814 teat-
2785 4724 2911 4812 8‘8.-
2942 4723 3397 4814 ειξίιθιειάδιίουθω
3430 4728 3801 4814 “attereba-

414 4791 2065 4881 niatiim'aaia'coisiatfa'c"ttigaspt's'ggsas"ctti;

2175 4796 2332 4855 tilem
2368 4816 2379 4854 :
2416 4800 2507 4852 τὸν
2535 4791 2762 4881 fideliam
2819 4803 2909 4851 τοῦ
2966 4796 3231 4871 Ἰωάννου,
3297 4814 3402 4877 pro
3456 4800 3545 4854 τὸν
3574 4791 3799 4879 ἆδελφὸν

415 4885 565 4941 tatis.
610 4884 719 4940 Par
757 4882 1055 4954 dissidium
1092 4881 1244 4954 apud
1277 4885 1585 4954 antiquos;
1624 4896 1734 4939 nec
1771 4883 1962 4939 adhuc
1994 4882 2064 4939 lis

414 4956 763 5027 conquievit.
797 4952 942 5027 vero
987 4952 1235 5010 similius
1283 4952 1607 5027 divinisque
1647 4954 1891 5026 eloquiis
1914 4967 2064 5027 Acon-

416 5024 714 5096 gruentius
747 5025 1081 5096 opinantur,
1112 5026 1207 5095 qui
1252 5026 1321 5081 ad
1362 5024 1710 5095 posteriores
1760 5024 2063 5083 accedunt.

415 5097 706 5170 Quidquid
739 5098 833 5167 sit,
865 5097 1239 5170 castigatione
1272 5110 1389 5170 non
1429 5096 1701 5170 mediocri
1744 5096 1954 5170 dignus
1980 5105 2066 5154 est

416 5168 660 5242 magnus
700 5182 1035 5242 error,_quo
1080 5168 1321 5242 Jacobus
1355 5168 1529 5242 frater
1558 5169 1788 5242 Domini
1818 5168 2067 5226 confun-

414 5238 570 5298 ditur
600 5255 730 5297 cum
758 5239 971 5295 Jacobo
1002 5238 1175 5295 fratre
1203 5239 1436 5297 Joannis
1473 5255 1485 5295 :
1518 5240 1835 5297 secundum
1866 5250 2063 5296 notam

413 5313 480 5369 B.
516 5312 843 5382 Hieronymi
883 5310 951 5365 ad
990 5309 1172 5382 Calat.
1205 5322 1244 5374 ι,
1275 5310 1373 5382 719
1403 5333 1414 5366 :
1476 5308 1819 5368 Vehementer
1854 5312 2067 5367 erravit

448 5385 507 5440 ui
533 5379 833 5440 arbitratus
863 5386 947 5438 est
977 5379 1233 5453 Jacobum
1269 5381 1410 5438 hunc
1447 5387 1690 5453 fratrem
1738 5382 1958 5439 Domini
2006 5382 2067 5437 de

466 5456 717 5526 vangetio
762 5470 873 5526 ess_e
930 5451 1227 5526 apostolum
1285 5451 1519 5526 fratrem
1590 5453 1840 5522 Joannis,
1917 5470 2067 5524 quem

413 5524 616 5606 constat
653 5532 772 5599 post
816 5524 1167 5606 Stephanum,
1185 5524 1541 5606 juxta‘ﬁdem
1584 5527 1818 5606 (ictuum
1848 5531 2066 5606 aposto-

414 5598 603 5665 lorum,
630 5594 947 5669 sanguinem
963 5595 1165 5669 fudisse
1187 5610 1293 5668 pro
1322 5594 1814 5669 Christo._Quibus
1854 5594 2061 5653 similia

417 5670 560 5728 libro
591 5665 855 5726 adversus
898 5665 1223 5724 Helvidium.
1277 5681 1403 5738 cap.
1460 5666 1514 5721 7.
1547 5665 1779 5725 Errasse
1806 5682 1936 5725 eum
1970 5683 2062 5724 er-

414 5756 601 5799 rorem
644 5740 865 5797 videtur
897 5748 1096 5797 auctor
1140 5741 1388 5795 incertus
1445 5738 1805 5805 Quaestionum
1863 5741 1923 5794 in
1976 5754 2061 5795 sa-

407 5829 565 5871 cram
589 5812 930 5883 δον-ἐρωτήσω
975 5810 1368 5883 (ωδιθίνυΙεο
1418 5812 1847 5883 inscriptagum,
1900 5810 2062 5867 Dicta

408 5892 461 5943 et
504 5880 993 5959 iuuerpietationes
1023 5880 1402 5954 parabatur-um
1468 5883 1644 5939 sancti
1694 5880 1983 5955 Evangelii
2039 5896 2058 5937 :

2148 4884 2238 4930 του
2287 4876 2468 4953 Κυρίου
2528 4874 2669 4938 COT.

2232 4956 2362 5040 (l8)
2393 4955 2508 5015 Ἐκ.
2545 4956 2715 5040 Alter
2756 4954 3096 5040 Vindobon.
3130 4956 3296 5018 addit
3325 4959 3359 5040 ᾇ
3392 4966 3529 5019 ante
3563 4975 3797 5040 praepo-

2150 5037 2425 5100 sitiOnem,
2470 5049 2638 5107 atque
2670 5036 2728 5093 in
2766 5036 3028 5107 proxime
3075 5037 3449 5107 sequentibus
3485 5036 3802 5099 verbis'de-

2150 5107 2232 5168 let
2260 5108 2346 5162 καί
2381 5127 2393 5165 :
2432 5106 2567 5187 qua}
2596 5125 2673 5169 ea:
2721 5106 2821 5169 ore
2879 5108 2948 5169 ι).
3007 5108 3082 5170 Ν.
3117 5106 3177 5170 J.
3216 5109 3281 5171 C.
3319 5110 3675 5173 audivimus
3700 5132 3799 5177 ac-

2148 5194 2336 5260 curate
2367 5189 2583 5260 cognita
2619 5187 2872 5244 dicimus.
2904 5186 3080 5260 CLEll.

2235 5259 2360 5337 (l9)
2394 5258 2524 5342 Ἐπὶ,
2551 5266 2643 5327 τῆς
2706 5266 2831 5342 γης.
2884 5258 3066 5322 Adiit
3111 5258 3272 5321 idem
3318 5263 3504 5342 codex
3532 5266 3793 5342 τουτέστι,

2150 5338 2247 5395 hoc
2270 5348 2343 5395 est
2374 5347 2434 5394 ut
2477 5339 2616 5396 sicut
2654 5339 2881 5398 caelestes
2911 5349 3145 5406 natura,
3180 5349 3284 5398 etc.
3326 5341 3412 5399 ID.

2234 5411 2350 5483 (20(
2383 5414 2443 5469 Αἱ
2503 5413 2798 5486 ἐπουράνιοι
2856 5413 3034 5491 φύσεις
3101 5436 3205 5468 των
3277 5415 3579 5490 ἀσωμάτων
3635 5415 3794 5475 δυνά-

2150 5514 2293 5571 μεῳν
2327 5499 2515 5549 πᾶσαι.
2550 5491 2761 5552 Melius
2784 5498 2843 5554 et
2871 5492 3209 5571 simplicius
3260 5493 3439 5556 habet
3468 5496 3601 5557 cod.
3641 5494 3791 5559 Vin-

2148 5570 2367 5630 thbOﬂ.
2409 5576 2457 5627 αἱ
2490 5572 2761 5646 ἀσώματοι
2795 5570 3036 5647 δυνάμεις
3064 5579 3228 5629 πᾶσαι
3261 5573 3313 5628 ἐν
3346 5580 3571 5655 οὐρανῷ,
3604 5576 3691 5637 ID.

2228 5650 2353 5729 (Ἡ)
2388 5655 2484 5732 Καὶ
2510 5666 2827 5732 προσκυνεῖν
2877 5654 3033 5712 αὐτὸν
3080 5650 3418 5732 συμφώνως(
3450 5654 3674 5718 Desunt
3732 5658 3792 5719 in

2146 5730 2323 5786 altero
2355 5731 2478 5787 cod.
2524 5730 2689 5788 Vind.
2735 5733 2821 5790 lD.

2228 5801 2756 5937 (12ῗ)’ἶέλαττονεῐν.
2811 5802 2876 5865 In
2936 5802 3126 5866 altero
3185 5813 3275 5865 est
3328 5805 3601 5887 ἐλαττοῦν,
3637 5807 3787 5870 forte

2228 5898 2368 5937 ιιυδ.
2431 5895 2488 5937 D.

2145 5895 2368 5940 ωθιιυδ.
2410 5895 2488 5939 η).
