4120 6432
308 270 426 339 829
1174 268 1837 336 GONSTITUTIONES
1877 265 2384 334 APOSTOLICIE.
2432 300 2510 314 —-
2554 269 2702 332 LIB.
2750 271 2829 332 V.
3581 269 3704 336 830

309 410 397 468 καὶ
429 410 503 473 εἷς
535 407 950 487 μισθαποδοσίαν
981 409 1100 488 (67)
1138 415 1242 464 τῶν
1273 416 1630 487 στρατιωτῶν.
1690 410 1781 465 ’ἵνα
1826 409 1955 464 ἆλτ-

2054 423 2139 464 ;ua
2173 414 2231 467 et
2261 424 2418 467 curre
2451 407 2759 487 habeatur;
2779 416 2840 467 ut
2869 417 3153 488 quantum
3176 416 3235 466 in
3270 406 3437 467 vobis
3459 416 3701 487 est,non

307 503 503 582 φρυνθῇ
556 501 645 557 καὶ
703 498 1009 574 ὶπιμελείας
1055 499 1221 579 τύχῃ⁵
1253 495 1329 554 ἵν’
1384 497 1508 555 ὅσον
1552 502 1614 556 τὸ
1675 498 1756 579 ἐφ’
1801 501 1956 575 ὑμῖν,

2054 494 2333 575 iflligatur
2366 496 2574 558 beatus
2605 498 2786 559 frater
2818 496 3339 571 vester.Quienim
3354 496 3431 557 ob
3458 499 3695 561 Domini

308 589 387 664 μὴ
427 587 668 657 θλίϐηται
703 591 731 644 6
780 589 1037 666 μακάριος
1091 587 1319 667 ἀδελφὸς
1374 590 1546 663 ὑμῶν,
1595 587 1655 649 '0
1711 591 1811 669 γὰρ
1874 587 1960 646 διὰ

2054 583 2149 645 Dei
2184 604 2399 647 nomen
2432 586 2886 655 condemnatur.
2922 587 3019 648 hic
3051 596 3141 649 est
3167 595 3408 648 sanctus
3445 596 3691 668 martyr,

308 678 370 735 τὸ
426 676 594 753 ὄνομα
655 675 848 756 Κυρίου
900 685 995 732 τοῦ
1065 679 1197 733 Θεοῦ
1253 676 1760 755 καταδικαζόμενος,
1808 682 1957 743 οὗτος

2054 673 2226 736 frater
2256 675 2682 749 Domini,filius
2699 675 3475 756 Altissimi,receptaculum
3508 680 3693 739 sancti

309 768 508 848 μάρτυς
548 767 725 845 ἅγιος,
782 765 1008 845 ἀδελφὸς
1063 775 1156 824 τοῦ
1207 765 1436 849 Κυρίου,
1492 771 1600 832 υἱὸς
1644 777 1736 849 τοῦ
1768 766 1957 845 ,,’Υψί-

2054 763 2178 845 [per
2207 783 2383 844 quem
2410 765 2901 833 illuminationem
2932 765 3141 843 gloriae
3171 767 3358 828 sancti
3392 763 3693 842 Evangelii

308 876 459 931 στου,
510 852 733 935 δοχετον
779 861 873 911 τοῦ
919 855 1072 933 ἀγίου
1141 857 1468 931 Πνεῦματος,
1525 856 1595 914 δι’
1644 845 1705 915 οῦ
1751 860 1961 916 καὶτὸν

2054 862 2401 933 acceperunt
2422 855 2639 934 singuli
2662 854 2871 917 fideles
2899 855 2983 936 79)
3016 853 3447 936 Spiritus;quia
3480 855 3695 935 dignus

311 946 583 1025 φωτισμὸν
641 950 740 1012 τῆς
798 942 951 1012 δόξης
999 952 1091 1002 τοῦ
1168 948 1317 1023 ἁγίου
1383 947 1702 1027 Εὑαγγελὶου
1775 946 1959 1005 ἔλαϐεν

2054 943 2281 1005 habitus
2304 953 2395 1005 est
2421 943 2764 1025 incorrupta
2786 942 3147 1019 caronaeo,et
3178 944 3525 1007 testimonio
3552 965 3691 1025 pas-

311 1035 531 1097 ἒκαστος
562 1041 667 1090 τῶν
700 1040 924 1091 πιστῶν
979 1035 1033 1090 ἐν
1092 1041 1169 1109 τῷ
1216 1035 1606 1103 καταξιωθῆναι
1636 1045 1730 1095 τοῦ
1758 1037 1960 1118 ἀφθάρ-

313 1146 405 1184 του
437 1124 566 1203 (68)
594 1125 871 1204 στεφάνου,
928 1126 1015 1181 καὶ
1064 1126 1159 1194 τῆς
1208 1127 1491 1205 μαρτυρίας
1548 1134 1655 1184 τῶν
1702 1126 1961 1200 παθημά-

315 1235 420 1270 των
474 1217 653 1289 αὑτοῦ,
705 1214 793 1270 καὶ
842 1214 941 1283 τῆς
985 1214 1259 1277 κοιδωνίας
1319 1223 1409 1272 τοῦ
1465 1216 1697 1291 α’ίματος
1758 1218 1957 1295 αὑτοῦ,

2047 1034 2278 1093 sionum
2311 1031 2623 1113 ChriStisl,
2650 1043 2709 1097 et
2754 1033 3036 1096 societate
3078 1035 3388 1113 sanguinis
3442 1035 3598 1112 ejus,
3632 1047 3694 1097 ut

2045 1120 2233 1201 ipsius
2269 1122 2443 1183 morti
2475 1125 2945 1202 configuraretur
2976 1125 3033 1185 in
3074 1123 3455 1204 adoptionem
3488 1121 3563 1183 δ’.
3601 1124 3692 1188 Ob

2049 1211 2199 1272 hanc
2230 1212 2405 1291 igitur
2435 1231 2918 1288 causam,omnes
2951 1214 3181 1287 fideles,
3206 1232 3312 1292 per
3342 1214 3690 1294 episcopum

2047 1310 2329 1375 vestrum,
2364 1320 2433 1363 ex
2466 1304 2675 1365 vestris
2699 1303 2872 1365 bonis
2900 1322 2968 1365 ac
3004 1302 3329 1377 laboribus,
3363 1303 3693 1365 subminis-

314 1394 451 1454 σίαν,
515 1395 709 1451 Τούτου
762 1393 851 1451 οῦν
907 1392 1083 1451 ἕνεκεν
1143 1393 1374 1460 ἅπαντες
1428 1396 1474 1452 οἱ
1506 1398 1712 1471 πιστοὶ,
1758 1394 1842 1457 8ιά
1873 1401 1967 1451 τοῦ

2054 1394 2201 1453 trate
2232 1391 2473 1454 sanctis.
2503 1391 2667 1465 Quod
2702 1393 2753 1453 si
2784 1393 2922 1474 quis
2953 1412 3071 1455 non
3100 1394 3341 1467 habeat,
3368 1393 3697 1475 jejunet,et

313 1483 607 1540 ὶπισκόπου
664 1485 833 1559 ὑμῶν,
895 1487 955 1540 ἒκ
1011 1485 1116 1541 τῶν
1165 1486 1518 1564 ὑπαρχόντων
1584 1487 1732 1559 ὑμῶν
1790 1486 1876 1541 καὶ
1907 1483 1966 1541 ἐκ

2054 1480 2243 1542 cibum
2271 1482 2403 1561 ejus
2429 1481 2545 1543 diei
2581 1483 2867 1565 partibus,
2902 1483 3163 1545 destinet
3189 1484 3437 1548 sanctis.
3472 1481 3533 1546 Si
3559 1483 3695 1565 quis

316 1579 408 1628 τοῦ
461 1573 629 1630 κόπου
667 1571 1017 1644 διακονήσατε
1066 1586 1185 1637 τοῖς
1236 1573 1433 1651 ἁγίοις.
1496 1576 1552 1631 El
1594 1573 1649 1629 δὲ
1708 1578 1803 1633 οὒκ
1845 1572 1964 1653 ἔχει

2054 1580 2241 1664 autem
2270 1571 2331 1632 in
2363 1571 2730 1634 abundantia
2756 1582 3046 1645 versatur,
3076 1572 3208 1655 plus
3239 1573 3440 1646 etiam,
3468 1591 3693 1634 secun-

315 1684 419 1736 τις,
466 1666 780 1735 νηστεύσας,
833 1664 894 1719 τὸ
948 1664 1046 1730 τῆς
1103 1661 1306 1740 ἡμέρας
1365 1666 1453 1719 καὶ
1514 1666 1758 1743 μερίσας,
1810 1670 1965 1719 τοῦτο

2054 1657 2192 1720 dum
2228 1661 2673 1742 proportionem
2708 1663 2999 1724 facultatis
3028 1680 3174 1733 suae,
3213 1662 3301 1723 eis
3330 1662 3694 1742 suppeditet.

316 1304 763 1383 συμμορφωθῆναι
814 1307 891 1378 τῷ
934 1304 1141 1379 θανάτῳ
1209 1314 1303 1364 τοῦ
1361 1313 1589 1385 Χριστοῦ
1661 1309 1734 1370 εἰς
1790 1310 1956 1363 υἱοθεο

315 1751 583 1818 ἐκταξάτω
610 1766 729 1818 τοῖς
774 1754 971 1830 ἀγιοις,
1008 1753 1065 1810 Εἰ
1097 1751 1142 1808 δί
1172 1774 1259 1808 τισ
1288 1751 1342 1808 ἐν
1388 1754 1661 1832 περιουσίᾳ
1710 1754 1965 1834 ὑπάρχει,

316 1845 404 1899 καὶ
432 1841 621 1899 πλεῖόν
665 1865 715 1898 τι
775 1845 909 1899 κατὰ
971 1841 1261 1921 ἀναλογίαν
1317 1842 1411 1911 τῆς
1473 1842 1745 1918 δυνάμεως
1809 1844 1968 1900 αὑτοῦ

315 1930 621 1989 διακονεὶτω
652 1935 859 1997 αὑτοῖς.
911 1934 968 1990 Εἰ
1000 1930 1054 1988 δὲ
1085 1934 1173 1989 καὶ
1203 1935 1319 1995 οἷος
1350 1931 1408 1989 τέ
1460 1932 1602 1988 ἐστιν
1634 1932 1843 1989 ἅπαντα
1872 1934 1963 1989 τὸν

314 2022 425 2097 βίον
456 2021 644 2077 ἑαυτοῦ
674 2019 1004 2097 ἀποδόμενος
1048 2020 1298 2099 ῥύσασθαι
1332 2022 1518 2085 αὑτοὺς
1553 2021 1613 2078 ἐκ
1640 2031 1734 2082 τοῦ
1762 2020 1967 2097 δεσμω-

314 2112 519 2187 τηρίου,
583 2108 839 2188 μακάριος
890 2109 1070 2183 ἔσται,
1126 2112 1211 2166 καὶ
1266 2109 1414 2191 φίλος
1463 2120 1555 2171 τοῦ
1612 2118 1856 2189 Χριστοῦ.
1911 2111 1967 2168 Εἰ

316 2200 418 2279 γὰρ
443 2202 470 2256 6
517 2200 582 2255 τὰ
629 2200 942 2279 ὑπάρχοντα
972 2212 1225 2279 πτωχοῖς
1257 2197 1401 2280 δοὺς,
1432 2199 1660 2273 τέλειος,
1703 2201 1837 2276 μετᾶ
1866 2202 1967 2266 τὴν

316 2290 434 2368 περὶ
478 2289 585 2346 τῶν
639 2290 791 2345 θείων
861 2289 1055 2369 γνῶσίν
1112 2288 1264 2370 (69)⁶
1311 2289 1500 2364 πολλῷ
1545 2289 1748 2365 μᾶλλον
1781 2293 1809 2346 6
1836 2291 1967 2368 ὑπὲρ

320 2385 619 2465 μαρτύρων.
669 2382 730 2442 Ὀ
784 2385 885 2463 γαρ
940 2388 1176 2449 τοιοῦτος
1218 2432 1233 2458 ,
1297 2382 1438 2450 ἄξιος
1520 2392 1651 2442 Θεοῦ
1705 2382 1963 2464 ὑπάρξας,

318 2474 593 2553 πληρώσει
621 2475 683 2530 τὸ
711 2474 921 2549 θέλημα
963 2475 1146 2547 αὑτοῦ,
1180 2474 1501 2555 χορηγήσας
1544 2475 1787 2547 ἐκείνοις,
1821 2473 1966 2531 ο’ἷτι-

321 2585 403 2631 νες
433 2566 589 2620 αὑτὸν
621 2563 981 2643 ὡμολόγησαν
1035 2565 1262 2621 ἐνώπιον
1319 2563 1503 2636 ζθνῶν,
1538 2566 1625 2622 καὶ
1679 2562 1966 2644 βασιλέων,

316 2656 441 2734 ῦὶῷν
471 2675 527 2710 τε
557 2652 799 2734 ’[σραῆλ,
855 2656 973 2731 περὶ
1016 2656 1090 2709 ὧν
1121 2656 1149 2710 6
1180 2655 1373 2730 Κύριος
1422 2654 1733 2733 ἀπεφήνατο
1766 2652 1962 2731 λέγων’

324 2726 467 2806 «"0;
500 2743 561 2800 ἂν
607 2726 936 2823 ὁμολογήσῃ·
977 2743 1030 2800 ἐν
1088 2744 1207 2819 ὶμοὶ
1255 2726 1552 2823 ἔμπροσθεν
1597 2751 1705 2801 τῶν
1760 2726 1965 2821 ἀνθρώ-

318 2858 458 2914 πων,
514 2832 838 2913 ὁμολογήσω
875 2835 1025 2911 κάγὼ
1077 2834 1131 2888 ὲν
1183 2834 1325 2908 αὑτῴ
1374 2834 1516 2909 αὑτῷ
1544 2833 1838 2913 ἔμπροσθεν
1876 2839 1971 2890 τοῦ

322 2924 526 2992 Πατρός
557 2945 658 2995 μου
699 2922 860 3001 (ἾΟ).
900 2946 924 2979 υ
970 2925 1067 2982 Καὶ
1098 2925 1144 2979 εἰ
1176 2926 1404 2983 τοιοῦτοί
1434 2925 1587 2995 εἰσιν,
1617 2926 1689 2985 ὡς
1734 2925 1822 2980 καὶ
1865 2924 1967 2978 ὑπὸ

2048 1751 2177 1811 Jam
2201 1768 2338 1812 vero
2360 1752 2407 1812 si
2442 1759 2632 1831 potest
2657 1751 2869 1813 tradita
2894 1755 3056 1815 omni
3088 1752 3414 1815 substantia
3443 1770 3572 1825 sua,
3591 1768 3693 1814 eos

2052 1857 2120 1900 ex
2146 1858 2390 1903 carcere
2422 1840 2923 1915 lilierat'e,beatus
2953 1843 3161 1924 erit,ac
3191 1840 3406 1907 Christi
3435 1843 3693 1904 amicus.

2048 1927 2194 1991 Nam
2229 1950 2363 1991 cum
2393 1931 2572 2011 is,qui
2618 1930 2777 1995 bona
2800 1952 2906 1994 sua
2937 1931 3298 2013 pauperibus
3330 1930 3696 2010 da=,perlec-

2052 2029 2145 2081 tus
2162 2019 2463 2100 sit33,post
2492 2021 2889 2098 cognitionem
2915 2041 3115 2084 rerum
3140 2020 3693 2091 divinarum,multo

2052 2111 2375 2187 perfectior
2404 2113 2514 2174 erit
2544 2113 2647 2189 qui
2688 2130 2793 2189 pro
2844 2113 3195 2188 martyribus
3225 2121 3443 2173 cuneta
3474 2108 3693 2189 largie-

2050 2199 2483 2282 tur.Siquidem
2508 2200 2627 2262 Deo
2647 2200 2861 2279 dignus
2885 2201 3545 2269 existens,volnntatem
3562 2198 3698 2278 ejus

2052 2297 2431 2372 exsequetur,
2459 2291 2777 2372 praebendo
2812 2292 2884 2353 iis
2914 2292 3016 2373 qui
3046 2291 3325 2354 eumdem
3357 2288 3514 2370 apud
3545 2305 3693 2367 gen-

2054 2388 2163 2454 tes,
2194 2389 2253 2441 et
2278 2398 2475 2459 reges,
2500 2378 2814 2443 etlsraelis
2845 2382 2995 2443 filios
3029 2379 3289 2443 confessi
3308 2374 3597 2458 suut“,ac
3620 2376 3695 2440 de

2050 2470 2267 2551 quibus
2294 2468 2583 2533 Dominus
2606 2470 3009 2551 pronuntiavit
3037 2470 3246 2533 dicens
3274 2491 3288 2533 :
3327 2491 3349 2524 ι
3380 2466 3488 2541 Qui
3511 2467 3696 2528 conﬁ-

2052 2567 2209 2621 tetur
2235 2578 2331 2622 me
2354 2578 2553 2622 coram
2587 2560 2954 2633 hominibus,
2981 2559 3315 2622 confitebor
3339 2567 3399 2619 et
3429 2575 3537 2636 ego
3555 2573 3692 2618 eum

2050 2667 2251 2710 coram
2286 2651 2454 2711 Patre
2505 2669 2638 2713 meo
2667 2648 2742 2713 ⁸⁵.
2774 2676 2799 2707 ι
2837 2654 3034 2732 Atque
3063 2650 3113 2712 si
3139 2650 3225 2711 illi
3262 2648 3414 2711 tales
3446 2654 3608 2727 sunt,
3634 2653 3698 2707 ut

2051 2738 2514 2801 testimoniuma
2544 2740 2779 2804 Christo
2829 2740 2985 2823 aqud
3038 2742 3273 2803 Patrem
3314 2753 3696 2817 consequan-

2054 2836 2168 2899 tur;
2203 2847 2322 2890 non
2353 2830 2530 2891 debet
2588 2830 2813 2910 pudere
2862 2848 2986 2906 vos,
3018 2829 3095 2892 ad
3127 2846 3232 2891 eos
3262 2834 3320 2891 in
3351 2823 3697 2889 carceribus

2053 2917 2276 2998 positos
2331 2919 2641 2982 accedere.
2667 2918 2724 2964 ⁸⁸
2752 2919 2876 2983 Hoc
2906 2918 3066 2983 enim
3096 2936 3235 2981 cum
3266 2914 3551 2993 feceritis,
3587 2930 3693 2993 pro

326 3019 552 3090 Χριστοῦ
605 3011 689 3068 ἐπὶ
741 3012 834 3069 τοῦ
890 3014 1093 3090 Πατρὸς
1137 3014 1326 3077 αὖτοὺς
1377 3016 1776 3092 μαρτυρεῖσθαι,
1810 3014 1967 3086 ὑμεῖς

2057 3011 2336 3088 martyrio
2366 3009 2535 3070 vobis
2566 3009 2951 3089 imputabitur
2986 3008 3304 3090 :quoniam
3330 3006 3416 3068 illi
3453 3003 3694 3084 quidem

324 3102 418 3157 οὑκ
446 3099 681 3179 ὀφείλετε
712 3099 1129 3181 ἐπαισχυνθῆναι
1160 3101 1372 3157 ἀπιέναι
1406 3103 1533 3179 πρὸς
1558 3101 1745 3165 αὑτοὺς
1769 3100 1824 3157 ἐν
1847 3114 1971 3166 ταῖς

323 3188 613 3269 φυλακαῖς.
672 3198 843 3249 Τοῦτα
900 3190 1000 3269 γὰρ
1056 3191 1397 3258 ποιησάντων
1455 3192 1628 3269 ὑμῶν,
1684 3191 1970 3269 μαρτύριον

324 3280 453 3354 ὑμῖν
486 3277 884 3357 λογισθήσεται*
945 3278 1026 3335 ὅτι
1074 3280 1270 3343 ἐκείνος
1333 3281 1431 3356 μὲν
1477 3293 1640 3357 πεῖρα
1669 3282 1730 3336 τὸ
1762 3279 1968 3359 μαρτύ-

322 3390 434 3447 ριον
476 3367 725 3447 ὑπῆρξεν,
782 3369 910 3443 ὑμῖν
961 3367 1045 3425 δὲν
1094 3368 1284 3447 ἑτέρως
1360 3369 1510 3449 (Ἠ),
1572 3371 1855 3449 προθυμία,
1891 3371 1964 3433 ὡς

318 3470 597 3521 κοινωνοῖς
640 3457 737 3525 τῆς
773 3457 1046 3529 ἀθλήσεως
1082 3458 1274 3519 αὑτῶν,
1308 3459 1464 3538 Λέγει
1506 3459 1607 3538 γάρ
1652 3480 1768 3515 ποω
1797 3460 1825 3515 6
1860 3458 1965 3517 K6-

316 3568 428 3623 ριος
474 3548 603 3623 πρὸς
650 3548 770 3610 τοὺς
828 3548 1121 3623 τοιούσους,
1180 3549 1421 3629 φάσκων·
1471 3570 1495 3603 α
1543 3556 1699 3606 Δεῦτε
1731 3550 1779 3605 οἱ
1807 3547 1962 3608 εὔλο-

315 3636 538 3715 γημὲνοι
583 3644 676 3695 τοῦ
729 3638 935 3715 Πατρός
996 3659 1120 3711 μου,
1182 3636 1621 3716 κληρονομήσατε
1672 3639 1771 3707 τὴν
1806 3640 1966 3707 ἡτοι-

317 3725 597 3801 μασμένην
650 3728 781 3802 ὑμῖν
865 3726 1137 3803 βασιλείαν
1208 3727 1315 3784 ἀπὸ
1370 3725 1674 3795 καταϐολῆς
1731 3727 1962 3804 κόσμου.

321 3814 607 3874 Ἐπείνασα
666 3817 787 3896 γὰρ,
856 3818 943 3873 καὶ
1002 3815 1233 3873 ἐδώκατέ
1278 3839 1366 3892 μοι
1425 3830 1640 3897 φαγετν,
1710 3815 1963 3893 ἐδίψησα,

321 3908 409 3964 καὶ
452 3904 731 3963 ἰποτίσατέ
787 3927 879 3983 με,
933 3906 1073 3972 ξένος
1130 3905 1297 3981 ἥμην,
1349 3910 1437 3963 καὶ
1495 3906 1824 3985 συνηγάγετέ
1871 3929 1964 3988 με,

324 3999 545 4076 γυμνὸς,
610 3998 693 4053 ταὶ
762 3994 1102 4065 περιεϐάλετὲ
1157 4018 1247 4077 με,
1284 3996 1511 4062 ἀσθετὴς
1542 3998 1714 4076 ήμην,
1741 4001 1827 4053 καὶ
1858 3997 1971 4054 ἐπιδ

322 4087 585 4163 σκέψασθέ
615 4105 705 4158 με·
742 4086 795 4143 ἐν
849 4085 1059 4168 φυλαόᾖ
1102 4084 1274 4161 ἥμην,
1338 4088 1426 4142 καὶ
1485 4084 1669 4153 ἤλθετε
1712 4089 1841 4165 πρὸς
1876 4111 1964 4161 με.

319 4177 449 4236 Τότε
501 4176 944 4254 ἀποκριθήσονται
996 4176 1138 4250 αὒτῷ
1192 4178 1237 4232 οἱ
1294 4174 1508 4246 δίκαιοι,
1544 4175 1815 4255 λέγοντες.
1854 4175 1966 4238 Κύ-

312 4289 411 4346 ριε,
461 4266 590 4323 πότε
643 4288 702 4322 σε
755 4265 943 4341 ἴδομεν
995 4272 1282 4337 πεινῶντα,
1316 4269 1404 4321 καὶ
1463 4266 1779 4342 ἐθρέψαμεν,
1813 4268 1848 4336 ἢ
1881 4270 1966 4323 δια-

312 4360 516 4431 ψῶντα.
578 4356 666 4411 καὶ
724 4353 1067 4429 ἐποτίσαμεν;
1127 4354 1251 4410 πότε
1296 4352 1349 4410 δέ
1410 4375 1467 4409 σε
1526 4354 1710 4430 ἴδομεν
1743 4359 1958 4433 γυμνὸν.

314 4444 407 4500 καὶ
498 4441 902 4522 περιεϐάλομεν,
959 4441 994 4509 ἢ
1066 4442 1258 4509 ἀσθενῆ
1292 4490 1308 4521 ,
1371 4446 1458 4499 καὶ
1515 4444 1963 4521 ἐπεσκεψάμεθας

315 4532 445 4589 πότε
488 4529 543 4587 δέ
581 4553 640 4587 σε
698 4531 884 4605 ἴδομεν
946 4530 1089 4597 ξένον
1122 4580 1136 4609 ,
1210 4535 1297 4587 καὶ
1370 4534 1782 4614 συνηγάγομενς
1833 4535 1866 4602 ἢ
1912 4536 1965 4592 ἐν

321 4627 555 4701 φυλακῇ,
606 4622 693 4679 καὶ
738 4620 967 4694 ἤλθομεν
1036 4623 1166 4699 πρὸς
1195 4621 1303 4692 σέ;
1363 4622 1460 4679 Καὶ
1518 4622 1821 4702 ἀποκριθεὶς
1852 4623 1965 4702 ἐρεῖ

321 4716 528 4777 αὑτοῖς,
560 4710 675 4791 Ἐφ’
723 4709 845 4767 ὅσον
876 4711 1165 4781 ἐποιήσατε
1198 4712 1271 4767 ἐνὶ
1330 4711 1537 4768 τούπων
1576 4718 1682 4768 τῶν
1725 4711 1963 4795 ἀδελφῶν

319 4823 419 4875 μου
463 4808 570 4856 τῶν
599 4800 925 4880 ἐλαχίστων,
957 4803 1077 4876 ἓμοὶ
1134 4801 1444 4871 ἐποιήσατε.
1503 4804 1598 4860 Καὶ
1629 4801 1957 4863 ἀπελεύσον-

314 4910 400 4945 ται
458 4892 601 4948 οὗτοι
653 4893 725 4952 εἷς
780 4896 923 4962 ζωην
968 4892 1203 4952 αιώνιον.
1263 4890 1393 4949 Τότε
1450 4892 1564 4969 ἐρεῖ
1605 4893 1689 4948 καὶ
1732 4908 1849 4957 τοῖς
1907 4896 1960 4964 ΒΞ

2055 3108 2341 3177 martyres
2368 3098 2609 3160 fuerunt
2635 3096 3022 3180 experiendo;
3044 3115 3147 3160 vos
3170 3115 3308 3161 vero
3329 3095 3696 3172 aliter,nem-

2055 3204 2127 3265 pe
2157 3187 2415 3250 alacrem
2471 3188 2809 3251 exhibendo
2840 3189 3228 3260 voluntatem,
3266 3194 3329 3248 ut
3378 3184 3695 3264 participes

2053 3278 2400 3341 certaminis
2428 3278 2793 3343 illurum.Ad
2824 3280 2973 3342 tales
2995 3295 3253 3360 namque
3283 3274 3374 3337 his
3401 3273 3596 3336 verbis
3614 3271 3698 3334 lo-

2053 3366 2254 3447 quitur
2282 3370 2606 3433 Dominus:
2636 3395 2661 3425 «
2695 3371 2929 3445 Venite,
2964 3359 3266 3432 benedicti
3320 3363 3512 3428 Patris
3549 3359 3692 3437 mei,

2051 3456 2350 3536 possidete
2382 3466 2650 3540 paratum
2709 3458 2877 3521 vobis
2924 3475 3174 3537 regnum
3205 3474 3242 3517 a
3269 3450 3695 3517 constitutione

2051 3546 2523 3611 mundi.Esurivi
2556 3548 2739 3623 enim,
2762 3558 2821 3610 et
2846 3548 3095 3610 dedistis
3124 3544 3270 3607 mihi
3302 3543 3693 3617 manducare.

2048 3636 2231 3719 sitivi,
2255 3637 2582 3701 etdedistis
2615 3638 2759 3701 mihi
2794 3637 3255 3717 bibere;h05pes
3278 3652 3466 3709 eram,
3498 3640 3559 3694 et
3578 3630 3697 3694 col-

2049 3728 2276 3806 legistis
2298 3729 2709 3805 me;nudus,et
2733 3727 3058 3809 operuistts
3089 3724 3486 3789 mezinfirmus
3502 3740 3691 3797 eram,

2049 3826 2102 3880 et
2136 3818 2416 3882 visitastis
2459 3837 2594 3882 me:
2635 3820 2695 3881 in
2725 3836 2966 3880 carcere
2998 3835 3185 3885 eram,
3233 3822 3292 3876 et
3336 3812 3591 3876 venistis
3622 3812 3694 3875 ad

2057 3906 2347 3970 me.Tunc
2381 3907 2832 3989 respondebunt
2863 3907 2917 3969 ei
2943 3901 3693 3987 justi,direntes:Domine,

2054 3997 2290 4079 quando
2324 4006 2380 4060 te
2410 3998 2664 4060 vidimus
2690 3996 3149 4062 esurientem.et
3181 3992 3581 4076 pavimus?aut
3610 3991 3696 4055 sic

2055 4096 2393 4167 tientem,et
2420 4097 2697 4159 dedimus
2721 4094 3217 4176 potum?Quantlo
3247 4104 3445 4156 autem
3476 4100 3533 4153 te
3565 4090 3704 4153 vidi-

2055 4214 2188 4259 mus
2221 4198 2469 4271 nudum,
2506 4209 2566 4258 et
2595 4195 3047 4277 cooperttimus?
3069 4202 3171 4255 aut
3198 4190 3698 4264 infirmum,etvi-

1987 4295 2408 4359 Dsitaviinus?
2439 4295 2677 4377 quando
2718 4311 2852 4355 vero
2903 4302 2960 4355 te
2994 4292 3252 4354 vidimus
3286 4289 3604 4371 hospitem,
3641 4295 3701 4348 et

2051 4395 2450 4473 collegimus?
2485 4394 2568 4457 vel
2617 4393 2676 4456 in
2708 4410 2974 4465 carcere,
3007 4400 3066 4454 et
3094 4390 3368 4451 venimus
3400 4386 3469 4449 ad
3505 4384 3612 4448 te?
3642 4392 3704 4447 et

2049 4495 2424 4573 respondens
2453 4495 2615 4557 dicet
2638 4494 3094 4566 illiszQuatenus
3126 4488 3351 4554 fecistis
3382 4487 3482 4549 uni
3504 4504 3573 4549 ex
3608 4484 3698 4549 his
3728 4524 3731 4527 -

2050 4593 2339 4657 fratribus
2368 4593 2517 4656 meis
2551 4592 2834 4665 minimis,
2871 4590 3017 4652 mihi
3049 4588 3293 4652 fecistis.
3332 4588 3405 4651 Et
3436 4585 3606 4647 ibunt
3636 4584 3695 4645 hl

2049 4696 2108 4755 in
2138 4692 2309 4754 vitam
2343 4702 2648 4773 aeternam.
2672 4690 2840 4754 Tunc
2869 4688 3023 4751 dicet
3044 4697 3102 4749 et
3132 4688 3205 4750 iis
3238 4686 3341 4765 qui
3378 4704 3413 4747 a
3442 4681 3697 4746 sinistris

2048 4802 2222 4856 erunt
2257 4814 2269 4857 :
2308 4791 2656 4855 Disceditea
2684 4808 2800 4863 me,
2840 4787 3161 4856 maledicti.
3193 4787 3252 4848 in
3295 4784 3490 4865 ignem
3519 4791 3695 4846 teter-

2046 4894 2320 4977 num,qui
2351 4901 2585 4975 paratus
2609 4888 2948 4951 estdiabolo
2976 4897 3033 4950 et
3049 4884 3274 4968 angelis
3300 4881 3694 4965 ejus.Esurivi

388 5065 524 5157 που
555 5070 689 5157 Cor:
715 5085 800 5157 tv,
830 5070 886 5157 4,
973 5070 1373 5157 80AI_Cor:‘n§.
1408 5068 1509 5133 εδ.
1550 5152 1561 5157 _
1596 5070 1644 5114 εί
1680 5073 1903 5157 Philip.
1936 5092 1971 5139 ι]

2070 5081 2173 5141 40.
2258 5072 2313 5157 89
2356 5070 2573 5157 Ephes.
2603 5086 2646 5150 ι,
2679 5072 2739 5133 5.
2827 5065 2881 5110 ⁸³
2912 5064 3112 5131 Matth.
3148 5065 3395 5138 111,21.
3481 5058 3691 5126 “Act.

310 5167 387 5227 lx,
443 5151 539 5213 15.

635 5148 689 5192 ⁸⁵
714 5150 920 5214 Matth.
947 5167 1010 5227 ι,
1046 5148 1145 5212 32.
1230 5150 1296 5199 80
1325 5152 1510 5230 Ignat.
1545 5148 1932 5237 interpolfad
1962 5158 2209 5239 Smyrn.
2244 5156 2306 5221 9.

1655 5353 1758 5419 VA
1769 5355 2057 5422 RIORUM
2096 5354 2344 5422 NOTAE.

395 5541 512 5680 $67)
545 5540 993 5604 Μισθιποδοσίαν.
1045 5540 1215 5604 Alter
1262 5544 1396 5610 cod.
1449 5548 1752 5628 θεραπείαν,
1788 5545 1947 5626 quod

395 5640 402 5677 ε
431 5619 519 5680 ius
545 5641 560 5680 :
597 5620 894 5680 stipendia
916 5621 1074 5680 enim
1108 5621 1329 5680 milites
1358 5644 1392 5680 ει
1423 5625 1654 5680 Cmam
1683 5625 1947 5680 accipie-

2123 5542 2247 5623 (69)
2282 5544 2547 5640 Μετὰ
2568 5544 2807 5640 περικτῷν
2836 5542 2989 5640 θείωγ
3020 5534 3317 5616 γνὼσιν.Ιιι
3338 5536 3525 5597 altero
3552 5531 3684 5598 cod,

307 5618 519 5713 melius
545 5641 560 5700 ;
590 5620 1074 5713 stipendiaepim
1108 5621 1392 5713 milites_a
1423 5618 1654 5713 Caesare
1683 5618 1947 5706 accipie-

2054 5618 2172 5681 ιατά
2204 5618 2300 5690 τὴν
2330 5632 2425 5679 ταῦ
2457 5620 2649 5698 Κυρίου
2678 5619 2931 5685 δάταξιν.
2964 5618 3048 5680 ΙΙ).

303 5697 466 5783 bant,
502 5697 606 5763 sed
626 5697 786 5783 nihil
824 5702 1225 5783 vetabatquin
1255 5722 1290 5765 a
1319 5704 1673 5769 Christianis
1704 5697 1952 5768 munera

300 5777 911 5864 observantiaic'ausa,
946 5777 1316 5864 acciperent.
1353 5786 1538 5853 CLEB.

384 5859 507 5941 (68)
539 5858 848 5941 Ἀφθάρτου.
884 5863 1064 5926 Deest
1080 5858 1156 5927 in
1180 5865 1369 5930 altero
1405 5868 1638 5933 codice.
1664 5869 1747 5931 In.

2117 5705 2249 5783 (Ἷο)
2283 5704 2485 5778 Πατρός
2534 5697 2655 5783 μου.
2702 5699 2882 5783 Addit
2930 5701 3083 5760 alter
3112 5698 3298 5783 codex
3332 5697 3519 5772 τοῦξὲν
3573 5713 3689 5762 τοτς

2040 5780 2312 5865 οὐρανοῖς,
2346 5788 2406 5865 et
2432 5781 2608 5865 paulo
2644 5789 2775 5865 post
2794 5781 2936 5865 (bare
2976 5783 3206 5865 ρζοςῴς.
3245 5780 3327 5865 lu.

2117 5864 2249 5946 (71)
2289 5859 2527 5943 Ἕτερος.
2561 5859 2878 5944 Antiquior
2922 5859 3058 5923 cod.
3090 5861 3243 5923 θέως.
3282 5860 3365 5919 ID.
