4120 6426
358 374 470 440 851
1197 376 1259 438 ὅ.
1303 370 1745 438 CLEMENTIS
1786 376 1809 435 I
1856 373 2039 437 ROM.
2088 372 2314 435 PONT.
2362 370 2611 435 OPERA
2655 368 2910 430 DUBIA.

3625 370 3743 433 852

363 522 532 588 ctus;
558 513 824 595 profecto
844 513 1022 575 etiam
1055 530 1160 593 per
1186 529 1322 575 eum
1357 517 1488 590 post
1511 516 1762 574 mortem
1794 527 2027 572 resur-.

2115 506 2437 587 ἀστόν
2489 529 2594 583 μου
2642 502 2788 563 εἶδον
2836 504 2890 568 οἱ
2952 502 3214 585 ὀφθαλμοί
3254 526 3375 595 σου,
3425 509 3511 563 καί
3548 507 3656 595 ἐπὶΔ
3683 510 3744 563 τὸ

364 612 464 683 get.
490 624 507 679 ;
531 588 594 665 ut
624 602 712 664 vel
755 588 1079 665 coronetur
1112 619 1220 684 pro
1245 588 1583 675 virtutibus,
1606 600 1693 661 vel
1733 600 2012 680 puniatur

2115 596 2297 655 ιιϐλίον
2347 621 2441 658 σου
2490 596 2685 658 πάντες
2740 595 3147 684 γραφήσονται,
3186 617 3213 649 n
3250 592 3418 684 ᾊλλὰ
3448 597 3595 653 καὶὸ
3642 588 3742 653 Ἠ-

365 674 472 774 pro
489 674 747 755 delictis.
772 692 943 766 Quod
968 692 1017 754 si
1036 674 1275 773 justitia
1298 689 1549 770 judicat,
1574 697 1636 750 ut
1666 674 2008 770 legislator;

2115 690 2256 755 mia;
2286 687 2433 767 λέγει
2464 685 2899 764 προσευχόμενος
2924 684 3090 759 αὗτῷ,
3119 682 3205 740 ὅτι
3241 674 3470 759 «Ἡμεῖς
3493 687 3520 744 ό
3542 686 3743 760 πηλὸς,

365 773 868 863 quemadmodum
929 782 1100 862 punit
1155 780 1397 863 impios,
1426 780 1513 841 sic
1546 779 1754 841 ﬁdeles
1802 788 1859 840 et
1910 780 2013 859 qui

2115 780 2184 836 ιαὶ
2214 780 2275 835 σὺ
2306 779 2334 835 ό
2360 777 2607 844 πλάστης
2650 774 2807 850 ἡμῶν
2867 773 3018 863 (44).
3059 798 3087 830 ι
3138 776 3197 832 Et
3239 776 3409 834 τοίνυν
3440 780 3599 835 αὐτοῦ
3643 776 3746 845 δη-

367 862 612 952 propter
636 889 772 933 eum
804 870 877 934 ab
910 862 1255 934 hominibus
1284 877 1426 932 sunt
1478 869 1717 931 mactati
1749 878 2010 943 sanctos,

2115 869 2407 947 ιιούργημα
2436 868 2463 923 ὀ
2510 865 2809 952 ἄνθρωπος,
2859 862 2938 921 διὺ
2985 871 3211 943 Χριστοῦ
3260 863 3571 948 γενόμενος,
3605 870 3745 925 πάν..

366 950 675 1023 beneﬁcus
692 961 1117 1041 salvat;partim
1144 961 1303 1023 sicut
1326 968 1485 1021 astra
1505 957 1855 1037 splendidos
1875 958 2015 1020 red-

2115 957 2314 1021 τως,ὅτι
2364 957 2451 1013 καὶ
2506 955 2700 1029 θανὼν,
2734 950 2801 1009 δι’
2832 955 2990 1011 αὖτοῦ
3020 953 3375 1024 ἀναστήσεται
3410 972 3426 989 ·
3474 955 3560 1014 ἐπὶ
3602 965 3680 1030 τῷ
3711 960 3747 1027 ἢ

366 1047 540 1125 dens,
576 1048 792 1129 partim
843 1049 1005 1112 velut
1058 1049 1375 1111 luminaria
1440 1046 1826 1124 refulgentes,
1854 1048 2015 1124 quod

369 1138 603 1202 Danieli
651 1138 999 1219 prolocutus
1064 1146 1155 1201 est
1210 1136 1448 1203 Gabriel
1473 1135 1548 1199 ιθ.
1581 1135 1766 1215 Igitur
1813 1136 2019 1198 ﬁdeles

371 1228 716 1309 omnes,qui
737 1227 957 1293 Christi
980 1247 1193 1292 sumus
1234 1227 1534 1307 discipuli,
1556 1225 1869 1305 promissis
1891 1227 2017 1306 ejus

372 1316 712 1381 credimus:
738 1336 875 1380 nam
906 1318 1013 1399 qui
1045 1316 1340 1400 promisit,
1369 1315 1608 1378 mentiri
1642 1334 1757 1376 non
1785 1324 2012 1395 potest:

371 1406 516 1470 dicit
543 1414 740 1470 autem
777 1407 984 1469 beatus
1006 1407 1295 1489 prapheta
1312 1405 1496 1468 David
1525 1426 1540 1466 :
1567 1404 1801 1467 Fidelis
1818 1405 2021 1468 Domi-

372 1514 489 1560 nus
516 1497 585 1560 in
609 1496 888 1560 omnibus
908 1498 1105 1560 verbis
1131 1499 1281 1572 suis,
1307 1503 1361 1559 et
1382 1502 1628 1559 sanctus
1654 1496 1714 1555 in
1741 1495 2020 1556 omnibus

372 1583 659 1667 operibus
685 1586 817 1648 suis
839 1584 915 1650 ⁸³.
939 1583 1115 1650 Certe
1139 1585 1239 1666 qui
1270 1584 1384 1648 sibi
1415 1602 1638 1664 corpus
1668 1601 1740 1644 ex
1775 1582 2020 1663 Virgine

373 1673 791 1749 construxit,is
806 1683 865 1738 et
884 1682 1236 1738 caaterorum
1262 1674 1570 1736 hominum
1596 1681 1685 1735 est
1703 1674 1972 1734 conditor
2000 1696 2015 1753 ;

374 1772 435 1828 et
462 1764 573 1842 qui
611 1782 677 1827 se
724 1783 759 1826 a
806 1764 1060 1827 mortuis
1104 1763 1397 1844 excitavit,
1429 1763 1589 1825 idem
1622 1775 1681 1823 et
1712 1780 1920 1823 omnes
1958 1762 2021 1823 in

2098 1050 2386 1127 στεφθῆναι
2417 1043 2539 1126 (45)
2584 1045 2671 1101 επὶ
2702 1055 2819 1124 τοῖς
2868 1044 3299 1123 κατορθώμασιν,
3354 1043 3392 1111 ἥ
3422 1043 3748 1115 κολασθῆναι

2100 1138 2187 1195 ἐπὶ
2237 1148 2355 1200 τοῖς
2409 1132 2856 1212 πλημελήμασιν.
2926 1135 2986 1190 Εἰ
3062 1131 3118 1188 δὲ
3181 1131 3488 1214 δικαιοσύνῃ
3550 1139 3742 1219 κρίνει,

2102 1229 2173 1293 ὡς
2221 1224 2513 1301 νομοθέτης
2549 1244 2566 1259 ⁶
2621 1222 2799 1300 ὥσπερ
2853 1221 3067 1294 κολάζει
3124 1223 3247 1287 τοὺς
3280 1223 3523 1308 ἀσεϐεῖς,
3579 1227 3749 1289 οὕτως

2102 1321 2390 1394 εὐεργετῶν
2434 1317 2589 1386 σώζει
2624 1312 2748 1377 τοὺς
2801 1312 3041 1387 πιστοὺς,
3077 1314 3309 1377 καὶτοὺς
3356 1313 3421 1372 δι’
3457 1319 3615 1373 αὐτὸν
3658 1316 3749 1374 ὑπ’

2102 1406 2391 1486 ἀνθρώπων
2425 1403 2723 1485 σφαγέντας
2756 1403 2937 1482 ἁγίους
2971 1422 2987 1437 ⁶
3048 1406 3171 1471 τοὺς
3202 1404 3302 1482 μὲν
3330 1407 3403 1470 ὡς
3436 1404 3601 1485 ἄστρα
3631 1430 3753 1489 (ραι.

2102 1496 2319 1577 δρύνων,
2368 1495 2494 1558 τοὺς
2545 1492 2599 1550 δὲ
2654 1495 2726 1557 ὡς
2759 1498 3044 1573 φωστῆρας
3078 1493 3398 1573 λαμπρύνων
3436 1510 3451 1527 ⁶
3492 1499 3666 1562 καθὼς
3723 1500 3752 1555 ό

2104 1584 2339 1665 Γαϐριὴλ
2368 1592 2446 1658 τῷ
2480 1582 2685 1651 Δανιὴλ
2716 1581 2868 1662 ἔλεγε
2906 1602 2921 1618 ·
2956 1585 3190 1659 μαθηταὶ
3229 1586 3318 1642 οὗν
3363 1593 3592 1663 Χριστοῦ
3623 1588 3751 1644 πάν-

2101 1698 2190 1741 τες
2236 1675 2569 1755 ὕπάρχοντες
2628 1674 2675 1729 οἱ
2747 1673 2950 1753 πιστοὶ,
3032 1674 3351 1751 πιστεύομεν
3412 1678 3569 1734 αὐτοῦ
3631 1690 3751 1744 ταῖς

2100 1763 2447 1843 Επαγγελίαις
2487 1780 2502 1796 ·
2553 1759 2786 1839 ἀψευδὴς
2852 1762 2955 1842 γὰρ
3004 1764 3031 1819 ό
3087 1763 3569 1843 ἐπαγγειλάμενος’
3605 1765 3749 1845 λέγει

379 1860 569 1916 morte
575 1853 847 1934 jacentes
866 1853 941 1916 ad
963 1853 1140 1917 vitam
1172 1852 1381 1931 eriget.
1416 1851 1527 1926 Qui
1554 1852 1917 1913 frumentum
1949 1871 2020 1913 ex

2115 1851 2158 1912 3t
2202 1856 2230 1911 ὀ
2260 1854 2518 1933 μακάριος
2577 1853 2860 1933 προφήτης
2913 1850 3095 1927 Δαϐὶδ,
3151 1852 3231 1911 ὅτι
3272 1872 3301 1913 (
3339 1858 3531 1921 Πιστὸς
3567 1855 3751 1936 Κύριος

372 1961 493 2005 uno
507 1960 691 2021 grano
710 1961 1098 2005 numerosum
1123 1950 1336 2005 eterra
1367 1941 1607 2016 educit;
1633 1942 1732 2022 qui
1756 1943 2014 2003 excisam

373 2032 650 2097 arborem
677 2032 1046 2114 repullulare
1066 2032 1203 2095 l‘acit
1226 2032 1288 2094 in
1311 2032 1747 2112 surculum;qui
1768 2031 2020 2095 Aaronis

370 2121 594 2203 virgam
611 2123 736 2205 jam
776 2122 1083 2199 siccatam,
1118 2123 1180 2185 in
1229 2140 1478 2203 germen
1505 2122 1684 2202 jussit
1737 2140 2016 2202 prorum-

374 2210 594 2296 pere“
619 2234 633 2277 :
658 2212 788 2294 ipse
816 2231 928 2276 nos
957 2231 1201 2295 quoque
1231 2211 1540 2275 suscitabit
1565 2211 1624 2273 in
1665 2210 1873 2290 gloria.
1908 2210 2022 2285 Qui

377 2303 765 2386 paralyticum
795 2321 1007 2365 sanum
1051 2306 1108 2364 in
1153 2302 1339 2383 pedes
1367 2302 1566 2364 statuit
1594 2301 1649 2344 ιδ
1677 2322 1691 2374 ς
1724 2308 1782 2362 et
1812 2319 2023 2363 manus

376 2392 651 2455 ariditate
681 2391 1051 2455 laborantem
1107 2391 1411 2454 curavitul
1441 2399 1538 2466 ;et
1587 2409 1743 2452 caeco
1784 2410 1818 2451 a
1864 2391 2024 2453 nati-

374 2480 576 2561 vitate,
601 2480 759 2561 quod
796 2478 1113 2543 deﬁciebat
1163 2479 1527 2555 membrum,
1557 2496 1664 2559 per
1709 2485 1931 2538 terram
1966 2487 2027 2539 et

375 2570 617 2634 salivam
649 2568 916 2633 reddidit
941 2566 1035 2630 ιτς
1073 2570 1125 2632 is
1147 2570 1277 2651 ipse
1308 2588 1419 2632 nos
1454 2586 1695 2650 quoque
1735 2568 1810 2629 ad
1846 2567 2022 2629 vitam

375 2658 694 2723 revocabit.
727 2658 840 2731 Qui
869 2677 938 2722 ex
970 2660 1233 2741 quiaque
1279 2657 1535 2740 panibus
1566 2666 1624 2719 et
1654 2656 1888 2718 duobus
1924 2657 2020 2737 pi—

377 2747 580 2813 scibus
608 2747 875 2829 quinque
904 2748 1091 2810 millia
1122 2748 1382 2812 virorum
1417 2746 1670 2822 satiavit,
1706 2745 1932 2808 faciens
1963 2753 2025 2807 ut

381 2836 696 2903 duodecim
744 2837 985 2919 cophini
1036 2835 1535 2919 superessent“;
1565 2845 1622 2898 et
1650 2854 1720 2897 ex
1753 2854 1903 2916 aqua
1932 2835 2024 2896 vi-

380 2944 522 2991 num
562 2925 822 2990 confecit
843 2923 900 2970 ⁸ο
927 2946 943 3000 ;
966 2933 1025 2989 et
1050 2945 1120 2989 ex
1144 2944 1248 2989 ore
1270 2926 1455 3008 piscis
1487 2932 1813 2989 extractum
1839 2932 2027 2986 state-

2102 1943 2159 2000 ἐν
2187 1950 2320 2001 πᾶσι
2350 1956 2469 2009 τοῖς
2501 1942 2683 2023 λόγοις
2715 1944 2901 2023 αὐτοῦ,
2934 1943 3025 1999 καὶ
3054 1941 3199 2006 ὅσιος
3390 1945 3443 2001 ἐν
3474 1952 3601 2003 πᾶσι
3632 1952 3750 2011 τοῖς

2088 2030 2276 2112 ῖὲργοις
2325 2037 2509 2096 αὐτοῦ,
2565 2056 2587 2091 ιι
2647 2031 2709 2091 Ὀ
2768 2032 2870 2112 γὰρ
2917 2032 2978 2087 ἐκ
3040 2033 3301 2111 παρθένου
3351 2036 3522 2111 ἑαυτῷ
3580 2060 3753 2097 κατα-

2103 2120 2361 2188 σκευάσας
2394 2128 2574 2198 σῶμα,
2607 2121 2760 2185 οὗτος
2791 2122 2879 2178 καὶ
2908 2127 3014 2177 τῶν
3074 2120 3251 2178 ἄλλων
3311 2124 3601 2202 ἀνθρώπων
3659 2129 3757 2196 δη-

2104 2234 2356 2293 μιουργος
2387 2211 2499 2269 ἐστι
2527 2227 2540 2242 ’
2576 2212 2664 2267 καὶ
2693 2209 2824 2289 (47)
2856 2210 3042 2266 ἑαυτὸν
3089 2211 3392 2280 ἀναστήσας
3440 2218 3501 2269 εκ
3528 2218 3635 2270 τῶν
3667 2240 3756 2273 νε..

2103 2310 2269 2384 γρῶν,
2336 2304 2490 2363 αὐτὸς
2549 2302 2636 2357 καί
2690 2300 2887 2363 πάντας
2943 2300 3066 2363 τοὺς
3108 2300 3383 2374 κειμένους
3437 2302 3750 2375 ἔιναστήσιει⁸

2105 2395 2132 2450 ὁ
2161 2395 2254 2450 τὸν
2285 2391 2447 2471 πυρὸν
2478 2390 2531 2457 ἐξ
2563 2391 2680 2452 ἐνὸς
2709 2389 2909 2446 κόκκου
2968 2386 3241 2469 πολύχουν
3275 2390 3335 2447 έκ
3364 2396 3465 2469 γῆς
3500 2394 3752 2472 ἅνιστῶν,

2104 2485 2133 2540 ὀ
2163 2484 2224 2539 τὸ
2255 2479 2483 2539 ἐκκοπὲν
2516 2478 2723 2554 δένδρον
2769 2480 2842 2544 εἰς
2899 2475 3161 2557 ῥάδαμνον
3201 2479 3533 2563 ἀναϐάλλων,
3588 2484 3615 2539 ὀ
3659 2486 3757 2553 τὴν

2105 2572 2298 2652 Ἀαρὸν
2340 2569 2527 2650 ῥάϐδον
2560 2568 2857 2649 ξηράνασαν
3088 2567 3315 2648 ξκνρύσας
3370 2571 3444 2634 εἷς
3473 2571 3701 2648 βλαστάν
3736 2594 3754 2613 .

2107 2651 2263 2726 αὐτὸς
2292 2662 2383 2718 καὶ
2423 2662 2569 2736 ἡμᾶς
2601 2659 2779 2738 ιγερεῖ
2828 2658 2883 2715 ἐν
2938 2656 3083 2735 δόξῃ.
3144 2651 3201 2717 Ὀ
3252 2660 3344 2716 τὸν
3401 2662 3757 2741 παραλυτικὸν

2106 2757 2245 2808 σῶον
2300 2751 2595 2831 ἂνεγείρας,
2669 2751 2759 2806 καὶ
2819 2751 2912 2805 τὸν
2964 2747 3337 2828 ἐξηραμμένην
3406 2749 3605 2832 ἔχοντα
3660 2758 3756 2824 τὴν

2110 2854 2275 2922 χεῖρα
2304 2840 2615 2921 ἰασάμενος,
2665 2842 2756 2898 καὶ
2798 2840 2859 2895 τὸ
2907 2837 3101 2896 λεῖπον
3132 2839 3290 2919 μέρος
3320 2840 3374 2897 ἰν
3408 2843 3485 2917 τῷ
3514 2842 3575 2900 ἐκ
3602 2866 3758 2923 γενε-

2108 2935 2207 2998 τῆς
2255 2937 2417 3010 πηρῷ
2459 2929 2519 2987 ὶκ
2552 2935 2654 3009 γῆς
2685 2930 2772 2986 καὶ
2821 2926 2999 2985 σιέλου
3054 2925 3280 2993 ἀποδούς
3320 2948 3333 2961 ⁸
3385 2933 3413 2986 ὁ
3462 2934 3617 2998 αὐτὸς
3674 2934 3763 2992 καὶ

378 3033 508 3081 rem
537 3033 645 3097 per
674 3033 771 3078 me
798 3017 1036 3078 Petrum
1070 3015 1232 3078 misit
1260 3032 1481 3081 census
1513 3014 1893 3079 exactoribus
1920 3015 2023 3078 50:

2115 3022 2253 3096 ἡμᾶς
2283 3019 2549 3099 ἀνεγιρεῖ.
2599 3017 2657 3078 Ὀ
2702 3018 2764 3075 ἔκ
2823 3017 2981 3076 πέντε
3042 3015 3214 3095 ἄρτων
3273 3020 3361 3076 καὶ
3417 3017 3505 3078 δύο
3562 3024 3763 3103 ἰχθύων

378 3107 539 3178 idem
571 3112 630 3168 et
656 3112 850 3167 morte
885 3104 1149 3168 sublatos
1183 3105 1317 3168 vitae
1362 3105 1597 3168 reddet.
1635 3103 1774 3167 Haec
1805 3106 2027 3186 quippe

2115 3109 2577 3192 πεντακισχιλίους
2648 3108 2896 3188 κορέσας,
2985 3109 3073 3164 καὶ
3153 3111 3502 3188 περισσεύσας
3562 3110 3766 3171 δώδεκα

379 3197 583 3260 omnia
614 3194 691 3258 de
716 3213 788 3259 eo
808 3200 1163 3259 attestamnr
1191 3196 1343 3272 ;alia
1370 3214 1511 3258 vero
1547 3196 1874 3277 propheta.
1910 3194 2032 3259 Nos

378 3286 630 3369 quicum
654 3302 727 3348 ee
747 3285 1120 3349 comedimus
1142 3302 1212 3349 ac
1234 3283 1495 3347 bibimus
1519 3292 1614 3363 ;et
1634 3285 2031 3366 spectavimus

389 3375 678 3441 miracula
696 3377 852 3459 ejus,
886 3377 1086 3452 vitam,
1121 3376 1661 3457 conversationem,
1691 3394 2027 3455 sermones,

386 3467 720 3550 passiones,
753 3473 1031 3543 mortem,
1057 3474 1235 3548 atque
1259 3484 1331 3529 ex
1361 3466 1610 3528 mortuis
1641 3467 2034 3529 resurrectio-

388 3575 564 3634 nem;
598 3562 822 3619 etcum
870 3573 941 3618 eo
974 3574 1081 3638 per
1127 3555 1515 3638 quadraginta
1545 3555 1676 3617 dies
1716 3565 2029 3637 postquam

389 3645 567 3710 rediit
593 3644 666 3707 ad
714 3645 894 3708 vitam
923 3645 1005 3719 Μ,
1038 3645 1259 3708 versati
1308 3664 1552 3723 sumus;
1578 3654 1635 3707 et
1687 3645 2030 3708 mandatum

385 3735 727 3816 accepimus
756 3733 830 3797 ab
858 3754 955 3810 eo,
990 3734 1351 3816 praedicandi
1385 3735 1772 3814 Evangelium
1804 3739 1861 3795 in
1895 3736 2031 3796 uni-

387 3842 561 3889 verso
584 3823 1096 3897 mundo,docendi
1124 3842 1334 3887 omnes
1349 3833 1581 3905 gentes,
1603 3843 1669 3886 ac
1692 3824 2033 3902 baptizandi

386 3916 450 3979 in
475 3922 730 3977 mortem
761 3913 992 3994 ejusﬁi,
1017 3912 1079 3976 in
1111 3913 1465 3977 auctoritate
1498 3914 1605 3977 Dei
1635 3925 2028 3996 cunctorum;

387 4005 492 4089 qui
511 4011 603 4066 est
625 4006 803 4068 Pater
824 4002 975 4083 ejus,
1001 4021 1114 4066 nec
1140 4022 1260 4065 non
1291 4002 1353 4064 in
1386 4003 1724 4065 testimonio
1749 4002 2032 4085 Spiritus,

386 4094 489 4178 qui
511 4100 602 4156 est
619 4092 964 4157 Paracletus
990 4114 1004 4152 :
1035 4111 1166 4175 nos,
1192 4091 1466 4174 inquam,
1486 4093 1612 4155 haec
1636 4094 1837 4155 omnia
1859 4093 2036 4157 doce-

388 4203 522 4248 mus
550 4201 693 4261 vos;
727 4200 861 4264 quae
888 4201 1022 4245 cum
1067 4181 1354 4246 edixisset
1386 4182 1583 4265 nobis,
1614 4183 1676 4244 in
1706 4191 2036 4263 conspectu

389 4282 592 4339 nostro
608 4280 950 4353 assumptus
968 4280 1058 4336 est
1082 4274 1142 4335 in
1166 4272 1545 4350 cmlum”,ad
1565 4290 1699 4334 eum
1726 4274 1823 4354 qui
1840 4273 2035 4355 ipsum

393 4365 656 4428 miserat.
681 4364 877 4443 Atque
898 4362 950 4424 si
968 4361 1371 4438 credideritis,
1398 4361 1558 4426 beati
1583 4363 1747 4426 eritis
1768 4384 1788 4443 f;
1815 4363 1863 4426 si
1888 4382 2037 4425 con-

388 4464 477 4517 tra
515 4470 638 4515 non
688 4451 1085 4527 credideritis,
1123 4470 1235 4513 nos
1284 4452 1639 4515 innocentes
1677 4460 1734 4515 et
1765 4453 1975 4516 mundi
2005 4472 2041 4517 a

388 4551 581 4608 vestra
606 4540 1027 4604 incredulitate
1066 4543 1465 4624 reperiemur.

2111 3201 2382 3281 κοφίνους,
2441 3202 2530 3256 καί
2572 3198 2627 3265 ιε
2656 3196 2845 3263 ὕδατος
2903 3197 3054 3255 οἶνον
3114 3200 3510 3275 μεταποιήσας,
3560 3204 3649 3259 καὶ
3708 3203 3769 3261 ἰκ

2113 3291 2379 3366 στόματος
2409 3290 2591 3371 ἰχθύος
2623 3294 2868 3367 στατῆρα
2910 3285 2979 3343 δι’
3012 3288 3141 3364 ἒμοῦ
3187 3287 3385 3363 Πέτρου
3434 3303 3550 3354 τοῖς
3598 3291 3767 3349 άπαι-

2113 3387 2259 3438 τοῦσι
2289 3386 2488 3448 κῆνσον
2517 3378 2841 3444 ἀποστείλας
2880 3396 2893 3415 ⁸
2955 3378 3107 3441 οὗτος
3133 3380 3221 3435 καὶ
3254 3380 3375 3442 τοὺς
3405 3381 3618 3459 νεκροὺς
3650 3382 3773 3438 ἆνε-

2115 3482 2285 3549 γερεῖ.
2346 3471 2523 3529 Ταῦτα
2580 3471 2680 3548 γὰρ
2730 3468 2941 3525 ἅπαντα
2996 3470 3164 3543 ἡμεῖς
3213 3470 3333 3547 περὶ
3378 3468 3537 3527 αὐτοῦ
3566 3494 3769 3549 μαρτυ-

2115 3562 2309 3639 ροῦμεν
2344 3575 2359 3590 ⁸
2394 3560 2460 3616 τὰ
2491 3557 2537 3614 δ’
2570 3557 2707 3617 ἅλλα
2729 3561 2778 3614 οἱ
2808 3562 3103 3638 προφῆται.
3160 3555 3352 3633 Ἡμεῖς
3383 3562 3429 3615 οἱ
3461 3561 3771 3641 συμφαγόν-

2114 3671 2201 3714 τες
2234 3649 2376 3722 αὖτῷ
2422 3649 2511 3705 καὶ
2566 3646 2887 3723 συμπιόντες
2923 3665 2938 3683 ο
2974 3648 3064 3703 καὶ
3094 3648 3274 3703 θεαταὶ
3324 3650 3604 3726 γενόμενοι
3664 3658 3771 3708 τῶν

2115 3740 2275 3796 αὐτοῦ
2331 3738 2645 3816 τεραστίων,
2693 3738 2780 3793 καὶ
2837 3736 2934 3805 τῆς
2994 3737 3164 3812 ζωῆς,
3227 3739 3442 3806 καὶτῆς
3472 3738 3768 3816 πολιτείας,

2114 3830 2204 3885 καὶ
2232 3833 2339 3883 τῶν
2398 3826 2602 3906 λόγων,
2642 3827 2865 3885 καὶτῶν
2909 3826 3265 3907 παθημάτων,
3320 3832 3408 3885 καὶ
3455 3837 3545 3887 τοῦ
3603 3829 3770 3887 θανά-

2116 3933 2231 3992 του,
2264 3918 2348 3973 ml.
2376 3921 2476 3983 τῆς
2506 3918 2568 3972 εκ
2600 3922 2797 3989 νεκρῶν
2849 3918 3007 3973 αὐτοῦ
3062 3916 3428 3991 ἀναστάσεως,
3466 3920 3555 3975 καὶ
3605 3941 3773 3976 συνα-

2118 4004 2501 4086 ναστραφέντες
2561 4007 2703 4079 αὖτῷ
2756 4005 2962 4084 ἡμέρας
3023 4006 3416 4081 τεσσαράκοντα
3481 4008 3617 4082 μετὰ
3671 4009 3770 4076 τήν

2117 4095 2322 4175 ἔγερσιν
2382 4096 2538 4152 αὐτοῦ
2575 4110 2591 4126 ⁸
2678 4096 2765 4150 καὶ
2839 4092 3091 4159 λαϐόντες
3148 4092 3371 4162 ὶντολὴν
3430 4095 3555 4172 παρ’
3613 4095 3773 4153 αὗτοῦ

2118 4181 2338 4263 κηρύξαι
2366 4184 2430 4241 τὸ
2459 4182 2786 4265 Εὖαγγέλιον
2843 4184 2916 4244 εἷς
2966 4181 3091 4240 ὅλον
3120 4186 3211 4239 τὸν
3241 4186 3466 4259 κόσμον,
3516 4185 3604 4241 καὶ
3661 4206 3772 4259 μα-

2120 4279 2371 4343 θητεῦσαι
2402 4273 2575 4332 πάντα
2604 4275 2669 4330 τὰ
2699 4273 2849 4349 ἔθνη,
2904 4278 2993 4331 καί
3045 4273 3298 4349 βαπτίσαι
3348 4275 3420 4340 εἷς
3476 4276 3567 4332 τὸν
3618 4278 3775 4333 αὐτοῦ

2121 4365 2370 4439 θάνατον,
2410 4363 2515 4421 Δἰπὶ
2569 4364 2806 4437 αὒθεντίᾳ
2849 4370 2940 4420 τοῦ
2974 4362 3107 4420 Θεοῦ
3142 4369 3248 4419 τῶν
3308 4361 3474 4437 ὅλων,
3523 4363 3581 4427 ὅς
3628 4364 3774 4421 ἇστιν

2122 4458 2280 4513 αὐτοῦ
2338 4456 2547 4535 Πατὴρ,
2590 4455 2679 4511 καὶ
2733 4454 2991 4533 μαρτυρίᾳ
3022 4453 3355 4529 Πνεύματος,
3399 4450 3457 4516 ὅς
3504 4452 3616 4510 ἑστι
3661 4461 3773 4511 Πα-

2123 4544 2392 4625 ράκλητος
2422 4561 2437 4576 ⁶
2472 4542 2789 4619 διδάσκομεν
2841 4545 2978 4620 ὑμᾶς
3020 4542 3185 4600 ταῦτα
3233 4543 3428 4623 πάντα,
3463 4542 3498 4598 ἅ
3526 4541 3778 4610 διαταξάο

392 4656 549 4713 μενος
595 4635 731 4708 ἡμῖν
764 4631 1038 4712 ἀνελήφθη
1068 4611 1155 4689 in;
1187 4632 1307 4709 ὄψει
1340 4635 1496 4708 ἡμῶν
1555 4634 1628 4697 εἰς
1672 4611 1791 4690 τὸν.
1823 4635 2040 4711 οὖρανὸν
2101 4611 2233 4716 πρὸς
2282 4636 2375 4692 τὸν
2430 4611 2819 4693 ἀποστείλαντα
2875 4611 3063 4695 αὐτὸν.
3122 4634 3221 4691 Καὶ
3274 4632 3363 4689 ἐὰν
3413 4611 3511 4708 μὲν
3554 4635 3776 4691 πιστεύ-

390 4746 547 4799 σητε,

388 4812 715 4874 δυσπιστίσς.

607 4722 852 4800 μακὰρίοι
909 4723 1218 4800 γενήσεσθε·
1277 4724 1321 4778 εἰ
1378 4720 1433 4778 δὲ
1487 4724 1564 4798 μὴ
1625 4723 1979 4799 πεστεύσητε,
2041 4724 2201 4784 ἀθῶοι
2259 4724 2428 4801 ἡμεῖς
2505 4723 2893 4803 εὗρεθησόμεθα
2944 4723 3032 4779 καὶ
3085 4723 3303 4800 καθαροὶ
3359 4727 3459 4789 τῆς
3518 4723 3777 4804 ὑμετέρας

466 4944 521 4989 ιε
544 4943 699 5029 Dan.
734 4961 840 5029 an,
875 4944 933 5010 3.
1016 4942 1074 5029 f3
1103 4945 1263 5029 Psal.
1288 4961 1486 5029 ρων,
1520 4946 1652 5029 15,
1707 4944 1958 5029 “Num.
1993 4962 2027 5029 τ

2115 4994 2141 5020 ,
2173 4945 2234 5011 8.
2320 4944 2377 5029 ⁴ξ
2426 4944 2631 5029 Matth.
2661 4962 2746 5029 rx,
2774 4947 2837 5009 ὅ.
2920 4942 2977 5029 {3
3006 4941 3403 5029 Marc_._m,_5.
3447 4935 3503 4984 ‘7
3520 4941 3776 5029 manu},

395 5029 451 5089 7.
535 5020 1110 5107 “Matthfxrvﬂo.
1194 5020 1566 5101 “10am”,
1627 5028 1684 5092 3.
1775 5026 1826 5071 ⁵ο
1876 5025 2027 5089 Matt]

2140 5043 2289 5107 xvu,
2349 5026 2450 5089 26.
2535 5024 2585 5069 δι
2641 5020 2776 5091 Act.
2841 5043 2886 5106 ι,
2933 5025 2995 5091 3.
3077 5022 3133 5069 ⁵³
3160 5020 3367 5086 Matth.
3428 5038 3633 5094 xxvm,
3678 5020 3772 5083 18.

388 5107 443 5152 ⁵³
472 5108 607 5171 Act.
641 5126 685 5188 ι,
717 5106 778 5170 9.

1743 5238 2129 5307 νΑΡιΙΟΒΙΙΜ
2172 5241 2421 5307 NOTE.

479 5402 599 5494 (43)
631 5400 709 5494 re
752 5401 1171 5494 ἀιιατέργαστον.
1234 5402 1563 5494 Praaligitur
1608 5404 1670 5465 in
1720 5403 1909 5466 altern
1952 5405 2041 5461 καὶ

394 5480 664 5564 αὖθὶςρμιιι
692 5480 754 5541 in
789 5480 1086 5564 versione,
1118 5500 1232 5545 nec
1265 5480 1440 5547 male.
1470 5485 1653 5547 CLER.
1682 5558 1685 5561 _

475 5561 595 5642 (44)
634 5564 733 5620 Καὶ
761 5562 829 5642 σὺ.
870 5563 898 5618 ὁ
958 5560 1203 5642 πλάστης
1267 5566 1446 5640 ἡμῶν.
1506 5567 1637 5628 Non
1672 5560 1957 5627 abhorret
2008 5581 2042 5625 a

395 5639 560 5715 vero,
577 5639 729 5705 esse
754 5639 931 5703 etiam
958 5649 1060 5699 τῶν
1092 5641 1175 5726 0',
1203 5643 1346 5706 licet
1374 5643 1530 5726 apud
1554 5663 1660 5706 eos
1674 5646 2036 5726 jampridem

396 5742 516 5787 non
547 5728 953 5802 compareant,
988 5730 1047 5785 et
1076 5722 1188 5785 sub
1210 5722 1499 5786 asterisco
1536 5722 1703 5802 quasi
1727 5722 1964 5802 Aquila;
1980 5732 2040 5787 et

391 5800 1150 5884 Theodotionis,p_onantur
1172 5804 1233 5865 in
1249 5805 1514 5867 editione
1534 5800 1897 5884 Procopii—ex
1920 5824 2033 5869 ms.

394 5883 610 5950 Renati
640 5881 1036 5947 Marchali.Ac
1058 5883 1211 5947 forte
1234 5884 1700 5949 continebantur
1727 5881 1792 5948 in
1825 5886 2039 5950 codice

391 5983 510 6047 quo
531 5983 678 6029 usus
707 5962 820 6027 fuit
837 5964 1259 6030 Theodoritus.
1293 5967 1437 6029 Cor.

2209 5403 2341 5483 (45)
2371 5408 2695 5483 Στεφθῆναι.
2767 5401 2938 5483 Alter
2986 5402 3123 5465 cod.
3186 5399 3369 5483 Vind.
3432 5402 3775 5483 στεφανφθῆο

2122 5480 2232 5561 ναι,
2270 5480 2947 5558 εὰάοιηεθιιιθηιὶαβοά
2971 5501 3115 5545 voce
3139 5480 3318 5563 paulo
3338 5480 3772 5624 freguentiore.

3472 5576 3611 5623 LER.

3472 5576 3588 5623 LER
3599 5603 3611 5617 .

2202 5643 2332 5727 (46)
2362 5648 2459 5703 Καὶ
2488 5645 2634 5727 ὅσιος
2692 5660 2882 5727 usque
2926 5642 3000 5727 ad
3062 5643 3237 5705 αὐτοῦ.
3286 5642 3519 5704 Desunt
3569 5641 3627 5700 in
3662 5658 3774 5701 an-

2124 5724 2382 5806 tiquiore
2414 5726 2518 5788 sed
2550 5724 2853 5806 deteriore
2884 5724 3019 5786 cod.
3056 5727 3137 5806 ID,

2205 5805 2333 5887 (47)
2365 5809 2484 5871 Καί.
2520 5807 2674 5887 Lege
2705 5824 2776 5870 ex
2806 5805 2992 5887 altero
3023 5804 3158 5867 cod.
3190 5804 3286 5862 Καὶ
3313 5804 3362 5862 ὁ.
3411 5803 3500 5887 In.

2201 5884 2319 5966 (48)
2348 5884 2687 5969 Ξεράνασαν,
2765 5886 2935 5950 Alter
3005 5887 3350 5969 ξηραίνουσαν
3441 5884 3771 6027 anue-deus.

3553 5990 3606 6027 n.

3553 5990 3606 6033 Ι).
