4134 6434
280 255 400 317 σω
1116 251 1784 320 CONSTITUTIONES
1823 249 2336 316 APOBTOLIGE.
2365 281 2448 298 -
2475 249 2628 314 LIB.
2674 247 2780 314 VI.
3548 243 3674 308 970

284 388 451 464 νόμον
491 387 734 465 κυρώσας
793 386 1076 466 ἱπλήρωσε
1109 403 1127 423 ⁸
1185 385 1252 442 τὰ
1307 384 1595 443 έπείσακτα
1636 387 1933 466 περιεῖλεν,

2039 385 2244 467 iuit,et
2265 383 2561 468 implevit;
2586 382 2777 446 ascita
2796 381 3142 464 amputavit,
3165 382 3276 443 etsi
3296 398 3417 442 non
3443 380 3671 463 omnia,

284 480 330 535 si
385 477 584 553 καὶμὴ
628 476 824 557 πάντα,
871 475 1010 534 ἀλλά
1039 498 1100 553 γε
1153 476 1219 532 τὰ
1273 475 1554 554 βαρύτερα,
1606 477 1673 533 τὰ
1717 478 1817 553 μὲν
1845 479 1944 554 βε-

2039 475 2133 536 sed
2159 475 2450 556 graviora;
2489 473 2592 537 illa
2608 471 2850 553 quidem
2875 473 3243 546 conﬁrmata,
3278 469 3371 532 bis
3391 487 3531 534 vero
3561 472 3674 532 ab-

284 565 548 646 ϐαιώσας,
602 568 668 623 τὰ
727 564 779 622 δὲ
829 566 1035 630 παύσας
1068 584 1086 604 ⁸
1127 567 1220 622 καί
1261 566 1324 622 τὸ
1354 563 1685 630 αὐτεξούσιον
1715 573 1822 624 τῶν
1851 568 1946 622 ἀν-

285 655 512 733 θρώπων
571 652 735 711 πάλιν
791 654 996 733 ἀφῆκεν
1053 652 1350 733 έλεύθερον,
1398 653 1462 710 ού
1488 656 1795 733 προσκαίρῳ
1843 658 1944 712 θα·-

289 746 432 817 νάτῳ
478 741 727 820 δικάζων,
782 742 901 804 ἄλλ’
952 743 1006 800 έν
1058 743 1214 822 ἑτέρα
1271 743 1592 798 καταστάσει
1650 742 1945 822 λογοθετῶν

289 834 419 891 αύτό
448 851 466 869 ⁸
499 830 579 889 διὸ
609 832 754 910 λέγει
788 835 805 866 ⁶
849 851 878 892 ε
916 832 981 891 Εἴ
1025 854 1105 895 τις
1136 831 1267 908 θέλῃ
1299 831 1470 888 ὀπίσω
1515 853 1616 907 μου
1648 831 1947 912 έλθεῐν,ἑρ-

291 923 498 1004 χέσθω·
541 946 569 977 ι
610 925 696 980 καὶ
724 923 909 980 πάλιν·
950 946 978 977 α
1002 923 1092 990 Μὴ
1123 923 1210 978 καὶ
1239 923 1401 997 ὑμεῖς
1432 919 1612 978 θέλετε
1642 923 1864 1000 ὑπάγειν
1891 941 1944 997 ;)

291 1014 456 1082 ’¹Ηδη
499 1012 555 1070 δὲ
597 1015 686 1070 καὶ
762 1015 864 1092 πρὸ
911 1010 1029 1092 (37)
1077 1016 1176 1080 τῆς
1235 1012 1523 1090 παρουσίας
1583 1011 1743 1068 αύτοῦ
1771 1035 1950 1092 παρῃ-

289 1120 443 1162 τειτο
468 1104 562 1168 τὰς
594 1113 687 1163 τοῦ
715 1102 848 1159 λαοῦ
873 1102 1080 1182 θυσίας,
1113 1100 1373 1166 πολλάκις
1405 1103 1479 1164 εἷς
1513 1101 1670 1157 αὐτὸν
1717 1101 1943 1181 ὶξαμαρ-

292 1195 508 1268 τόντος,
552 1194 640 1250 καὶ
687 1192 931 1264 οίομένου
976 1190 1062 1249 διὰ
1102 1191 1296 1248 θυσιὼν
1339 1189 1460 1247 ἀλλ’
1507 1191 1566 1247 0-3
1630 1189 1715 1247 διὰ
1774 1212 1949 1268 μετα-

295 1287 440 1348 νοίας
473 1283 633 1340 αύτὸν
659 1281 1074 1359 έξευμενίζετθαι
1111 1298 1125 1312 ⁸
1163 1280 1310 1359 λέγει
1362 1281 1461 1359 γὰρ
1491 1279 1660 1346 οὕτως
1698 1301 1711 1314 ⁸
1755 1305 1781 1337 ε
1819 1280 1949 1339 ’Ίνα

295 1378 345 1432 τί
389 1395 481 1454 Ηρι
545 1371 758 1430 λίϐανον
812 1371 875 1428 έκ
916 1371 1065 1430 Σαϐἇ
1108 1371 1308 1451 φέρεις,
1358 1372 1448 1426 καὶ
1496 1371 1839 1446 κιννάμωμον
1890 1369 1949 1426 ἐκ

293 1465 400 1541 γῆς
432 1461 692 1539 μακρόθεν
718 1479 737 1531 ς
765 1462 832 1517 τα
862 1459 1286 1536 ὁλοκαυτώματα
1315 1460 1463 1534 ὑμῶν
1496 1459 1592 1516 οὒκ
1621 1459 1731 1516 ἔστι
1763 1458 1945 1535 δεκτὰ,

296 1555 386 1609 καὶ
429 1555 481 1609 αἱ
510 1551 681 1609 θυσίαι
712 1552 863 1626 ὑμῶν
895 1554 1002 1630 οὐχ
1031 1549 1222 1616 ἧδυνάν
1268 1571 1366 1626 μοι
1403 1566 1417 1580 ⁸
1455 1573 1484 1605 ι
1520 1551 1608 1606 καὶ
1639 1549 1782 1616 έξῆς⁶
1825 1578 1848 1608 ε
1874 1551 1950 1607 Τὰ

299 1640 719 1717 ὁλοκαυτώματα
780 1640 930 1716 ὑμῶν
1004 1639 1337 1718 συναγάγετε
1396 1639 1532 1714 μετὰ
1590 1646 1695 1696 τῶν
1755 1643 1948 1698 θυσιῶν
2033 1641 2321 1722 deinceps

2029 563 2628 644 dicatis.Rursusque
2653 569 3003 640 potestatem
3024 560 3335 623 hominum
3362 559 3676 626 dimisitli-

2032 652 2388 731 beram,non
2415 652 2795 734 temporarias
2824 652 3000 715 morti
3021 651 3452 725 condemnans,
3474 651 3581 714 sed
3614 652 3676 713 in

2031 745 2218 807 altero
2236 753 2390 807 statu
2411 736 2710 806 rationem
2732 741 2808 804 ab
2825 760 2898 805 eo
2918 760 3246 823 reposcens
3271 758 3286 806 :
3311 751 3677 823 quapropter

2031 834 2113 896 ait
2146 855 2162 895 ι
2195 859 2216 890 ε
2256 833 2317 898 Si
2341 835 2472 916 quis
2501 835 2622 896 vult
2657 841 2787 914 post
2821 851 2918 895 me
2963 833 3191 904 venire,
3225 831 3514 903 veniatﬁ;
3553 858 3581 889 ι
3618 841 3678 895 et

2033 924 2252 986 iterum
2283 945 2297 986 :
2341 949 2368 979 α
2399 922 2678 1004 Nunquid
2712 932 2770 984 et
2798 941 2903 984 vos
2935 922 3106 983 vultis
3131 921 3296 983 abire
3323 920 3390 982 6?
3422 947 3451 979 ι
3486 922 3517 972 7
3545 923 3676 986 1am

2038 1032 2174 1075 vero
2208 1013 2389 1077 etiam
2418 1021 2556 1074 ante
2584 1011 2901 1074 adventum
2943 1029 3116 1073 suum
3166 1013 3548 1076 aversabatur
3575 1031 3676 1075 sa-

2036 1102 2260 1165 criﬁcia
2291 1101 2626 1182 populi,qui
2657 1118 2815 1181 saepe
2846 1100 2910 1162 in
2941 1119 3078 1162 eum
3114 1101 3480 1181 peccabat,et
3509 1099 3679 1163 arbi-

2031 1191 2309 1253 trabatur
2341 1209 2448 1272 per
2475 1190 2866 1270 sacriﬁcia,et
2883 1207 3002 1251 non
3027 1189 3227 1270 potius
3251 1207 3359 1271 per
3380 1190 3680 1271 pmniten-

2032 1282 2172 1344 tiam
2198 1300 2334 1343 eum
2352 1281 2694 1362 placari.lta
2713 1279 2877 1343 enim
2901 1279 3168 1361 loquitur
3192 1299 3207 1343 :
3234 1302 3258 1337 ι
3285 1278 3507 1360 thuid
3533 1281 3684 1344 mihi

2035 1373 2169 1433 thus
2197 1371 2272 1433 de
2289 1371 2444 1433 Saba
2469 1370 2670 1445 aﬁ‘ers,
2704 1378 2764 1432 et
2787 1369 3213 1431 cinnamonum
3236 1365 3313 1431 de
3345 1379 3505 1433 terra
3543 1372 3680 1434 lon-

2032 1462 2300 1542 ginqua?
2330 1458 2825 1524 Holocotaumata
2854 1468 3047 1521 vestra
3089 1477 3209 1521 non
3248 1470 3390 1522 sunt
3411 1469 3682 1543 accepta,

2034 1561 2094 1614 et
2117 1551 2412 1614 sacriﬁcia
2433 1557 2628 1614 vestra
2651 1567 2771 1611 non
2797 1549 2945 1611 mihi
2962 1548 3204 1612 fuerunt
3220 1549 3485 1628 jucunda
3501 1551 3589 1623 ὃς»
3625 1559 3687 1614 et

2379 1658 2393 1704 ;
2456 1665 2482 1696 α
2541 1639 3025 1702 Holocotaumata
3078 1647 3274 1701 vestra
3324 1649 3686 1722 congregato

299 1733 476 1812 ὑμῶν,
531 1733 618 1788 καὶ
678 1731 874 1811 φάγετε
933 1729 1061 1808 κρέα
1108 1727 1260 1808 (38)·
1322 1727 1404 1784 ὅτι
1464 1731 1558 1786 ούκ
1597 1728 1950 1805 ινετειλάμην

2039 1751 2169 1794 cum
2201 1730 2513 1794 sacriﬁciis
2561 1728 2866 1800 vestris,et
2917 1728 3220 1792 comedite
3249 1747 3463 1794 carnes
3494 1750 3509 1792 :
3545 1731 3685 1814 quia

299 1824 457 1898 ὑμῖν,
481 1821 639 1889 ἡνίκα
669 1819 932 1899 έξήγιγον
960 1821 1097 1894 ὑμᾶς
1131 1818 1194 1875 ἑκ
1223 1823 1327 1896 γῆς
1361 1819 1652 1897 Αἰγύπτου,
1674 1820 1792 1900 περὶ
1821 1819 1948 1876 ὸλο-

301 1912 669 1986 καυτωμέτων
720 1911 809 1967 καὶ
852 1912 1068 1971 θυσιῶν,
1121 1932 1149 1964 s
1218 1909 1317 1966 Καὶ
1360 1904 1445 1963 διὰ
1498 1908 1723 1967 Ἠσαίου
1753 1908 1898 1988 λέγει
1935 1926 1948 1939 ‘

315 2021 339 2056 ε
377 2001 438 2059 Τί
465 2022 561 2077 μοι
592 2002 794 2066 πλῆθος
825 2005 933 2056 τῶν
963 1998 1154 2058 θυσιῶν
1185 1996 1505 2076 ὑμῶν,λέγει
1542 2005 1737 2078 Κύριος
1763 2019 1782 2081 δ
1805 1997 1954 2066 πλῆ-

307 2111 408 2171 ρης
439 2092 546 2168 εἰμὶ
577 2088 1043 2165 ὁλοκαυτωμάτων
1066 2088 1230 2168 κριῶν
1268 2104 1281 2118 ⁸
1339 2089 1428 2144 καὶ
1459 2087 1619 2168 στέαρ
1650 2090 1846 2168 ἀρνῶν,
1869 2089 1956 2145 καὶ

309 2184 452 2257 αἷμα
494 2180 701 2258 ταύρων
743 2180 832 2236 καὶ
879 2179 1088 2257 τράγων
1147 2179 1208 2235 ού
1262 2175 1551 2255 βούλομαι,
1588 2176 1698 2236 οὐδ’
1749 2177 1813 2234 ἂν
1865 2176 1956 2254 ἕρ-

307 2273 486 2352 χησθε
518 2271 743 2350 ὀφθῆναί
772 2268 986 2345 μοι.Τίς
1017 2269 1118 2347 γάρ
1139 2267 1426 2338 ὶξεζήτησε
1456 2273 1619 2325 ταῦτα
1639 2271 1701 2324 ὲκ
1720 2290 1826 2325 των
1838 2288 1956 2347 χει-

304 2367 411 2440 ρῶν
443 2359 591 2435 ὑμῶν
630 2377 648 2433 ;
681 2364 878 2415 Πατετν
907 2357 1008 2424 τὴν
1036 2356 1202 2428 αὐλήν
1232 2378 1334 2430 μου
1380 2355 1439 2413 ού
1464 2358 1824 2434 προσθήσεσθε
1855 2356 1956 2416 ἔτι.

308 2451 435 2509 Ἐὰν
460 2448 654 2529 φέρητὲ
681 2470 772 2524 μοι
798 2445 1096 2523 σεμίδαλιν,
1107 2448 1358 2521 μάταιον⁸
1392 2445 1656 2523 θυμίαμα,
1689 2445 1958 2525 βδέλυγμα

305 2563 401 2618 μοι
432 2540 565 2600 ἐστί.
602 2541 707 2600 Τὰς
740 2538 1028 2613 νεομηνίας
1059 2539 1233 2613 ὑμῶν,
1268 2537 1354 2592 καὶ
1394 2536 1459 2592 τὰ
1504 2533 1752 2595 Σάϐϐατα
1781 2538 1954 2616 ὑμῶν,

305 2631 394 2686 καὶ
437 2627 642 2707 ἡμέραν
687 2627 932 2705 μεγάλην
962 2626 1060 2681 οὒκ
1099 2625 1392 2705 ἀνέχομαι⁸
1430 2625 1700 2699 νηστείαν,
1733 2627 1820 2683 καὶ
1855 2627 1954 2704 ἁρ-

302 2721 450 2800 γίαν,
480 2721 570 2776 καὶ
599 2719 692 2782 τὰς
728 2718 911 2795 ἑορτὰς
936 2716 1085 2790 ὑμῶν
1101 2728 1254 2790 μισεῖ
1276 2717 1312 2783 ἡ
1337 2716 1492 2796 ψυχή
1515 2732 1641 2789 μου⁹
1668 2715 1959 2795 Ἐγενήθη-

306 2807 365 2866 τέ
398 2831 491 2884 μοι
527 2810 596 2873 εἱς
631 2805 1016 2882 πλησμονήν.»
1052 2805 1148 2864 Καὶ
1170 2802 1239 2861 δι’
1269 2804 1452 2882 ἑτέρου
1474 2802 1962 2883 λέγει·ε’Δπόστηο

306 2919 402 2956 σον
434 2895 528 2955 ἀπ’
562 2897 692 2974 έμού
723 2896 866 2977 ἦχον
896 2893 1044 2970 ᾡδὼν
1077 2917 1194 2975 σου,
1228 2896 1315 2950 καὶ
1348 2894 1565 2971 ψαλμὸν
1607 2895 1848 2974 ὀργάνων
1866 2916 1960 2953 σου

2037 1840 2157 1884 non
2216 1821 2475 1902 pracepi
2527 1818 2719 1899 vobis,
2779 1818 3016 1899 quando
3066 1818 3245 1880 eduxi
3295 1837 3402 1883 vos
3431 1838 3501 1884 ex
3554 1830 3684 1886 ter-

2036 1929 2102 1972 ra
2167 1909 2424 1992 Egypti,
2504 1908 2582 1970 de
2663 1904 3245 1970 bolocautomatibus
3320 1915 3381 1970 et
3449 1908 3686 1972 sacriﬁ-

2039 2000 2146 2062 ciis
2170 2001 2262 2063 9.:
2311 1998 2381 2062 Et
2413 2015 2520 2079 per
2541 1996 2750 2060 Isaiam
2784 1996 2928 2058 dicit
2958 2012 2972 2025 '
3011 2015 3041 2056 ε
3070 1993 3198 2070 Quo
3231 1997 3378 2060 mibi
3411 1997 3685 2061 multitu-

2042 2089 2246 2152 dinem
2278 2088 2707 2154 sacriﬁciorum
2759 2094 3117 2161 vestrorum,
3170 2084 3317 2148 dicit
3346 2088 3689 2152 Dominus?

2043 2181 2260 2260 plenus
2279 2199 2408 2242 sum
2436 2178 2802 2242 holocaustis
2822 2176 3112 2255 arietum;
3141 2184 3200 2238 et
3227 2177 3466 2258 adipem
3495 2197 3686 2259 agno-

2041 2290 2174 2334 rum
2188 2289 2276 2344 ,ac
2295 2269 2645 2348 sanguinem
2664 2276 2970 2330 taurorum
2993 2273 3172 2347 atque
3191 2265 3496 2330 hircorum
3519 2268 3690 2346 nolo;

2043 2377 2242 2442 neque
2265 2360 2315 2422 si
2347 2357 2620 2433 veniatis,
2653 2364 2718 2417 ut
2766 2353 3104 2436 appareatis
3150 2355 3318 2417 mihi.
3351 2356 3498 2430 Quis
3524 2357 3689 2420 enim

2042 2449 2313 2533 quaesivit
2333 2448 2460 2511 haec
2481 2448 2559 2511 de
2592 2445 2870 2508 manibus
2896 2442 3158 2506 vestris?
3190 2443 3432 2509 Calcare
3466 2451 3690 2509 atrium

2045 2558 2244 2603 meum
2266 2558 2384 2600 non
2405 2535 2716 2618 apponetis
2738 2534 3013 2615 amplius.
3047 2534 3109 2596 Si
3133 2533 3400 2596 aﬁ‘eratis
3420 2535 3570 2598 mibi
3599 2535 3688 2598 si-

2046 2631 2272 2704 milam,
2310 2645 2570 2703 vanum;
2626 2625 2945 2688 incensum
2996 2622 3361 2686 abominatio
3392 2625 3540 2688 mihi
3568 2641 3686 2688 est.

2043 2717 2400 2782 Neomenias
2414 2728 2662 2797 vestras,
2696 2727 2759 2777 et
2783 2712 3042 2776 Sabbata
3058 2721 3340 2795 vestra,et
3367 2713 3531 2777 diem
3557 2733 3691 2777 ma-

2041 2828 2222 2889 gnum
2245 2827 2364 2869 non
2388 2807 2516 2869 fero
2544 2827 2558 2869 :
2585 2803 2912 2885 jejunium,
2945 2809 3004 2863 et
3029 2804 3305 2884 otium,et
3336 2803 3690 2867 solemnita-

2043 2908 2132 2961 tes
2146 2907 2372 2961 vestras
2394 2896 2521 2958 odit
2550 2895 2751 2958 anima
2775 2911 2930 2957 mea.
2964 2891 3124 2955 Facti
3145 2891 3291 2954 estis
3323 2892 3472 2956 mibi
3501 2893 3566 2956 in
3587 2912 3690 2957 sa-

305 2990 404 3046 ούκ
447 2987 809 3064 ἀκούσομαι.»
852 2986 948 3043 Καὶ
977 2990 1055 3058 τῷ
1085 2983 1258 3040 Σαοὺλ
1280 2986 1308 3039 ὁ
1341 2983 1601 3059 Σαμουὴλ
1631 2983 1774 3062 λέγει
1806 2987 1954 3041 θῦσαι

2045 2989 2308 3052 tietatem
2339 2985 2415 3050 ‘3.
2453 3011 2482 3043 ι
2510 2985 2582 3048 Ει
2611 3002 2720 3065 ρει·
2741 2985 2928 3045 alium
2959 2980 3108 3044 dicit
3140 3003 3154 3044 :
3215 3003 3240 3038 ε
3266 2983 3500 3046 Amove
3532 3001 3566 3044 a
3594 3002 3693 3047 me

305 3075 639 3153 νενομικότιο
677 3095 701 3130 ε
743 3073 947 3154 Ἀγαθὴ
980 3074 1116 3135 ἀκοὴ
1146 3073 1278 3146 ὑπὲρ
1307 3074 1484 3129 Θυσίαν
1515 3089 1528 3101 ·
1564 3075 1654 3130 καὶ
1683 3073 1954 3152 ἀκρόαμα,

306 3167 439 3246 ὒπὲρ
464 3166 623 3246 στέαρ
652 3171 838 3245 κριῶν;
873 3163 1005 3222 Ἰδοὺ
1034 3164 1138 3242 γὰρ
1170 3166 1230 3221 0-3
1259 3160 1399 3218 θέλει
1435 3163 1630 3242 Κύριος
1661 3162 1862 3242 θυσίαν,
1885 3163 1958 3226 ὡς

305 3261 370 3314 τὸ
417 3255 710 3314 είσακούειν
743 3258 922 3316 αὐτοῦ.
966 3276 990 3311 ι
1031 3255 1129 3312 Καὶ
1173 3250 1259 3308 διὰ
1291 3258 1383 3309 τοῦ
1411 3249 1572 3308 Δαϐὶδ
1599 3251 1745 3331 λέγει
1774 3267 1789 3283 ⁸
1830 3275 1858 3307 α
1884 3252 1957 3309 0-3

307 3345 524 3424 δέξομαι
567 3345 629 3402 έκ
671 3351 767 3402 τοῦ
796 3342 955 3401 οἴκου
997 3364 1090 3399 σου
1120 3343 1363 3422 μόσχους
1401 3360 1417 3376 ⁸
1450 3341 1566 3398 οὐδὲ
1600 3341 1661 3399 έκ
1701 3349 1808 3400 τῶν
1837 3363 1960 3399 ποι·

305 3437 476 3514 μνίων
508 3457 602 3494 σου
645 3435 939 3515 χιμάρους.
987 3432 1116 3490 Ἐὰν
1162 3429 1295 3511 (39)
1348 3431 1613 3507 πεινάσω,
1659 3435 1718 3490 0-3
1761 3432 1837 3507 μή
1871 3453 1955 3488 σοι

306 3526 476 3585 εἴπω·
511 3526 618 3602 ἐμὴ
674 3526 776 3605 γάρ
824 3527 972 3581 εστιν
1026 3525 1061 3591 ἡ
1118 3521 1403 3598 οἰκουμένη
1449 3522 1540 3579 καὶ
1581 3524 1644 3578 τὸ
1687 3519 1957 3599 πλήρωμα

306 3615 499 3683 αὐτῆς.
566 3615 658 3682 Μὴ
713 3618 954 3694 φαγομαι
1005 3611 1135 3688 κρέα
1191 3611 1417 3688 ταύρων,
1470 3610 1507 3680 ἢ
1553 3612 1697 3688 αῐμα
1745 3611 1957 3691 τράγων

304 3705 545 3782 πίομαις
596 3707 751 3763 θῦσον
806 3709 885 3776 τῷ
937 3707 1052 3776 Θεῷ
1100 3701 1277 3760 θυσίαν
1307 3699 1581 3779 αίνὲσεως,
1625 3703 1714 3758 καὶ
1757 3698 1956 3763 ἀπόδος

303 3801 387 3870 τῷ
443 3783 680 3872 ’Υψίστῳ
720 3793 816 3855 τὰς
863 3792 1030 3871 εὐχάς
1075 3812 1194 3854 σου.
1230 3811 1260 3850 )
1291 3788 1397 3853 Καὶ
1439 3790 1494 3847 έν
1519 3793 1716 3856 πάσαις
1748 3790 1804 3848 δὲ
1833 3803 1954 3853 ταῖς

305 3890 548 3965 Γραφατς
608 3882 804 3959 ὁμοίως
859 3879 1030 3937 αὐτῶν
1090 3882 1182 3946 τὰς
1233 3883 1412 3957 θυσλας
1461 3881 1829 3957 ἀπαναίνεται,
1875 3879 1960 3937 διὰ

304 3977 368 4032 τὸ
423 3973 742 4051 ἐξαμαρτεῖν
800 3971 988 4035 αὐτοὺς
1036 3973 1109 4034 εἷς
1155 3971 1336 4030 αὐτόν.
1407 3991 1431 4027 a
1471 3972 1650 4030 Θυσίαι
1696 3973 1796 4050 γὰρ
1825 3972 1958 4028 ἆσεο

303 4062 438 4146 ϐῶν,
495 4062 768 4141 βδέλυγμα
822 4060 968 4140 παρᾶ
1054 4063 1226 4140 Κυρίῳ
1259 4079 1275 4096 ⁸
1324 4061 1412 4117 καὶ
1466 4063 1567 4142 γὰρ
1631 4063 1960 4140 παρανόμως

306 4154 702 4236 προσφέρουσιν
747 4151 910 4214 αίντάς
947 4169 960 4184 ⁸
1000 4174 1028 4207 ι
1064 4151 1151 4207 καὶ
1182 4149 1342 4207 πάλιν
1377 4168 1394 4185 ⁸
1435 4171 1459 4206 ε
1496 4153 1557 4208 Αἱ
1586 4151 1754 4208 θυσίαι
1787 4153 1960 4209 αὐτῶν

2044 3079 2304 3139 sonitum
2343 3076 2679 3138 carminum
2709 3081 2945 3135 tuorum
2975 3079 3072 3132 :et
3100 3071 3394 3150 psalmum
3426 3089 3690 3152 organo-

2040 3185 2175 3229 rum
2201 3175 2436 3228 tuorum
2459 3183 2580 3227 non
2611 3162 2852 3225 audiam
2873 3158 2987 3222 η.»
3022 3163 3096 3223 Et
3118 3161 3360 3222 Samuel
3392 3161 3688 3243 Sauli,qui

2042 3255 2398 3319 sacriﬁcium
2431 3272 2496 3316 se
2545 3250 2842 3315 obtulisse
2870 3247 3134 3331 putabat,
3164 3247 3245 3309 ait
3274 3269 3290 3312 :
3341 3273 3366 3307 ιι
3405 3249 3571 3313 Bona
3599 3259 3691 3314 est

2042 3344 2387 3408 obedientia
2407 3359 2589 3424 super
2609 3338 3065 3418 sacriﬁcium;et
3083 3337 3526 3421 auditio,super
3550 3339 3689 3403 adi-

2043 3453 2178 3516 pem
2200 3431 2650 3497 arietum.Ecce
2675 3428 2838 3493 enim
2865 3445 2985 3490 non
3009 3426 3130 3516 vult
3152 3425 3442 3516 Dominus
3463 3430 3690 3492 sacriﬁ-

2039 3513 2222 3601 cium,
2255 3524 2411 3586 sicut
2443 3532 2505 3584 ut
2537 3519 2894 3584 obediamus
2923 3517 2980 3580 ei
3008 3513 3122 3577 ‘9.»
3152 3515 3223 3578 Et
3258 3535 3366 3598 per
3394 3517 3688 3583 Davidem

2039 3615 2159 3678 ait:
2202 3637 2224 3671 ι
2256 3612 2386 3676 Non
2423 3611 2712 3693 accipiam
2743 3609 2819 3671 de
2849 3606 3030 3668 domo
3061 3614 3160 3670 tua
3203 3607 3462 3689 vitulos;
3493 3625 3690 3690 neque

2040 3703 2117 3767 de
2133 3703 2411 3784 gregibus
2434 3701 2550 3763 tuis
2574 3700 2795 3762 hircos.
2830 3696 2891 3759 Si
2923 3694 3348 3776 esuriero,non
3375 3695 3571 3759 dicam
3605 3698 3687 3760 ti-

2042 3793 2103 3856 bi
2133 3815 2149 3856 :
2188 3811 2358 3856 meus
2380 3799 2471 3854 est
2503 3789 2664 3852 enim
2699 3786 2866 3850 orbis
2890 3792 3158 3866 terras,et
3185 3785 3500 3865 plenitudo
3530 3789 3694 3868 ejus.

2042 3882 2326 3964 Nunquid
2350 3877 2730 3943 manducabo
2753 3893 2967 3964 carnes
2989 3883 3438 3964 taurorum,aut
3458 3877 3697 3956 sangui-

2043 3992 2182 4036 nem
2202 3961 2513 4035 bircorum
2539 3963 3040 4050 potabo?[mmola
3052 3961 3174 4024 Deo
3191 3963 3549 4027 sacriﬁcium
3570 3967 3694 4028 lau-

2043 4063 2222 4139 dis,et
2250 4060 2436 4123 redde
2466 4056 2781 4121 Altissimo
2841 4060 2973 4114 vota
3023 4061 3124 4114 tua
3174 4052 3251 4115 ‘3.
3290 4076 3317 4108 s
3366 4052 3436 4114 Et
3465 4072 3605 4117 vero
3635 4057 3699 4118 in

2044 4152 2328 4214 omnibus
2357 4147 2684 4229 Scripturis
2717 4142 3001 4207 similiter
3032 4159 3242 4229 eorum
3275 4142 3568 4206 sacriﬁcia
3594 4162 3698 4207 re-

304 4227 381 4310 ὼς
429 4227 584 4324 ἄρτος
627 4241 847 4304 πένθους
893 4243 1078 4304 αὐτοῖς
1114 4255 1129 4270 ⁸
1178 4239 1377 4305 πάντες
1432 4243 1478 4298 οἱ
1540 4241 1798 4306 έσθίοντες
1854 4243 1954 4298 αύ-

2043 4243 2193 4323 nuit;
2218 4239 2360 4320 quia
2390 4245 2450 4299 in
2481 4227 2618 4298 eum
2649 4234 2766 4324 ipsi
2787 4239 3139 4324 peccaram.
3170 4227 3512 4294 «Sacriﬁcia
3533 4232 3696 4296 enim

305 4337 405 4398 τὰς
437 4332 888 4410 μολυνθήσονται.
927 4352 952 4388 s
1003 4333 1062 4388 Ei
1106 4330 1197 4387 οὖν
1254 4333 1343 4387 καὶ
1387 4331 1488 4409 πρὸ
1532 4335 1631 4397 τῆς
1665 4333 1955 4410 παρουσίας

310 4425 496 4504 αὐτού,
551 4421 684 4500 ὑπὲρ
739 4419 916 4484 θυσίας
973 4417 1188 4498 καρδίαν
1235 4421 1466 4498 καθαρὰν
1539 4419 1808 4497 ἐπεζήτει,
1869 4424 1957 4479 καὶ

307 4522 518 4590 πνεῦμα
547 4509 1017 4589 συντετριμμένον,
1069 4508 1258 4584 πολλῷ
1307 4508 1514 4585 μᾶλλον
1563 4507 1730 4566 ἐλθὼν
1760 4510 1957 4569 ἔπαυσε

307 4606 533 4684 ταύτας,
592 4600 764 4682 φαμὲν
997 4601 1094 4663 τὰς
1150 4596 1219 4656 δι’
1299 4599 1539 4674 αἱμάτων
1575 4617 1588 4630 ⁸
1652 4596 1848 4657 ἔπαυσε
1905 4599 1960 4657 δὲ

310 4697 504 4769 αὐτὰς,
569 4690 655 4748 διὰ
709 4697 802 4747 τοῦ
848 4689 1105 4769 πρότερον
1161 4688 1444 4769 πληρῶσαι
1476 4703 1492 4720 ⁸
1554 4689 1642 4744 καὶ
1697 4690 1798 4768 γὰρ
1855 4712 1962 4747 πε-

306 4786 598 4864 ριετμήθη,
662 4781 751 4836 καὶ
799 4777 1132 4858 έρῥαντίσθη,
1221 4779 1402 4843 θυσίας
1476 4797 1535 4835 τε
1621 4780 1956 4858 προσήνεγκε

312 4876 402 4932 καὶ
427 4870 842 4950 ὁλοκαυτώσεις,
876 4871 1109 4936 καὶτοῖς
1155 4868 1338 4934 ἄλλοις
1361 4869 1603 4945 έθισμοτς
1647 4869 1952 4951 ὶχρήσατο,

2042 4318 2766 4412 impiorum,abominatio
2786 4320 2943 4412 apud
2970 4318 3322 4412 Dominum;
3338 4321 3560 4412 etenim
3583 4322 3698 4385 ini-

2043 4407 2160 4504 que
2189 4419 2447 4482 oderunt
2476 4433 2549 4478 ea
2567 4412 2680 4490 ¹⁴;ι
2717 4421 2780 4474 et
2803 4411 3058 4472 iterum:
3093 4407 3439 4504 cSacriﬁcia
3463 4429 3694 4495 eorum,

2043 4497 2213 4592 quasi
2232 4505 2615 4590 panisluctus
2639 4502 2746 4592 eis;
2776 4516 2988 4561 omnes
3021 4497 3124 4592 qui
3151 4498 3471 4592 comedent
3499 4506 3697 4584 ea,ln-

2044 4587 2453 4682 quinabuntur
2481 4593 2556 4655 ίδ.
2623 4617 2651 4650 s
2689 4590 2753 4682 Si
2806 4607 2946 4668 ergo
2998 4587 3178 4682 etiam
3208 4597 3346 4651 ante
3378 4589 3702 4682 adventum

2041 4676 2240 4763 suum,
2274 4703 2455 4766 super
2486 4680 2786 4745 sacriﬁcia
2815 4676 3124 4756 quaerebat
3153 4693 3260 4739 cor
3301 4681 3615 4757 mundum,
3641 4690 3702 4744 et

2039 4779 2318 4861 spiritum
2343 4774 2670 4838 contritum
2687 4768 2770 4847 ‘0;
2802 4767 2990 4861 multo
3016 4766 3219 4861 magis,
3257 4777 3572 4851 postquam
3602 4789 3703 4835 νο.

2040 4855 2149 4948 nit,
2184 4867 2286 4930 illa
2333 4862 2681 4946 abrogavit;
2727 4856 3050 4933 sacriﬁcia,
3079 4855 3362 4934 dicimus,
3397 4870 3644 4925 cruenta
3681 4880 3698 4927 :

391 5089 427 5143 8
451 5086 657 5168 Iattb.
683 5102 807 5168 avt,
834 5086 936 5150 24.
993 5082 1056 5168 ,ρ
1082 5082 1255 5168 Joan.
1286 5101 1363 5158 τι,
1397 5084 1499 5168 9].
1573 5081 1619 5168 ,ἶ
1642 5081 1798 5168 Citat
1825 5086 1954 5151 Ced;

2039 5105 2162 5148 ius.
2198 5081 2348 5168 Vide
2371 5081 2597 5168 testim.
2622 5087 2755 5168 vet._
2779 5071 3006 5168 fier“.
3040 5090 3120 5147 vx,
3156 5073 3259 5137 20.
3329 5073 3700 5168 1105.)",

309 5171 416 5238 21.
497 5154 902 5248 ίοίεε.ι,’ῌ.
984 5154 1480 5248 ξηλιυωγέη.
1565 5161 1954 5247 θησαν

2039 5169 2114 5232 22.
2201 5163 2254 5208 1³
2283 5163 2440 5227 Paal.
2470 5177 2628 5233 xux,
2664 5159 2703 5223 9
2739 5157 2836 5220 12.
2882 5154 2936 5197 ιδ
2964 5156 3140 5216 Prov.
3170 5171 3294 5236 nt,
3327 5156 3430 5220 27.
3480 5158 3532 5202 ⁸⁸
3555 5154 3698 5224 Ose.

308 5269 397 5336 ιι,
419 5250 482 5317 4.
572 5248 624 5294 ιθ
651 5241 814 5314 Pes].
836 5241 902 5328 ι,
933 5245 1033 5324 19,
1069 5247 1169 5309 19.

1675 5375 2076 5444 VARIORUM
2121 5374 2374 5442 NOTE.

400 5527 531 5610 (37)
554 5531 690 5610 [Ῐρό.
726 5529 1017 5610 Corrupte
1040 5525 1104 5588 in
1138 5523 1413 5610 Gedrene
1442 5522 1761 5610 περίι

397 5603 517 5692 (ξεί
547 5603 716 5692 Κρέα.
749 5615 841 5692 3a
869 5603 996 5688 κρέα
1043 5607 1268 5692 rectius
1295 5608 1353 5667 in
1399 5603 1534 5668 cod.
1570 5603 1746 5692 Vind.
1782 5605 1965 5692 Cm}.

401 5685 532 5767 (39')
559 5685 712 5756 Ἐάν.
747 5689 885 5754 Hac
907 5685 1018 5751 vox
1068 5698 1126 5749 et
1165 5688 1433 5768 quinque
1462 5702 1632 5767 seqq.
1665 5685 1880 5748 desunt
1910 5687 1971 5747 in

605 5855 869 5917 PnaOL.
915 5853 1028 5914 Gn.
1080 5848 1122 5910 ι.

2049 5523 2186 5586 cod.
2220 5519 2391 5583 Vind.
2415 5517 2503 5583 In.

2131 5603 2262 5682 (40)
2294 5603 2502 5676 Φαμὲν.
2535 5597 2717 5660 Addit
2742 5595 2930 5660 codex
2961 5592 3142 5659 Vind.
3175 5594 3265 5661 δὴ.
3299 5593 3387 5658 In.

3309 5832 3376 5894 3i
