4134 6426
440 340 585 406 1011

1068 477 1312 541 CAPUT
1353 475 1477 539 XX.

442 570 624 646 Quod
668 586 791 630 non
820 575 1095 648 oporteat
1128 567 1475 645 improbare
1512 565 1712 629 cibum
1738 565 1929 627 ullum
1953 568 2095 629 usui

518 649 1055 721 accommodatum,
1107 648 1210 709 sed
1245 664 1382 708 cum
1404 649 1753 727 gratiarum
1783 649 2023 708 actione
2042 655 2095 708 et

515 731 791 792 ordinate
818 746 1080 790 sumere.

519 819 603 882 De
626 819 776 881 cibis
800 837 937 880 vero
960 818 1069 880 tibi
1100 824 1179 878 ait
1207 816 1499 879 Dominus
1526 838 1539 878 :
1603 841 1625 874 α
1662 816 1824 878 Bona
1858 815 2101 880 terras“

439 909 770 973 comedetis
797 907 876 981 ‘5;
919 934 939 965 ι
974 919 1033 969 et
1069 926 1082 970 :
1125 932 1151 961 α
1185 903 1439 969 Omnem
1486 924 1728 968 carnem
1781 907 1998 977 edetis,
2038 914 2098 967 ut

439 998 601 1060 olera
653 997 859 1060 herb'e
890 1018 903 1059 :
940 997 1292 1076 sanguinem
1333 1014 1471 1056 vero
1522 996 1796 1058 eﬂ'undes
1823 995 1879 1038 4⁸
1916 1014 1927 1057 :
1965 999 2096 1058 Non

438 1090 599 1151 enim
632 1108 765 1170 quas
793 1089 1017 1150 intrant
1041 1086 1102 1147 in
1135 1106 1224 1160 ns,
1264 1087 1655 1166 coinquinant
1685 1086 1991 1148 hominem
2016 1085 2093 1166 ιτ,

439 1178 546 1241 sed
576 1197 707 1257 quas
740 1198 808 1240 ex
852 1197 955 1239 ore
988 1177 1319 1257 procedunt
1350 1198 1365 1250 ;
1415 1201 1441 1231 ι
1476 1175 1864 1255 blasphemia;
1886 1175 1961 1250 ‘8,
1997 1177 2093 1237 in-

440 1286 642 1349 quam,
671 1267 1158 1339 obtrectationes,
1194 1275 1252 1326 et
1303 1268 1351 1325 si
1407 1266 1550 1343 quid
1599 1266 1967 1345 bujusmodi.
2006 1264 2093 1327 Tu

442 1377 579 1419 vero
603 1357 854 1419 comede
878 1356 1203 1418 medullam
1230 1362 1403 1416 terrae
1425 1355 1483 1414 in
1504 1355 1735 1434 justitia
1754 1354 1807 1398 ‘9
1834 1374 1846 1417 2
1889 1378 1911 1411 ιι
1942 1355 2097 1427 Quo-

442 1447 601 1510 niam
626 1447 834 1528 siquid
857 1446 1196 1527 pulchrum,
1226 1446 1357 1523 ejus
1383 1453 1494 1521 est;
1521 1454 1576 1505 et
1597 1445 1646 1506 si
1680 1446 1819 1525 quid
1844 1445 2091 1524 bonum,

442 1538 710 1618 ejusdem
748 1554 759 1599 :
794 1538 1161 1597 frumentum
1189 1533 1607 1613 juvenibus,et
1638 1538 1839 1595 vinum
1873 1536 2093 1596 odora-

442 1634 567 1689 tum
599 1626 927 1704 virginibus
951 1626 1061 1688 5°.»
1102 1659 1177 1667 —
1216 1649 1240 1678 ι(
1280 1623 1424 1696 Quis
1452 1624 1609 1684 enim
1659 1626 1954 1687 comedet.
1994 1632 2097 1685 aut

443 1716 578 1798 quis
603 1715 789 1791 bibet,
829 1714 960 1776 sine
992 1715 1121 1794 ipso
1149 1714 1193 1755 ⁵¹
1220 1720 1247 1776 ?
1276 1739 1297 1770 ο
1356 1712 1469 1774 Sed
1506 1722 1563 1775 et
1593 1716 1873 1777 admonet
1906 1723 1961 1775 te
1996 1734 2094 1776 sa-

1272 345 1330 404 S.
1380 344 1815 406 CLEMENTIS
1860 347 1881 407 I
1928 346 2111 408 ROM.
2159 347 2386 411 PONT.
2436 345 2685 411 ORERA
2726 345 2984 409 DUBIA.

3686 344 3840 411 1012

2744 483 3131 540 κεφΑΑΑιοΝ
3179 477 3266 542 ις’.

2178 566 2327 650 ’Ὁτι
2368 571 2445 645 μὴ
2491 573 2603 650 χρὴ
2654 568 2918 648 φαυλίζειν
2973 589 3025 623 τι
3111 574 3239 650 τῶν,
3296 567 3612 650 προσφόρων
3682 571 3833 648 βρω..

2260 649 2464 725 μάτων,
2496 647 2644 706 ήάλλ’
2673 647 3018 729 εὐχαρίστως
3088 647 3521 724 μεταλαμϐάνειν
3589 652 3675 705 καὶ
3721 647 3833 705 τε-

2260 731 2564 809 ταγμὲνως.

2263 823 2385 900 Περὶ
2427 819 2481 875 δὲ
2511 819 2806 899 βρωμάτων
2845 817 2990 897 λέγει
3019 841 3102 874 σοι
3148 820 3176 875 ὁ
3206 820 3425 890 Κύριος⁸
3466 842 3494 873 α
3552 819 3628 876 Τὰ
3663 818 3834 897 ἀγαθὰ

2179 910 2277 977 τῆς
2322 914 2424 987 γῆς
2469 909 2696 990 φάγεσθε
2731 928 2746 943 ·
2781 933 2808 963 ι
2844 908 2952 964 καί·
2990 928 3023 969 (
3058 914 3167 965 Πᾶν
3198 907 3356 986 κρέας
3388 905 3587 988 ἕδεσθε,
3621 910 3693 973 ὼς
3727 909 3832 965 λά-

2180 1022 2322 1078 χανα
2352 997 2527 1080 χλόης
2564 1015 2577 1029 ⁸
2628 999 2687 1054 τὸ
2718 997 2773 1053 δὲ
2805 999 2947 1073 αἷμα
2976 1001 3197 1078 ὲκχεεις
3227 1014 3239 1028 ⁸
3276 997 3334 1054 οὗ
3364 1000 3465 1076 γὰρ
3494 1020 3561 1076 τρ
3592 1000 3833 1079 εἰσερχό⁴

2180 1111 2314 1163 μενα
2364 1090 2437 1152 είς
2498 1089 2559 1145 τὸ
2602 1088 2776 1163 στόμα
2832 1102 3008 1144 κοινοῖ
3066 1090 3158 1144 τὸν
3217 1086 3515 1167 ἄνθρωπον,
3575 1086 3712 1144 ἀλλὰ
3768 1090 3835 1144 τὰ

2179 1179 2571 1257 ἐκπορευόμενα
2601 1197 2615 1213 °
2697 1202 2718 1233 ι
2792 1176 2935 1255 λέγω
2998 1176 3089 1251 δὴ,
3166 1176 3526 1256 βλασφημίαι,
3587 1177 3833 1234 καταλα-

2178 1267 2306 1342 λιαὶ,
2343 1271 2428 1323 καὶ
2468 1267 2602 1325 εἴτι
2632 1267 2897 1329 τοιοῦτον,
2931 1268 3004 1322 Σὺ
3048 1267 3103 1323 δὲ
3155 1267 3302 1347 φάγῃ
3352 1270 3443 1324 τὸν
3493 1266 3688 1343 μυελὸν
3732 1274 3833 1335 τῆς

2177 1356 2276 1435 γῆς
2311 1360 2447 1433 μετὰ
2476 1356 2838 1425 δικαιοσύνης·
2873 1380 2896 1412 ιι
2932 1355 3067 1415 ”Οτι
3100 1354 3155 1412 εἴ
3176 1379 3226 1413 τι
3257 1356 3449 1427 καλὸν,
3484 1358 3644 1416 αὐτοῦ
3679 1357 3830 1432 (42)·

2178 1450 2265 1503 καὶ
2300 1446 2353 1502 εἴ
2395 1469 2446 1503 τι
2480 1447 2697 1524 ἀγαθὸν,
2735 1449 2889 1505 16106
2924 1465 2935 1478 '
2996 1460 3145 1513 σῖτος
3189 1450 3507 1527 νεανίσκοις,
3565 1450 3650 1504 καὶ
3681 1450 3833 1513 οἶνος

2181 1536 2477 1609 εὖωδιάζων
2508 1538 2783 1617 παρθένοις
2820 1557 2833 1571 ⁸
2869 1537 2947 1600 τίς
2993 1539 3092 1615 γὰρ
3153 1537 3402 1617 φάγεται,
3455 1538 3490 1603 ἢ
3520 1540 3597 1598 τίς
3630 1540 3829 1619 πίεται,

2178 1626 2341 1705 παρὲξ
2367 1630 2568 1703 αὖτοῦ,
2607 1652 2630 1682 n
2687 1634 2945 1707 Παραινετ
3000 1624 3127 1707 (43)
3188 1625 3243 1682 δέ
3299 1650 3378 1684 σοι
3440 1629 3526 1683 καὶ
3584 1630 3610 1683 ὁ
3667 1630 3832 1709 σοφὸς

2181 1716 2444 1798 ”Εσδρας,
2496 1716 2667 1797 λὲγων
2704 1737 2717 1750 ·
2763 1738 2783 1771 ι
2838 1716 3151 1795 Πορεύεσθε,
3187 1718 3277 1773 καὶ
3326 1717 3523 1798 φάγετε
3552 1716 3831 1794 λιπάσμασ

442 1805 613 1886 piens
636 1804 875 1877 Esdras,
902 1803 1113 1864 dicens
1141 1824 1153 1863 :
1188 1828 1213 1857 α
1241 1801 1415 1875 Ite,et
1448 1802 1750 1865 comedite
1783 1804 2096 1884 pinguedi-

2186 1830 2267 1887 τα,
2300 1809 2387 1864 καὶ
2417 1808 2563 1863 πίετε
2596 1806 2970 1886 γλοκάσματα,
3004 1808 3091 1863 καὶ
3124 1807 3200 1881 μὴ
3233 1804 3510 1867 λυπεῖσθε.
3555 1829 3577 1862 ι

442 1912 573 1969 nes,
606 1902 665 1956 et
696 1892 880 1955 bibite
910 1892 1353 1972 dulcedines,et
1384 1892 1569 1955 nolite
1604 1893 1947 1955 contristari
1972 1892 2087 1957 ⁵2.»

1038 1980 1281 2046 CAPUT
1325 1980 1478 2044 XXI.

442 2073 609 2149 Quod
634 2081 915 2155 oporteat
967 2072 1275 2135 abstinere
1330 2072 1403 2134 ab
1444 2090 1546 2134 esu
1595 2073 2089 2154 idolothytorum.

520 2166 704 2227 Porro
723 2163 795 2226 ab
829 2162 1170 2243 idolothytis
1189 2161 1508 2225 abstinete:
1536 2162 1594 2222 in
1616 2163 1906 2225 honorem
1932 2165 2093 2226 enim

438 2254 775 2338 dtemqnum
818 2253 1131 2314 immolant
1160 2270 1230 2314 ea
1256 2251 1345 2320 ως
1375 2252 1447 2315 ad
1482 2253 1934 2328 contumeliam,
1967 2255 2091 2317 sci-

440 2344 603 2415 licet.
631 2342 822 2406 solius
848 2342 989 2407 Dei:
1016 2350 1079 2403 ut
1114 2362 1232 2404 non
1264 2342 1607 2406 efﬁciamini
1636 2343 1956 2425 participes
1978 2346 2097 2407 dte-

440 2452 711 2496 monum.

1036 2519 1283 2586 CAPUT
1328 2520 1512 2585 XXII.

442 2610 812 2676 Constitutio
858 2610 1210 2684 Dominica,
1259 2613 1556 2694 quomodo
1584 2621 1858 2693 oporteat
1891 2615 2093 2694 bapti-

846 2709 1017 2767 zare,
1051 2698 1109 2754 et
1137 2694 1206 2753 in
1238 2693 1408 2771 cujus
1434 2700 1705 2757 mortem.

523 2782 607 2845 De
638 2782 931 2864 baptismo
957 2781 1475 2862 autem,episc0pe
1505 2791 1607 2844 aut
1637 2782 2093 2863 presbyter,jam

2724 1992 3112 2044 KE<I>AAAION
3161 1982 3293 2047 ω’.

2178 2076 2311 2134 "Ott
2364 2076 2476 2156 χρῆ
2533 2076 2745 2155 φεύγειν
2826 2076 2924 2143 τὴν
3007 2074 3115 2132 τῶν
3172 2073 3529 2132 εἰδωλοθύτων
3608 2079 3828 2156 βρῶσιν,

2260 2166 2393 2222 Ἀπὸ
2423 2164 2478 2222 δὲ
2508 2167 2615 2221 τῶν
2677 2163 3028 2221 εἰδωλοθύτων
3072 2166 3291 2243 φεύγετε
3327 2182 3339 2195 ⁶
3405 2165 3491 2222 ἐπὶ
3550 2175 3683 2244 τιμῇ
3731 2170 3832 2249 γὰρ

2178 2254 2441 2333 δαιμόνων
2473 2258 2651 2313 Θύουσι
2687 2262 2874 2312 ταῦτα·
2931 2254 3012 2334 ἐφ’
3064 2252 3207 2333 ὕϐρει
3265 2254 3474 2323 δηλαδὴ
3540 2266 3627 2315 τοῦ
3670 2259 3835 2334 μόνου

2182 2353 2313 2403 Θεοῦ
2340 2362 2352 2376 ⁸
2387 2344 2533 2410 ὅπως
2568 2346 2646 2421 μὴ
2670 2344 2892 2424 γένησθε
2923 2346 3165 2402 κοινωνοὶ
3192 2344 3482 2422 δαιμόνων.

2730 2530 3121 2582 ΚΕΦΑΛΑΙΟΝ
3168 2524 3297 2587 ΚΒ’.

2183 2614 2425 2681 Διάταξις
2461 2614 2729 2693 Κυριακὴ,
2780 2612 2927 2676 ὅπως
2956 2612 3086 2693 (44)
3118 2616 3229 2694 χρὴ
3263 2616 3564 2692 βαπτίζειν,
3617 2622 3704 2676 καὶ
3756 2621 3829 2684 είς

2726 2695 2817 2751 τὸν
2850 2694 2989 2757 τίνος
3033 2694 3255 2752 θάνατον
3268 2741 3279 2753 .

2262 2787 2385 2864 Περὶ
2443 2785 2498 2841 δὲ
2556 2785 2946 2862 βαπτίσματος,
3003 2786 3048 2837 ὦ
3104 2784 3360 2841 ἐπίσκοπε
3418 2785 3453 2854 ἢ
3487 2787 3831 2869 πρεσϐύτερε,

439 2872 681 2956 quidem
704 2880 886 2934 antea
911 2870 1355 2951 constituimus;
1389 2880 1449 2933 et
1472 2891 1629 2934 nunc
1647 2890 1785 2933 vero
1814 2873 2094 2953 dicimus,

2186 2874 2283 2944 ἤδη
2321 2876 2419 2952 μὲν
2478 2877 2565 2931 καὶ
2614 2874 2864 2954 πρότερον
2922 2871 3268 2948 διεταξάμεθα
3296 2891 3309 2905 ’
3347 2877 3433 2931 καὶ
3491 2884 3576 2932 νῦν
3634 2878 3687 2933 δέ
3719 2902 3829 2959 φα-

439 2961 598 3042 quod
623 2961 703 3025 ita
753 2960 1104 3042 baptizabis,
1155 2962 1305 3022 sicut
1332 2962 1621 3023 Dominus
1644 2961 1901 3043 injunxit
1925 2962 2118 3043 nobis,

2186 2989 2304 3041 μεν,
2337 2964 2417 3021 ὅτι
2452 2964 2590 3023 οὕτω
2620 2963 2930 3043 βαπτίσεις,
2957 2966 3028 3026 ὡς
3072 2965 3099 3017 ὃ
3131 2961 3322 3043 Κύριος
3355 2962 3621 3033 διετάξατο
3664 2968 3826 3043 ἡμῖν,

438 3026 669 3114 dicens:
698 3026 979 3124 «Euntes,
1011 3026 1220 3111 docete
1244 3069 1454 3111 omnes
1476 3026 2118 3132 gentesfbaptizantes‘

2186 3026 2352 3133 λέγων
2387 3073 2401 3087 ’
2439 3079 2467 3111 α
2520 3026 2860 3134 Πορευθέντες
2914 3026 3283 3129 μαθητεόσάτε
3328 3055 3501 3112 πάντα
3554 3026 3771 3124 15:30:41]
3812 3026 3825 3085 ἶ

436 3161 540 3205 eos
569 3141 631 3203 in
665 3140 909 3202 nomine
950 3141 1163 3213 Patris,
1196 3148 1253 3201 et
1284 3138 1444 3201 Filii.
1478 3148 1537 3202 et
1569 3139 1831 3221 Spiritus
1862 3142 2091 3222 sancti;

2186 3146 2519 3222 βαπτίζοντες
2552 3145 2736 3206 αὐτοὺς
2794 3145 2865 3205 εἰς
2918 3146 2977 3199 τὸ
3034 3140 3202 3219 ὄνομα
3234 3152 3323 3200 τοῦ
3357 3146 3585 3224 Πατρὸς,
3622 3150 3707 3204 καὶ
3738 3156 3832 3205 106

436 3232 723 3296 docentes
757 3248 861 3293 eos
891 3246 1134 3292 servare
1166 3230 1367 3291 omnia
1408 3248 1783 3311 quaecunque
1817 3229 2093 3293 mandavi

2186 3237 2326 3315 Υίοῦ,
2360 3237 2446 3291 καὶ
2497 3241 2589 3291 τοῦ
2646 3234 2796 3312 ἁγίου
2855 3233 3161 3308 Πνεύματος
3199 3256 3209 3267 ·
3257 3232 3593 3301 διδάσκοντες
3643 3241 3829 3303 αὖτοὺς

436 3319 720 3398 vobis“;
760 3344 781 3377 ι
824 3320 884 3381 in
916 3319 1161 3381 nomine
1200 3319 1413 3397 Patris,
1472 3320 1573 3401 qui
1608 3321 1815 3397 misit;
1848 3322 2091 3397 Christi,

2186 3338 2363 3403 τηρεῖν
2396 3325 2569 3381 πάντα
2627 3322 2725 3379 ὅσα
2772 3322 3120 3397 ἐνετειλάμην
3170 3325 3298 3399 ὑμῖν
3334 3339 3347 3353 ⁸
3392 3346 3415 3381 ιι
3454 3333 3545 3382 τοῦ
3575 3327 3833 3384 ἀποστεί-

438 3412 539 3494 qui
562 3411 765 3484 venit;
798 3410 1057 3491 Spiritus
1110 3409 1323 3485 sancti,
1366 3411 1467 3490 qui
1511 3410 1919 3473 testimonium
1953 3430 2095 3490 per-

2186 3414 2369 3477 λαντος
2402 3415 2607 3493 Πατρός
2644 3433 2655 3445 ·
2718 3420 2807 3469 τοῦ
2862 3410 3106 3477 ἐλθόντος
3142 3420 3363 3492 Χριστοῦ
3390 3433 3404 3447 ’
3435 3423 3527 3471 1'36
3556 3418 3834 3495 μαρτυρίι-

437 3502 652 3564 hibuit.
703 3498 903 3579 Unges
953 3508 1150 3561 autem
1204 3499 1371 3579 prius
1404 3501 1539 3561 oleo
1571 3509 1813 3575 sancto;
1876 3501 2096 3563 deinde

2186 3525 2367 3569 σαντος
2397 3502 2769 3581 Παρακλήτου.
2807 3504 3015 3580 Χρίσεις
3048 3501 3100 3558 δὲ
3161 3509 3372 3571 πρῶτον
3404 3504 3565 3579 ἐλαίῳ
3599 3524 3612 3537 ⁸
3650 3507 3833 3564 ἔπειτα

438 3588 764 3672 baptizabis
796 3607 969 3669 aqua;
995 3598 1053 3649 et
1076 3590 1316 3652 tandem
1370 3589 1637 3668 signabis
1663 3602 1963 3670 unguento
1991 3615 2004 3667 ;
2035 3601 2096 3652 ut

2186 3594 2448 3656 δαπτίσεις
2476 3591 2645 3672 ὕδατι,
2680 3594 2769 3649 καὶ
2797 3590 2934 3671 (45)
2969 3591 3280 3649 τελευταῖον
3314 3595 3619 3673 σφραγίσεις
3655 3598 3828 3675 μύρῳ’

439 3680 636 3742 oleum
698 3678 944 3760 quidem
994 3678 1070 3740 sit
1123 3678 1493 3759 participatio
1564 3679 1819 3761 Spiritus
1875 3680 2089 3755 sancti,

2186 3682 2267 3739 ἕνα
2294 3685 2355 3738 τὸ
2388 3683 2485 3757 μὲν
2511 3682 2720 3761 χρίσμα
2754 3682 2969 3761 μετοχὴ
3003 3680 3039 3756 ᾖ
3068 3689 3161 3738 106
3190 3682 3340 3760 ἁγίου
3401 3685 3730 3759 Πνεύματος,
3770 3690 3834 3742 τὸ

437 3786 590 3851 aqua
622 3787 758 3830 vero
808 3766 1141 3848 symbolum
1200 3769 1429 3843 mortis,
1479 3779 1845 3848 unguentum
1889 3782 2089 3833 autem

2186 3770 2397 3851 31:360.?
2452 3768 2719 3846 σύμϐολον
2779 3779 2870 3828 τοῦ
2924 3767 3174 3845 θανάτου,
3208 3772 3269 3829 τὸ
3299 3770 3353 3827 δέ
3386 3775 3547 3849 μόρον
3606 3777 3832 3855 σφραγὶς

438 3858 701 3938 sigillum
728 3856 1091 3939 pactionum.
1126 3856 1295 3929 Quod
1343 3859 1393 3919 si
1446 3878 1641 3939 neque
1682 3860 1876 3920 oleum
1911 3861 2087 3942 adsit,

2186 3869 2277 3918 τῶν
2308 3864 2605 3927 συνθηκῶν,
2658 3863 2713 3918 Ei
2759 3859 2814 3916 δὲ
2865 3862 3004 3935 μήτε
3032 3860 3210 3917 ἔλαιον
3239 3863 3297 3937 ᾗ,
3334 3862 3473 3937 μήτε
3507 3863 3694 3942 μόρον,
3728 3863 3831 3942 ἆρ-

440 3966 635 4030 neque
667 3953 1058 4026 unguentum,
1080 3947 1295 4009 sufﬁcit
1318 3966 1491 4028 aqua,
1527 3958 1583 4010 et
1609 3948 1681 4009 ad
1714 3949 2083 4026 unctionem,

2186 3965 2261 4008 ιετ
2291 3949 2453 4029 ὕδωρ,
2503 3952 2588 4006 καὶ
2633 3953 2764 4026 πρὸς
2797 3954 3001 4029 χρίσιν,
3050 3952 3138 4005 καὶ
3195 3953 3326 4028 πρὸς
3389 3951 3679 4031 σφραγῖδα,
3740 3972 3833 4009 καί

439 4047 498 4100 et
522 4037 595 4100 ad
618 4037 902 4118 sigillum,
938 4045 993 4098 et
1030 4037 1105 4098 ad
1137 4037 1580 4101 confessionem
1614 4039 1945 4113 morientis,
1982 4060 2087 4103 seu

438 4126 909 4190 commorientis.
969 4125 1259 4189 Caeterum
1313 4134 1450 4190 ante
1498 4126 1816 4209 baptisma,
1853 4130 2088 4209 jejunet

519 4258 642 4345 ‘fl.
677 4258 1143 4345 Pseudoflgnat.
1170 4261 1252 4345 ad
1284 4258 1512 4324 Heron.
1549 4282 1587 4325 ι.
1676 4263 1739 4314 ⁴5
1766 4266 1880 4328 Isa.
1912 4282 1954 4345 ι,
1996 4267 2087 4327 19.

436 4342 501 4395 48
548 4342 734 4404 Marc.
768 4358 868 4404 vn.
904 4340 983 4403 22
1064 4341 1125 4391 49
1155 4342 1306 4403 Gen.
1341 4360 1478 4418 xcv,
1519 4346 1611 4408 18.
1696 4346 1759 4397 50
1789 4340 1966 4409 Zach'.
2004 4364 2081 4416 tv.
2117 4348 2216 4411 l7.

436 4423 491 4469 ⁵³
522 4423 545 4484 ι
576 4422 715 4485 Cor.
744 4441 805 4496 ι,
840 4423 939 4486 20.
1024 4422 1080 4465 δι
1110 4424 1315 4485 Matth.
1353 4440 1564 4507 xxvm,
1590 4426 1691 4489 t9.

2171 4043 2299 4119 πρὸς
2332 4040 2618 4120 ὁμολογίαν
2647 4048 2740 4097 τοῦ
2772 4040 3151 4118 ἀποθανόντος,
3186 4038 3304 4107 ἤτοι
3351 4044 3827 4112 σοναποθνήσκον-

2170 4154 2281 4195 τος,
2318 4133 2424 4210 Πρὸ
2454 4129 2507 4186 δὲ
2540 4138 2630 4187 106
2674 4130 3039 4207 βαπτίσματος
3085 4127 3239 4210 (46),
3274 4131 3618 4197 νηστεοσάτω
3653 4134 3679 4187 ὁ
3714 4134 3824 4208 βα-

2173 4264 2413 4329 ιιϐϐοη.
2468 4281 2549 4327 IX.
2610 4264 2669 4340 3;
2736 4265 2909 4326 Deut.
2962 4281 3057 4333 xv,
3091 4261 3170 4324 23
3252 4264 3314 4313 47
3346 4264 3547 4327 Matth.
3585 4284 3683 4328 xv.
3722 4269 3818 4327 tt.

2305 4345 2360 4396 5*
2393 4344 2590 4423 Eccle.
2639 4361 2702 4420 ιι,
2754 4344 2854 4425 25,
2897 4344 2959 4406 in
2986 4342 3158 4407 LXX.
3193 4346 3253 4396 5⁸
3277 4343 3328 4409 II
3360 4344 3535 4409 Esdr.
3569 4363 3696 4423 VIII,
3726 4345 3819 4408 10.

1796 4505 2195 4573 VARIORUM
2240 4506 2489 4573 ΝΟΤιΕ.

519 4625 651 4704 (42)
684 4626 747 4684 Εἴ
769 4649 821 4707 τι
854 4629 1040 4701 καλὸν,
1078 4629 1256 4690 cat-3:06.
1296 4630 1538 4707 Corrige
1567 4647 1635 4690 ex
1658 4637 1773 4691 vet.
1803 4631 1938 4693 cod.
1963 4634 2085 4692 Ma-
2114 4640 2154 4687 ι)

439 4706 667 4787 ximum
716 4706 791 4767 ad
822 4715 999 4787 caput
1026 4707 1066 4769 2
1095 4707 1231 4769 libri
1284 4710 1373 4771 De
1414 4706 1645 4772 divinis
1682 4711 2036 4774 nominibus
2072 4733 2085 4775 :

440 4788 541 4870 ubi
564 4786 775 4848 vitiose
804 4786 916 4845 ἐστί
947 4788 1171 4870 ed_i_tum
1197 4797 1307 4865 est,
1346 4810 1453 4870 pro
1486 4793 1539 4846 εἴ
1570 4814 1641 4847 τι.
1688 4793 1827 4854 COT.

524 4868 642 4959 (43)
676 4875 953 4958 [ξαραινεϊ.
1014 4866 1153 4959 Haec
1207 4866 1416 4959 voxn'et
1441 4889 1641 4959 staqu
1667 4872 1738 4933 ad
1773 4873 1952 4934 ﬁnem
1987 4893 2089 4934 ca-

440 4947 573 5031 pitis
598 4947 840 5031 omissae
869 4960 1010 5012 sunt
1039 4949 1099 5009 in
1130 4950 1267 5031 cod.
1302 4947 1567 5013 Vindob:
1592 4947 1783 5015 CLsn.

550 5030 669 5115 4Q
710 5028 937 5115 ’ίΟπωεπ
972 5031 1129 5115 Ante
1159 5030 1313 5115 hanc
1345 5051 1544 5093 vocem
1607 5042 1694 5095 est
1740 5034 1801 5095 in
1836 5041 2089 5115 utroque

436 5107 573 5171 cod.
599 5107 946 5190 Vindobgn.
980 5113 1085 5190 τῶν
1130 5114 1248 5187 περὶ
1291 5116 1350 5168 τὸ
1395 5115 1701 5190 βάπτισμα.
1755 5118 1844 5177 ID.

543 5189 643 5270 45)
676 5190 798 5248 Καί.
831 5188 937 5270 Καὶ
966 5190 1028 5246 τό
1060 5189 1123 5251 in
1150 5191 1324 5252 Vind.
1352 5188 1489 5255 cad.
1515 5188 1699 5257 recte.
1732 5194 1816 5257 In.

535 5268 655 5355 ‘6)
706 5272 815 5349 Πρὸ
876 5268 932 5355 δὲ
1006 5272 1124 5355 τοῦ·
1183 5273 1572 5355 βαπτίσματος,
1656 5278 2001 5355 νηστεοσάτω
2062 5278 2088 5331 ὅ

430 5349 848 5436 βαπτιζόμενος.
879 5349 1315 5436 Antiquissima
1352 5349 1747 5436 censuetudo,
1783 5375 1818 5417 a
1848 5354 2085 5417 Justino

432 5428 699 5516 martyre
718 5428 1187 5516 etTertulliano,
1211 5432 1473 5516 indeque
1494 5454 1528 5516 a
1552 5428 1823 5516 pluribus
1853 5455 2082 5496 metuo-

436 5509 704 5603 ra_ta_;'qui
726 5509 782 5572 ei
802 5519 938 5573 ante
960 5510 1321 5603 baptismum
1339 5509 1574 5603 jejunio
1597 5517 1908 5603 assignant
1926 5517 2084 5603 diem

430 5593 523 5677 vel
557 5592 845 5677 triduum,
873 5592 1053 5677 unam
1087 5594 1175 5657 vel
1198 5592 1354 5657 duas
1370 5592 1801 5677 hebdomadas,
1830 5596 2088 5677 quadra-

2296 4629 2379 4692 Et
2406 4629 2625 4692 devota
2650 4629 2746 4709 pii
2766 4627 3071 4691 celebrant
3084 4629 3327 4708 jejunio
3355 4636 3590 4709 mystas.

2295 4711 2377 4773 At
2400 4716 2839 4785 nos,wternum
2863 4709 3210 4771 cohibentes
3226 4716 3469 4789 pectore
3490 4709 3736 4787 cultum,

2296 4789 2807 4853 Intemeratorum
2864 4792 2992 4851 vim
3020 4791 3447 4853 continuamus
3478 4792 3777 4853 honorum
3806 4811 3827 4868 ;

2177 4871 2235 4931 in
2259 4870 2478 4952 quibus
2498 4886 2606 4951 per
2640 4878 2857 4952 mystas
2878 4870 3223 4952 intelligunt
3248 4872 3741 4951 catechumenos,
3768 4881 3827 4933 et

2178 4949 2293 5013 nos
2317 4959 2451 5033 post
2500 4949 2857 5033 particulam
2884 4949 3364 5033 adversativam,
3400 4952 3703 5033 inquiunt,
3729 4949 3825 5033 "at,

2175 5030 2590 5113 exponuntde
2621 5030 2956 5111 baptizatis.
2988 5032 3181 5103 Quam
3212 5050 3354 5113 vere
3384 5030 3532 5105 haec,
3556 5030 3825 5113 aliorum

2173 5123 2299 5173 esto
2328 5112 2643 5191 judicium.
2678 5114 2854 5175 Certe
2888 5131 3021 5173 cum
3059 5112 3342 5193 Paschale
3367 5112 3671 5193 jejunium
3707 5132 3828 5175 non

2173 5193 2319 5254 solis
2341 5194 2653 5254 conveniat
2689 5191 3279 5272 catechumenis,nec
3310 5191 3457 5254 solis
3488 5193 3821 5256 sacerdoti-

2174 5273 2284 5335 bus
2311 5282 2411 5335 aut
2432 5273 2691 5348 clericis,
2718 5273 2831 5355 sed,
2856 5274 2927 5335 ad
2962 5282 3218 5347 cunctos
3240 5274 3451 5336 fideles
3486 5274 3822 5355 pertineat;

2172 5372 2305 5436 cum
2328 5362 2531 5433 mysta
2548 5352 2835 5436 appellari
2858 5355 3096 5436 soleant
3106 5362 3227 5416 tum
3243 5355 3346 5435 qui
3360 5352 3824 5429 initiantur,tum

2171 5433 2412 5515 initiati,
2478 5433 3027 5515 tuni'initiatores,
3082 5434 3198 5495 hoc
3244 5433 3337 5498 est
3382 5436 3825 5511 catechumeni,

2171 5513 2518 5598 Christiani,
2555 5525 2612 5598 et
2634 5514 2863 5589 clerici;
2891 5513 3149 5598 cumque
3200 5524 3266 5577 at
3298 5537 3416 5578 non
3439 5536 3681 5598 semper
3711 5536 3827 5597 op-

2172 5604 2374 5681 ponat,
2407 5597 2710 5681 interdum
2756 5597 3193 5681 veroalﬁrmet,
3231 5598 3530 5679 esplanet,
3558 5597 3825 5681 Copulet,

475 5675 599 5736 inta
628 5680 727 5733 aut
760 5673 963 5753 plures
992 5672 1172 5757 dies;
1227 5694 1333 5755 pro
1384 5676 1727 5758 prudentia,
1776 5672 2077 5752 videlicet,
2164 5672 2496 5752 continuet,
2535 5678 2818 5761 idemque
2862 5678 2940 5742 sit
2983 5697 3052 5739 ac
3102 5672 3333 5754 verum,
3368 5672 3549 5757 atque
3602 5672 3664 5741 at
3712 5672 3825 5754 ui}

429 5693 861 5818 gautizantium
884 5772 952 5817 ac
973 5755 1092 5817 ﬁde
1116 5756 1634 5818 bantizandorum.
1669 5768 1727 5818 et
1752 5758 2082 5818 secundum
2175 5758 2493 5818 verisimile
2522 5760 2609 5818 ﬁt.
2646 5770 2899 5818 uuatuor
2944 5760 3157 5818 allatos
3202 5776 3406 5818 versus
3447 5761 3525 5818 de
3548 5698 3825 5818 ﬁdeilibus

474 5752 952 5840 aptizantiUm_ac
973 5755 1094 5840 ﬁde
1116 5752 1634 5840 baptizari-dorum,
1669 5768 1727 5821 et
1752 5758 2082 5823 secundum

428 5833 625 5919 varios
654 5853 820 5919 usus.
852 5833 936 5899 Eo
988 5833 1235 5901 trahunt
1267 5838 1577 5919 multijuga
1606 5833 1944 5905 eruditione
1976 5858 2083 5901 ce-

432 5915 629 5983 lebres
653 5915 764 5978 viri
792 5933 1004 5981 versus
1032 5918 1356 5983 Paschales
1377 5915 1624 5982 Ausonii
1660 5942 1673 5984 :

549 5998 776 6065 Sancta
793 5999 1115 6081 satutiferi
1131 5999 1384 6065 redeunt
1413 6002 1711 6067 solemnia
1741 6001 1999 6081 Christi,

2175 5758 2493 5841 verisimile
2522 5760 2611 5841 ﬁt,
2646 5758 2899 5839 quatuor
2944 5760 3157 5841 allatos
3202 5776 3406 5823 versus
3447 5761 3525 5823 de
3548 5758 3833 5823 ﬁdelibus

2171 5838 2465 5922 universis
2504 5838 2694 5922 accipi
2748 5842 2995 5922 debere,
3050 5840 3396 5903 nullatenus
3426 5842 3502 5905 tle
3534 5843 3829 5905 catechu-

2171 5920 2389 5998 menis,
2424 5939 2535 5983 nec
2568 5920 2654 5986 de
2676 5922 2938 5988 clericis.
2976 5920 3118 5987 Cor.
