4134 6432
438 306 592 374 101³7

1261 306 1919 373 CONSTITUTIONES
1961 304 2469 371 APOSTOLICIE.
2517 340 2590 353 -
2640 310 2786 373 LIB.
2837 307 2969 373 VII.
3054 330 3057 331 '

3654 302 3814 375 1018

434 445 583 518 ζωῆς
634 446 710 514 ἧς
780 446 1074 526 ἆγνώρισας
1123 447 1260 521 ἡμῖν
1316 444 1401 503 διά
1421 445 1602 515 Ἰησοῦ
1630 452 1722 505 τοῦ
1743 443 1934 510 Παιδός
1969 457 2084 504 σου⁰

2174 457 2279 521 pro
2313 439 2425 504 vita
2454 461 2630 525 quam
2664 443 3024 508 manifestati
3049 444 3225 508 nobis
3245 442 3560 528 perJesum
3592 444 3809 509 Filium

438 533 505 591 δι’
567 542 627 595 οὔ
690 537 780 593 καὶ
836 536 903 593 τὰ
940 536 1147 593 ”πάντα
1199 537 1481 611 ἐποίησας,
1516 537 1604 593 καὶ
1646 538 1750 594 τῶν
1773 536 1913 593 ὅλων
1946 558 2081 615 προ-

436 638 605 689 νοεῖς·
664 627 722 683 δν
782 626 869 683 καὶ
927 624 1248 690 ἀπέστειλας
1322 628 1439 705 περὶ
1508 625 1640 705 (58)
1712 629 1947 706 σωτηρίᾳ
2016 632 2083 701 τῇ

435 716 673 795 ἡμετέρᾳ
719 716 959 795 γενέσθαι
1035 714 1329 795 ἄνθρωπον·
1400 715 1456 773 ὅν
1516 718 1601 773 καὶ
1698 719 2082 797 συνεχώρησας

434 810 627 864 παθεῖν
684 808 773 863 καὶ
823 808 1133 863 ἀποθανεῖν·
1182 805 1242 861 ὅν
1282 808 1371 864 καὶ
1428 807 1731 877 ἀναστήσας
1789 805 2079 874 εὒδόκησας

433 893 671 970 δοξάσαι,
732 897 819 953 καὶ
878 896 1122 961 ἑκάθισας
1178 895 1239 952 ἐκ
1294 895 1477 962 δεξιῶν
1553 916 1673 953 σου·
1753 894 1823 952 δι’
1875 898 1936 952 οὗ
1992 898 2080 952 καὶ

434 984 744 1065 ἐπηγγείλω
773 987 913 1060 ἡμῖν
982 986 1080 1053 τὴν
1139 983 1428 1043 ἀνάστασιδ
1457 990 1562 1043 τῶν
1591 993 1811 1059 νεκρῶν,
1846 988 1943 1058 Σὺ,
1973 986 2078 1042 Δέο·

436 1097 608 1134 exstat
668 1076 1062 1155 παντόκρατορ,
1125 1075 1224 1132 Θεὲ
1265 1075 1468 1133 αίώνιε·
1546 1076 1728 1155 ὣσπερ
1785 1080 1851 1145 ἦν
1921 1075 2078 1134 τοῦτο

435 1166 930 1247 διεσκορπισμὲνον,
983 1169 1072 1225 καὶ
1158 1168 1415 1249 συνοχθὲν
1467 1168 1677 1247 ἐγένετο
1736 1170 1823 1232 εἷς
1896 1166 2076 1247 ἄρτος,

436 1256 573 1315 οὕτω
627 1259 891 1338 συνάγαγέ
943 1280 1038 1315 σου
1066 1258 1167 1325 τὴν
1199 1256 1524 1325 Ἐκκλησίαν
1548 1260 1655 1316 ἀπὸ
1682 1266 1788 1315 τῶν
1838 1256 2082 1337 περάτων

435 1354 533 1416 τῆς
602 1350 701 1429 γῆς
736 1350 811 1411 εἷς
842 1349 941 1416 τὴν
968 1348 1101 1429 (59)
1133 1347 1433 1425 βασιλείαν.
1464 1346 1598 1406 ’Ἔτι
1635 1350 2075 1430 εὐχαριστοῦμεν,

437 1439 609 1517 Πάτερ
652 1441 833 1515 ἡμῶν,
886 1437 1015 1516 ὑπὲρ
1045 1446 1139 1496 τοῦ
1167 1438 1343 1514 τιμίου
1376 1438 1610 1515 αἵματος
1641 1438 1819 1507 ἰησοῠ
1850 1445 2081 1517 Χριστοῦ

435 1536 525 1585 τοῦ
610 1527 928 1610 ὶκχυθέντος
958 1528 1087 1607 ὑπὲρ
1130 1530 1309 1603 ἡμῶν·
1373 1530 1462 1585 καὶ
1489 1536 1580 1586 τεῦ
1637 1529 1818 1605 τιμίου
1885 1530 2079 1605 σώμα-

437 1634 548 1682 τος·
607 1622 667 1675 οὗ
722 1621 809 1675 καὶ
858 1620 1111 1676 ἀντίτυπα
1170 1628 1335 1677 ταῦτα
1361 1618 1733 1700 επιτελοῠμεν,
1768 1620 1926 1677 αὐτοῦ
1962 1617 2083 1674 δια-

437 1708 728 1785 ταξαμένου
770 1711 907 1783 ἡμῖν
992 1706 1381 1788 καταγγέλλειν
1458 1711 1549 1766 τὸν
1607 1714 1766 1769 αὐτοῦ
1835 1710 2079 1766 Θάνατον·

2168 538 2332 592 tuum
2362 552 2378 608 ;
2412 550 2523 613 per
2547 552 2725 615 quem
2758 543 2879 596 tum
2930 534 3131 599 omnia
3183 535 3421 609 creasti,
3484 542 3607 598 tum
3668 534 3811 599 uni-

2165 619 2355 684 versis
2375 624 2653 702 provides
2685 644 2701 704 ;
2733 642 2912 705 quem
2944 632 3004 687 et
3034 625 3266 699 misisti,
3320 634 3384 686 ut
3424 625 3497 686 ad
3556 624 3808 688 'salutem

2168 718 2429 772 nostram
2456 711 2635 773 homo
2665 712 2879 787 ﬁeret;
2913 732 3091 796 quem
3123 714 3302 777 etiam
3330 714 3653 795 permisisti
3688 714 3810 795 pati

2166 808 2224 861 et
2257 800 2415 863 mori
2447 820 2462 877 ;
2487 819 2663 882 quem
2693 811 2752 865 et
2779 803 3149 865 resnscitans
3176 803 3513 883 gloriﬁcare
3542 804 3803 880 voluisti,

2166 897 2225 951 et
2252 889 2467 953 sedere
2490 890 2678 954 fecisti
2706 892 2776 954 ad
2804 892 3108 956 dexteram
3136 902 3294 955 tuam
3331 915 3344 958 :
3380 911 3489 975 per
3537 912 3716 975 quem
3744 901 3809 956 et

2166 978 2487 1059 promisisti
2520 981 2692 1045 nobis
2726 982 3231 1045 resurrectionem
3266 992 3659 1048 mortuorum.
3692 982 3803 1059 Tu,

2165 1069 2418 1133 Domine
2470 1071 2875 1153 omnipotens,
2913 1074 3073 1135 Deus
3103 1080 3327 1136 interno
3359 1094 3372 1134 :
3409 1073 3805 1155 quemadmo—

2166 1161 2304 1223 dum
2340 1160 2453 1221 hoc
2485 1170 2610 1223 erat
2663 1161 3023 1243 dispersum,
3059 1171 3118 1226 et
3148 1180 3280 1224 cum
3313 1162 3424 1225 fuit
3474 1181 3806 1243 congrega-

2170 1259 2315 1324 tum,
2350 1250 2538 1313 factus
2570 1262 2659 1315 est
2676 1270 2828 1315 unus
2852 1253 3043 1333 panis,
3063 1252 3145 1315 ita
3166 1272 3459 1335 congrege
3479 1253 3807 1317 Ecclesiam

2168 1348 2325 1402 tuam
2354 1359 2387 1402 a
2419 1340 2638 1404 ﬁnibus
2672 1351 2847 1405 terrae
2880 1343 2940 1405 in
2985 1350 3264 1422 regnum.
3325 1344 3538 1407 Adhuc
3594 1342 3814 1424 gratias

2166 1429 2420 1510 agimus.
2496 1429 2673 1494 Pater
2750 1440 2975 1513 noster,
3047 1450 3154 1513 pro
3210 1432 3472 1515 pretioso
3528 1438 3817 1513 sanguine

2164 1519 2306 1584 Jesu
2366 1519 2581 1583 Christi
2607 1521 2795 1583 effuso
2820 1529 3024 1585 nostra
3053 1541 3230 1585 causa
3263 1542 3279 1600 ;
3315 1533 3376 1585 et
3412 1540 3518 1605 pro
3551 1522 3815 1605 pretioso

2170 1627 2445 1692 corpore,
2486 1612 2658 1693 cujus
2688 1623 2743 1673 et
2774 1612 2899 1674 haec
2929 1614 3196 1695 antitypa
3226 1612 3628 1687 celebramus,
3660 1630 3814 1689 _cum

2170 1701 2301 1782 ipse
2324 1700 2499 1762 nobis
2554 1702 2931 1766 constituerit
2963 1711 3213 1766 mortem
3245 1704 3406 1765 illius
3462 1701 3818 1765 annuntiare

437 1794 504 1851 δι’
536 1797 695 1855 αὖτοῦ
724 1797 823 1877 γάρ
852 1820 934 1855 σοι
964 1797 1075 1854 καὶ⁶
1104 1800 1137 1865 ἡ
1169 1796 1317 1867 δόξα,
1353 1799 1427 1863 εἷς
1458 1799 1582 1864 τοὺς
1635 1801 1855 1863 αἰῶνας.
1880 1798 2082 1875 Ἀμήν.

2175 1789 2247 1855 '“z
2280 1809 2384 1871 per
2408 1791 2603 1874 ipsum
2639 1793 2799 1854 enim
2836 1792 2935 1855 tibi
2967 1792 3157 1873 gloria
3210 1795 3269 1856 in
3324 1793 3563 1855 sarcula.
3596 1794 3813 1854 Amen.

440 1883 633 1953 Μηδεὶς
691 1885 745 1943 δὲ
778 1886 995 1944 ἂσθιὲτω
1050 1886 1101 1953 ἐξ
1178 1889 1372 1966 αὑτῶν,
1451 1894 1557 1944 τῶν
1615 1889 1894 1965 ἀμυήτων
1951 1887 2087 1946 ἀλλὰ

441 1976 591 2050 μόνοι
649 1978 696 2033 οἱ
752 1974 1169 2054 βεϐαπτισμένοι
1237 1979 1309 2042 είς
1368 1979 1458 2034 ⁶ιὸν
1488 1986 1585 2035 τοῦ
1618 1982 1805 2057 Κυρίου
1835 1980 2081 2038 θάνατον.

438 2066 496 2122 EI
551 2064 605 2121 δέ
664 2088 744 2130 τις
804 2067 1044 2142 ἀμύητος
1087 2068 1287 2146 κρύψος
1317 2068 1502 2126 ἑαυτὸν
1551 2066 1853 2146 μεταλάϐῃ,
1917 2082 2086 2148 κρῖμα

434 2156 647 2213 αἰώνιον
704 2158 951 2238 φάγεται’
989 2156 1071 2214 ὅτι
1102 2160 1181 2233 μὴ
1212 2157 1285 2214 ὥν
1316 2158 1417 2224 τῆς
1451 2160 1524 2222 εἰς
1576 2160 1802 2216 Χοιστὸν
1833 2160 2085 2244 πίστεως,

314 2246 325 2256 ’
433 2243 722 2318 μετέλαϐεν
754 2246 828 2302 ὦν
892 2247 951 2304 οὒ
1020 2246 1194 2325 θέμις,
1244 2247 1319 2309 εἰς
1369 2246 1625 2326 τιμωρίαν
1658 2247 1865 2308 ἑαυτοῦ.
1920 2249 1977 2306 Εἰ
2033 2243 2087 2304 δέ

432 2355 513 2396 τις
588 2336 726 2392 κατὰ
803 2335 1020 2414 ἄγνοιαν
1084 2333 1378 2412 μεταλάϐοι
1444 2334 1592 2417 (60),
1652 2344 1839 2395 τοῦτον
1894 2338 2086 2419 τάχιον

433 2427 885 2504 στοιχειώσαντες
956 2427 1220 2506 μυήσατε,
1294 2425 1438 2492 ὅπως
1520 2428 1596 2503 μὴ
1681 2428 2089 2507 καταφρονητὴς

436 2512 656 2579 ἒξὲλθοι,

962 2703 1349 2756 ΚΕΦΑΛΑΙΟΝ
1395 2696 1549 2771 κζ’.

726 2787 1050 2866 Εὐχαριστία
1080 2787 1167 2843 ἐπὶ
1216 2793 1284 2863 τῇ
1313 2788 1425 2860 Θείᾳ
1470 2787 1797 2864 μεταλήψει.

520 2876 665 2932 Μετὰ
721 2873 775 2930 δὲ
838 2876 930 2943 τὴν
980 2875 1311 2951 μετάληψιν,
1385 2876 1554 2942 οὕτως
1631 2880 2081 2958 εἰιχιίιριστήσατε⁹

438 2964 872 3046 Εὖχαριστοῦμὲν
926 2986 1031 3041 σοι,
1096 2968 1124 3022 ὸ
1184 2968 1314 3029 Θεὸς
1376 2968 1462 3023 καὶ
1514 2968 1691 3045 Πατὴρ
1748 2966 1925 3035 Ἰησοῦ
1995 2977 2087 3026 τοῦ

2173 1880 2390 1944 Nullus
2416 1899 2592 1963 porro
2615 1901 2691 1945 ex
2722 1882 2798 1946 iis
2828 1882 2928 1965 qui
2983 1883 3196 1947 initiati
3253 1901 3358 1947 seu
3394 1882 3665 1965 baptizati
3697 1899 3817 1943 non

2172 1978 2331 2047 sunt,
2365 1988 2436 2033 ex
2469 1972 2553 2033 eis
2596 1972 2922 2051 comedat;
2985 1973 3089 2036 sed
3136 1972 3247 2036 soli
3298 1973 3340 2036 ii
3390 1976 3493 2051 qui
3548 1970 3819 2053 baptizati

2172 2060 2413 2123 fuerunt
2442 2062 2503 2123 in
2536 2061 2773 2126 Domini
2805 2071 3082 2126 mortem.
3119 2064 3181 2126 Si
3215 2064 3347 2145 quis
3376 2080 3517 2125 vero
3548 2081 3668 2125 non
3694 2061 3812 2124 ini-

2173 2150 2369 2226 tiatus,
2398 2151 2677 2213 celaverit
2705 2169 2770 2213 se
2802 2152 3020 2232 ipsum,
3045 2160 3101 2215 et
3131 2153 3219 2214 sic
3233 2150 3769 2215 communicaverit
3796 2172 3812 2229 ;

2163 2240 2461 2321 judicium
2495 2249 2780 2304 aeternum
2816 2241 3199 2305 manducabit
3227 2240 3282 2286 ’⁷³
3313 2263 3328 2324 ;
3364 2241 3521 2324 quod
3556 2259 3676 2304 non
3694 2240 3807 2303 ad-

2174 2329 2377 2393 dictus
2438 2330 2575 2393 ﬁdei
2634 2331 2695 2393 in
2754 2331 3076 2408 Christum,
3136 2350 3269 2414 quae
3350 2332 3436 2394 fas
3496 2349 3612 2393 non
3690 2339 3819 2395 erat

2171 2420 2445 2501 sumpsit,
2483 2420 2542 2481 in
2576 2419 2932 2502 supplicium
2968 2440 3166 2484 suum.
3201 2419 3262 2486 Si
3289 2422 3423 2504 quis
3477 2429 3674 2484 autem
3709 2438 3820 2502 per

2171 2510 2565 2589 ignorantiam
2593 2511 3053 2592 participaverit,
3086 2511 3243 2573 hunc
3270 2511 3385 2573 cito
3417 2509 3722 2592 instruite,
3747 2528 3817 2572 ac

2172 2598 2467 2681 baptismo
2490 2601 2743 2677 initiate,
2774 2619 2851 2662 ne
2881 2609 3254 2682 contemptor
3283 2610 3473 2663 exeat.

2735 2688 2977 2754 CAPUT
3032 2689 3246 2755 XXVI.

2254 2781 2330 2846 Gl
2346 2782 2609 2844 aliarum
2652 2783 2809 2844 actio
2831 2799 3014 2860 super
3043 2781 3256 2844 divina
3277 2781 3735 2846 communione.

2251 2871 2390 2934 Post
2409 2870 2893 2934 communionem
2926 2871 3187 2943 vero,sic
3218 2871 3442 2949 gratias
3463 2870 3640 2949 agite:
3663 2869 3818 2933 Gra—

2172 2961 2282 3024 tias
2314 2962 2543 3042 agimus
2576 2960 2707 3036 tibi,
2764 2963 2925 3024 Deus
2983 2969 3040 3023 et
3071 2959 3249 3023 Pater
3305 2959 3448 3025 Jesu
3498 2960 3822 3023 Salvatoris

440 3060 689 3133 Σωτῆρος
753 3058 932 3131 ἡμῶν,
990 3056 1120 3134 ὑπὲρ
1173 3059 1265 3113 τοῦ
1296 3058 1445 3133 ἁγίου
1478 3058 1741 3133 ὀνόματός
1774 3055 1827 3099 ⁷³
1874 3081 1991 3139 σου,
2026 3062 2084 3115 0-5

2172 3052 2379 3125 nostri,
2415 3069 2521 3131 pro
2550 3063 2755 3112 sancto
2787 3050 3032 3113 nomine
3066 3059 3191 3126 tuo,
3218 3052 3373 3131 quod
3435 3050 3704 3113 habitare
3733 3050 3819 3112 fe-

437 3148 851 3217 κατεσκῆνωσας
902 3146 958 3201 ἐν
1026 3148 1187 3222 ἡμῖν·
1249 3147 1337 3203 καὶ
1392 3147 1521 3224 ὑπὲρ
1550 3148 1646 3215 τῆς
1679 3149 1953 3226 γνώσεως,
1988 3150 2081 3205 καί

437 3237 693 3316 πίστεως,
735 3236 823 3293 καὶ
882 3236 1123 3315 ἀγάπης,
1202 3238 1290 3294 καὶ
1346 3236 1652 3300 ἀϐανασίας³
1728 3238 1795 3306 ἧς
1880 3236 2079 3301 ἔδωκας

436 3327 572 3393 ἡμῖν
620 3325 703 3383 διὰ
734 3324 912 3393 Ἰησοῦ
969 3326 1060 3383 τοῦ
1088 3324 1280 3390 Παιδός
1313 3348 1431 3386 σου.
1466 3329 1561 3398 Σὺ,
1601 3327 1845 3384 Δέσποτα
1874 3328 2081 3383 παντό-

435 3436 648 3493 κρατορ,
711 3418 739 3472 ὁ
780 3416 909 3479 Θεὸς
965 3420 1071 3472 τῶν
1100 3414 1259 3488 ὅλων,
1291 3416 1507 3481 ἔκτισας
1553 3414 1685 3496 (61)
1729 3418 1817 3473 τὸν
1849 3417 2078 3494 κόσμον,

436 3508 523 3561 καὶ
579 3506 645 3562 τὰ
701 3504 755 3561 ἐν
788 3507 953 3587 αύτῷ,
984 3503 1052 3562 δι’
1084 3506 1261 3562 αὐτού·
1299 3507 1384 3562 καὶ
1415 3507 1579 3581 νόμον
1603 3508 1994 3587 κατεφὺτευσας
2026 3509 2083 3565 ἂν

437 3608 559 3660 ταῖς
611 3600 819 3676 ψυχαῖς
868 3598 1045 3671 ἡμῶν·
1075 3597 1165 3653 καὶ
1194 3597 1260 3652 τὰ
1293 3598 1423 3675 πρὸς
1454 3596 1761 3672 μετάληψιν
1805 3598 2084 3676 προευτρὲ-

440 3708 596 3751 πισας
649 3686 772 3767 (62)
833 3686 1152 3765 ἀνθρώποις.
1184 3685 1244 3744 ³0
1291 3689 1418 3752 Θεὸς
1449 3693 1554 3743 τῶν
1585 3686 1751 3765 ἁγίων
1782 3688 1867 3743 καὶ
1898 3688 2082 3763 ἀμέμ-

438 3797 584 3833 πτων
606 3775 849 3855 πατέρων
880 3778 1058 3851 ἡμῶν,
1093 3774 1359 3853 Ἀϐραὰμ,
1393 3778 1480 3833 καὶ
1510 3777 1717 3851 Ἰσαὰκ,
1745 3779 1833 3834 καὶ
1862 3774 2080 3857 Ἰακὼϐ,

438 3865 544 3923 τῶν
575 3870 778 3923 πιστῶν
833 3864 1032 3923 δούλων
1093 3889 1207 3925 σου.
1245 3866 1303 3925 ’0
1345 3866 1557 3932 δυνατὸς
1618 3869 1769 3944 Θεὸς,
1818 3870 1845 3924 ὁ
1898 3870 2085 3931 πιστὸς

438 3956 527 4011 καὶ
582 3954 858 4029 ἀληθινὸς,
922 3957 1009 4013 καὶ
1066 3955 1299 4033 ἀψευδὴς
1360 3955 1415 4012 ἐν
1460 3970 1586 4020 ταῖς
1634 3956 1999 4036 ἐπαγγελίαις·
2061 3962 2087 4015 ὁ

438 4043 761 4107 ἀποστείλας
804 4047 892 4101 επὶ
919 4051 1018 4123 γῆς
1052 4045 1257 4114 ἰησοῦν
1287 4049 1375 4105 τὸν
1433 4049 1659 4125 Χριστόν
1718 4069 1833 4123 σου,
1887 4048 2085 4127 ἀνθρώ·

440 4157 560 4201 ποις
619 4141 1111 4216 συναναστραφῆναι
1142 4140 1215 4202 ὡς
1246 4136 1545 4217 ἄνθρωπον,
1578 4138 1708 4193 Θεὸν
1755 4135 1880 4194 ὄντα
1912 4140 2083 4216 Λόγον

437 4226 525 4282 καὶ
584 4224 879 4304 ἄνθρωπον,
943 4228 1030 4283 καὶ
1099 4228 1197 4295 τὴν
1256 4226 1465 4294 πλάνην
1513 4224 1787 4304 πρόῤῥιζον
1844 4227 2079 4285 ἀνελεῖν·

440 4317 605 4381 Λύτὸς
654 4316 745 4371 καὶ
803 4326 889 4375 νῦν
948 4315 1017 4372 δι’
1089 4320 1247 4375 αὐτοῦ
1307 4319 1570 4392 μνήσθητι
1641 4321 1737 4383 τῆς
1789 4318 1941 4395 ἁγίας
1988 4342 2081 4377 σου

436 4401 761 4474 Ἐκκλησίας
821 4406 1046 4480 ταύτης,
1079 4406 1144 4475 ἢν
1175 4408 1546 4484 περιεποιήσω
1574 4412 1651 4479 τῷ
1681 4406 1841 4481 τιμίῳ
1888 4407 2081 4484 αἵματι

2169 3141 2301 3204 cisti
2328 3142 2387 3202 in
2415 3139 2618 3216 nobis;
2652 3149 2708 3201 et
2734 3158 2840 3221 pro
2864 3139 3232 3219 cognitione,
3266 3139 3407 3214 ﬁde,
3443 3139 3730 3202 charitate
3758 3146 3818 3202 et

2168 3230 2615 3293 immortalitate
2645 3247 2776 3312 quas
2806 3229 3023 3292 dedisti
3052 3230 3227 3292 nobis
3260 3248 3371 3310 per
3390 3227 3816 3293 JesumFilium

2169 3320 2737 3393 tuum.Tu,Domine
2756 3319 3167 3399 omnipotens,
3194 3318 3351 3382 Deus
3377 3323 3817 3399 universorum,

2167 3410 2379 3472 creasti
2396 3408 2680 3471 mundum
2699 3417 2757 3471 et
2777 3424 2910 3489 qua;
2932 3416 3069 3470 sunt
3089 3410 3147 3470 in
3172 3427 3265 3481 eo,
3287 3425 3395 3488 per
3420 3407 3820 3488 ipsum;etle-

2168 3518 2300 3580 gem
2334 3498 2599 3562 insevisti
2620 3498 2679 3559 in
2711 3498 3032 3561 animabus
3059 3495 3560 3575 nostris;etvictui
3584 3514 3821 3560 accom-

2170 3588 2343 3652 moda
2378 3589 2718 3670 praeparasti
2753 3587 3121 3652 hominibus.
3160 3590 3318 3651 Deus
3376 3594 3718 3649 sanctorum
3760 3594 3817 3649 et

2166 3679 2606 3761 inculpatorum
2641 3686 2872 3758 patrum
2899 3676 3598 3759 nostrorum,Abrahami
3631 3674 3816 3739 Isaaci

2170 3779 2229 3832 et
2250 3766 2757 3849 Jacobi,ﬁdelium
2783 3784 3091 3829 servorum
3127 3766 3557 3829 tuorum.Deus
3582 3774 3813 3847 potens,

2171 3860 2367 3922 ﬁdelis
2398 3866 2456 3920 et
2484 3875 2688 3938 verax,
2724 3865 2783 3920 et
2821 3857 2880 3918 in
2915 3856 3231 3938 promissis
3263 3875 3380 3919 non
3409 3855 3689 3929 mendax;
3722 3854 3825 3932 qui

2173 3949 2385 4012 misisti
2414 3949 2475 4009 in
2506 3956 2727 4009 terram
2779 3949 2984 4008 Jesum
3031 3948 3330 4009 Christum
3364 3955 3559 4026 tuum,
3592 3954 3655 4006 ut
3685 3963 3821 4007 cum

2170 4038 2517 4103 hominibus
2546 4044 3005 4100 conversaretur
3029 4047 3309 4118 tanquam
3333 4036 3536 4109 homo,
3573 4052 3707 4096 cum
3740 4034 3825 4097 sit

2170 4138 2229 4193 et
2257 4129 2419 4191 Deus
2437 4126 2729 4207 Verbum,
2754 4143 2810 4199 ei
2837 4127 3225 4206 homo,utque
3251 4142 3518 4188 errorem
3542 4124 3827 4186 radicitus

2171 4218 2473 4283 evelleret.
2507 4215 2642 4297 Ipse
2674 4223 2733 4278 et
2754 4234 2913 4278 nunc
2946 4232 3054 4295 per
3086 4234 3221 4278 eum
3249 4222 3553 4277 memento
3575 4211 3827 4293 hujusce

2167 4315 2387 4372 sancta
2432 4305 2716 4370 Ecclesia
2767 4315 2907 4381 tuae,
2954 4324 3130 4386 quam
3182 4303 3519 4387 acquisiisti‘
3562 4303 3823 4385 pretioso

2107 4379 2149 4430 θ
2166 4397 2455 4478 sanguine
2486 4394 2709 4460 Christi
2745 4394 2833 4456 tui
2860 4379 2901 4474 ,⁷
2929 4379 3108 4476 atque
3138 4379 3291 4458 eam'
3316 4392 3391 4456 ab
3449 4379 3613 4455 omni
3666 4391 3821 4454 malo

511 4546 563 4597 74
597 4546 780 4613 ICor.
812 4565 896 4629 XI,
922 4547 1023 4613 26.
1110 4545 1165 4590 ⁷⁸
1195 4546 1319 4610 Ibid
1359 4587 1379 4621 ,
1414 4547 1513 4611 29.
1602 4545 1656 4590 ’⁷³
1692 4549 1872 4611 Deest
1896 4549 1954 4611 in
1980 4552 2096 4614 alio
2142 4548 2370 4617 codice.

1762 4691 2166 4760 VARIORUM
2210 4686 2453 4757 NOTIE.

518 4827 644 4909 (58)
675 4832 800 4907 Περί
829 4831 952 4888 Ἐπί
1000 4830 1229 4893 rectius
1291 4829 1351 4890 in
1406 4829 1545 4890 cod.
1615 4827 2091 4901 Vindobonensi,

438 4907 552 4991 hoc
584 4917 692 4991 est.
725 4917 976 4991 propter
1005 4910 1271 4973 salutem
1303 4918 1740 4987 nostram;nec
1772 4912 1889 4990 περί
1914 4910 2091 4971 ﬁnem

438 4988 783 5066 signiﬁcare
809 4988 984 5053 solet.
1014 4992 1197 5056 Casu.

519 5070 644 5151 (59)
672 5074 805 5142 Τήν.
852 5070 1060 5133 Melius
1084 5075 1185 5142 σήν
1214 5072 1277 5134 in
1304 5090 1417 5133 ms.
1468 5070 1646 5135 Vind.
1710 5076 1778 5134 in
1837 5088 2095 5151 regnum

435 5158 632 5214 tuum.
662 5153 936 5231 Regnum
960 5152 1072 5215 Dei
1098 5160 1196 5214 aut
1226 5156 1512 5216 caelorum
1540 5172 1655 5215 non
1679 5152 1831 5215 solet
1861 5151 2092 5231 simpli-

444 5232 595 5294 citer
622 5230 867 5310 βασιλεία
898 5232 1040 5296 dici.
1078 5232 1229 5295 Vide
1250 5233 1402 5295 infra
1434 5252 1490 5297 c.
1521 5233 1620 5309 26,
1656 5232 1765 5296 sub
1792 5230 2087 5295 ﬁnemQIu.

522 5312 648 5391 (60)
683 5316 739 5371 Ei
769 5312 824 5371 δέ
855 5336 935 5376 τις
985 5316 1119 5393 κατὰ
1177 5312 1394 5393 ἄγνοιαν
1445 5314 1764 5390 μεταλάϐοι.
1839 5313 1903 5375 In
1964 5314 2090 5376 ΗΘ·

444 5394 684 5475 sponsis
718 5393 1024 5457 canonicis
1056 5392 1353 5456 Timothei
1383 5393 1773 5475 Alexandrini
1796 5393 1869 5456 ad
1900 5394 2092 5475 inter—

444 5472 785 5567 rogationes
816 5475 1053 5567 ipsiper
1070 5477 1386 5555 episcopos
1402 5474 1738 5567 et_cl_ericos
1763 5472 2093 5567 propositas

444 5572 577 5637 cap.
619 5558 673 5637 1,
702 5556 863 5637 apud
896 5556 1335 5631 Balsamonem,
1363 5574 1420 5636 p.
1449 5556 1628 5633 1059,
1665 5558 1734 5617 ad
1760 5556 2094 5632 interroga-

448 5634 671 5718 tionem
697 5634 865 5713 Quid
897 5637 1200 5716 agendum
1215 5639 1322 5718 sit,
1345 5634 1404 5700 si
1422 5653 1577 5718 puer
1597 5638 2092 5718 catechumenus,

446 5727 558 5780 aut
570 5716 746 5782 homo
759 5714 1183 5795 adultus,dum
1198 5714 1974 5801 obtutio'ﬁerel,opportune
1987 5714 2096 5779 ad-

2175 4824 2346 4903 fueri
2352 4820 2651 4903 t,ejus_que
2663 4820 2908 4903 nescius
2917 4813 3119 4892 factus
3139 4814 3217 4875 sit
3232 4812 3825 4903 pariicepg,respon-

2178 4887 2355 4965 detur
2381 4887 2795 4978 béptiiandum
2858 4887 2992 4978 eum
3028 4911 3181 4978 esse,
3214 4887 3417 4978 utpote
3439 4887 3479 4950 εἰ
3503 4887 3623 4978 Deo
3649 4887 3829 4978 voca-

2182 4994 2330 5045 tum.
2354 4974 2475 5042 Sed
2495 4996 2630 5039 cum
2659 4978 2888 5038 ratione
2911 4974 3332 5036 Constitutoris
3354 4989 3426 5032 ne
3457 4976 3832 5050 contemptor

2178 5070 2373 5134 exeat,
2407 5056 2682 5141 congruit
2703 5075 2894 5141 canon
2927 5056 3003 5141 57
3035 5052 3245 5141 synodi
3270 5050 3587 5141 _Toletanse
3613 5064 3825 5141 1v,qu_o

2178 5129 2621 5207 decernitur'ut
2646 5137 2833 5200 Judaei
2858 5129 3089 5218 quiper
3118 5129 3822 5218 vim_ba_pti_zatifueran_t,

2178 5225 2432 5305 aliisque
2488 5210 2894 5305 sacramentis
2941 5210 3170 5295 donati,
3216 5210 3615 5305 Christianam
3672 5210 3827 5304 reli4

2176 5291 2413 5386 gioném
2444 5300 2709 5363 retinere
2766 5305 3074 5386 cogantur,
3127 5291 3201 5358 ne
3274 5310 3493 5356 nomen
3550 5291 3829 5386 divinum

2178 5372 2738 5467 Etasphemelur,_et
2780 5372 2927 5467 ﬁdes
2973 5394 3176 5467 quam
3212 5380 3614 5455 susceperunt
3683 5372 3831 5435 nilis

2176 5485 2250 5530 ac
2280 5453 2756 5540 contemptibilis,
2780 5453 3107 5540 habeatur.
3136 5453 3279 5540 Cor.

2262 5547 2403 5627 (61),
2428 5530 2716 5627 "Eirtaag.
2748 5539 2807 5600 ’0
2830 5541 3022 5627 κτίσεις
3057 5538 3119 5601 in
3150 5537 3341 5600 altero
3393 5532 3528 5598 cod.
3561 5530 3823 5595 Vindob.

2179 5637 2238 5691 et
2268 5618 2510 5709 quidem
2538 5621 2786 5709 rectius.
2824 5618 3007 5709 Cngn.

2260 5696 2397 5786 ('62)
2424 5703 2865 5783 Προευτρέπισας.
2908 5700 3071 5764 Idem
3098 5699 3434 5780 εύτρέπισας.
3468 5696 3551 5759 ID.
