4134 6428
411 335 570 401 1043

1275 338 1340 402 8.
1385 332 1818 401 CLEMENTIS
1861 338 1886 400 Ι
1930 337 2130 400 ROM.’
2162 335 2388 401 PONT.
2436 335 2684 399 OPERA
2727 331 2982 396 DUBIA.

3643 292 3799 396 mu

396 477 668 533 mortuus
691 478 781 534 est
814 487 920 552 pro
961 469 1135 532 nobis
1163 490 1179 546 ;
1210 477 1271 531 et
1319 479 1628 550 postquam
1687 489 1900 550 passus
1927 482 2043 549 est,
2073 482 2094 526 Α

2167 471 2252 534 οὺς
2286 469 2484 545 νόμους
2553 476 2648 527 τοῦ
2703 468 2838 523 Θεοῦ
2889 465 2975 522 καὶ
3043 467 3249 546 Πατρὸς
3313 465 3491 537 αὑτοῦ,
3525 469 3612 522 καὶ
3643 489 3803 524 σταυ-

398 562 570 621 tertia
596 561 694 623 die
713 560 1044 623 resurrexit
1066 578 1101 620 a
1125 559 1376 620 mortuis
1403 581 1417 630 ;
1445 559 1720 622 ascendit
1739 560 1811 621 ad
1839 560 2042 632 caelos,

2167 558 2365 616 ωθίντα
2421 558 2506 614 ἰπὶ
2553 557 2776 613 Ποντίου
2837 554 3091 628 Πιλάτου,
3153 554 3241 611 καὶ
3292 553 3627 612 ἀποθανόντα
3673 556 3804 636 ὑπὲρ

397 656 458 710 et
480 649 650 711 sedet
671 649 742 710 ad
769 649 1074 710 dexteram
1104 648 1384 725 l‘atris,et
1406 649 1619 712 iterum
1645 658 1928 710 venturus
1960 657 2050 709 est

2167 650 2311 729 μῶν,
2379 649 2469 704 καὶ
2534 647 2837 704 ἀναστάντα
2891 646 2952 701 ἐκ
3023 651 3222 724 νεκρῶν
3255 647 3390 719 μετά
3432 646 3493 702 τὸ
3515 651 3707 704 παθεῖν
3736 654 3806 724 τῇ

398 737 456 798 in
477 739 997 800 consummatione
1020 738 1219 799 saeculi
1237 756 1370 799 cum
1387 737 1675 816 gloria,ad
1692 737 2052 818 judicandos

2170 739 2286 816 ρίτῃ
2349 735 2562 816 ἡμέρᾳ,
2598 737 2685 792 καὶ
2741 732 3033 790 ἀνελθόντα
3084 736 3156 798 εἷς
3211 735 3331 800 τοὺς
3405 736 3675 810 οὖρανοὺς,
3720 737 3806 792 καὶ

398 826 558 888 vivos
582 845 650 889 ac
676 837 970 902 mortuos,
995 827 1169 908 cujus
1189 826 1360 906 regni
1383 846 1502 888 non
1528 829 1643 888 erit
1665 829 1801 890 finis
1828 847 1840 890 :
1868 827 2053 909 bapti-

394 935 500 978 IOI‘
524 914 700 978 etiam
726 919 787 978 in
812 916 1104 999 Spiritum
1139 925 1434 992 sanctum,
1465 917 1522 978 id
1546 925 1634 978 est
1657 919 1965 980 Paracletu
1978 936 2057 991 m,

397 1005 499 1086 qui
521 1005 782 1084 Spiritus
799 1015 1081 1086 operatus
1101 1013 1191 1066 est
1213 1006 1274 1066 in
1293 1005 1573 1068 omnibus
1599 1005 1672 1068 ab
1701 1007 1868 1068 initio
1893 1025 2066 1067 mun~

396 1094 456 1155 di
479 1095 938 1176 sanctis,postea
959 1113 1100 1157 vero
1124 1095 1340 1156 missus
1359 1114 1595 1176 quoque
1620 1104 1708 1157 est
1731 1096 2064 1177 apostolisa

395 1183 593 1260 Patre,
629 1187 963 1248 secundum
1003 1185 1461 1266 promissionem
1507 1185 1835 1248 Salvatoris
1872 1187 2062 1247 nostri

403 1272 643 1335 Domini
664 1276 803 1338 Jesu
828 1274 1074 1350 Christi,
1105 1285 1161 1335 et
1184 1282 1315 1354 post
1331 1275 1632 1354 apostolos
1652 1276 1832 1336 etiam
1862 1277 2063 1338 omni-

403 1364 538 1439 bus,
570 1366 672 1446 qui
703 1366 765 1426 in
797 1373 1000 1428 sancta
1050 1363 1345 1426 catholica
1393 1363 1661 1427 Ecclesia
1717 1367 1973 1428 credunt
2005 1367 2066 1428 in

399 1455 596 1515 carnis
609 1455 1196 1528 resurrectionem,in
1215 1453 1646 1517 remissionem
1666 1465 2065 1537 peccatorum,

399 1541 460 1602 in
483 1560 734 1622 regnum
763 1543 1078 1624 caelorum,
1105 1552 1162 1604 et
1181 1543 1242 1603 in
1265 1542 1446 1604 vitam
1473 1543 1651 1605 futuri
1684 1545 1909 1606 saeculi.
1932 1545 2067 1607 Post

402 1630 556 1693 banc
578 1640 780 1694 autem
805 1633 1489 1714 professionem,ordine
1517 1636 1674 1696 venit
1703 1635 1773 1697 ad
1805 1635 1920 1697 olei
1947 1654 2064 1695 un-

400 1720 687 1782 ctionem.

2143 825 2466 884 καθεσθέντα
2497 824 2551 882 ἰν
2581 822 2722 896 δεξιᾷ
2780 833 2874 882 τοῦ
2905 825 3135 905 Πατρὸς,
3171 826 3255 880 καὶ
3299 823 3459 880 πάλιν
3509 823 3805 905 ὶρχόμενον

2147 917 2232 974 ἰπὶ
2295 913 2572 986 συντελείᾳ
2631 919 2724 969 τοῦ
2798 913 2989 978 αἰῶνος
3036 915 3170 989 μετά
3201 911 3354 979 δόξης
3377 927 3555 992 κρῖναι
3603 915 3804 986 ζῶιτας

2145 1008 2235 1064 καὶ
2296 1005 2533 1084 νεκροὺς,
2596 1002 2657 1060 οὗ
2703 1007 2803 1070 τῆς
2847 1001 3119 1079 βασιλείας
3155 1005 3250 1061 οὐκ
3279 1002 3426 1060 ἔσται
3469 1003 3647 1066 τέλοςο
3696 1005 3804 1080 βα-

2147 1101 2401 1172 πτίζομαι
2454 1097 2542 1154 καὶ
2600 1099 2672 1160 εἷς
2730 1097 2792 1152 τὸ
2849 1103 3064 1172 Πνεῦμα
3095 1099 3158 1153 τὸ
3189 1095 3357 1174 ἂγιον,
3423 1098 3665 1156 τουτέστι
3713 1101 3806 1156 τὸν

2153 1186 2530 1267 Παρᾶκλητον,
2578 1187 2640 1243 τὸ
2681 1188 2975 1264 ἱνεργῆσαν
3024 1187 3079 1243 ὲν
3111 1193 3269 1244 πᾶσιν
3310 1201 3429 1252 τοῖς
3473 1188 3566 1244 ἀπ’
3611 1189 3804 1253 αἰῶνος

2153 1280 2353 1356 ἁγίοις,
2385 1280 2605 1352 ὓστερον
2626 1275 2678 1332 εἱ
2699 1274 3002 1331 ἀποσταλὲν
3019 1277 3104 1331 καὶ
3123 1283 3242 1342 τοῦς
3267 1276 3587 1341 ἀποστόλοις
3601 1276 3728 1358 (28)
3748 1277 3804 1321 ⁷⁵

2150 1369 2297 1447 παρά
2356 1373 2451 1424 τοῦ
2506 1367 2712 1444 Πατρὸς
2743 1365 2876 1422 κατά
2928 1365 3028 1432 τὴν
3059 1363 3378 1444 ἱπαγγελίαν
3410 1375 3503 1425 τοῦ
3545 1373 3797 1446 Σωτῆρος

2149 1459 2308 1532 ἡμῶν
2370 1454 2565 1534 Κυρίου
2627 1455 2806 1521 Ἰησοῦ
2853 1461 3094 1532 Χριστοῦ,
3163 1457 3251 1512 καὶ
3308 1457 3444 1532 μὶτά
3473 1458 3592 1520 τοὺς
3653 1458 3795 1515 ἀπο-

2150 1544 2369 1607 στόλους
2403 1542 2456 1600 δὶ
2489 1551 2618 1600 πᾶσι
2650 1557 2768 1608 τοῖς
2801 1543 3156 1619 πιστεύουσιν,
3191 1544 3246 1600 ἐν
3381 1546 3503 1623 ἀγίᾳ
3545 1545 3801 1624 καθολικῇ

2149 1633 2444 1706 Ἐκκλησία
2514 1633 2673 1715 (29),
2719 1635 2792 1697 εἰς
2843 1635 3038 1710 σαρκὸς
3069 1634 3356 1692 ἀνάστασιν
3417 1635 3559 1716 (30),
3594 1641 3681 1693 καὶ
3726 1639 3798 1703 εἷς

2156 1721 2342 1799 ἄφεσιν
2398 1726 2697 1803 ἁμαρτιῶν,
2759 1724 2847 1779 καὶ
2874 1724 2946 1787 εἷς
2991 1723 3269 1800 βασιλείαν
3301 1728 3554 1806 οὐρανῶν,
3603 1729 3690 1782 καὶ
3721 1727 3793 1790 είς

402 1811 546 1880 ζωὴν
603 1819 698 1869 τοῦ
756 1812 1044 1887 μέλλοντος
1100 1815 1315 1879 αίῶνος.
1359 1816 1462 1879 Καὶ
1513 1815 1649 1891 μετά
1706 1815 1805 1882 τὴν
1864 1813 2186 1894 ἐπαγγελίαν
2227 1813 2456 1893 ταύτην,
2508 1812 2635 1870 κατ’
2681 1809 2989 1869 ἀκολουθίαν
3040 1812 3256 1892 ἔρχεται
3317 1816 3404 1871 καὶ
3465 1817 3534 1878 είς
3579 1819 3677 1881 τὴν
3703 1822 3797 1873 τοῦ

401 1897 579 1956 ἐλαίου
631 1902 832 1981 χρίσιν.

999 1992 1248 2058 CAPUT
1289 1993 1464 2058 XLII.
2086 1990 2124 2042 Β

509 2072 597 2132 De
626 2075 917 2135 unctione
946 2076 1193 2154 mystici
1224 2074 1342 2138 olei
1379 2074 1540 2138 actio
1570 2081 1953 2156 gratiarum.

487 2159 870 2224 Benedicitur
883 2169 1081 2224 autem
1098 2170 1210 2226 hoc
1225 2183 1258 2226 a
1273 2164 1626 2245 pontiﬁcein
1639 2163 2059 2227 remissionem

410 2261 812 2330 peccatorum,
833 2262 892 2314 et
923 2256 1420 2334 praeparationem
1447 2255 1750 2336 baptismi.
1778 2255 1876 2318 Sic
1899 2255 2057 2316 enim

412 2340 644 2403 invocat
676 2341 1004 2422 ingenitum
1055 2344 1270 2423 Deum,
1306 2348 1545 2408 Patrem
1576 2346 1822 2421 Christi,
1858 2363 2059 2422 regem

405 2431 601 2492 omnis
633 2439 859 2495 natum
896 2434 957 2494 in
1008 2453 1252 2496 sensum
1311 2454 1379 2496 ac
1438 2435 1889 2514 intelligentiam
1951 2451 2053 2494 ca-

406 2520 644 2596 dentis;
681 2530 743 2582 ut
774 2523 1109 2585 sanctiﬁcet
1132 2525 1331 2586 oleum
1366 2525 1611 2586 nomine
1634 2523 2056 2595 DominiJesu,

399 2617 467 2675 .et
497 2609 598 2672 det
629 2613 872 2690 gratiam
925 2613 1330 2695 spiritualem,
1365 2624 1422 2675 et
1463 2614 1584 2676 vim
1635 2616 1959 2688 efﬁcacem,
1995 2631 2062 2674 ac

411 2699 836 2762 remissionem
892 2701 1274 2781 delictorum,
1341 2711 1520 2779 atque
1574 2703 2061 2784 praeparationem

418 2790 818 2852 confessionis
851 2790 1130 2871 baptismi
1158 2813 1174 2867 ;
1207 2801 1272 2852 ut
1301 2794 1351 2852 is
1383 2794 1482 2874 qui
1534 2793 1798 2871 ungitur,
1836 2794 2067 2854 solutus

412 2878 578 2939 omni
612 2879 940 2960 impietate,
971 2881 1072 2942 ﬁat
1097 2881 1311 2961 dignus
1364 2882 1701 2945 initiatione
1731 2883 2068 2945 secundum

411 2964 713 3046 Unigeniti
757 2980 1148 3050 praeceptum.

993 3062 1238 3128 CAPUT
1281 3063 1479 3128 XLIII.

655 3156 1027 3220 Gratiarum
1058 3161 1221 3221 act-io
1254 3159 1329 3222 de
1353 3162 1612 3241 mystica
1639 3178 1829 3241 aqua.

491 3251 725 3314 Deinde
747 3253 906 3314 venit
929 3253 1002 3315 ad
1029 3271 1269 3334 aquam.
1291 3256 1582 3318 Sacerdos
1608 3263 1805 3318 autem
1835 3255 2077 3316 benedi-

2692 1997 3085 2051 ΚΕΦΑΔΔΙΟΝ
3118 1983 3254 2052 MB'.

2229 2085 2362 2160 Περὶ
2401 2083 2708 2163 χρίσματος
2761 2083 2855 2137 τοῦ
2883 2081 3139 2157 μυστικοῦ
3181 2081 3356 2140 ἐλαίου
3388 2083 3720 2163 εὐχαριστία,

2230 2173 2548 2252 Εὒλογεϊται
2607 2171 2661 2227 δὲ
2694 2170 2849 2228 τοῦτο
2881 2171 3020 2245 παρά
3052 2174 3142 2226 τοῦ
3171 2172 3466 2252 ἀρχιερέως
3513 2176 3586 2238 εἰς
3617 2172 3799 2255 ἔφεσιν

2145 2269 2447 2343 ἁμαρτιῶν,
2521 2264 2606 2318 καὶ
2690 2263 3129 2339 προκατασκευὴν
3218 2273 3310 2322 τοῦ
3398 2263 3796 2338 βαπτίσματος.

2147 2352 2526 2411 Ἐπικαλετται
2589 2352 2688 2430 γάρ
2712 2351 2848 2407 οὕτω
2887 2350 3121 2427 (31)τὸν
3152 2353 3440 2430 ἀγέννητον
3495 2356 3649 2427 Θεὸν,
3713 2355 3805 2410 τὸν

2151 2443 2362 2523 Πατέρα
2420 2452 2512 2502 τοῦ
2583 2448 2832 2521 Χριστοῦ,
2885 2443 2975 2497 τὸν
3028 2442 3250 2518 βασιλέα
3309 2444 3487 2511 πάσης
3547 2443 3805 2511 αίώητῆς

2148 2537 2232 2592 καὶ
2287 2539 2492 2600 νοητῆς
2525 2533 2754 2611 φύσεως,
2798 2530 2891 2587 ’ίνα
2934 2532 3132 2610 ἁγιάσῃ
3163 2534 3224 2588 τὸ
3255 2531 3432 2589 ἔλαιον
3464 2540 3540 2604 τῷ
3584 2533 3805 2609 ὀνόματι

2147 2632 2242 2682 τοῦ
2298 2623 2494 2702 Κυρίου
2573 2619 2777 2695 Ἰησοῦ,
2823 2623 2910 2678 καὶ
2940 2619 3085 2698 δώοῃ
3120 2623 3280 2702 χάριν
3309 2625 3696 2694 πνευματικὴν,
3721 2625 3810 2679 καὶ

2154 2714 2376 2789 δύναμιν
2448 2711 2820 2788 ἱνεργητικὴν,
2873 2710 3055 2790 ἄφεσίν
3110 2734 3166 2768 τῇ
3221 2713 3516 2793 ἁμαρτιῶν,
3551 2715 3636 2770 καὶ
3673 2735 3808 2791 προ-

2153 2802 2500 2882 παρασκευῆν
2533 2799 2819 2877 ὁμολογίας
2851 2801 3242 2879 βαπτίσματος,
3278 2802 3415 2858 ὥστε
3454 2805 3543 2859 τὸν
3575 2803 3810 2882 χριόμε-

2157 2914 2272 2972 νον,
2306 2890 2631 2950 ἀπολυθέντα
2667 2891 2843 2957 πάσης
2902 2887 3172 2962 ἀσεϐείας,
3208 2888 3349 2955 ἄξιον
3410 2893 3656 2972 γενέσθαι
3712 2895 3810 2958 τῆς

2159 2982 2411 3057 μυήσεως
2445 2976 2564 3037 κατ’
2595 2978 2818 3045 ἐντολὴν
2846 2987 2940 3036 τοῦ
2971 2986 3322 3057 Μονογενοῦς,

2706 3075 3099 3128 ΚΕΦΑΛΑΙΟΝ
3148 3073 3262 3131 ΜΓ.

2414 3161 2538 3232 Περὶ
2566 3167 2660 3216 τοῦ
2691 3165 2952 3234 μυστικοῦ
2983 3157 3169 3223 ὕδατος
3208 3159 3540 3239 εὐχαριστία,

2245 3254 2380 3311 Εἶτα
2425 3250 2641 3331 ἔρχεται
2692 3251 2763 3314 είς
2807 3251 2868 3305 τὸ
2931 3247 3089 3326 ὕδωρ,
3128 3248 3352 3327 Εὐλογεῖ
3382 3253 3467 3306 καὶ
3489 3249 3692 3320 δοξάζει
3715 3252 3805 3306 τὸν

416 3342 498 3403 cit
528 3340 1173 3442 ac-latidatoDo‘minum
1206 3342 1396 3406 Deum
1427 3345 1921 3442 omnipotentem,
1959 3349 2074 3406 Pa-

2167 3343 2442 3408 Δεσπότην
2499 3341 2629 3397 Θεὸν
2682 3341 2774 3395 τὸν
2831 3339 3255 3418 παντοκράτορα,
3291 3341 3382 3394 τὸν
3446 3339 3652 3418 Πατέρα
3718 3347 3817 3397 τοῦ

2196 3441 2209 3442 ,
2437 3439 2460 3442 _
2561 3437 2582 3442 -
2654 3435 2679 3442 _
2748 3425 2850 3442 ην..
3010 3429 3022 3442 .
3247 3429 3274 3442 -
3399 3431 3412 3442 .
3476 3431 3490 3442 .
3598 3431 3609 3442 .
3727 3429 3751 3442 -

413 3439 562 3493 trem
588 3430 890 3511 Unigeniti
913 3432 1110 3506 Dei,et
1129 3434 1352 3514 gratias
1377 3425 1664 3515 agit;qu’ia
1689 3434 2076 3496 misitFilium

2167 3439 2491 3511 Μονογενοῦς
2552 3435 2684 3486 Θεοῦ
2743 3425 2886 3502 (32),

412 3520 721 3601 suum,qui
743 3521 928 3581 homo
952 3521 1124 3584 ﬁeret
1155 3531 1395 3603 propter
1421 3533 1625 3600 nos,ut
1647 3543 1757 3585 nos
1797 3523 2074 3595 salvaret;

417 3612 554 3692 quia
568 3609 853 3673 sustinuit
869 3622 933 3671 ut
947 3611 1046 3672 ille
1061 3612 1121 3672 in
1139 3610 1556 3674 Incarnatione
1571 3615 1741 3676 ﬁeret
1758 3632 1866 3694 per
1879 3613 2080 3674 omnia

421 3697 735 3775 obediens,
763 3699 1114 3778 praedicaret
1135 3719 1384 3780 regnum
1419 3703 1731 3783 caelorum,
1761 3702 2078 3764 remissio—

425 3807 564 3851 nem
597 3797 1389 3870 peccatorum,mortuorum
1424 3795 1950 3854 resurrectionem.
1987 3792 2078 3855 Ad

425 3878 553 3940 haec
576 3877 787 3940 adorat
823 3877 1019 3958 ipsum
1053 3878 1427 3958 unigenitum
1456 3879 1646 3943 Deum
1674 3890 1804 3960 post
1828 3901 1989 3955 eum,
2025 3890 2084 3942 et

428 3986 536 4048 per
555 3966 724 4028 illum
747 3967 967 4046 gratias
993 3967 1134 4029 huic
1161 3986 1367 4048 agens,
1391 3972 1550 4048 quod
1577 3971 1676 4031 ille
1697 3980 1947 4032 mortem
1975 3989 2082 4051 pro

426 4056 705 4119 omnibus
724 4075 832 4138 per
852 4075 1092 4119 crucem
1124 4058 1576 4141 subierit,cujus
1600 4060 1811 4123 mortis
1833 4061 2079 4140 figuram

423 4145 588 4209 dedit
612 4145 976 4228 baptismum
1000 4149 1734 4226 regenerationis.Laudat
1751 4149 1927 4211 etiam
1944 4149 2082 4230 quia

421 4237 484 4298 in
513 4237 761 4298 nomine
792 4235 1035 4316 Christi,
1065 4240 1224 4300 Deus
1271 4247 1623 4301 cunctorum
1672 4239 1986 4315 Dominus,
2023 4240 2080 4300 in

423 4326 649 4404 Spiritu
681 4335 885 4388 sancto
930 4345 1050 4388 non
1085 4327 1309 4408 abjecit
1353 4329 1679 4392 humanum
1712 4348 1940 4409 genus;
1973 4330 2080 4392 sed

422 4415 603 4478 variis
629 4415 1006 4496 temporibus
1038 4418 1256 4480 variam
1295 4420 1733 4500 providentiam
1768 4419 2075 4481 adhibuit:

502 4603 625 4684 (75)
656 4601 733 4665 al.
763 4602 906 4668 add.
931 4606 1088 4682 ἡμῖν.
1175 4601 1230 4650 ’⁷⁵
1260 4603 1306 4670 τ.
1333 4606 1445 4666 τόν.

2978 3429 3334 3508 εὔχαριστῶν,
3393 3431 3420 3484 ὁ
3476 3431 3667 3506 laps-5r
3723 3429 3809 3485 ὅτι

2161 3521 2470 3580 ἀπέστειλεν
2539 3519 2936 3598 ἕνανθρωπῆσαι
2990 3519 3081 3574 τὸν
3139 3519 3258 3574 rte».
3309 3521 3468 3577 αὐτοῦ
3497 3517 3574 3574 δι’
3634 3521 3805 3594 ἡμᾶς,

2159 3613 2252 3668 ’ίνα
2301 3614 2445 3687 ἡμᾶς
2507 3611 2679 3688 σώσῃ·
2742 3607 2822 3665 όίτι
2875 3607 3142 3688 ἠνέσχετο
3197 3609 3298 3674 τῆς
3359 3608 3813 3686 ἂνανθρωπήσεως

2161 3705 2401 3772 ὑπήκοον
2461 3702 2616 3757 αὺτὸν
2647 3698 2886 3778 γενέσθαι
2943 3698 2997 3754 ὃν
3059 3704 3213 3772 πᾶσι,
3266 3695 3484 3772 κηρύξαι
3535 3698 3812 3774 βασιλείαν

2165 3792 2422 3872 οὐρανῶν,
2485 3788 2669 3870 ἄφεσιν
2703 3790 2997 3868 ἁμαρτιῶν,
3071 3795 3268 3866 νεκρῶν
3325 3787 3638 3849 ἀνάστασιν,
3695 3788 3818 3846 Ἐπὶ

2165 3884 2371 3945 τούτοις
2438 3891 2729 3958 προσκυνεῖ
2789 3880 2947 3938 αὐτὸν
2976 3878 3066 3934 τὸν
3097 3881 3361 3954 μονογενῆ
3393 3879 3525 3933 Θεὸν
3557 3875 3676 3948 μετ’
3707 3877 3811 3933 αῦ-

2167 3975 2280 4028 τὸν.
2345 3970 2432 4026 καὶ
2462 3967 2529 4024 δι’
2561 3969 2715 4024 αὐτὸν
2763 3969 3098 4047 εὐχαριστῶν
3143 3966 3307 4046 αὐτῷ,
3354 3967 3428 4040 τῷ
3472 3963 3820 4032 ἀναδέξασθαι

2168 4063 2326 4121 αὐτὸν
2382 4066 2484 4116 τῶν
2534 4054 2590 4098 ⁷⁸
2629 4059 2759 4134 ὑπὲρ
2803 4059 3018 4114 πάντων
3045 4057 3270 4114 θάνατον
3303 4055 3385 4111 διὰ
3415 4063 3507 4112 τοῦ
3563 4065 3817 4137 σταυροῦ,

2166 4152 2225 4209 οὗ
2275 4155 2437 4207 τύπον
2480 4148 2642 4204 ἔδωκε
2699 4149 2760 4204 τὸ
2792 4147 3069 4223 βάπτισμα
3090 4151 3190 4213 τῆς
3226 4144 3664 4224 παλιγγενεσίας,
3720 4155 3822 4203 Δο-

2165 4240 2303 4312 ξάζει
2361 4260 2415 4294 τε
2447 4235 2527 4294 ὅτι
2588 4238 2639 4293 ἐν
2689 4243 2765 4311 τῷ
2795 4236 3017 4310 ὀνόματι
3044 4245 3135 4295 τοῦ
3173 4243 3420 4315 Χριστοῦ,
3459 4238 3588 4300 Θεὸς
3634 4237 3662 4292 ὸ
3712 4243 3820 4294 τῶν

2165 4331 2304 4387 ὅλων
2332 4326 2549 4408 Κύριος,
2585 4327 2639 4384 ἰν
2669 4328 2804 4406 ἁγίῳ
2837 4327 3102 4401 Πνεύματι
3160 4325 3257 4382 οὒκ
3289 4324 3547 4404 ἀπέρριψε
3580 4328 3676 4384 τὸν
3708 4333 3824 4382 τῶν

2165 4420 2454 4498 ἀνθρώπων
2511 4417 2686 4497 γένος,
2761 4416 2900 4473 ἀλλά
2956 4414 3227 4498 διαφόροις
3279 4429 3487 4494 καιροῖς
3541 4415 3821 4496 διαφόρους

1781 4733 2182 4802 VARIORUM
2230 4730 2482 4798 ΝΟΤιΕ.

508 4923 634 5005 (28)
667 4937 794 4990 Τοῖς
829 4926 1186 4990 ἀποστόλοις.
1249 4925 1436 4989 Deest
1462 4926 1521 4986 in
1553 4925 1741 4988 altero
1771 4924 1903 4986 cod.
1933 4923 2084 4986 Vin-

421 5005 645 5067 dobon.
679 5007 863 5069 CLER.

504 5085 624 5166 (29)
661 5085 942 5168 Καθολικῇ
993 5084 1313 5168 Ἐκκλησία.
1363 5083 1519 5168 Satis
1576 5093 1810 5168 constat
1859 5096 2090 5168 aposto-

422 5165 617 5228 lorum
650 5184 773 5247 aevo
808 5166 1092 5247 usitatum
1121 5183 1241 5247 non
1270 5165 1458 5227 fuisse
1503 5166 1618 5227 hoc
1663 5165 1951 5247 loquendi
1983 5187 2084 5247 ge-

425 5265 560 5310 nus.
618 5246 791 5308 Alter
834 5246 1028 5326 codex
1064 5244 1247 5306 habet
1278 5263 1393 5326 pro
1441 5247 1702 5322 καθολικῇ
1742 5244 1937 5308 ’νοοοε
1988 5244 2090 5305 *καὶ

427 5326 789 5407 ἀποσεολικῇ,
825 5324 948 5388 Sed
992 5344 1103 5387 nec
1163 5324 1450 5407 apostoli,
1509 5327 1621 5407 ipsi
1672 5326 1948 5388 solebant
1998 5329 2090 5391 sui

427 5405 885 5490 aeviEcclesiaim
923 5407 1009 5468 sic
1038 5405 1278 5468 vocar‘e.
1316 5405 1405 5470 Ita
1441 5405 1638 5469 loc—uta
1669 5417 1807 5469 sunt
1837 5425 2089 5490 sequen-

432 5485 513 5546 tia
542 5487 788 5548 saecula.
819 5489 903 5547 In.

514 5565 634 5645 (30)
663 5569 753 5646 Ek
777 5568 974 5646 σαρκὸς
1028 5567 1342 5630 ἀνάστασιν.
1376 5565 1622 5630 Frustra
1654 5567 1870 5629 asserit
1901 5566 2089 5625 Fran—

431 5644 630 5727 cisCus
659 5644 994 5727 Turrianus
1014 5646 1357 5727 respexisse
1387 5647 1460 5708 ad
1486 5648 1613 5711 haac
1633 5647 2085 5726 verbaSOphro-

433 5725 598 5809 nium
631 5725 1268 5809 Hierosolymitanum,
1296 5727 1358 5788 in
1386 5728 1640 5809 epistola
1675 5729 1776 5792 illa
1813 5725 1922 5789 sua
1957 5746 2089 5807 quae

428 5807 692 5899 refertur
713 5807 1515 5899 actioneﬁxrsextaa’synodi,
1550 5809 1653 5870 ubi
1680 5809 1946 5899 aliquem
1985 5826 2087 5868 sa—

430 5829 692 5898 reiertur
713 5829 951 5870 acuone
982 5829 1048 5898 xr
1071 5829 1255 5900 sexus
1281 5829 1515 5899 synodi,
1550 5829 1653 5870 um
1680 5829 1941 5952 anguem
1985 5829 2080 5868 sa-

430 5897 700 5970 pientum
725 5892 892 5958 citat.
925 5887 1237 5964 (Editionis
1266 5887 1534 5952 Biniana
1550 5909 1691 5953 ann.
1725 5897 1748 5951 1
1804 5890 1904 5965 18,
1934 5895 2080 5951 tom.

2169 4920 2266 4998 III,
2295 4928 2448 5002 part.
2483 4936 2525 4995 ι,
2562 4917 2921 5002 p._126,_A.)
2945 4917 3091 4991 Quae
3111 4917 3271 5002 enim
3293 4915 3640 5002 laudantur,
3665 4914 3822 5002 hanc,

2172 4937 2266 4998 lu,
2295 4937 2448 5002 part.
2483 4937 2525 4995 Ι,
2648 4937 2789 4998 120,
2822 4937 2921 4998 Α.)
2945 4937 3091 4991 una;
3111 4937 3271 4979 enim
3294 4937 3640 4988 laudantur,
3665 4937 3822 4983 nmo,

2172 5003 2264 5059 ἴνα
2294 5007 2386 5060 καὶ
2414 5003 2510 5070 τὴν
2542 5021 2564 5055 ε
2589 4999 2717 5058 κόνα
2744 4999 2919 5075 σώσῃ,
2978 5001 3064 5055 καὶ
3118 5001 3214 5066 τὴν
3275 4999 3444 5075 σάρκα
3502 4997 3824 5075 ἀθανατίσῃ,

2173 5090 2406 5145 exstant
2438 5081 2498 5142 iu
2531 5074 3218 5160 Gregorio_Nazianzeno
3251 5074 3401 5140 orat.
3436 5077 3534 5156 38,
3584 5096 3644 5156 p.
3679 5074 3828 5154 620,

2175 5163 2219 5226 C
2247 5160 2577 5246 ;_orat._49,
2619 5158 2878 5246 pl__682,
2909 5161 2974 5246 β.
3008 5161 3151 5246 Co_r.
3290 5237 3324 5246 Α
3436 5235 3450 5246 _
3655 5233 3666 5246 _

2259 5242 2376 5325 (3t)
2415 5235 2586 5301 οὔτοί.
2620 5235 2794 5304 Ἁιὶοι·
2823 5239 3226 5325 θρόει-οὖτος.
3267 5235 3452 5325 _Qu_od
3500 5235 3831 5325 sequitprﬁ

2174 5316 2466 5404 ἀγέννητος
2515 5331 2645 5385 Θιος
2695 5328 2785 5404 est
2815 5321 2990 5382 etiam
3024 5317 3308 5404 loquendi
3361 5316 3618 5404 formula
3681 5316 3830 5378 Ari-

2174 5400 2454 5477 auorum,
2479 5401 2748 5483 quamvis
2791 5400 3115 5483 caeteroqui
3149 5400 3222 5483 sit
3253 5415 3414 5483 vera.
3449 5400 3628 5483 Cum.

2254 5484 2375 5565 (32)
2413 5477 2565 5546 Θεὸῠ.
2603 5481 2795 5565 Etiam
2828 5481 2942 5565 hoc
2966 5477 3264 5565 μονογενὴς
3295 5482 3424 5565 eide
3454 5477 3714 5540 alienum
3741 5481 3840 5565 est

2176 5583 2215 5662 Ξ
2245 5555 2390 5662 style
2422 5562 2775 5662 apostolico,
2809 5555 3690 5662 sedlpro‘prium.Arianorum:

2169 5637 2407 5708 Patrem
2455 5637 3090 5723 éyivvmov'vocabant',
3127 5650 3190 5702 ut
3220 5639 3478 5702 vidimus
3511 5637 3692 5723 paulo
3715 5653 3830 5723 an:

2173 5734 2268 5787 tea
2305 5744 2320 5803 ;
2352 5713 2570 5787 Filium
2598 5741 2732 5786 vero
2764 5723 3019 5802 γεννητόν
3054 5713 3427 5803 (stultove-{sva
3457 5713 3612 5803 eidv.
3653 5713 3824 5803 Quod

2171 5795 2318 5869 cum'
2338 5804 2668 5869 offenderet
2695 5795 3051 5884 scriptorem
3085 5795 3392 5884 librarium
3419 5797 3665 5862 alterius
3695 5795 3833 5856 cod.

2172 5885 2432 5950 Vindob.
2468 5905 2577 5969 pro
2609 5893 2740 5944 Θεοῦ
2768 5883 2865 5947 hic
2895 5883 3146 5965 scripsit
3179 5885 3322 5944 ιἰοῡ.
