4134 6460
401 322 559 388 1045

1227 326 1887 398 CONSTITUTIONES
1926 328 2436 394 APOSTOLICE.
2482 358 2560 376 -—
2605 328 2754 389 LIB.
2805 322 2936 387 VII.

3626 325 3786 390 t046

398 461 647 530 προνοίας
706 460 1020 531 ἐποιήσατο·
1093 460 1216 518 τότε
1247 459 1371 540 (33)
1403 458 1576 536 Ἀδὰμ.
1605 463 1748 536 αὐτῷ
1779 462 1834 518 ἐν
1863 486 2041 543 παρα-

2130 469 2270 526 tunc
2300 463 2415 545 ipsi
2445 464 2675 527 Adamo
2699 461 2762 522 in
2781 460 3056 541 paradiso
3089 482 3105 536 ;
3142 462 3400 542 primum
3420 462 3667 543 quidem
3693 480 3794 523 ra-

393 547 578 629 edam,
636 556 852 628 πρῶτον
880 551 977 626 μὶν
1034 552 1236 632 τρυφῆς
1294 549 1442 629 λόγῳ
1494 552 1584 608 τὸν
1615 551 1936 629 παράδεισον
1968 557 2041 612 οἱ·

2135 555 2291 614 tione
2316 553 2663 616 deliciarum
2699 549 2864 612 dedit
2885 549 2970 611 illi
2993 551 3333 630 paradisum
3366 555 3426 614 in
3454 551 3784 614 habitatio-

400 641 658 719 κητήριον
688 637 828 712 δοὺς,
891 638 1078 699 ἔπειτα
1104 641 1356 719 προνοίας
1385 639 1533 720 λόγῳ
1563 640 1784 711 ἐντολὴν
1805 645 2045 712 ποιησά-

395 747 581 803 μενος⁹
655 729 960 806 ἁμαρτόντα
1003 728 1081 802 δὲ,
1143 727 1452 808 δικαιοσύνῃ
1491 730 1715 802 ἒξὼσας,
1750 731 2044 811 ἆγαθότητι

393 817 446 875 δὲ
509 821 587 895 μὴ
647 817 941 897 ἇποῤῥίψας
991 823 1064 884 εἰς
1089 821 1149 877 τὸ
1179 819 1465 896 παντελὲς,
1503 820 1641 880 ἀλλὰ
1669 823 1758 879 καὶ
1808 823 1932 890 τοὺς
1991 824 2042 891 ἐξ

392 911 552 968 αὗτοῦ
608 909 744 967 κατᾶ
811 907 1078 990 διαδοχὴν
1110 907 1370 990 διαφόρως
1393 908 1704 974 παιδεύσαςο
1741 909 1809 968 δι’
1840 912 1898 969 ὅν
1955 914 2042 970 επὶ

389 1001 452 1059 τὸ
501 998 674 1080 τέρμα
722 1001 814 1057 τοῦ
841 1001 1032 1063 αἰῶνος
1064 999 1346 1069 ἀπέστειλε
1375 1002 1466 1056 τὸν
1493 1003 1614 1058 Υἱὸν
1654 1001 1812 1060 αὐτοῦ
1835 1001 2042 1082 ἅνθρω-

390 1112 493 1148 πον
539 1089 780 1168 γενέσθαι
832 1087 900 1145 δι’
971 1089 1305 1168 ἀνθρώπους,
1366 1091 1454 1148 καὶ
1513 1092 1686 1148 πάντα
1713 1092 1777 1148 τὰ
1832 1092 2038 1166 ἀνθρῶ-

381 1202 517 1250 ,πινα
572 1180 716 1247 πάθη
797 1178 1162 1256 ἀναδέξασθαι,
1262 1182 1428 1260 χωρὶς
1514 1183 1796 1261 ἁμαρτίας.
1874 1185 2041 1241 Αὐτὸν

387 1273 477 1332 οὖν
527 1274 616 1331 καὶ
670 1279 757 1329 νῦν
813 1270 1196 1350 παρακαλείτω
1267 1274 1296 1330 ὁ
1372 1273 1538 1353 ίερεὸς
1598 1274 1728 1353 πρὸς
1789 1280 1867 1347 τῷ
1933 1277 2039 1352 βα-

385 1363 665 1439 πτίσματι,
725 1364 814 1418 καὶ
868 1359 1092 1440 λεγέτω,
1144 1359 1248 1418 ὅτι·
1323 1361 1513 1422 Κάτιδε
1546 1361 1598 1429 ἐξ
1657 1364 1898 1444 οὐρανοῦ,
1947 1366 2034 1422 καὶ

385 1454 605 1534 ἁγίασον
643 1453 706 1509 τὸ
757 1449 894 1528 ὕδωρ
938 1458 1114 1509 τοῦτο*
1181 1449 1267 1518 δὸς
1337 1450 1393 1508 δὲ
1452 1450 1580 1532 (34)
1611 1452 1772 1533 χάριν
1823 1456 1909 1510 καὶ
1939 1454 2034 1510 δύ-

383 1566 564 1620 ναμιν,
618 1541 758 1600 ὥστε
801 1543 891 1597 τὸν
918 1541 1330 1618 βαπτιζόμενον,
1359 1540 1480 1600 κατ’
1527 1541 1750 1610 ἐντολὴν
1782 1550 1874 1600 τοῦ
1897 1551 2032 1612 Χρι-

383 1641 509 1692 στοῦ
565 1654 678 1697 σου.
758 1631 903 1704 αὐτῷ
952 1633 1407 1710 συσταυρωιθῆναι,
1471 1633 1545 1697 εἷς
1618 1636 2028 1710 συναποθανεῖν,

2131 661 2267 704 nem
2293 664 2308 719 ;
2330 643 2548 704 deinde
2563 641 2793 704 ratione
2817 640 3203 720 providentize
3225 641 3564 703 mandatum
3592 641 3782 702 tradi-

2131 732 2257 810 dit;
2293 744 2426 814 post
2458 739 2768 812 peccatum
2796 738 3024 818 autem,
3060 749 3167 812 per
3192 731 3483 811 justitiam
3513 751 3653 793 eum
3682 750 3782 794 ex-

2130 821 2298 903 pulit,
2335 839 2443 902 per
2472 820 2800 883 bonitatem
2824 838 2965 881 vero
2996 839 3116 880 non
3148 839 3216 882 ex
3249 828 3370 884 toto
3401 821 3647 902 abjecit,
3678 821 3784 883 sed

2127 919 2184 973 et
2209 919 2481 992 posteros
2512 913 2640 992 ejus
2675 908 2940 972 vicissim
2975 911 3233 973 erudivit
3263 911 3509 973 diversis
3545 911 3781 974 modis:

2125 1012 2369 1085 propter
2387 1023 2568 1084 quem
2582 1004 2644 1065 in
2659 1008 2931 1066 extremo
2947 1004 3149 1064 saeculi
3167 1004 3327 1067 misit
3348 1004 3560 1065 Filium
3578 1021 3778 1080 suum,

2123 1100 2189 1155 ut
2207 1093 2390 1154 homo
2414 1094 2589 1156 ﬁeret
2611 1092 2922 1154 hominum
2944 1111 3141 1173 causa,
3173 1102 3229 1155 et
3253 1112 3465 1155 omnes
3487 1095 3782 1156 humanos

2125 1182 2653 1264 aﬁectus,excepto
2681 1183 3527 1264 peccato,susciperet.Ipsum
3553 1203 3691 1263 ergo
3721 1192 3780 1246 et

2125 1291 2286 1335 nunc
2315 1273 2553 1336 invocet
2596 1272 2875 1334 sacerdos
2908 1272 3016 1334 sub
3054 1272 3439 1354 baptismum,
3474 1293 3541 1336 ac
3575 1275 3774 1338 dicat:

2121 1360 2375 1442 Respice
2394 1362 2469 1424 de
2490 1363 2731 1437 cmlo,et
2746 1363 3050 1426 sanctiﬁca
3071 1363 3230 1434 hanc,
3243 1381 3457 1446 aquam
3484 1387 3501 1438 ;
3531 1365 3606 1425 da
3637 1383 3776 1428 vero

2120 1452 2366 1530 gratiam
2403 1460 2461 1517 et
2489 1452 2794 1528 virtutem,
2831 1460 2894 1513 ut
2923 1455 3025 1529 qui
3059 1453 3408 1535 baptizatur,
3443 1454 3779 1517 secundum

2121 1541 2464 1604 mandatum
2498 1541 2712 1605 Christi
2747 1544 2855 1623 tui,
2881 1562 3014 1603 cum
3042 1544 3255 1606 eodem
3291 1544 3690 1623 cruciﬁgatur,
3721 1553 3780 1606 et

2116 1632 2566 1706 commoriatur,
2593 1640 2653 1694 et
2684 1632 3148 1714 consepelialur,
3177 1641 3233 1693 et
3250 1632 3691 1694 consuscitetur
3714 1633 3778 1696 in

383 1726 469 1781 καὶ
512 1726 868 1802 ωνταφῆναι,
941 1722 1030 1778 καὶ
1087 1725 1475 1789 συναναστῆναι
1507 1723 1580 1783 εἰς
1634 1721 1889 1779 υἱοθεσίαν
1932 1725 2031 1792 τὴν

2115 1719 2500 1801 adoptionem
2532 1739 2664 1801 quae
2701 1720 2760 1782 in
2810 1738 2880 1783 eo
2912 1721 3000 1801 tit,
3037 1727 3104 1786 ut
3152 1722 3480 1802 perimatur
3530 1722 3774 1803 quidem

381 1813 437 1872 tv
495 1814 662 1892 αὐτῷ,
708 1819 784 1885 τῷ
813 1812 1145 1891 νεκρωθῆναι
1167 1811 1264 1887 μὲν
1293 1810 1362 1888 τῇ
1390 1812 1645 1889 ἁμαρτία,
1673 1811 1834 1884 ζῆσαι
1878 1809 1932 1868 δὲ
1961 1820 2029 1890 τῇ

2117 1821 2385 1892 peccato,
2421 1813 2575 1874 vivat
2613 1817 2810 1872 autem
2839 1811 3113 1890 justitim.
3165 1810 3236 1872 Et
3278 1821 3409 1892 post
3463 1814 3596 1886 hoc,
3636 1831 3773 1876 cum

383 1888 710 1978 δικαιοσύνίῃ.
765 1899 868 1963 Καὶ
909 1888 1054 1976 μετὰ
1093 1909 1271 1981 τοῦτο,
1337 1888 1600 1979 βαπτίσας
1645 1903 1804 1959 αὐτὸν
1847 1905 1901 1959 ἓν
1952 1888 2030 1978 τῷ

2114 1888 2503 1981 baptizaverit
2527 1919 2660 1963 eum
2688 1900 2748 1961 in
2772 1888 3016 1964 nomine
3035 1899 3249 1975 Patris,
3277 1888 3336 1962 et
3361 1900 3514 1981 Filii,
3543 1907 3603 1964 et
3626 1900 3768 1983 Spi-

386 1993 606 2067 όνόματι
659 1999 755 2049 τοῦ
809 1993 1038 2070 Πατρὸς,
1087 1993 1174 2048 καὶ
1231 2001 1324 2052 τοῦ
1395 1993 1540 2071 Ποῦ,
1603 1993 1814 2052 καὶτοῦ
1873 1994 2026 2073 ἁγίου

386 2084 711 2160 Πνεύματος,
743 2083 989 2163 χρισέτω
1013 2083 1184 2161 μύρῳ,
1219 2080 1507 2158 ἐπιλέγων

320 2198 323 2199 ν
915 2176 1306 2230 κεφΑΑΑιοιι
1351 2168 1492 2231 MA’.

653 2261 775 2337 Περὶ
813 2267 906 2317 τοῦ
935 2267 1189 2334 μυστικοῦ
1218 2261 1383 2339 μύρου
1413 2261 1747 2342 εὐχαριστία.

458 2355 613 2431 Κύριε
667 2353 696 2405 ὃ
727 2352 882 2423 Θεὸς,
915 2351 943 2407 ὁ
973 2350 1262 2428 ἆγέννητος
1295 2348 1369 2430 τί,
1404 2352 1490 2408 καὶ
1512 2351 1829 2432 ἀδρσποτος,
1861 2355 1888 2409 ὁ
1914 2361 2022 2410 τῶν

370 2443 512 2502 ο¹λων
569 2442 776 2519 Κύριος,
836 2443 864 2496 ὁ
922 2439 1020 2507 τὴν
1049 2441 1223 2515 ὀσμὴν
1251 2441 1350 2507 τῆς
1380 2440 1627 2520 γνώσεως
1656 2448 1749 2501 τοῦ
1776 2442 2022 2524 Εὖαγγε-

367 2535 479 2591 λίου
547 2533 602 2589 ἂν
673 2538 801 2588 πᾶσι
831 2542 948 2594 τοῖς
981 2528 1178 2586 ἔθνεσιν
1210 2529 1435 2605 εὔοσμον
1466 2530 1916 2612 παρασχόμενος·
1952 2535 2020 2589 σὺ

370 2627 457 2682 καὶ
509 2623 597 2680 νῖν
651 2629 807 2679 τοῦτο
861 2622 923 2676 τὸ
967 2619 1128 2697 μύρον
1174 2617 1261 2683 δὸς
1291 2620 1502 2699 ὶνεργὲς
1535 2620 1775 2699 γενέσθαι
1825 2621 1910 2694 ἐπὶ
1944 2631 2026 2697 τῷ,

372 2712 765 2790 βαπτιζομὲνῳ,
824 2710 962 2767 ὥστε
1020 2707 1235 2786 βεϐαίαν
1292 2710 1383 2766 καὶ
1411 2709 1605 2788 πάγιον
1635 2713 1690 2766 ἓν
1741 2711 1883 2787 αὐτῷ
1932 2714 2022 2780 τὴν

374 2800 592 2863 εὐωδίαν
664 2813 847 2877 μεῖναι
904 2806 1000 2856 τοῦ
1070 2806 1303 2878 Χριστοῦ
1329 2821 1446 2876 σου,
1481 2801 1567 2856 καί
1599 2804 2027 2859 συναποθανόντα

375 2893 531 2952 αὐτὸν
575 2895 963 2957 σοναναστῆναι
1016 2891 1105 2947 καὶ
1159 2889 1382 2960 συζῆσαι
1439 2891 1581 2964 αύτῷ
1644 2889 1788 2966 (35).
1849 2899 2027 2950 Ταῦτα

377 2984 462 3038 καὶ
517 2984 584 3040 τὰ
641 2982 843 3043 τούτοις
901 2977 1164 3036 ἀκόλουθα
1221 2977 1448 3058 λεγέτω.
1537 2977 1795 3038 Ἐκάστου
1842 2981 1942 3059 γὰρ
1991 2983 2024 3050 ἡ

375 3070 594 3147 δύναμις
646 3071 744 3139 τῆς
798 3071 1130 3149 χειροθεσίας
1175 3068 1314 3125 ἐστὶν
1373 3066 1529 3136 αὕτη·
1565 3069 1655 3129 ἐὰν
1683 3071 1785 3148 γὰρ
1818 3073 1898 3145 μὴ
1952 3073 2026 3136 εἷς

2114 1989 2266 2064 ritus
2293 1992 2506 2072 sancti,
2537 1991 2680 2054 linat
2715 1999 3040 2070 unguento,
3080 2009 3148 2054 ac
3185 1991 3396 2062 dicat:

2694 2169 2942 2236 CAPUT
2988 2167 3190 2234 XLIV.

2286 2261 2373 2324 De
2398 2262 2643 2340 mystico
2671 2268 2980 2341 unguento
3013 2263 3174 2324 actio
3205 2264 3582 2342 gratiarum.

2189 2351 2446 2414 Domine
2468 2351 2648 2428 Deus,
2677 2351 2779 2432 qui
2796 2351 3100 2431 ingenitus
3123 2370 3211 2432 es,
3237 2358 3293 2412 et
3316 2351 3625 2413 dominum
3646 2371 3769 2414 non

2108 2440 2318 2515 habes,
2346 2442 2472 2521 ipse
2495 2442 2762 2503 omnium
2786 2441 3082 2504 Dominus
3111 2462 3127 2517 ;
3160 2442 3262 2521 qui
3286 2441 3528 2502 odorem
3555 2443 3765 2521 cogni-

2108 2530 2289 2592 tionis
2311 2530 2616 2611 Evangelii
2643 2531 2704 2592 in
2724 2530 3006 2592 omnibus
3028 2530 3308 2610 gentibus
3335 2550 3576 2592 suavem
3607 2550 3768 2611 prae-

2098 2617 2289 2700 buisti
2316 2635 2329 2680 :
2359 2627 2418 2679 tu
2439 2627 2497 2680 et
2518 2638 2678 2681 nunc
2699 2626 2911 2699 praesta
2931 2627 2992 2680 ut
3009 2622 3128 2682 hoc
3158 2628 3524 2698 unguentum
3558 2620 3768 2682 efﬁcax

2107 2708 2208 2768 ﬁat
2239 2715 2297 2769 in
2330 2707 2664 2789 baptizata;
2698 2728 2812 2788 quo
2846 2709 3018 2770 ﬁrma
3051 2718 3112 2772 et
3143 2709 3380 2771 stabilis
3428 2719 3665 2770 maneat
3699 2711 3760 2770 in

2110 2797 2241 2879 ipso
2273 2797 2596 2878 fragrantia
2627 2799 2846 2861 Christi
2879 2802 2987 2880 tui,
3017 2801 3114 2862 cui
3162 2800 3293 2879 ipse
3325 2808 3761 2875 commortuus,

2111 2887 2552 2951 consuscitetur
2574 2908 2644 2950 ac
2672 2888 2965 2953 convivat.
2992 2888 3131 2951 Haec
3157 2898 3216 2953 et
3241 2890 3334 2950 his
3357 2898 3765 2951 consentanea

2114 2978 2395 3059 proferat.
2431 2977 2575 3040 Nam
2607 2980 2735 3041 hzec
2767 2988 2859 3042 est
2890 2986 3154 3060 potestas
3202 2979 3600 3059 impositionis
3631 2999 3762 3041 ma-

2111 3087 2292 3129 nuum
2311 3068 2637 3146 unicuique
2654 3069 2820 3132 factm
2847 3087 2860 3132 :
2891 3070 3006 3131 nisi
3025 3070 3187 3131 enim
3211 3071 3269 3130 in
3295 3070 3764 3151 unumquodque

375 3160 592 3219 ἕκαστον
652 3158 769 3239 (36)
842 3159 1045 3217 τούτων
1088 3156 1369 3226 ἐπίκλησις
1417 3157 1640 3237 γένηται
1697 3161 1841 3239 παρὰ
1899 3159 2018 3242 (37)

2112 3176 2318 3220 eorum
2346 3157 2479 3219 talis
2501 3158 2796 3238 quaepiam
2823 3159 3116 3222 invocatio
3137 3161 3282 3240 apio
3316 3160 3626 3223 sacerdote
3649 3162 3762 3222 ad-

373 3253 464 3308 τοῦ
535 3253 773 3312 εὖσεόοῦς
827 3248 1010 3328 ἱερέως
1041 3247 1262 3316 τοιαύτη
1283 3269 1389 3323 τις,
1421 3249 1493 3312 εἰς
1525 3247 1660 3328 ὕδωρ
1693 3251 1855 3325 μόνον
1909 3272 2017 3308 καο

371 3339 604 3398 ταϐαίνει
658 3343 685 3397 ὁ
742 3339 1152 3416 βαπτιζόμενςς,
1185 3339 1256 3404 ὡς
1288 3336 1535 3396 Ἰουδαῖοι
1563 3337 1724 3420 (38),
1753 3343 1840 3398 καὶ
1873 3341 2018 3398 ἀπο-

370 3435 566 3488 τίθεται
637 3430 798 3505 μόνον
859 3430 950 3485 τὸν
993 3428 1154 3506 ῥύπον
1213 3434 1303 3484 τοῦ
1336 3428 1613 3509 σώματος,
1649 3431 1709 3487 οὗ
1739 3431 1827 3486 τὸν
1859 3432 2021 3508 ῥύπον

369 3521 465 3588 τῆς
522 3525 730 3600 ψυχῆς.
785 3518 930 3575 Μετὰ
958 3519 1134 3597 τοῦτο,
1180 3518 1347 3584 ἑστὼς
1377 3519 1756 3599 προσευχέσθω
1793 3521 1890 3590 τὴν
1925 3525 2019 3580 εὖ..

370 3610 480 3690 χὴν
527 3609 595 3678 ἢν
626 3607 850 3674 ὶδίδαξεν
893 3610 1037 3683 ἡμᾶς
1089 3610 1118 3664 ὁ
1181 3609 1367 3687 Κύριος
1417 3607 1565 3686 (39)’
1613 3609 1919 3686 ἀναγκαίως
1963 3609 2018 3666 δὲ

366 3702 458 3757 τὴν
515 3699 810 3755 ἀναστάντα
857 3697 942 3754 δεῖ
994 3696 1209 3754 ἱστάναι
1265 3699 1353 3754 καὶ
1383 3699 1802 3780 προσεύχεσθαι,
1840 3697 1924 3756 διὰ
1955 3702 2017 3757 τὸ

367 3791 458 3846 τὸν
529 3789 860 3868 ἐγειρόμενον
918 3785 1087 3866 ὄρθιον
1147 3787 1314 3844 εἶναι·
1378 3788 1466 3843 καί
1524 3790 1681 3852 αὐτὸς
1739 3796 1826 3846 οὖν
1882 3812 2013 3848 συν-

369 3880 646 3936 αποθανὼν
676 3883 752 3952 τῷ
801 3884 1012 3958 Χριστῷ
1037 3879 1124 3934 καὶ
1149 3879 1496 3957 συνεγερθεὶς,
1529 3879 1796 3946 στηκὲτω.
1835 3887 2012 3959 Προσ-

363 3967 605 4049 ευχέαθω
634 3967 690 4025 δὲ
711 3969 851 4026 κατὰ
877 3967 1139 4033 ἀνατολάς
1181 3967 1328 4046 (4Ο)⁶
1377 3969 1466 4025 καὶ
1495 3969 1595 4046 γὰρ
1633 3970 1722 4026 καὶ
1749 3976 1904 4028 τοῦτο
1939 3972 2021 4048 τέ-

366 4079 596 4136 γραπται
657 4059 712 4114 ἐν
741 4064 809 4135 τῇ
851 4058 1063 4139 δευτέρᾳ
1092 4065 1200 4114 τῶν
1232 4056 1738 4138 Παραλειπομένων,
1764 4057 1845 4115 ὅτι
1881 4061 2017 4135 μετὰ

364 4149 426 4205 τὸ
455 4148 855 4216 συντελεσθῆναι
885 4150 976 4205 τὸν
1006 4149 1133 4205 ναὸν
1161 4157 1254 4207 τοῦ
1288 4149 1472 4227 Κυρίου
1501 4148 1603 4203 ὑπὸ
1625 4155 1713 4205 τοῦ
1743 4148 2012 4225 βασιλέως

369 4236 740 4313 Σολομῶντος,
773 4237 827 4294 ἰν
857 4237 1002 4313 αὒτῷ
1041 4245 1121 4312 τῷ
1150 4236 1480 4317 ἑγκαινισμῶ
1510 4238 1555 4294 οἱ
1601 4237 1792 4315 ἱερεῖς,
1847 4241 1934 4295 καὶ
1969 4243 2016 4296 οἱ

372 4333 611 4403 Λευῖται,
665 4330 754 4402 κά
804 4330 851 4386 οἱ
907 4326 1199 4408 ψαλτῳδοι,
1263 4328 1399 4404 μετὰ
1420 4323 1732 4404 κυμϐάλων,
1766 4329 1855 4385 καὶ
1879 4329 2014 4406 ψαλ-

448 4484 502 4530 π
525 4489 608 4553 al.
639 4487 898 4568 ἀγένητος
979 4484 1035 4530 ⁷⁸
1054 4487 1260 4552 Matth.
1294 4503 1376 4562 Vt,
1409 4487 1470 4553 9.

2105 3247 2404 3320 hibeatur,
2431 3247 2531 3322 qui
2554 3247 2911 3329 baptizatur,
2937 3250 2996 3309 in
3015 3268 3225 3330 aquam
3247 3259 3472 3311 tantum
3498 3250 3761 3312 descen-

2105 3336 2283 3410 dit,ut
2305 3335 2516 3417 Judaei,
2543 3346 2600 3398 et
2621 3339 2890 3418 corporis
2911 3346 3136 3400 tantum
3159 3339 3392 3414 sordes,
3417 3359 3533 3400 non
3559 3349 3758 3401 autem

2107 3427 2322 3488 animae
2348 3427 2616 3506 deponit,
2655 3426 2793 3489 Post
2827 3427 2962 3502 hoc,
2998 3437 3163 3489 stans
3193 3429 3349 3490 dicat
3396 3430 3756 3504 orationem,

2108 3535 2284 3593 quam
2319 3516 2523 3578 docuit
2560 3534 2667 3578 nos
2697 3516 2984 3579 Dominus
3004 3517 3098 3580 73:
3135 3519 3386 3593 scilicet,
3424 3519 3522 3599 qui
3562 3538 3763 3580 resur-

2105 3605 2281 3680 rexit,
2320 3606 2657 3669 necessario
2689 3606 2868 3668 debet
2920 3613 3078 3668 stare
3129 3627 3198 3668 ac
3245 3627 3440 3684 orare,
3476 3609 3758 3688 quoniam

2106 3697 2204 3776 qui
2237 3695 2521 3777 exsurgit,
2557 3704 2795 3757 erectus
2848 3708 2977 3758 est:
3013 3705 3070 3758 et
3117 3698 3243 3778 ipse
3276 3698 3476 3779 igitur,
3509 3699 3610 3778 qui
3643 3719 3761 3760 una

2103 3804 2237 3848 cum
2269 3786 2508 3850 Christo
2542 3795 2811 3847 mortuus
2843 3797 2938 3847 est
2966 3805 3034 3848 ac
3066 3789 3418 3864 resurrexit,
3446 3796 3583 3852 stet.
3605 3788 3758 3850 Pre-

2103 3883 2271 3938 cetur
2302 3894 2441 3937 vero
2474 3875 2546 3937 ad
2579 3875 2874 3937 orientem
2903 3894 2915 3938 :
2941 3878 3159 3938 etenim
3185 3877 3298 3940 hoc
3330 3897 3568 3958 quoque
3599 3879 3759 3939 scri-

2105 3975 2270 4048 ptum
2306 3975 2396 4027 est
2428 3967 2488 4027 in
2513 3967 2777 4028 secundo
2807 3967 3328 4047 Paralipomenon,
3367 3967 3554 4048 quod,
3589 3976 3756 4048 post-

2101 4076 2281 4135 quam
2319 4056 2607 4136 templum
2635 4056 2874 4118 Domini
2908 4075 2941 4116 a
2969 4075 3111 4135 rege
3139 4059 3456 4119 Salomone
3480 4075 3757 4119 consum-

2104 4157 2323 4208 matum
2364 4146 2493 4221 fuit,
2528 4146 2590 4207 in
2649 4145 2778 4226 ipsa
2835 4145 3212 4207 dedicatione
3277 4147 3647 4226 sacerdotes,
3697 4156 3756 4208 et

2102 4237 2313 4311 levitas,
2348 4242 2406 4298 et
2437 4243 2735 4310 cantores,
2758 4255 2892 4297 cum
2913 4235 3198 4315 cymbalis
3227 4244 3282 4298 et
3309 4236 3605 4316 psalteriis
3625 4243 3758 4298 ste-

2103 4335 2302 4393 terunt
2332 4327 2408 4389 ad
2439 4325 2762 4407 orientem,
2795 4325 3131 4399 laudantes,
3169 4336 3226 4387 et
3272 4326 3649 4403 conﬁtentes,
3685 4345 3754 4388 ac

1693 4564 2088 4636 VARIORUM
2131 4566 2382 4634 NOTAE.

452 4701 797 4843 Sita-13:;
805 4703 974 4843 tu“?
993 4704 1133 4769 ϐοά.
1167 4705 1429 4773 Vindob.
1462 4705 1643 4770 habet
1661 4715 1739 4783 τῷ
1771 4705 2015 4789 sagum:

366 4782 606 4847 melius.
631 4786 822 4850 CLER.

452 4862 578 4942 (34)
619 4865 708 4926 Δέ.
747 4867 848 4929 Est
877 4867 938 4929 in
967 4868 1158 4930 altero
1189 4866 1368 4930 Vind.
1403 4868 1462 4925 τί
1491 4868 1728 4931 melius.
1761 4871 1851 4932 In.

603 4948 700 5002 Καὶ
739 4949 1165 5028 συναποθανόντα
1221 4949 1401 5028 αὐτόν,
1466 4958 1580 5013 etc.
1635 4948 1818 5022 Recte
1881 4967 2014 5011 cum

364 5020 480 5108 isto
511 5023 640 5086 loco
665 5027 990 5108 conjunges
1037 5020 1588 5108 interpretationem
1649 5020 2022 5094 Balsamonis

362 5103 435 5164 ad
471 5103 1329 5174 canonem'Laodicenum'AtS.
1363 5109 1503 5172 Cor.

608 5185 733 5284 Ἐαν
765 5190 974 5284 γὰρμὴ
1003 5192 1080 5281 είς
1112 5189 1360 5284 ἕκαστον,
1421 5198 1537 5254 etc.
1605 5189 1907 5284 boquitur_
1945 5189 2020 5284 de

364 5263 722 5352 baptismate
753 5263 1058 5331 ordinario
1080 5263 1417 5352 adultarum
1445 5291 1462 5346 ;
1487 5272 1642 5352 quod
1665 5263 1780 5333 nisi
1805 5269 2016 5352 sedulo

363 5362 431 5406 ac
451 5348 564 5432 rite
586 5357 759 5429 juxta
782 5351 1409 5432 totamicmremoniam
1438 5348 1708 5414 tradatur
1726 5370 1760 5413 a
1784 5351 1893 5432 pio,
1920 5369 2014 5412 sa-

364 5427 634 5513 cerdote,
670 5439 730 5492 et
761 5430 1176 5513 suscipiatura
1207 5432 1302 5513 pio
1335 5427 2017 5513 catechumeno,aniinaa

365 5449 634 5502 carnale,
670 5449 730 5492 et
761 5449 1176 5572 suscipiam”
1207 5451 1302 5513 pio
1335 5449 2013 5507 catecnumeno,ammae

365 5508 575 5592 sordes
598 5529 715 5572 non
741 5510 917 5592 dep'el
949 5510 1348 5592 it,_necsuum
1371 5512 2013 5592 obtineteﬁ‘ectumJD.

445 5586 576 5670 (ζῆ)
608 5594 779 5670 Παρά.
813 5586 1279 5656 Ᾰιιοτίνίῐιόοό.
1313 5591 1495 5655 habet
1544 5593 1642 5657 hic
1670 5595 1794 5654 ὑπό.
1831 5593 2010 5655 CLEn.

445 5665 569 5742 (38)
601 5665 875 5732 Ἰουδαῖοι.
913 5673 1162 5737 Rectius
1194 5676 1254 5735 in
1285 5674 1496 5736 eodem
1529 5678 1577 5731 ot
1612 5673 1886 5736 Ἰουδαῖοι.
1921 5674 2008 5736 ID.

447 5671 545 5742 (38
601 5671 875 5732 Ἰουδαῖοι.
913 5673 1162 5737 Rectius
1194 5676 1254 5735 in
1285 5674 1496 5736 eodem
1529 5678 1577 5731 ot
1612 5673 1886 5736 Ἰουδαῖοι.
1921 5674 2008 5736 ID.

447 5671 738 5891 (392mm
769 5761 922 5811 τοῦτο
972 5752 1164 5829 ἔστώς,
1215 5762 1330 5817 etc.
1364 5753 1626 5818 Joannes
1655 5753 2012 5836 Chrysosto-

447 5839 524 5891 I8.
593 5848 722 5891 om.
750 5833 788 5891 6
811 5835 876 5891 in
901 5832 1246 5891 Eois-totam
1272 5836 1352 5891 ad
1378 5835 1781 5891 Colonenses:
1811 5833 2012 5891 Εὗθέως

368 5832 722 5922 ιιιιιεηιιοιιι..
750 5833 788 5898 6
811 5835 876 5894 “in
899 5832 1246 5922 Epit-totam
1272 5836 1352 5899 ad
1378 5832 2013 5922 Colossensesz'E~30_émc

364 5909 464 5988 γὰρ
519 5909 778 5992 ἀνελθὼν,
831 5909 998 5975 ταῦτα
1054 5916 1339 6000 φθέγγεται
1409 5917 1475 5976 τὰ
1543 5917 1785 6000 ῥήματα·
1841 5916 2014 5997 Πάτερ

2098 4707 2255 4780 ἡμῶν
2287 4706 2314 4760 ὁ
2347 4705 2402 4760 ἐν
2433 4717 2548 4766 τοῖς
2579 4707 2848 4782 οὐρανοῖς,
2883 4710 3023 4776 etc.,
3089 4702 3189 4764 ubi
3239 4704 3378 4778 (hoc
3436 4712 3500 4764 ut
3561 4701 3756 4765 obiter

2102 4785 2407 4865 moneam)
2429 4783 2588 4865 quod
2621 4783 2891 4864 sequitur
2925 4801 2944 4865 :7
2977 4785 3083 4841 Οὐκ
3132 4784 3216 4839 ἐπ’
3277 4783 3401 4860 ὄψιν
3451 4784 3629 4840 πίπτει
3689 4787 3751 4865 τὸ

2100 4864 2330 4938 παιδίον,
2384 4863 2466 4923 70:5—
2507 4864 2659 4929 ξύλον
2688 4863 2833 4942 ὁρᾷς,
2864 4864 2980 4922 οὒδὲ
3037 4865 3247 4944 πηγήν,
3282 4871 3626 4944 corruptum
3664 4863 3752 4944 vi-

2102 4945 2483 5025 detur,atque
2509 4944 2929 5025 corrigendum
2961 4943 3282 5025 scribendo
3305 4943 3652 5025 n28£o~i,quia
3674 4943 3750 5005 ad

2106 5022 2444 5106 paradisum
2479 5022 2695 5086 alludit
2711 5024 2769 5088 S.
2787 5025 3015 5106 doctor.
3036 5022 3107 5084 Et
3126 5043 3268 5106 vero
3293 5025 3441 5086 solis
3467 5023 3750 5086 ﬁdelibus

2103 5105 2320 5169 licebat
2350 5106 2680 5166 oralionem
2713 5105 3087 5168 Dominicam
3134 5105 3425 5184 proferre,
3481 5106 3747 5184 nondum

2101 5187 2349 5248 initiatis
2371 5204 2488 5246 non
2526 5185 2788 5248 licebat:
2827 5195 2890 5246 ut
2945 5183 3182 5246 exserte
3227 5186 3403 5246 docet
3461 5183 3748 5247 Theodo-

2100 5269 2272 5340 ritus,
2310 5267 2469 5328 Har.
2503 5265 2658 5345 fab.,
2708 5265 2812 5329 lib.
2845 5283 2905 5340 ν,
2941 5284 3069 5343 cap.
3108 5267 3207 5340 28,
3243 5275 3375 5346 post
3400 5266 3749 5346 Chrysosto-

2102 5366 2262 5411 mum
2297 5348 2367 5407 ad
2398 5347 2607 5410 Matth.
2643 5363 2718 5420 vr,
2758 5351 2920 5426 12,et
2946 5346 3223 5426 homil.2,
3259 5347 3319 5406 in
3345 5347 3744 5426 posteriorem

2098 5429 2171 5492 ad
2202 5426 2562 5497 Corinthios,
2601 5437 2781 5506 utque
2814 5426 3113 5503 colligitur
3145 5446 3215 5488 ex
3253 5427 3575 5506 Augustini
3609 5445 3744 5487 ser-

2101 5507 2401 5571 monibus.
2448 5507 2796 5587 Quanquam
2831 5507 2889 5568 id
2917 5506 3203 5587 orationis
3241 5507 3562 5569 recitatum
3594 5507 3745 5568 fuis-

2099 5609 2166 5652 se
2191 5609 2226 5651 a
2255 5586 2710 5668 catechumenis
2733 5587 2906 5668 paulo
2938 5595 3074 5648 ante
3096 5586 3745 5667 baptismum,legimus

2095 5672 2156 5732 in
2191 5668 2526 5734 Ritualibus
2560 5667 2753 5730 libris.
2796 5669 2939 5729 Cor.

2183 5748 2308 5831 (40)
2340 5751 2486 5806 Κατὰ
2515 5748 2796 5831 ᾁναςιολάς.
2831 5747 2916 5810 Ita
2952 5747 3014 5808 in
3039 5765 3149 5809 ms.
3212 5747 3642 5822 Alexandrino,
3699 5747 3746 5810 II

2099 5828 2356 5911 Paralip.
2383 5845 2441 5904 v,
2475 5828 2574 5892 l2.
2607 5828 2695 5892 In.
