4134 6458
311 248 471 311 1065

1128 244 1792 310 CONSTITUTIONES
1834 240 2343 305 APOSTOLICAB.
2377 276 2457 290 -—
2485 244 2634 306 LIB.
2684 241 2845 309 VIII.

3543 247 3700 310 1066

312 383 527 456 κακίαν,
577 384 611 449 ἢ
645 382 957 460 ἐγκράτειαν
1003 383 1244 456 ἔννομον.
1288 382 1382 438 Καὶ
1432 381 1531 458 γὰρ
1588 382 1673 436 καὶ
1735 382 1962 442 Μωϋσῆς

2061 373 2408 453 pientiae,vel
2437 377 2708 439 scientia
2734 376 2784 451 ³,
2814 385 2916 440 aut
2935 378 3232 440 rationem
3257 379 3701 444 discernenda-

314 475 342 529 ὁ
388 477 482 528 τοῦ
513 477 646 528 Θεοῦ
700 469 996 550 ἄνθρωπος,
1060 469 1114 526 ἐν
1159 470 1409 547 Αἰγύπτῳ
1467 467 1727 525 ἐπιτελῶν
1754 469 1821 524 τὰ
1864 489 1971 534 ση-

317 575 476 638 μεῖα,
512 561 570 617 οὖ
612 561 924 636 κατεπήρθη
969 564 1076 616 τῶν
1108 557 1416 638 ὁμοφύλων·
1451 559 1539 614 καὶ
1568 560 1685 621 θεὸς
1733 556 1970 637 κληθεὶς,

319 654 414 709 οὐκ
473 649 869 721 ὗλαζονεύσατο
912 651 1049 725 μετὰ
1092 656 1183 704 του
1232 646 1362 704 ἰδίου
1421 649 1697 726 προφήτου
1740 644 1968 725 Ἀαρών,

316 740 470 797 Ἀλλ’
533 740 651 796 οὔτε
713 742 742 795 ὸ
772 747 866 796 τοῦ
934 744 1083 801 Ναυῆ
1158 737 1388 810 Ἰησοῦς,
1449 738 1795 815 ἡγησάμενος
1854 734 1971 811 μετ’

325 831 486 887 αὐτὸν
514 835 608 886 τοῦ
637 827 794 903 λαοῦ,
829 827 928 885 κᾶν
980 835 1055 901 τῷ
1086 830 1219 907 πρὸς
1270 832 1392 889 τους
1435 824 1746 890 Ἰεϐουσίους
1804 825 1974 883 πολέ-

322 944 410 995 μῳ
439 921 643 990 στήσας
684 925 774 975 τὸν
818 917 971 985 ἥλιον
1003 919 1144 974 κατὰ
1195 914 1442 996 Γαϐαὼν,
1491 919 1580 974 καὶ
1614 917 1710 985 τὴν
1742 916 1974 986 σελήνην

320 1009 456 1064 κατὰ
489 1009 739 1088 φάραγγα
773 1005 970 1083 Αὶλὼν,
1026 1005 1110 1063 διὰ
1167 1008 1229 1062 τὸ
1286 1008 1364 1082 μὴ
1398 1009 1680 1085 αὐταρκεῖν
1712 1008 1842 1085 πρὸς
1872 1006 1972 1073 τὴν

319 1100 471 1165 νίκην
526 1098 624 1165 τὴν
684 1095 911 1176 ἡμέραν,
959 1097 1165 1176 ἐπήρθη
1209 1098 1348 1153 κατὰ
1404 1103 1497 1153 τοῦ
1524 1097 1744 1175 Φυνεὲς,
1789 1097 1824 1164 ἢ
1880 1103 1974 1152 τοῦ

320 1185 523 1249 Χαλέϐ,
583 1187 716 1245 Οὔτε
775 1187 1056 1262 Σαμουὴλ,
1120 1197 1348 1244 τοσαῦτα
1397 1185 1662 1264 παράδοξα
1717 1188 1971 1268 ποιήσας,

319 1277 445 1355 παρ’
481 1274 628 1333 οὐδὲν
659 1276 903 1353 ἡγήσατο
954 1278 1044 1332 τὸν
1093 1274 1314 1354 θεοφιλῆ
1351 1273 1509 1332 Δαϐίδ
1543 1294 1557 1310 ⁸
1604 1278 1693 1333 καί
1722 1299 1804 1333 τοι
1861 1277 1971 1352 ἀμ-

318 1368 532 1446 φότεροι
580 1371 850 1446 προφῆται
885 1382 898 1395 ⁸
959 1367 1048 1422 καὶ
1105 1368 1132 1421 ὁ
1166 1366 1287 1439 μὲν,
1321 1366 1602 1445 ἀρχιερεὺς
1639 1365 1790 1447 (78),
1832 1369 1859 1422 ὁ
1889 1365 1971 1445 δὲ,

318 1454 590 1533 βασιλεύς.
631 1457 730 1513 Καὶ
761 1454 896 1511 ἑπτα
927 1452 1188 1535 χιλιάδων
1241 1456 1601 1534 ὑπαρχουσῶν
1646 1457 1700 1512 ἐν
1757 1455 1975 1534 Ἰσραὴλ

320 1547 508 1625 ἁγίων,
569 1551 675 1600 τῶν
728 1546 807 1620 μὴ
877 1545 1209 1620 καμψάντων
1279 1544 1405 1621 γόνυ
1458 1549 1523 1620 τῇ
1584 1545 1753 1622 Βάαλ,
1813 1546 1974 1621 μόνος

321 1635 506 1699 Ἠλίας
577 1638 633 1691 'sv
699 1635 910 1708 αὐτοῖς,
971 1635 1060 1689 καὶ
1141 1636 1168 1688 ὁ
1240 1634 1428 1690 τούτου
1484 1637 1728 1709 μαθητὴς
1786 1634 1973 1692 Ἐλισ-

320 1738 475 1789 σαῖος
534 1725 919 1800 θαυματοποιοὶ
1003 1722 1317 1800 γεγένηνται
1353 1738 1366 1751 ⁸

319 1816 411 1870 τὸν
509 1813 790 1890 οἰκονόμον
887 1813 1096 1870 Ἀϐδιοὺ
1195 1813 1597 1889 ἐξεμυκτήρισε,
1710 1813 1972 1896 φοϐούμε-

323 1927 411 1962 νον
472 1906 572 1981 μὲν
631 1906 724 1960 τὸν
799 1903 953 1977 Θεὸν,
1017 1907 1077 1961 οὐ
1129 1911 1382 1960 ποιοῦντα
1455 1902 1510 1960 δὲ
1556 1918 1762 1980 σημεῖα
1797 1921 1810 1937 ⁸
1859 1906 1975 1961 οὔτε

327 1992 633 2059 Ἐλισσαῖος
691 1995 784 2049 τὸν
840 1993 1026 2050 ἑαυτοῦ
1075 1993 1323 2068 μαθητὴν
1381 1995 1659 2073 φρίττοντα
1692 1996 1812 2057 τοὺς
1871 2018 1976 2052 πο-

327 2083 538 2160 λεμίους
591 2083 886 2163 ὑπερεῖδεν.
953 2081 1120 2140 Ἀλλὰ
1177 2084 1278 2162 γὰρ
1354 2083 1474 2140 οὔτε
1540 2085 1741 2153 Δανιὴλ
1797 2089 1824 2142 ὁ
1877 2108 1975 2142 σο-

323 2177 446 2254 φὸς,
506 2176 704 2253 ῥωσθεὶς
762 2172 1000 2253 δεύτερον
1061 2172 1119 2228 ὲκ
1180 2173 1448 2248 στόματος
1525 2173 1781 2249 λεόντων,
1858 2175 1975 2233 οὕτε

326 2266 375 2321 οἱ
402 2277 549 2344 τρεῖς
581 2262 774 2326 παῖδες
828 2262 888 2318 ἐκ
938 2261 1168 2337 καμίναυ
1211 2264 1400 2340 πυρὸς,
1447 2261 1796 2327 ἰξουδένωσαν
1857 2266 1974 2329 τοὺς

323 2353 545 2419 λοιποὺς
599 2361 707 2411 τῶν
765 2351 1074 2432 ὁμοφύλων.
1154 2349 1471 2408 Ἠπίσταντο
1515 2354 1614 2432 γὰρ
1659 2354 1740 2410 ὅτι
1799 2354 1858 2409 οὒ
1909 2360 1978 2430 τῇ

324 2446 493 2516 οἰκείᾳ
536 2442 752 2519 δυνάμει
798 2441 1166 2522 περιεγένοντο
1223 2448 1331 2498 τῶν
1386 2439 1592 2516 δεινῶν,
1627 2441 1762 2499 ἀλλὰ
1787 2450 1856 2520 τῇ
1884 2450 1976 2500 τοῦ

324 2543 455 2594 Θεοῦ
485 2535 664 2614 ἰσχύϊ,
730 2536 815 2588 καὶ
873 2544 1080 2607 σημεῖα
1129 2530 1435 2606 ἐπετέλουν,
1487 2535 1575 2590 καὶ
1637 2534 1740 2589 τῶν
1783 2531 1975 2613 δυσχε-

323 2628 428 2703 ρῶν
474 2622 906 2690 ἀπηλλάττοντο.
970 2622 1168 2678 Οὐκοῦν
1238 2620 1424 2696 μηδείς
1481 2622 1635 2697 ὑμῶν
1682 2622 1976 2702 ἐπαιρέσθω

322 2716 460 2772 κατὰ
514 2721 606 2770 τοῦ
659 2711 908 2791 ἀδελφοῦ,
969 2711 1066 2767 κᾶν
1128 2709 1411 2790 προφήτης
1455 2712 1515 2788 ᾗ,
1566 2711 1662 2768 κᾶν
1702 2717 1976 2788 θαυματο-

324 2805 502 2869 ποιός.
566 2806 624 2861 Εἰ
684 2806 784 2880 γὰρ
841 2800 968 2877 δοθῇ
1028 2799 1222 2876 μηκὲτι
1281 2800 1427 2856 εἷναί
1472 2823 1575 2859 που
1605 2800 1850 2884 ἄπιστον,
1884 2825 1978 2860 πε-

323 2898 473 2976 ριττὴ
497 2894 688 2951 λοιπὸν
743 2891 889 2948 ἔσται
933 2897 1080 2948 πᾶσι
1139 2891 1376 2966 σημείων
1433 2891 1695 2969 ὶνέργεια.
1753 2896 1824 2950 Τὸ
1880 2894 1978 2970 μὲν

321 2988 422 3065 γὰρ
453 2988 594 3042 εἶναι
624 2980 816 3048 εὐσεϐῆ
847 3000 864 3050 ς
893 2983 956 3036 kx
985 2983 1081 3047 τῆς
1105 2989 1198 3038 τοῦ
1226 2999 1366 3041 τινος
1398 2981 1625 3044 εὐνοίας
1660 2984 1720 3037 τὸ
1754 2979 1808 3036 δὲ
1850 2985 1973 3038 θαι)-

887 1810 1096 1870 Ἀϐδιοὺ
1195 1812 1597 1889 ἐξεμυκτήρισε,

2056 481 2184 524 rum
2210 465 3204 548 spirituum,autpraecognitiouem
3233 469 3704 545 futurorum,aut

2057 572 2394 618 sermonem
2420 566 2620 636 aptum
2643 557 2714 618 ad
2737 557 3207 638 docendum,aut
3230 561 3701 640 patientiam,aut

2059 645 2485 707 continentiam
2509 647 2855 727 legitimam.
2873 646 3106 708 Etenim
3131 652 3355 730 Moyses
3371 651 3551 712 homo
3569 651 3698 731 Dei,

2060 756 2193 797 cum
2228 739 2286 799 in
2315 738 2561 820 Egypto
2588 739 2759 818 signa
2791 740 3128 819 perficeret,
3167 760 3286 802 non
3317 761 3382 803 se
3412 743 3474 804 in
3506 762 3700 823 popu-

2059 827 2214 889 lares
2236 846 2380 889 suos
2409 828 2907 908 extulit;cumque
2930 829 3081 891 deus
3105 831 3443 910 appellatus
3465 834 3699 900 fuisset:

2058 937 2174 978 non
2202 917 2529 998 superbivit
2547 919 2606 979 in
2631 937 2804 979 suum
2831 919 3178 998 prophetam
3202 924 3500 983 Aaronem
3523 925 3702 987 5.Sed

2057 1017 2114 1068 et
2143 1009 2313 1070 Iesus
2343 1006 2517 1068 Navae
2547 1007 2729 1078 filius,
2765 1008 2866 1087 qui
2900 1019 3032 1085 post
3065 1011 3325 1090 Moysem
3357 1012 3568 1074 ductor
3596 1015 3704 1076 fuit

2059 1097 2562 1177 populi,quamvis
2586 1096 2649 1157 in
2673 1096 2832 1157 bello
2856 1096 3173 1158 adversum
3204 1098 3703 1183 Jebusaeos,quod

2057 1205 2176 1248 non
2208 1189 2510 1250 sutliccret
2535 1187 2660 1248 dies
2680 1186 2752 1247 ad
2779 1187 3105 1258 victoriam,
3133 1190 3319 1249 solem
3353 1192 3613 1254 stetisset
3631 1193 3706 1254 ad

2058 1278 2428 1353 Gabaonem,
2456 1287 2510 1338 et
2531 1278 2732 1338 lunam
2754 1277 2825 1337 ad
2851 1276 3061 1338 vallem
3096 1277 3408 1340 Aialonem
3433 1301 3447 1361 ;
3474 1300 3592 1342 non
3613 1289 3705 1343 ta-

2061 1385 2198 1426 men
2224 1366 2282 1426 in
2319 1367 2603 1429 Phiueem
2651 1374 2750 1427 aut
2781 1366 3112 1427 Chalebum
3148 1370 3491 1445 arrogantia
3521 1371 3708 1433 elatus

2059 1464 2148 1516 est
2170 1454 2198 1496 δ
2233 1455 2456 1536 .Neque
2481 1455 2953 1536 Samuel,quitot
2978 1456 3124 1516 mira
3137 1466 3192 1518 et
3214 1455 3521 1538 inopinata
3542 1461 3706 1534 fecit,

2062 1546 2222 1624 pium
2253 1564 2321 1606 ac
2352 1549 2472 1607 Deo
2507 1547 2756 1607 charum
2795 1545 3081 1608 Davidem
3134 1546 3305 1608 nihili
3355 1549 3565 1610 duxit:
3602 1551 3709 1614 sed

2057 1634 2234 1696 ambo
2259 1645 2429 1696 erant
2461 1635 2765 1715 prophetae
2792 1657 2807 1710 ;
2831 1643 2890 1697 et
2920 1635 3021 1696 ille
3043 1635 3288 1715 quidem
3314 1638 3709 1719 pontifex,hic

1427 1721 1546 1780 ἀλλ’
1610 1724 1730 1782 οὔτε
1788 1723 1972 1790 Ἠλίας

2062 1743 2199 1784 vero
2231 1741 2360 1788 rex.
2398 1728 2468 1787 Et
2496 1743 2631 1785 cum
2665 1725 2723 1785 in
2752 1723 2975 1785 Israele
3010 1733 3215 1786 essent
3243 1735 3472 1806 septem
3526 1729 3711 1791 millia

2060 1814 2546 1891 sanctorum,qui
2573 1832 2694 1874 non
2715 1824 3105 1875 curvaverant
3128 1833 3285 1893 genu
3307 1816 3469 1878 Baali
3487 1819 3575 1870 5~6
3598 1842 3613 1900 ;
3639 1838 3709 1881 ex

2060 1903 2202 1984 ipsis
2237 1905 2401 1966 solus
2426 1902 2607 1977 Elias,
2635 1903 2883 1983 ejusque
2907 1904 3240 1984 discipulus
3261 1904 3510 1969 Elisaeus
3532 1911 3710 1972 mira-

2061 1993 2334 2055 culorum
2368 1993 2681 2056 eﬂ‘ectores
2711 1992 2951 2054 fuerunt
2978 2016 2991 2057 :
3026 2013 3144 2055 non
3177 2001 3382 2058 tamen
3414 1996 3572 2060 Elias
3598 1999 3711 2062 de-

2065 2083 2196 2144 risit
2211 2083 2468 2146 Abdiam
2495 2085 3218 2156 wconomumJimentem
3235 2085 3476 2165 quidem
3494 2091 3707 2167 Deum,

2060 2184 2120 2235 at
2142 2175 2310 2252 signa
2332 2193 2451 2234 non
2473 2173 2792 2234 facientem
2819 2193 2834 2254 ;
2865 2193 3058 2254 neque
3078 2173 3329 2236 Elisaaus
3349 2176 3710 2258 discipulum

2061 2283 2232 2324 suum
2256 2265 2459 2325 hostes
2482 2263 3044 2343 perhorrescentem
3061 2264 3522 2345 despexit7.Sed
3549 2268 3711 2328 enim

2064 2373 2262 2435 neque
2289 2353 2530 2434 sapiens
2563 2352 2796 2420 Daniel,
2825 2353 2917 2414 his
2940 2373 3010 2414 ex
3042 2373 3148 2415 ore
3178 2357 3416 2416 leonum
3445 2366 3710 2439 ereptus,

2062 2462 2261 2524 neque
2293 2457 2416 2504 tres
2449 2443 2618 2523 pueri
2651 2461 2718 2502 ex
2745 2443 2900 2522 ignis
2930 2443 3172 2505 fornace
3201 2443 3440 2506 liberati
3458 2448 3512 2523 8,
3538 2447 3716 2517 nihili

2059 2533 2616 2612 feceruntreliquos
2639 2550 2763 2592 suae
2783 2532 2984 2610 gentis
3006 2532 3305 2598 homines.
3333 2535 3620 2599 Sciebant
3641 2557 3710 2600 e-

2064 2623 2184 2684 nim
2220 2642 2285 2684 se
2335 2641 2455 2684 non
2505 2621 2634 2683 suis
2688 2620 2917 2684 viribus
2969 2623 3236 2703 pericula
3285 2626 3568 2702 evasisse,
3605 2627 3710 2690 sed

2063 2712 2170 2775 Dei
2202 2715 2416 2775 virtute
2446 2731 2582 2774 cum
2610 2711 2782 2790 signa
2804 2713 3136 2792 peregisse,
3165 2722 3288 2774 tum
3317 2715 3390 2776 ab
3421 2717 3715 2796 angusttis

2062 2804 2250 2865 fuisse
2309 2811 2597 2864 servatos.
2634 2805 2841 2882 Itaque
2898 2821 3074 2862 nemo
3123 2812 3413 2879 vestrum,
3449 2806 3588 2868 licet
3638 2808 3714 2868 sit

2064 2896 2378 2974 propheta,
2405 2893 2544 2953 licet
2579 2892 3007 2954 miraculorum
3034 2901 3411 2972 operator,se
3427 2895 3713 2959 adversus

2064 2983 2303 3045 fratrem
2337 2982 2604 3045 extollat.
2637 2983 2701 3044 Si
2733 2982 2894 3043 enim
2942 2982 3000 3042 id
3034 2982 3232 3055 detur,
3258 2992 3323 3043 ut
3351 2984 3553 3046 nullus
3575 3004 3709 3047 am-

325 3088 669 3154 ματοποιεῐν,
727 3071 786 3128 ἐκ
839 3076 939 3138 τῆς
997 3076 1092 3126 τοῦ
1123 3068 1461 3148 ἆνεργοῦντος
1513 3067 1785 3145 δυνάμεως
1820 3088 1836 3104 ’
1900 3075 1972 3128 ὧν

2061 3075 2212 3154 plius
2258 3072 2336 3133 sit
2384 3072 2670 3145 infidelis,
2706 3071 3010 3152 superﬂua
3059 3072 3345 3152 deinccps
3375 3075 3488 3135 erit
3517 3076 3713 3137 omnis

325 3167 385 3222 τὸ
415 3166 510 3241 μὲν
555 3167 764 3243 πρῶτον
811 3163 955 3233 ἡμᾶς
1005 3161 1191 3222 αὐτοὺς
1224 3161 1345 3237 ὁρᾷ,
1391 3181 1452 3216 το
1484 3157 1537 3216 δὲ
1569 3158 1806 3238 δεύτερον
1841 3163 1970 3218 Θεὸν

326 3256 416 3310 τὸν
462 3256 798 3333 ὶνεργοῦντα,
853 3247 920 3306 δι’
971 3249 1032 3314 ἃς
1104 3251 1430 3327 προείπομεν
1500 3251 1696 3316 αἰτίας.
1772 3251 1970 3309 Οὐκοῦν

326 3345 464 3421 μήτε
512 3341 756 3421 βασιλεὺς
796 3339 1129 3406 ἐξουθενείτω
1187 3342 1306 3401 τοὺς
1368 3336 1458 3396 ὑπ’
1513 3342 1674 3398 αὐτὸν
1730 3362 1968 3420 στρατη-

320 3437 443 3514 γούς
482 3453 495 3466 ·
558 3436 697 3510 μήτε
734 3433 993 3511 ἄρχοντες
1026 3432 1145 3496 τοὺς
1205 3429 1502 3496 ὑπηκόους.
1540 3432 1628 3498 Μὴ
1675 3429 1843 3487 ὄντων
1872 3432 1973 3510 γὰρ

326 3533 434 3583 τῶν
470 3524 813 3605 ἀρχομένων,
848 3524 1092 3602 περιττοὶ
1131 3522 1178 3576 οἱ
1225 3516 1485 3600 ἄρχοντες
1522 3538 1534 3550 ⁸
1582 3523 1670 3578 καὶ
1700 3522 1776 3597 μὴ
1809 3519 1974 3578 ὄντων

323 3621 664 3695 στρατηγῶν,
697 3615 757 3670 οὐ
812 3610 1066 3678 στέσηται
1117 3608 1383 3687 βασιλεία.
1445 3609 1611 3667 Ἀλλὰ
1671 3611 1807 3685 μηδὲ
1858 3610 1971 3668 ἒπίο

319 3729 520 3770 σκοπος
579 3703 875 3783 ἰπαιρὲσθω
924 3702 1062 3758 κατὰ
1112 3706 1219 3755 τῶν
1278 3699 1558 3775 διακόνων,
1608 3701 1644 3769 ἢ
1696 3707 1802 3757 τῶν
1833 3722 1970 3777 πρε-

318 3795 584 3868 σϐυτὲρων
610 3814 621 3826 ·
673 3795 812 3870 μήτε
859 3793 969 3868 μὴν
1027 3791 1075 3848 οἱ
1129 3787 1472 3869 πρεσϐύτεροι
1496 3792 1634 3848 κατὰ
1669 3798 1756 3848 τοῦ
1787 3790 1918 3848 λαοῦ
1952 3806 1965 3819 ·

317 3887 370 3953 ἐξ
401 3885 652 3956 ἀλλήλων
707 3884 809 3963 γάρ
867 3883 1008 3938 ἐστιν
1064 3883 1098 3949 ἡ
1130 3881 1379 3944 σύστασις
1437 3881 1531 3937 τοῦ
1581 3884 1971 3959 συναθροίσμα-

315 4001 432 4043 τος.
477 3977 542 4035 Οἵ
589 3998 646 4034 τε
675 3977 776 4053 γὰρ
833 3973 1140 4051 ἐπίσκοποι,
1199 3973 1286 4028 καὶ
1338 3975 1385 4028 οἱ
1413 3970 1784 4052 πρεσϐύτεροι,
1815 3975 1971 4029 τινῶν

316 4073 448 4127 εἰσιν
491 4070 656 4147 ἱερεῖς
691 4080 704 4095 ⁸
771 4066 857 4120 καὶ
916 4065 964 4118 οἱ
1025 4061 1231 4138 λα’ίγοὶ,
1305 4064 1464 4118 τινῶν
1524 4063 1622 4117 εἷσι
1653 4061 1855 4118 λαϊκοί⁶
1887 4065 1973 4119 καὶ

2054 3164 2363 3239 signorum
2398 3161 2691 3242 operatio.
2741 3162 2977 3225 Etenim
3027 3179 3161 3221 esse
3214 3163 3401 3242 pium,
3437 3181 3506 3224 ex
3555 3164 3712 3226 bona

2058 3253 2393 3332 cujuspiam
2425 3251 2730 3314 voluntate
2755 3251 2991 3331 oritur;
3017 3261 3076 3312 at
3131 3252 3418 3313 miracula
3449 3263 3704 3332 patrare,

2057 3360 2129 3404 ex
2162 3343 2376 3402 virtute
2407 3341 2569 3401 illius
2625 3340 2724 3421 qui
2779 3351 3094 3420 operatur:
3153 3360 3404 3421 quorum
3446 3343 3706 3422 primum

2059 3433 2298 3513 quidem
2333 3449 2442 3490 nos
2473 3430 2636 3510 ipsos
2668 3431 2936 3510 respicit,
2958 3431 3290 3492 secundum
3318 3450 3458 3493 vero
3489 3432 3706 3508 Deum,

2059 3522 2133 3583 ob
2158 3538 2372 3582 causas
2419 3538 2604 3598 supra
2651 3520 2843 3581 dictas
2894 3531 3268 3599 operantem.
3299 3520 3481 3599 Igitur
3511 3541 3709 3604 neque

2058 3611 2386 3690 imperator
2416 3608 2588 3669 nihili
2618 3610 2840 3688 pendat
2882 3609 3186 3670 exercitus
3232 3610 3416 3672 duces
3463 3612 3565 3690 qui
3595 3612 3707 3673 sub

2061 3703 2186 3782 ipso
2212 3709 2350 3760 sunt
2377 3723 2391 3773 ;
2418 3717 2615 3778 neque
2641 3699 2900 3778 praefecti
2922 3717 3025 3760 eos
3047 3700 3149 3779 qui
3167 3697 3314 3779 ipsis
3333 3703 3708 3778 parent.Non

2056 3792 2249 3851 sinon
2282 3789 2398 3849 sint
2430 3789 2647 3868 quibus
2693 3788 3122 3866 praeticiantur,
3148 3791 3506 3868 supervacui
3535 3802 3713 3853 erunt

2059 3878 2323 3960 praefecti
2355 3899 2371 3952 ;
2399 3887 2453 3938 et
2482 3879 2530 3938 si
2557 3896 2674 3937 non
2698 3877 2819 3938 sint
2848 3878 3035 3937 duces
3057 3880 3507 3948 exercitus,nun
3533 3880 3714 3943 stabit

2058 3968 2402 4049 imperium.
2434 3966 2588 4039 Quin
2611 3968 2790 4027 etiam
2815 3986 2924 4027 nec
2958 3967 3282 4047 episcopus
3320 3968 3379 4028 in
3426 3969 3713 4032 diaconos

2060 4060 2149 4120 vel
2186 4057 2566 4138 presbyteros
2595 4056 2838 4118 extollat
2879 4076 2966 4128 se,
3000 4075 3109 4117 nec
3135 4058 3468 4136 presbyteri
3491 4058 3550 4120 in
3579 4061 3712 4138 ple-

314 4163 374 4217 τὸ
404 4159 503 4237 μὶν
548 4161 688 4213 εἶναι
723 4155 1062 4234 Χριστιανὸν,
1117 4151 1198 4232 ἐφ’
1231 4154 1368 4227 ἡμῖν
1403 4168 1417 4182 ⁸
1452 4153 1514 4208 τὸ
1558 4149 1612 4208 δὲ
1648 4152 1970 4233 ἀπόστολον,

2061 4149 2194 4210 bem
2226 4165 2239 4208 :
2278 4166 2344 4207 ex
2381 4147 2653 4225 utrisque
2681 4147 2844 4205 enim
2878 4156 3069 4206 cretus
3115 4147 3468 4225 compositio
3501 4158 3711 4212 exstat.

315 4249 351 4318 ἢ
375 4234 731 4326 ἕᾶτίσκοπονρὶ
764 4241 894 4300 ἄλλο
924 4244 1102 4322 τι,οὒκ
1118 4239 1202 4322 ἔφ’
1237 4239 1529 4317 ἡμῖν,ἁλλ⁹
1558 4242 1642 4297 ἐπὶ
1672 4249 1749 4315 τῷ
1773 4240 1965 4298 διδόντι

2061 4237 2339 4320 Episcopi
2367 4237 2590 4326 quippe
2626 4253 2705 4326 ac
2739 4234 3094 4326 presbyteri,
3124 4237 3521 4326 quorumdam
3575 4246 3715 4300 sunt

316 4346 434 4415 Θεῷ
459 4340 526 4395 τὰ
557 4324 890 4418 χαρίσματα.
942 4342 1115 4391 Ταῦτα
1160 4332 1258 4406 μὲν
1321 4331 1410 4387 οὖν
1461 4329 1546 4387 ἐπὶ
1598 4334 1852 4388 τοσοῦτον
1882 4333 1961 4387 εί-

2061 4328 2485 4406 sacerdotes,et
2507 4324 2662 4394 laici,
2693 4324 3099 4404 quorumdam
3123 4333 3262 4386 sunt
3287 4324 3423 4386 laici
3448 4344 3465 4400 ;
3486 4345 3556 4388 ac
3579 4346 3712 4390 esse

317 4414 497 4500 ρήσθω
523 4414 608 4483 διᾶ
637 4414 761 4488 τοὺς
807 4422 1124 4488 ἀξιωθέντας
1173 4421 1526 4501 χαρισμάτων
1555 4420 1590 4481 ἢ
1623 4418 1959 4496 ἀξιωμάτων,

2061 4417 2290 4499 quidem
2313 4414 2810 4488 Christianum,in
2835 4423 3038 4506 nostra
3072 4414 3342 4506 consistit
3365 4425 3657 4506 potestate
3693 4443 3714 4506 ς

313 4527 373 4579 at
399 4533 537 4578 esse
569 4513 925 4596 apostolum,
960 4521 1059 4573 aut
1090 4511 1466 4591 episcopum,
1500 4515 1600 4570 aut
1625 4507 1766 4589 quid
1798 4508 2018 4584 simile,
2053 4515 2274 4569 nostra:
2305 4523 2423 4564 non
2457 4511 2548 4566 est
2581 4502 3158 4596 potestatisaver‘um
3187 4503 3490 4596 adADeum
3524 4502 3710 4584 largi;

315 4617 505 4670 torem
537 4591 962 4666 charismatum
990 4600 1273 4682 pertinet.
1301 4600 1442 4662 Haec
1471 4598 1651 4676 igitur
1681 4599 1970 4662 hactenus
1999 4598 2158 4660 dicta
2186 4596 2324 4666 sint,
2364 4602 2611 4673 propter
2640 4610 2742 4653 eos
2772 4595 2870 4669 qui
2906 4591 3070 4671 digni
3105 4592 3293 4652 habiti
3322 4602 3461 4654 sunt
3487 4603 3550 4656 ut
3573 4597 3712 4656 cha-

309 4699 562 4761 rismata
592 4695 686 4758 vel
720 4691 1037 4773 dignitates
1067 4691 1430 4772 acciperent.

905 4790 1296 4845 KE<I>AAAION
1343 4780 1428 4846 B’.

585 4883 709 4960 Περὶ
743 4884 852 4936 τῶν
879 4877 1187 4935 ἐπισκόπων
1218 4875 1312 4960 καί
1336 4871 1702 4952 πρεσϐυτέρων

942 4956 1164 5022 ἀναξίων
1195 4953 1348 5034 (79).

396 5054 612 5113 Ἐκεῖνο
645 5051 700 5107 δέ
730 5050 1075 5128 προστίθεμεν
1104 5053 1182 5120 τῷ
1213 5045 1470 5124 λόγῳ,ὅτι
1495 5043 1612 5102 οὔτε
1644 5051 1748 5108 πᾶς
1782 5047 1810 5101 ὁ
1835 5066 1971 5114 προ-

2700 4771 2947 4837 CAPUT
2991 4775 3065 4836 ll.

2261 4913 2346 4974 De
2389 4911 2692 4993 episcopis
2721 4918 2784 4972 et
2812 4909 3173 4990 presbyteris
3208 4911 3508 4989 indignis.

2143 5045 2296 5108 Illud
2319 5063 2457 5108 vero
2481 5044 3232 5126 sermoniadtlimusmuod
3252 5046 3573 5109 necomnis
3585 5047 3710 5128 qui,

393 5216 421 5259 ³
451 5217 472 5279 I
509 5213 651 5278 Cor.
682 5227 791 5286 xu,
823 5210 882 5273 8.
966 5204 996 5249 ‘
1025 5205 1212 5271 Exod.
1246 5222 1350 5287 vn,
1385 5208 1440 5268 l.
1528 5208 1560 5256 4
1587 5204 1709 5267 Jos.
1742 5223 1802 5268 x.

313 5317 395 5375 vr,
429 5314 547 5370 xxv,
580 5310 670 5359 ιιι.

1888 5203 1974 5258 5-⁸
2004 5204 2081 5269 ιιι
2100 5207 2248 5288 Reg.
2284 5225 2406 5285 xix,
2443 5208 2534 5279 18;
2570 5209 2742 5269 Rom.
2782 5223 2863 5279 χι,
2900 5209 2956 5269 4.
3002 5209 3030 5258 ’ῖ
3063 5205 3140 5272 IV
3172 5209 3318 5287 Reg.
3351 5224 3437 5271 Vl.
3484 5205 3511 5249 ⁸
3560 5205 3710 5272 Dan.

1650 5364 2048 5432 νΑιιιοιιυιι
2091 5367 2342 5434 ΝΟΤᾸΕ.

395 5516 530 5594 (⁸78)
557 5514 654 5594 lini
745 5512 893 5594 μέν,-
927 5508 1229 5594 ἀρχιερεύς.
1289 5507 1484 5588 Super
1539 5503 1765 5594 celebri
1796 5523 1963 5585 quie-

2114 5511 2251 5594 _(79)
2292 5513 2412 5588 Περὶ
2443 5532 2573 5585 των,
2609 5519 2724 5571 etc.
2764 5509 3224 5594 UterqueVind.
3255 5509 3629 5594 codex__:_”0n
3649 5508 3712 5594 οὐ

319 5585 538 5672 stione,
569 5585 826 5654 fueritne
857 5585 1100 5672 Samuel
1134 5585 1965 5672 surnmus_pontifex_,_sacer-

2061 5592 2269 5655 πάντως
2321 5599 2424 5654 πᾶς
2481 5594 2508 5644 ὁ
2560 5595 2908 5668 προφητεύων
2957 5591 2992 5656 ἢ
3025 5593 3276 5664 δαίμονας
3309 5588 3587 5645 ἐκϐάλλων
3617 5588 3711 5641 εὖ-

319 5675 428 5734 dos
459 5665 794 5746 tahtum,an
831 5670 1007 5733 levita
1049 5685 1274 5741 merus,
1310 5665 1496 5729 multa
1525 5685 1558 5727 a
1583 5665 1784 5727 multis
1814 5669 1966 5729 scri-
2055 5668 2239 5738 σεϐάς,
2275 5672 2455 5732 Cum.

319 5765 418 5834 pta
453 5760 610 5825 sunt,
644 5771 778 5833 qua
810 5751 1082 5832 proferre
1111 5748 1262 5812 nihil
1285 5758 1374 5809 est
1404 5765 1676 5810 necesse.
1703 5747 1842 5811 Cor.

647 5892 911 5956 Ριτιιοι..
956 5895 1070 5956 Gn.
1119 5890 1164 5952 ι.
3257 5888 3335 5948 34
