4134 6428
319 450 474 513 10⁸13

874 592 1145 649 ΚΕΦὰΛΑ
1153 595 1264 647 [0N
1310 585 1373 646 E'
1384 628 1402 647 .

559 676 873 744 Ἐπίκλησις
903 676 989 735 επὶ
1018 676 1350 758 χειροτονίας
1378 675 1708 740 επισκόπων,

396 767 456 827 Ὀ
508 768 604 827 ὢν.
673 770 937 843 Δέσποτα,
1002 768 1181 847 Κύριε,
1216 770 1246 825 6
1276 769 1431 839 Θεὸς,
1484 768 1512 823 6
1553 768 1965 847 παντοκράτωρ,

312 862 340 917 6
392 859 555 933 μόνος
610 857 923 937 ἂγέννητος,
984 858 1074 915 καὶ
1132 855 1503 921 ἀϐασίλευτοςο
1578 861 1607 915 6
1654 860 1734 915 ἀεὶ
1756 857 1854 932 ὢν,
1873 859 1962 915 καὶ

311 951 415 1028 πρὸ
443 949 551 1005 τῶν
600 949 806 1005 αἱωνων
836 943 1118 1028 ὑπάρχων·
1178 949 1207 1003 6
1263 950 1419 1005 παντὶ
1466 944 1524 991 ³⁸
1564 946 1836 1020 ἀνενδεὴς,
1870 949 1961 1005 καὶ

314 1039 490 1107 πάσης
544 1038 711 1100 αἰτίας
782 1039 872 1094 καὶ
926 1037 1184 1116 γενέσεως
1224 1037 1504 1117 κρείττων·
1567 1041 1595 1095 6
1626 1039 1786 1114 μόνος
1813 1037 1959 1105 ἀλη-

307 1129 511 1201 θινὸς,ὁ
538 1126 701 1203 μόνος
735 1128 920 1206 σοφός’
958 1128 987 1185 6
1015 1128 1091 1185 ὢν
1121 1127 1283 1204 μόνος
1325 1126 1616 1205 ’Ὗψιστυςο
1648 1131 1676 1185 ὁ
1708 1135 1779 1206 τῇ
1807 1127 1960 1208 φύσει

308 1219 557 1297 ἀόρατος
593 1222 653 1275 οὗ
686 1220 721 1286 ἡ
776 1224 970 1294 γνῶσις
1013 1217 1274 1298 ἄναρχος*
1321 1218 1350 1274 6
1380 1219 1543 1293 μόνος
1586 1219 1809 1299 ἀγαθὸς,
1870 1218 1959 1275 καὶ

308 1309 683 1387 ἂσύγκριστος,
736 1310 764 1364 6
820 1306 888 1363 τὰ
941 1307 1115 1364 πάντα
1163 1306 1315 1371 εῑδὼς
1368 1309 1486 1388 πρὶν
1523 1308 1783 1387 γενέσεως
1854 1308 1959 1365 αὒ-

308 1406 435 1455 τῶν⁶
484 1401 512 1456 6
542 1401 647 1454 τῶν
680 1398 923 1475 κρυπτῶν
965 1397 1236 1477 γνώστης⁹
1270 1399 1300 1455 ὁ
1329 1397 1642 1478 ἀπρόσιτος·
1680 1401 1708 1455 ὃ
1733 1396 1958 1455 ἀδέσπο-

1171 448 1829 515 CONSTITUTIONES
1868 448 2376 538 APOSTOLICIE.
2427 482 2484 493 —-
2517 444 2662 511 LIB.
2712 444 2871 511 VIII.

3545 438 3706 504 4074

2210 672 2520 736 Ιηυοεαεὶο
2569 672 2637 735 in
2672 672 3061 740 ordinatione
3088 680 3536 756 episcoporum.

2126 760 2237 835 Qui
2269 781 2355 842 es,
2390 761 2538 823 here
2568 760 2845 845 Domine,
2887 762 3064 838 Deus,
3099 762 3503 844 omnipotens,
3538 761 3703 823 solus

2050 850 2349 931 ingenitus
2369 869 2438 913 ac
2458 869 2662 931 regem
2690 871 2811 915 non
2842 852 3071 916 habens
3100 878 3113 930 ;
3143 854 3243 936 qui
3269 869 3510 933 semper
3530 870 3619 927 es,
3645 859 3705 912 et

2044 952 2181 1004 ante
2203 940 2421 1004 saecula
2445 941 2688 1005 exsistis
2717 960 2731 1017 ;
2759 943 2860 1024 qui
2888 944 3051 1007 nullo
3078 944 3704 1023 indiges,omnemque

2045 1049 2281 1092 causam
2316 1040 2498 1113 atque
2532 1041 2730 1094 ortum
2776 1052 3028 1114 superas
3059 1055 3075 1109 ;
3107 1034 3274 1098 solus
3303 1050 3498 1102 verus,
3537 1030 3706 1092 solus

2043 1121 2413 1202 sapiens;qui
2445 1122 2611 1184 solus
2641 1121 2987 1187 Altissimus
3010 1143 3095 1195 es,
3122 1132 3331 1186 natura
3349 1120 3700 1193 invisibilis;

2043 1211 2215 1290 cujus
2246 1210 2533 1291 cognitio,
2564 1229 2781 1292 expers
2814 1213 3094 1293 principii
3125 1234 3140 1289 ;
3175 1212 3340 1276 solus
3381 1211 3597 1283 bonus,
3635 1228 3705 1271 ac

2043 1299 2551 1378 incomparabilis;
2570 1303 2671 1381 qui
2693 1302 2895 1363 omnia
2916 1304 3073 1365 nosti
3097 1310 3236 1366 ante
3260 1320 3444 1379 quam
3469 1299 3702 1374 ﬁant”;

2043 1389 2411 1453 occultorum
2444 1391 2739 1469 cognitor,
2770 1390 3118 1454 inaccessus
3147 1416 3164 1463 ;
3192 1391 3436 1454 domino
3465 1407 3703 1465 carens;

307 1504 420 1554 τος⁶
475 1492 503 1545 ὁ
552 1489 680 1554 Θεὸς
750 1488 838 1545 καὶ
887 1476 1070 1567 Πατὴρ
1126 1494 1217 1545 τοῦ
1276 1476 1594 1568 μονογενοῦς
1653 1489 1773 1546 Υίοῦ
1836 1509 1953 1562 σου,
2045 1478 2061 1543 Ι

2054 1478 2200 1543 Deus
2224 1488 2283 1540 et
2308 1476 2486 1541 Pater
2511 1481 2801 1558 umgeniti
2836 1480 2970 1543 Filii
2999 1482 3104 1564 tui,
3144 1482 3250 1547 Dei
3282 1501 3350 1545 ac
3375 1477 3706 1545 Servatoris

306 1586 399 1636 τοῦ
434 1585 566 1636 Θεοῦ
596 1578 684 1634 καὶ
724 1580 973 1654 Σωτῆρος
1034 1579 1215 1652 ἡμῶν.
1269 1580 1297 1635 6
1327 1576 1651 1658 δημιουργὸς
1682 1584 1790 1635 τῶν
1817 1577 1958 1633 ὅλων
2044 1589 2061 1630 ι

2054 1569 2255 1645 nostri;
2280 1568 2555 1631 conditor
2575 1569 3002 1634 universorum
3026 1591 3137 1653 per
3158 1572 3378 1652 ipsum,
3412 1568 3701 1650 provisor,

306 1668 374 1726 δι’
418 1668 598 1727 αὐτοῦ’
655 1667 684 1723 'o
742 1668 1074 1745 προνοητής,
1124 1668 1153 1724 6
1205 1666 1482 1744 κηδεμώνο
1536 1670 1563 1725 6
1622 1668 1805 1748 Πατὴρ
1852 1673 1959 1725 τῶν
2043 1667 2061 1719 ι

2054 1667 2237 1738 tutor;
2268 1661 2446 1748 Pater
2471 1660 3049 1742 misericordiarum,
3072 1671 3129 1723 et
3153 1660 3310 1724 Deus
3344 1666 3522 1722 totius
3552 1678 3703 1721 con-

306 1761 615 1837 οἶκτιρμῶν,
668 1758 756 1812 καὶ
803 1757 932 1820 Θεὸς
986 1756 1167 1823 πάσης
1214 1756 1628 1836 παρακλήσεως
1662 1759 1690 1813 6
1721 1746 1954 1830 ὲννὺψη-
2041 1767 2061 1808 ε

2054 1748 2350 1837 solationis
2371 1746 2461 1823 δίς
2500 1748 2606 1825 qui
2643 1748 2704 1810 in
2736 1750 2873 1812 altis
2905 1751 3162 1829 habitas,
3198 1760 3259 1813 et
3304 1749 3555 1812 humilia
3601 1767 3704 1811 re-
3796 1814 3799 1815 ν

306 1835 763 1924 λοῐς-κατοικῶν,
800 1846 888 1902 καὶ
946 1845 1011 1901 τὰ
1053 1835 1302 1903 ταπεινὰν
1353 1846 1581 1926 ἐφορῶν,
1629 1846 1702 1901 Σὺ
1749 1846 1777 1902 6
1836 1842 1955 1909 δοὺς
1984 1856 2061 1938 ι,ε

2054 1837 2229 1938 spicis
2244 1835 2320 1938 δέ.
2349 1840 2436 1938 'l“u
2459 1840 2559 1938 qui
2578 1838 2811 1938 dedisti
2840 1840 3003 1938 leges
3033 1858 3106 1905 ac
3126 1841 3364 1938 regulas
3394 1838 3701 1938 Ecclcsite,

307 1937 459 2015 ὅρους
501 1933 849 2007 Ἐκκλησίας,
901 1932 988 1991 διὰ
1058 1938 1158 2002 τῆς
1214 1934 1471 2010 ἔνσάρκου
1521 1935 1808 2015 παρουσίας
1866 1926 2061 2008 105—1

2054 1946 2151 2008 per
2170 1926 2390 1991 Christi
2411 1928 2494 1991 tui
2520 1928 2839 1990 adventum
2863 1929 2925 1990 in
2949 1948 3155 2011 carne,
3179 1929 3293 1995 sub
3319 1938 3471 1991 teste
3516 1928 3690 1989 Para-

311 2023 532 2105 Χριστδῦ
589 2047 703 2095 σου,
758 2025 859 2080 ὑπὸ
906 2022 1129 2102 μάρτυρι
1187 2028 1267 2098 τῷ
1312 2023 1648 2104 Παρακλήτῳ
1705 2023 1789 2084 διὰ
1851 2025 1959 2080 τῶν
2044 2037 2061 2079 ί

2054 2018 2222 2099 cleto,
2260 2036 2367 2098 per
2393 2018 2699 2099 apostolos
2731 2027 2887 2092 tuos,
2914 2038 2987 2081 ac
3018 2040 3128 2082 nos
3159 2020 3349 2101 gratia
3384 2032 3481 2081 tua
3510 2026 3705 2081 astan-

307 2115 414 2174 σῶν
470 2113 804 2184 ἀποστόλων,
861 2116 949 2171 καὶ
1004 2114 1162 2189 ἡμῶν
1224 2114 1332 2171 τῶν
1383 2114 1576 2194 χάριπι
1751 2134 1958 2193 παρεσ-
2044 2115 2061 2169 l

2054 2115 2132 2170 tes
2161 2107 2477 2188 episcopos
2505 2128 2521 2184 ;
2554 2108 2655 2189 qui
2687 2108 2762 2170 ab
2797 2107 2970 2171 initio
3005 2109 3327 2191 praestitisti
3358 2109 3703 2172 sacerdotes

300 2206 487 2263 τώσων
549 2205 883 2262 ὲπισκόπων·
938 2205 967 2259 6
1011 2204 1296 2283 προορίσας
1356 2202 1409 2269 ἐξ
1466 2204 1643 2284 ἀρχῆς
1671 2205 1837 2282 ἱερεῖς
1882 2206 1955 2267 εἰς
2045 2198 2060 2258 i

2054 2199 2102 2259 in
2137 2197 2344 2279 populi
2376 2198 2458 2258 tui
2489 2195 2889 2259 curationem.
2926 2197 3183 2262 Abelem
3224 2200 3284 2261 in
3318 2199 3549 2279 primis,
3586 2196 3699 2261 Se-

300 2297 612 2353 ὲπιστασίαν
668 2293 799 2351 λαοῦ
827 2314 944 2372 σου,
1011 2290 1203 2355 ”Α6ελ
1259 2292 1313 2350 ἂν
1387 2293 1646 2373 πρώτοις,
1681 2293 1817 2372 Σὴθ,
1878 2285 1969 2350 καὶ
2054 2297 2061 2347 1

2054 2289 2244 2367 thum,
2274 2290 2562 2361 Enosum,
2586 2286 2965 2365 Henochum,
2993 2292 3181 2352 Neam
3199 2288 3702 2354 Melchisedecum

304 2385 494 2459 Ἐνὼς,
542 2385 630 2440 καὶ
688 2384 891 2462 Ἑνὼχ,
968 2383 1059 2439 καὶ
1108 2383 1252 2461 Νῶε,
1315 2385 1404 2440 καὶ
1458 2380 1814 2463 Μελχισεδὲκ,
1882 2385 1969 2440 καὶ
2052 2400 2061 2439 ι

2054 2377 2341 2441 etJobum
2372 2378 2515 2458 ;qui
2559 2377 2890 2439 contituisti
2922 2378 3331 2441 Abrahamum
3365 2386 3423 2440 et
3453 2387 3704 2441 caeteros

304 2466 447 2532 Ἰὼϐ·
498 2476 527 2531 6
599 2472 870 2537 ἀναδείξας
928 2469 1183 2550 Ἀϐραὰμ
1260 2474 1349 2529 καὶ
1398 2474 1521 2536 τοὺς
1576 2472 1794 2536 λοιποὺς
1867 2495 1970 2529 πα·
2053 2487 2061 2547 1

2054 2466 2587 2548 patriarchas,cum
2616 2466 2892 2529 ﬁdelibus
2910 2468 3027 2529 tuis
3059 2468 3317 2540 famulis,
3338 2469 3559 2549 Moyse,
3584 2468 3703 2528 Aa-

306 2569 561 2645 τριάρχας
610 2565 700 2620 σὺν
755 2576 874 2627 τοῖς
930 2574 1147 2628 πιστοῖς
1204 2585 1296 2620 σου
1371 2564 1688 2630 θεράπουσιν
1760 2565 1963 2619 Mouet-.1:
2052 2576 2061 2618 1

2054 2575 2222 2630 rone,
2259 2555 2564 2636 Eleazaro,
2600 2555 2826 2619 Phinee
2862 2578 2878 2634 ;
2912 2558 3013 2638 qui
3043 2559 3102 2619 in
3139 2559 3287 2639 ipsis
3316 2557 3705 2638 desumpsisti

302 2657 389 2712 καὶ
439 2654 457 2679 ’
493 2655 712 2731 Ααρὼν,
757 2656 842 2708 ιιαὶ
897 2652 1203 2732 ⁹[ἱλεαίςάρῳ
1233 2653 1321 2709 καὶ
1363 2653 1574 2714 Φινεές.
1617 2656 1645 2709 6
1692 2651 1745 2719 ἐξ
1785 2652 1960 2711 «erat
2048 2666 2061 2727 ι

2054 2646 2443 2727 principes,et
2474 2645 2822 2708 sacerdotes
2846 2648 2906 2708 in
2932 2647 3319 2710 tabernaculo
3344 2646 3703 2720 testimonii;

304 2746 786 2825 προχειρισάμενος
844 2742 1139 2823 ἄρχοντας,
1192 2744 1286 2799 καὶ
1342 2744 1504 2821 είρεϊς
1566 2742 1621 2799 ἐν
1679 2748 1749 2818 τῇ
1780 2746 1959 2817 σκηνῇ
2044 2755 2061 2799 ι

2054 2735 2145 2817 qui
2160 2735 2500 2799 Samuelem
2519 2737 2751 2814 elegisti
2768 2738 2831 2799 in
2851 2737 3233 2800 sacerdotem
3247 2756 3313 2798 ac
3328 2739 3705 2818 prophetam;

300 2844 395 2894 τοῦ
443 2833 727 2911 μαρτυρίου
783 2835 812 2888 6
856 2832 948 2888 τὸν
1006 2832 1261 2900 Σαμουὴλ
1310 2831 1665 2909 ἐκλεξάμενος
1711 2834 1785 2895 εὶς
1814 2832 1956 2911 ἱερέα
2044 2847 2061 2887 t

2054 2827 2146 2907 qui
2159 2826 2569 2889 sanctuarium
2600 2836 2771 2889 tuum
2785 2828 2917 2891 sine
2931 2828 3229 2909 ministris
3241 2825 3668 2907 nonreliquisti
3687 2841 3704 2903 ;

303 2926 392 2981 καὶ
448 2924 753 3002 προφήτηνο
817 2928 891 2996 τῷ
938 2920 1230 2998 ἀγιάσματί
1270 2918 1326 2964 η
1376 2944 1469 2979 σου
1544 2922 1957 3001 ἂλειτουργητον
2043 2936 2061 2977 (

2054 2916 2145 2997 qui
2180 2915 2601 2978 benevolentia
2632 2928 2993 2997 presecutus
3026 2936 3094 2980 es
3126 2936 3230 2979 eos
3260 2918 3318 2978 in
3354 2917 3569 2997 quibus
3599 2933 3704 2976 vo—

306 3015 384 3090 μὴ
416 3011 788 3090 ἐγκαταλιπών
839 3013 866 3068 6
923 3010 1209 3078 εὒδοκήσας
1268 3010 1322 3067 ἐν
1372 3012 1459 3077 οἷς
1518 3012 1750 3091 ῄρετίσω
1798 3008 1957 3076 δοξα-
2045 3006 2059 3066 Ι

2054 3006 2206 3067 luisti
2261 3005 2586 3067 Celebrari.
2651 3010 2789 3087 Ipse
2853 3024 3013 3069 nunc
3074 3024 3340 3087 quoque,
3374 3007 3706 3067 intercessu

308 3102 513 3170 σθῆναι.
571 3104 732 3165 Αὖτὸς
792 3103 880 3158 καὶ
945 3107 1031 3157 νῦν
1082 3101 1321 3176 μεσιτείᾳ
1398 3108 1489 3158 τοῦ
1560 3101 1790 3181 Χριστοῦ
1836 3122 1953 3175 σου,
2044 3096 2061 3157 ί

2054 3094 2264 3159 Christi
2288 3094 2396 3176 tui,
2421 3112 2527 3174 per
2550 3113 2660 3156 nos
2683 3095 2939 3159 infunde
2963 3097 3238 3159 virtutem
3257 3094 3601 3174 principalis
3622 3094 3707 3155 tui

310 3189 375 3247 δι’
430 3190 555 3266 ἡμῶ
637 3192 823 3272 ἐτείχεε
882 3191 978 3259 τὴν
1038 3188 1257 3267 δύναμιν
1326 3199 1421 3248 τοῦ
1482 3192 1807 3270 ἡγεμονικοῦ
1864 3183 2061 3272 omni

2054 3183 2324 3265 Spiritus,
2359 3184 2487 3272 qui,
2512 3184 3012 3249 subministratur
3042 3204 3150 3266 per
3179 3185 3459 3246 dilectum
3495 3184 3704 3245 Filium

310 3257 611 3357 Πνεύματος
648 3327 661 3351 ,
718 3257 850 3356 ἕπερ
918 3257 1245 3338 διακονεῖται
1306 3287 1383 3355 τῷ
1441 3257 1813 3361 ἠγραπημένῳ
1865 3257 2061 3336 couct

2054 3257 2206 3336 tuum
2228 3257 2434 3337 Iesum
2461 3271 2790 3358 Christum,
2820 3257 3121 3356 quemque
3144 3276 3443 3335 voluntate
3468 3282 3565 3336 tua
3590 3275 3705 3335 do-

312 3369 461 3428 Παιδὶ
530 3370 705 3447 Ἰησοῦ
766 3374 1001 3449 Χριστῷ,
1064 3369 1193 3449 ὅπερ
1251 3368 1557 3449 ἐδωρήσατο
1616 3370 1811 3449 φνώμῃ
1865 3392 1960 3427 σου
2046 3385 2061 3424 1

2054 3364 2200 3425 navit
2227 3363 2452 3425 sanctis
2477 3363 2764 3444 apostolis
2787 3369 2861 3428 ad
2886 3374 2943 3427 te
2963 3374 3253 3427 aeternum
3286 3363 3474 3425 Deum
3515 3366 3704 3444 perti-

304 3474 422 3525 τοῖς
475 3460 652 3540 ἁγίοις
713 3460 1035 3525 ἀποστόλοις
1088 3481 1185 3518 σου
1239 3470 1334 3520 τοῦ
1374 3462 1586 3518 αἰωνίου
1657 3459 1808 3519 Θεοῦ.
1858 3461 1959 3523 Δὸς
2045 3474 2061 3515 l

2054 3451 2438 3515 nentibus.Da
2463 3453 2523 3514 in
2557 3453 2803 3516 nomine
2836 3464 2962 3530 tuo,
2986 3454 3147 3517 Deus
3176 3454 3449 3533 cognitor
3471 3454 3699 3534 cordis,

304 3553 358 3609 ἂν
416 3558 495 3625 τῷ
546 3552 771 3623 ὀνόματί
827 3572 946 3630 σου,
993 3547 1389 3629 καρδιογνῶστα
1434 3551 1553 3628 Θεὲ,
1592 3550 1677 3608 ἰπὶ
1712 3552 1805 3606 τὸν
1834 3547 1960 3605 δοῦ-ι
2045 3545 2061 3606 l

2054 3543 2185 3606 huic
2211 3560 2382 3603 servo
2414 3552 2536 3617 tuo,
2574 3542 2767 3605 electo
2799 3563 2832 3605 a
2863 3552 2920 3605 te
2954 3546 3013 3605 in
3046 3545 3415 3624 episcOpum,
3456 3561 3706 3624 pascere

304 3642 397 3700 λᾶν
425 3664 519 3699 σου
560 3639 737 3718 τονδε,
792 3640 851 3697 ὃν
892 3638 1112 3706 ἐξελέξω
1162 3641 1235 3703 είς
1276 3640 1595 3719 ἐπίσκοπον,
1654 3639 1961 3713 ποιμαίνειν
2052 3653 2061 3694 ε

2054 3640 2321 3695 sanctum
2348 3642 2510 3695 tuum
2534 3650 2803 3712 gregem,
2840 3642 2899 3696 et
2922 3635 3269 3716 pontiﬁcem
3304 3641 3469 3695 tuum
3502 3652 3702 3713 agere,

304 3733 405 3799 τὴν
477 3731 632 3810 ἁγίαν
714 3751 808 3786 σου
885 3733 1119 3805 ποίμνην
1150 3775 1166 3805 ,
1227 3731 1316 3786 καὶ
1368 3730 1770 3811 ἆρχιερατεύειν
1856 3750 1967 3811 σοι,
2055 3724 2061 3785 i

2055 3723 2357 3803 inculpate
2383 3722 2823 3786 ministrantem
2856 3735 3035 3788 nocte
3060 3743 3127 3785 ac
3158 3723 3256 3786 die
3283 3745 3298 3805 ;
3324 3732 3386 3784 ut
3416 3724 3707 3804 placando

305 3804 603 3897 ἀμέμπτως
682 3804 1089 3898 λειτουργοῦντα
1151 3804 1351 3883 νυκτὸς
1533 3804 1771 3897 ’ἡμέρας
1808 3866 1825 3893 ,
1878 3804 1971 3874 διαὶ
2058 3821 2061 3875 1

2058 3812 2266 3877 faciem
2294 3820 2852 3892 tuam,congregare
2869 3833 3185 3877 numerum
3203 3804 3414 3877 eorum
3440 3815 3541 3893 qui
3561 3813 3708 3876 salvi

303 3911 712 3986 ἰξιλασγόμενὶν
758 3918 850 3968 σοῦ
894 3911 955 3967 τὸ
1008 3911 1318 3990 πρόσωπον,
1380 3909 1796 3988 ἐπισυναγαγεῖν
1872 3910 1965 3964 τὸν
2057 3917 2061 3966 1

2057 3906 2226 3978 ﬁunt,
2251 3921 2319 3964 ac
2351 3903 2568 3965 oﬂ‘erre
2600 3902 2704 3964 tibi
2730 3903 2889 3965 dona
2917 3914 3139 3967 sanctae
3165 3913 3285 3967 tua;
3302 3903 3596 3966 Ecclesia).
3627 3903 3711 3965 Da

304 4003 521 4081 ἀριθμὸν
600 4003 703 4056 τῶν
780 4000 1095 4075 σωζομένων
1128 4049 1143 4080 ,
1206 4002 1296 4056 καὶ
1354 3999 1670 4081 προσφέρειν
1723 4020 1807 4055 σοι
1898 3999 1964 4055 τὰ
2050 3994 2061 4055 ἱ

2054 3993 2158 4074 illi,
2183 3992 2439 4056 Domine
2463 3992 2865 4073 omnipotens,
2902 4013 3011 4075 per
3040 3994 3345 4056 Christum
3379 4000 3542 4053 tuum
3580 4010 3713 4072 par-

304 4091 443 4170 δῶρα
472 4096 571 4159 τῆς
620 4092 770 4169 ἁγίας
830 4113 921 4150 σου
962 4090 1316 4159 Ἐκκλησίας.
1356 4092 1457 4154 Δὸς
1517 4093 1682 4163 αὐτῷ,
1722 4088 1966 4145 Δέσποτα
2051 4092 2061 4146 1

2054 4083 2458 4164 ticipationem
2485 4084 2674 4145 sancti
2698 4083 2993 4165 Spiritus;
3020 4094 3083 4145 ut
3107 4084 3328 4146 habeat
3357 4090 3707 4162 potestatem

302 4182 667 4259 παντόκρατορ
693 4224 708 4250 ,
777 4180 861 4237 δια
920 4189 1012 4239 τοῦ
1070 4187 1297 4258 Χριστοῦ
1345 4202 1463 4255 σου,
1543 4179 1641 4247 τὴν
1685 4177 1966 4254 μετουσίαν
2054 4194 2061 4235 1

2054 4172 2396 4235 remittendi
2431 4180 2672 4253 peccata
2722 4174 3052 4235 secundum
3112 4174 3454 4235 mandatum
3511 4180 3704 4247 tuum,

304 4272 397 4329 τοῦ
455 4272 605 4348 ἁγίου
655 4271 979 4342 Πνεύματος*
1044 4269 1185 4326 ὥστε
1245 4269 1396 4349 ἕγειν
1463 4267 1702 4335 ἐξουσίαν
1752 4268 1965 4346 ὑφιέναι
2054 4287 2061 4321 ι

2054 4262 2238 4324 dandi
2267 4262 2461 4323 clerus
2486 4280 2595 4324 seu
2627 4262 2874 4324 ordines
2902 4263 3347 4325 ecclesiasticos
3364 4262 3535 4341 juxta
3560 4278 3708 4341 prae-

306 4362 565 4440 ἁμαρτίας
611 4362 748 4417 κατὰ
800 4361 897 4427 τὴν
928 4359 1153 4430 ἐντολήν
1188 4381 1305 4433 σευ,
1341 4356 1539 4415 διδόναι
1569 4357 1799 4436 κλήρους
1836 4355 1961 4437 (93)
2051 4374 2061 4414 l

2054 4360 2292 4427 ceptum
2328 4361 2518 4426 tuum,
2562 4364 2621 4414 et
2652 4353 2923 4415 solvendi
2955 4372 3133 4415 omne
3159 4352 3458 4440 vinculum
3492 4370 3710 4413 secun-

308 4439 443 4507 κατᾶ
467 4452 529 4508 τὸ
552 4450 873 4527 πρόσταγμα
902 4472 1018 4524 σου,
1053 4449 1196 4506 λύειν
1222 4448 1275 4505 δὲ
1309 4450 1481 4506 πάντα
1512 4446 1803 4523 σύνδεσμον
1827 4449 1966 4504 κατα
2047 4460 2061 4502 t

2054 4442 2189 4503 dum
2215 4449 2568 4522 potestatem
2597 4460 2774 4522 quam
2797 4443 3058 4504 tribuisti
3074 4442 3358 4522 apostolis
3376 4439 3495 4518 ‘3’;
3527 4449 3711 4522 utque

309 4537 408 4606 τὴν
432 4536 664 4604 ἐξουσίαθ
707 4539 772 4607 ἢν
804 4538 1005 4603 ἔδωκας
1036 4552 1156 4602 τοῖς
1189 4537 1536 4600 ἀποστόλοιςο
1570 4540 1874 4616 εὒαρεστεϊν
1906 4534 1961 4591 δέ
1984 4541 2061 4635 Di

2054 4531 2156 4593 tibi
2196 4532 2430 4611 placeat
2479 4530 2540 4591 in
2593 4530 3073 4635 mansuetudine,
3111 4541 3168 4593 et
3219 4531 3443 4635 mundo
3497 4533 3707 4613 corde,

309 4649 391 4686 σοι
436 4628 491 4685 ἐν
524 4630 811 4709 πραότητι,
846 4631 935 4685 καὶ
963 4632 1167 4709 καθαρᾷ
1198 4627 1407 4709 καρδίᾳ,
1442 4627 1739 4707 ἀτρέπτως,
1772 4626 1958 4702 ἆμέμ-
1984 4621 2061 4684 ν(

2054 4630 2415 4701 constanter,
2450 4621 2754 4701 inculpate
2782 4640 2849 4683 ac
2901 4621 3522 4703 irreprehensibiliter
3553 4624 3706 4684 oile-

307 4739 477 4799 πτως,
507 4718 873 4796 ἀνεγκλήτως,
909 4718 1275 4797 προσφέροντα
1307 4740 1390 4774 σοι
1421 4718 1653 4795 καθαρὰν
1684 4717 1772 4772 καὶ
1804 4716 1956 4772 ἀναί-
2044 4731 2061 4775 1

2054 4711 2235 4774 rendo
2260 4709 2365 4772 tibi
2390 4730 2610 4792 purum
2634 4720 2692 4771 et
2712 4712 3095 4773 incruentum
3129 4712 3513 4788 sacriﬁcium,
3549 4713 3708 4793 quod

307 4831 511 4882 μακτον
558 4809 735 4867 θῦσίαν
794 4809 828 4877 ἢ
859 4806 943 4865 διὰ
993 4816 1219 4886 Χριστοῦ
1272 4806 1495 4874 διετάξω
1550 4810 1610 4864 τὸ
1669 4807 1962 4885 μυστήριον
2048 4824 2061 4886 1

2054 4819 2156 4886 per
2181 4800 2484 4864 Christum
2517 4799 2881 4862 constituisti
2919 4803 3271 4883 mysterium,
3297 4801 3443 4862 Novi
3494 4801 3708 4864 Testa-

306 4902 408 4963 τῆς
441 4902 639 4965 Καινῆς
673 4899 972 4975 Διαοήκης,
1002 4899 1076 4960 εἰς
1098 4898 1275 4972 ὀσμὴν
1302 4894 1542 4968 εῦωδίὰς,
1578 4895 1663 4952 διὰ
1692 4895 1784 4953 τοῦ
1813 4896 1964 4974 ἁγίου
2052 4914 2061 4952 |

2054 4892 2259 4964 menti,
2286 4890 2346 4951 in
2376 4890 2621 4952 odorem
2674 4891 2982 4953 suavitatis
3009 4912 3024 4967 ;
3060 4910 3165 4972 per
3192 4901 3465 4953 sanctum
3496 4891 3707 4954 Filium

303 4984 496 5049 ῐιαιδός
551 5007 644 5042 σου
689 4983 874 5052 Ἰησοῦ
937 4993 1163 5066 Χριστοῦ
1210 4994 1303 5043 τοῦ
1362 4994 1495 5042 Θεοῦ
1547 4988 1635 5041 καὶ
1709 4990 1964 5061 Σωτῆρος
2050 4992 2061 5043 ί

2054 4992 2217 5043 tuum
2267 4982 2471 5043 Iesum
2511 4980 2835 5063 Christum,
2865 4981 3049 5044 Deum
3094 5002 3163 5044 ac
3195 4981 3559 5044 Salvatorem
3595 5000 3708 5043 no-

384 5178 441 5225 ³⁰
467 5180 510 5246 t'.
544 5182 743 5248 πάντη.
831 5177 887 5225 ⁸ο
914 5178 1061 5243 Dan.
1096 5198 1228 5257 xm,
1261 5182 1362 5246 42.
1447 5178 1497 5226 ⁵⁸
1530 5178 1755 5264 lllCor.
1786 5197 1830 5263 ι,
1866 5179 1926 5243 3.
2011 5179 2061 5223 ιε

303 5259 381 5308 ⁸⁸
415 5261 625 5327 Matth.
662 5276 832 5327 mn.
875 5261 965 5325 I8.

2054 5179 2065 5222 ι
2095 5178 2252 5242 Psal.
2278 5194 2423 5257 cxu,
2456 5179 2515 5241 5.
2601 5177 2656 5221 ‘3
2682 5178 2725 5242 ί.
2749 5182 2809 5237 τὸ
2842 5180 3102 5257 ἀγίασυιι.
3138 5178 3237 5240 Sic
3262 5188 3321 5239 et
3350 5177 3499 5238 alter
3527 5174 3707 5238 Vind.

610 5304 625 5321 .
664 5304 694 5320 ρ.
713 5304 832 5341 ....,
875 5304 965 5325 .υ.

1650 5422 2049 5490 VARIORUM
2096 5419 2349 5486 NOTAE.

391 5602 509 5685 (93)
543 5604 751 5662 Διδοναι
782 5602 1360 5685 κλήρουςηῐδτίιιιίιιιε
1405 5606 1481 5669 de
1524 5612 1687 5667 sorte
1715 5622 1785 5667 ac
1837 5620 1965 5666 sor-
2046 5622 2061 5663 ι

2054 5602 2410 5685 sessionem,
2434 5599 2891 5685 aliaque.Atque
2923 5599 3240 5685 ᾖξε-κλῆροι
3276 5597 3535 5685 sun_t,vel
3562 5614 3709 5677 spe-

313 5682 523 5767 titione
543 5694 827 5767 usurpata
873 5679 983 5749 vox
1014 5684 1232 5767 κλῆρος,
1261 5694 1465 5767 postea
1513 5687 1585 5749 ad
1619 5685 1805 5748 multa
1832 5702 1964 5767 qua;
2050 5682 2247 5767 c_iati_m
2280 5682 2527 5767 ordines
2561 5679 2619 5767 et
2653 5681 2872 5759 gradus
2900 5679 3283 5767 clericorum,
3320 5679 3705 5767 vel'genera-

310 5762 515 5845 sortito
544 5758 960 5845 obtingebant,
994 5758 1488 5844 signiﬁcationem
1542 5785 1714 5829 suam
1745 5758 1964 5829 exten-
2052 5765 2155 5825 tim
2191 5758 2868 5845 loca_Christianorum,
2932 5761 3086 5845 inter
3141 5760 3414 5845 clericos,
3478 5758 3708 5827 laicos;

308 5842 416 5915 dit;
435 5842 508 5905 ad
539 5840 912 5921 dignitatem,
937 5840 1966 5927 locum,numerum,ordinem,pos-
2054 5854 2303 5916 stantes,
2339 5841 2559 5922 lapsos;
2592 5842 2873 5923 virgines,
2908 5842 3135 5902 viduas.
3171 5848 3287 5902 etc.
3317 5840 3459 5902 Cor.
