4134 6460
355 388 504 451 1087

1187 390 1225 450 S
1292 382 1732 452 CLEMENTIS
1776 391 1795 449 l
1844 387 2028 451 ROM.
2076 391 2298 455 PONT.
2349 392 2596 457 OPIRA
2641 394 2894 465 ΒΗΜΛ.

3584 403 3753 475 ιοεεε

352 521 592 616 Evodio,
607 531 669 587 et
701 520 977 603 parasciis
1027 522 1162 603 ejus
1209 539 1493 616 oremus:
1532 529 1594 583 ut
1645 521 2030 616 misericors;

2096 525 2208 616 »πὲρ
2239 532 2332 583 τοῦ
2362 525 2659 616 ἐπισκόπου
2721 529 2877 605 ἡμῶν
2923 526 3239 606 Κλήμεντος
3290 533 3377 590 καὶ
3407 537 3514 592 τῶν
3546 557 3757 616 πάροι-ν

353 615 511 679 Deus
533 610 668 674 illos
688 611 974 675 Ecclesiis
993 612 1216 675 sanctis
1230 610 1357 674 suis
1384 619 1626 693 praastet
1642 611 2006 695 incolumes,

350 703 699 776 honoratos,
734 701 1057 782 longaevos,
1092 709 1152 762 et
1207 700 1472 783 praebeat
1516 701 1607 765 eis
1655 702 2008 768 honoratam

351 800 721 855 senectutem
753 790 817 853 in
848 792 1067 872 pietate
1096 809 1167 854 ac
1212 790 1468 872 justitia.
1503 790 1691 856 Etiam
1723 810 1835 873 pro
1865 812 2009 875 pre-

351 880 607 961 sbyteris
654 880 877 944 nostris
904 899 1170 962 oremus,
1206 889 1272 943 ut
1303 880 1596 943 Dominus
1627 881 1845 945 liberet
1874 882 2011 947 illos

350 971 424 1034 ab
454 970 621 1034 omni
652 971 809 1051 turpi
837 989 907 1034 ac
939 988 1116 1052 prava
1142 989 1233 1045 re,
1265 979 1325 1034 et
1360 970 1657 1035 concedat
1697 971 1818 1035 illis
1848 972 2011 1035 inte-

353 1078 526 1141 grum
568 1070 628 1125 et
656 1061 1013 1125 honoratum
1076 1061 1538 1143 presbyterium.
1573 1060 1693 1125 Pro
1732 1064 2012 1125 universo

354 1148 571 1216 Christi
628 1151 907 1215 diaconio
954 1170 1023 1216 ac
1081 1152 1415 1215 ministerio
1472 1170 1737 1227 oremus,
1771 1161 1838 1216 ut
1887 1151 2011 1216 Do-

355 1240 556 1304 minus
586 1240 948 1321 inculpatam
978 1241 1127 1324 ipsis
1158 1240 1444 1320 largiatur
1476 1242 2003 1307 ministrationem.

356 1333 474 1393 Pro
546 1331 894 1407 lectoribus,
974 1332 1339 1406 cantoribus,
1402 1328 1755 1414 virginibus,
1816 1332 2012 1397 viduis

358 1430 417 1482 et
441 1420 683 1501 pupillis
708 1439 987 1486 oremus:
1023 1440 1129 1502 pro
1162 1422 1233 1484 iis
1279 1425 1378 1504 qui
1426 1424 1484 1483 in
1540 1423 1923 1486 matrimonio
1949 1431 2008 1485 et

357 1510 685 1573 liberorum
720 1516 1134 1591 procreatione
1165 1512 1385 1591 vivunt,
1417 1530 1681 1586 oremus,
1717 1520 1780 1576 ut
1810 1513 2017 1577 Domi-

360 1618 471 1662 nus
498 1600 853 1664 misereatur
882 1621 1091 1665 eorum
1146 1602 1438 1666 omnium.
1485 1605 1602 1666 Pro
1625 1604 1922 1665 eunuchis
1952 1604 2014 1665 in

357 1691 669 1754 sanctitate
696 1693 1144 1755 ambulantibus
1184 1710 1452 1756 oremus.
1486 1690 1600 1755 Pro
1629 1692 1703 1754 iis
1733 1693 1833 1775 qui
1862 1711 2014 1755 con-

2092 614 2223 702 κιῶν
2267 617 2427 674 αὺτοῦ
2468 614 2743 695 δεηθῶμεν
2777 634 2793 649 ⁵
2871 619 3005 693 ὑπὲρ
3089 628 3185 679 τοὸ
3238 620 3533 683 έπισκόπου
3588 614 3746 702 ἡμῶν

2096 701 2306 764 Εὗοδίου
2368 704 2499 786 (26)
2570 710 2659 765 καὶ
2717 715 2824 766 τῶν
2876 715 3172 784 παροικῶν
3228 711 3391 769 αὐτοῦ
3440 701 3744 792 δεηθῶμεν’

2092 793 2239 858 ὅπως
2270 797 2299 851 6
2330 797 2613 872 οἰκτίρμων
2659 799 2789 860 Θεὸς
2836 799 3129 878 χαρίσηται
3173 802 3365 866 αὐτοὺς
3415 815 3536 868 ταῖς
3566 804 3750 883 ἁγίαις

2094 883 2257 942 αὐτοῦ
2345 884 2687 954 Ἐκκλησίαις
2779 888 2974 969 σώους,
3062 889 3331 968 έντίμους,
3421 915 3747 975 μακροημε-

2095 976 2339 1067 ρεύοντας
2374 990 2389 1005 ⁸
2447 978 2536 1033 καὶ
2592 980 2767 1067 τίμιον
2811 981 2997 1043 αὐτοῖς
3050 982 3113 1037 τὸ
3174 986 3345 1059 γῆρας
3392 984 3747 1067 παράσχηται

2096 1063 2151 1121 ἰν
2182 1064 2420 1139 εὐσεϐείᾳ
2477 1068 2566 1124 καὶ
2624 1066 2931 1145 δικαιοσύνῃ
2969 1086 2984 1104 ·
3047 1071 3134 1129 καὶ
3180 1072 3312 1149 ὑπὲρ
3370 1063 3480 1131 τῶν
3511 1063 3749 1153 πρεσϐυ-

2096 1152 2260 1231 τὲρων
2300 1156 2457 1230 ἡμῶν
2501 1155 2773 1233 δεηθῶμεν
2802 1173 2816 1187 ⁶
2852 1158 3000 1222 ὅπως
3044 1161 3072 1216 ὁ
3126 1160 3315 1240 Κύριος
3371 1152 3595 1241 ῥύσηται
3641 1163 3743 1220 αύ-

2094 1244 2214 1307 τοὺς
2260 1246 2366 1301 ἀπὸ
2410 1247 2606 1308 παντὸς
2660 1246 2862 1305 ἀτόπου
2944 1249 3033 1305 καὶ
3096 1257 3332 1329 πονηροῦ
3389 1251 3738 1331 πράγματος,

2097 1336 2183 1389 καὶ
2240 1341 2379 1417 σῶον
2436 1336 2519 1392 καὶ
2576 1333 2789 1412 ἔντιμον
2834 1339 2897 1395 τὸ
2953 1335 3324 1417 πρεσϐυτέρων
3381 1341 3568 1407 αύτοτς
3629 1364 3743 1399 πα-

2097 1423 2313 1504 ράσχοι.
2364 1414 2523 1503 ’Υπὲρ
2572 1426 2751 1493 πάσης
2798 1431 2897 1493 τῆς
2958 1414 3013 1483 ἂν
3073 1414 3285 1505 Χριστῷ
3326 1426 3600 1491 διακονίας
3651 1433 3745 1489 καὶ

2096 1514 2387 1591 ὑπηρεσίας
2418 1511 2690 1590 δεηϐὦμεν
2724 1531 2738 1545 ⁸
2800 1514 2948 1583 ὅπως
3000 1519 3030 1573 6
3063 1518 3249 1597 Κύριος
3304 1518 3589 1594 ἄμεμπτον
3646 1520 3748 1589 τὴν

2096 1600 2364 1661 διακονίαν
2433 1608 2616 1668 αὐτοῖς
2696 1606 3073 1687 παράσχηται,
3142 1599 3303 1687 ’Υπὲρ
3364 1609 3743 1687 ἀναγνωστιῖη,

2097 1691 2341 1767 ψαλτῶν,
2372 1693 2669 1770 παρθένων,
2702 1696 2893 1775 χηρῶν
2925 1718 2981 1754 τε
3012 1698 3103 1753 καὶ
3129 1698 3372 1777 ὀρφανῶν
3417 1696 3690 1774 δεηοῶμεν
3724 1711 3741 1730 ⁸

360 1780 650 1873 timentem
684 1790 742 1844 et
769 1782 1109 1861 religiosam
1136 1791 1334 1873 agunt
1355 1783 1555 1873 vitam,
1594 1800 1859 1873 oremus.
1897 1781 2011 1845 Pro

2096 1784 2225 1861 ὑπὲρ
2282 1790 2387 1841 τῶν
2447 1784 2503 1840 ἑν
2552 1786 2815 1861 συζυγίαις
2861 1788 2950 1843 καὶ
3008 1788 3362 1865 τεκνογονίαις
3414 1785 3685 1862 δεηϐὦμεν
3717 1804 3737 1826 ο

357 1870 430 1933 iis
459 1870 560 1952 qui
590 1871 657 1935 in
695 1880 904 1936 sancta
954 1872 1227 1936 Ecclesia
1284 1872 1617 1935 oblationes
1666 1872 1910 1948 faciunt,
1942 1891 2013 1935 ac

357 1960 769 2042 eleemosynas
792 1961 1154 2043 pauperibus
1186 1960 1360 2037 dant,
1397 1978 1679 2023 oremus:
1715 1970 1769 2022 et
1803 1979 1909 2040 pro
1939 1960 2014 2024 iis

360 2051 454 2131 qui
490 2051 746 2115 Domino
778 2051 904 2114 Deo
931 2060 1134 2114 nostro
1170 2052 1391 2114 hostias
1444 2056 1505 2114 et
1536 2051 1828 2131 primitias
1857 2052 2008 2113 οσο-

359 2149 519 2213 runt,
547 2159 812 2222 oremus,
847 2150 909 2204 ut
939 2142 1100 2205 Deus
1148 2143 1410 2223 optimus
1456 2147 1879 2205 remuneretur
1907 2160 2012 2205 eos

358 2229 700 2293 caelestibus
729 2232 857 2294 suis
887 2232 1115 2313 gratiis,
1145 2232 1365 2312 detque
1395 2230 1466 2292 iis
1495 2232 1552 2291 in
1574 2233 1853 2311 praesnti
1876 2251 2013 2295 cen-

364 2321 619 2402 tuplum,
648 2332 706 2383 et
737 2322 799 2383 in
838 2322 1036 2384 futuro
1069 2324 1244 2386 vitam
1271 2330 1556 2383 aeternam
1584 2330 1798 2403 ;atque
1829 2325 2013 2386 donet

360 2410 504 2491 ipsis
537 2430 643 2491 pro
687 2413 1066 2491 temporariis
1116 2422 1359 2481 aeterna.
1396 2430 1503 2491 pro
1537 2413 1796 2474 terrenis
1826 2413 2008 2474 coele-

363 2502 472 2562 stia
491 2501 835 2565 77.0remus
867 2521 972 2581 pro
998 2521 1213 2566 recens
1243 2502 1557 2584 baptiaatis
1579 2501 1859 2565 fratribus
1891 2522 2002 2564 no-

358 2589 592 2671 stris,nt
614 2590 901 2653 Dominus
922 2612 1027 2655 eos
1048 2593 1307 2655 stabiliat
1328 2612 1396 2653 ac
1419 2593 1640 2655 ﬁrmet.
1670 2595 1783 2654 Pro
1805 2592 2003 2653 fratri-

362 2677 476 2740 bus
500 2682 719 2743 nostris
747 2682 900 2745 mala
922 2683 1265 2746 valetudine
1288 2683 1530 2747 afﬂictis
1548 2682 2006 2757 oremus;utDo-

362 2770 562 2831 minus
590 2771 803 2834 liberet
831 2772 964 2835 illos
986 2774 1150 2836 omni
1176 2773 1385 2836 morbo
1418 2782 1475 2834 et
1505 2773 1668 2834 omni
1694 2771 2004 2854 languore,

362 2878 662 2942 sanesque
686 2864 956 2925 restituat
979 2874 1198 2927 sancta)
1218 2882 1341 2925 sua;
1364 2862 1670 2926 Ecclesia.
1694 2861 1809 2924 Pro
1840 2862 2010 2923 navi-

361 2950 638 3029 gantibus
669 2970 737 3014 ac
762 2950 879 3015 iter
905 2952 1263 3016 habentibus
1293 2971 1561 3017 oremus.
1592 2951 1706 3015 Pro
1738 2952 1811 3014 iis
1831 2952 2007 3033 quiin

2094 1874 2239 1937 ὅπως
2297 1877 2324 1930 6
2387 1874 2570 1952 Κύριος
2626 1878 2747 1939 τοὺς
2800 1875 3002 1940 πάντας
3062 1878 3250 1941 αὐτοὺς
3293 1877 3520 1955 ἐλεήσῃ.
3585 1871 3748 1949 ’Υπὲρ

2095 1964 2364 2043 εὐνούχων
2410 1963 2569 2028 ὁσίως
2623 1965 2999 2042 πορευομένων
3058 1964 3352 2042 δεηθῶμεν.
3424 1958 3587 2048 έΐπὶρ
3646 1975 3751 2025 τῶν

2095 2052 2149 2107 ἐν
2230 2052 2530 2129 έγκρατείᾳ,
2591 2054 2679 2109 καὶ
2739 2051 2983 2128 εὐλαϐείᾳ
3054 2053 3349 2130 δεηθωμεν.
3428 2047 3591 2135 ’Υπὲρ
3644 2062 3751 2113 τῶν

2094 2142 2567 2221 καρποφορούντων
2615 2144 2671 2199 ἒν
2730 2150 2799 2220 τῇ
2852 2145 2976 2222 ἀγίᾳ
3024 2143 3341 2225 Ἐκκλησία,
3384 2146 3471 2204 καὶ
3521 2147 3747 2204 ποιούν-

2095 2254 2201 2288 των
2263 2246 2380 2294 τοῖς
2438 2231 2631 2300 πένησι
2700 2234 2792 2298 τὰς
2848 2232 3211 2310 έλεημοσύνας
3264 2233 3536 2310 δεηθῶμεν
3574 2254 3587 2268 ·
3648 2238 3739 2293 καὶ

2093 2321 2223 2401 ὑπὲρ
2252 2325 2358 2379 τῶν
2399 2324 2494 2387 τάς
2537 2323 2715 2386 θυσίας
2770 2325 2856 2380 καὶ
2900 2326 2992 2390 τὰς
3036 2324 3285 2406 ἀπαρχὰς
3327 2325 3731 2406 προσφερόντων

2100 2414 2268 2490 Κυρίῳ
2324 2416 2401 2486 τῷ
2459 2417 2575 2486 Θεῷ
2630 2414 2784 2487 ἡμῶν
2846 2411 3121 2481 aeneam
3154 2428 3169 2443 '
3231 2413 3373 2478 ὅπως
3433 2416 3735 2494 πανάγαοος

2096 2503 2226 2567 Θεὸς
2255 2501 2551 2577 ἀμείψηται
2609 2504 2795 2569 αὐτοὺς
2852 2516 2976 2568 ταῖς
3039 2504 3367 2582 έπουρανίαις
3411 2504 3571 2562 αὐτοῦ
3624 2503 3734 2562 δω-

2092 2605 2266 2672 ρεαῖς,
2326 2595 2416 2649 καὶ
2463 2591 2536 2666 δῷ
2593 2595 2780 2656 αὐτοῖς
2840 2594 2895 2650 έν
2937 2599 3016 2667 τῷ
3060 2596 3282 2673 παρόντι
3340 2594 3739 2653 έκατονταπλαο

2090 2684 2260 2757 σίονα,
2294 2684 2382 2737 καὶ
2427 2682 2481 2737 ἰν
2528 2689 2605 2755 τῷ
2656 2681 2906 2758 μέλλοντι
2939 2684 3083 2755 ζωὴν
3113 2684 3350 2761 αἰώνιον,
3382 2686 3469 2742 καὶ
3499 2685 3739 2766 χαρίση-

2094 2793 2179 2827 ται
2252 2774 2432 2835 αὐτοῖς
2486 2773 2600 2828 ἀντὶ
2656 2774 2763 2830 τῶν
2833 2774 3168 2853 προσκαίρων
3223 2774 3289 2830 τὰ
3346 2773 3561 2849 αἰώνια,
3621 2775 3735 2834 ἀντὶ

2093 2867 2198 2917 τῶν
2243 2860 2490 2940 ἐπιγείων
2548 2864 2612 2919 τὰ
2671 2864 2978 2941 ἐπουράνια,
3015 2855 3175 2937 ’Υπὲρ
3212 2870 3320 2920 τῶν
3369 2866 3737 2947 νεοφωτίστων

2093 2949 2334 3030 ἀδελφῶν
2386 2954 2543 3027 ἡμῶν
2600 2950 2926 3034 δεηοὼμενξ
3001 2952 3150 3019 ὅπως
3205 2956 3233 3010 6
3280 2954 3470 3033 Κύριος
3520 2953 3737 3034 στηρίξῃ

364 3039 639 3116 metallis,
667 3042 915 3124 exsiliis,
938 3043 1226 3108 custodiis
1256 3052 1316 3106 et
1336 3042 1614 3122 vinculis,
1642 3032 1882 3123 propter
1905 3061 2012 3105 no-

2096 3043 2281 3105 αὐτοὺς
2366 3044 2453 3098 καὶ
2526 3040 2828 3120 βεϐαιώσῃ.
2907 3032 3070 3123 ’Υπὲρ
3157 3050 3265 3101 τῶν
3343 3032 3399 3101 έν

366 3147 504 3193 men
538 3112 801 3213 Domini,
835 3112 1169 3215 versantur,
1200 3152 1467 3197 oremus.
1498 3112 1613 3194 Pro
1639 3112 1855 3195 acerba
1884 3123 2030 3194 ser-‘

2096 3130 2478 3208 ἐξεταζομένων
2524 3112 2954 3213 ἀδελφῶν-ἡμῶν
3013 3112 3287 3210 δεηθῶμεν
3321 3151 3336 3168 ⁸
3391 3112 3597 3199 ὅπως-ὁ
3631 3112 3742 3193 Κύλ

361 3221 547 3284 vilute
575 3227 880 3304 oppressis
910 3243 1175 3288 oremus.
1208 3222 1319 3287 Pro
1350 3222 1609 3286 inimicis
1641 3230 1699 3284 et
1728 3222 1866 3284 odio
1896 3223 2007 3285 ha-

360 3310 641 3374 bentibus
671 3332 803 3395 nos,
833 3332 1119 3377 oremus:
1186 3333 1290 3396 pro
1347 3312 1851 3396 persequentibus
1902 3331 2009 3374 nos

364 3411 606 3483 propter
626 3423 845 3467 nomen
866 3406 1127 3487 Domini,
1150 3423 1393 3469 oremus
1431 3412 1523 3466 :ut
1548 3403 1856 3479 Dominus,
1889 3402 2005 3463 mi-

364 3491 540 3571 tigato
571 3511 779 3556 eorum
833 3494 1058 3568 furore,
1092 3496 1346 3576 dissipet
1385 3496 1533 3558 iram
1578 3493 1866 3557 adversus
1897 3511 2007 3554 nos

361 3583 740 3647 concitatam.
765 3584 878 3647 Pro
910 3585 985 3646 iis
1014 3586 1118 3665 qui
1167 3585 1311 3647 foris
1341 3594 1500 3659 sunt,
1536 3602 1606 3647 ac
1654 3600 1861 3646 errore
1889 3582 2008 3644 du-

363 3680 853 3749 cuntur,oremus
878 3696 896 3747 ς
922 3683 985 3737 ιιι
1004 3675 1295 3739 Dominus
1317 3674 1450 3736 illos
1472 3671 2009 3737 convertatJnfan-

365 3761 509 3823 tium
558 3763 845 3827 Ecclesia
889 3766 1319 3836 recordemur;
1352 3766 1435 3825 uti
1467 3762 1778 3835 Dominus,
1812 3780 1916 3824 eos
1947 3762 2008 3824 in

366 3850 581 3914 timore
603 3869 711 3914 suo
735 3854 946 3916 reddat
964 3856 1280 3936 perfectos,
1299 3863 1359 3916 et
1385 3854 1457 3916 ad
1493 3870 1832 3914 mensuram
1863 3861 2007 3914 aeta-

367 3943 440 4004 tis
472 3941 779 4021 perducat.
816 3943 927 4006 Pro
959 3943 1133 4007 nobis
1164 3944 1421 4006 invicem
1445 3961 1710 4018 oremus;
1727 3950 1788 4004 ut
1810 3941 2012 4005 Domi-

367 4050 481 4093 nus
514 4032 704 4112 gratia
732 4052 840 4097 sua
869 4043 1066 4098 servet
1096 4053 1204 4099 nos
1254 4053 1324 4098 ac
1379 4032 1672 4097 custodiat
1722 4049 1910 4113 usque
1938 4032 2013 4094 ad

364 4121 570 4199 ﬁnem,
606 4132 667 4185 et
698 4124 914 4187 liberet
940 4144 1049 4187 nos
1079 4144 1112 4187 a
1138 4125 1318 4199 malo,
1346 4135 1403 4185 et
1432 4123 1505 4186 ab
1536 4120 1817 4184 omnibus
1844 4140 2015 4185 scan—

361 4211 515 4275 dalis
536 4214 914 4294 operantium
952 4215 1321 4297 iniquitatem
1345 4212 1421 4290 ⁷⁸,
1439 4220 1498 4276 et
1526 4212 1719 4275 salvos
1755 4228 1863 4272 nos
1894 4213 2012 4275 du-

365 4310 460 4363 cat
489 4303 549 4364 in
581 4322 832 4384 regnum
867 4324 1037 4366 suum
1099 4305 1363 4367 caeleste.
1424 4303 1537 4366 Pro
1593 4300 1761 4363 omni
1814 4301 2015 4363 anima

362 4392 699 4456 Christiana
732 4413 997 4457 oremus.
1034 4394 1205 4459 Salva
1235 4403 1293 4457 et
1325 4394 1488 4472 erige
1518 4411 1651 4465 nos,
1690 4392 1867 4461 Deus,
1899 4392 2013 4454 mi-

364 4482 695 4545 sericordia
726 4493 845 4546 tua.
895 4484 1241 4565 Surgamus.
1305 4483 1559 4547 Orantes
1618 4482 1867 4554 intente,
1905 4501 2013 4545 nos

362 4570 528 4651 ipsos
588 4582 769 4655 atque
829 4584 1056 4656 mutuo,
1089 4574 1305 4636 viventi
1364 4576 1513 4655 Deo,
1547 4592 1655 4654 per
1709 4569 2009 4636 Christum

364 4662 493 4812 Ejus
524 4664 1041 4728 commendemus.
1075 4664 1365 4728 Precetur
1407 4672 1605 4725 autem
1642 4665 1924 4747 pontifex,
1955 4672 2015 4729 et

409 4752 560 4812 icat:

409 4752 525 4815 icat
547 4775 560 4817 :

2094 3243 2204 3302 ριος
2247 3224 2465 3299 ῥύσηται
2502 3224 2689 3289 αὖτοὺς
2741 3225 2920 3293 πάσης
2968 3227 3125 3283 νόσου
3184 3226 3271 3281 καὶ
3312 3225 3493 3292 πάσης
3555 3223 3738 3299 μαλα-

2092 3312 2232 3386 κίας,
2290 3315 2378 3369 καὶ
2433 3315 2603 3376 σώους
2662 3314 3084 3389 ἀποκαταστήσῃ
3124 3319 3192 3389 τῇ
3247 3314 3371 3389 ἁγίᾳ
3413 3312 3573 3369 αὐτοῦ
3605 3310 3736 3370 Ἐκ-

2092 3401 2309 3476 κλησίᾳ.
2374 3395 2536 3481 ’Υπὲρ
2596 3403 2868 3460 πλεόντων
2912 3404 3000 3459 καὶ
3057 3400 3472 3480 ὁδοιπορούντων
3529 3398 3730 3468 δεηθῶ-

2090 3514 2185 3567 μεν
2226 3512 2239 3527 ⁸
2287 3494 2417 3571 ὑπὲρ
2450 3499 2557 3550 τῶν
2600 3493 2654 3549 έν
2713 3490 2999 3569 μετάλλοις
3060 3494 3147 3548 καὶ
3188 3490 3407 3570 ἰξορίαις
3440 3493 3530 3549 καὶ
3559 3489 3732 3571 φυλα-

2090 3596 2217 3649 καῖς
2269 3585 2357 3640 καὶ
2393 3581 2614 3658 δεσμοῖς
2658 3580 2827 3639 ὄντων
2876 3580 2961 3640 διά
3029 3584 3090 3637 τὸ
3148 3579 3317 3657 ὄνομα
3373 3588 3465 3638 τοῦ
3524 3581 3735 3659 Κυρίου,

2092 3671 2365 3749 δεηθῶμεν
2403 3688 2417 3702 '
2471 3674 2602 3752 ὑπὲρ
2660 3679 2768 3730 τῶν
2820 3670 2873 3729 έν
2932 3677 3097 3749 πιγρᾷ
3147 3668 3353 3743 δουλεία
3396 3690 3738 3728 καταπονου-

2095 3763 2267 3837 μένων
2319 3761 2591 3838 δεηθῶμεν
2626 3782 2641 3797 ο
2686 3762 2816 3842 ὑπὲρ
2872 3761 3078 3842 ἐχθρῶν
3124 3761 3211 3817 καὶ
3254 3760 3552 3836 μισούντων
3594 3760 3740 3833 ἡμᾶς

2093 3851 2365 3929 ὀεηθῶμεν
2390 3869 2407 3886 ⁶
2471 3854 2603 3929 ὑπὲρ
2646 3859 2752 3910 τῶν
2798 3850 3100 3909 διωκόντων
3143 3852 3289 3926 ἡμᾶς
3339 3847 3425 3907 διὰ
3466 3850 3528 3906 τὸ
3570 3847 3742 3924 ὄνομα

2096 3951 2185 3999 τοῦ
2219 3944 2428 4022 Κυρίου,
2483 3941 2756 4018 δεηθῶμεν
2791 3957 2805 3973 ⁸
2849 3942 2993 4006 ὅπως
3044 3944 3071 3998 6
3130 3941 3318 4019 Κύριος
3364 3943 3598 4020 πραΰνας
3651 3939 3740 3995 τὸν

2094 4036 2257 4109 Θυμὸν
2299 4033 2469 4089 αὐτῶν
2502 4030 2821 4109 διασκεδάσῃ
2853 4032 2952 4098 τὴν
2982 4029 3099 4088 καθ’
3138 4030 3295 4106 ἡμῶν
3337 4027 3499 4109 ὀργήν
3559 4026 3687 4109 (27)
3723 4047 3741 4065 ⁸

2094 4124 2221 4202 ὑπὲρ
2270 4130 2377 4180 τῶν
2431 4121 2531 4188 ἔξω
2587 4121 2753 4178 ὄντων
2814 4123 2901 4179 καὶ
2944 4118 3374 4196 πεπλανημένων
3415 4115 3691 4195 δεηθῶμεν
3723 4131 3744 4149 ⁹

2095 4213 2241 4277 ὅπως
2287 4216 2314 4270 6
2375 4214 2562 4293 Κύριος
2627 4212 2814 4277 αὐτοὺς
2875 4211 3194 4289 έπιστρὲψῃ.
3232 4216 3349 4268 Τῶν
3396 4208 3601 4275 νηπίων
3654 4208 3747 4275 τῆς

2096 4302 2419 4370 Ἐκκλησίας
2498 4302 2957 4378 μνημονεύσωμεν
2992 4319 3009 4338 ·
3081 4298 3228 4364 ὅπως
3299 4301 3329 4355 6
3412 4298 3597 4376 Κύριος
3659 4318 3754 4355 τεο

2098 4394 2325 4457 λειώσας
2377 4393 2509 4450 αύτά
2569 4392 2624 4448 ἐν
2678 4400 2754 4465 τῷ
2802 4391 2949 4471 φόϐῳ
2980 4390 3158 4464 αὐτοῦ,
3194 4390 3269 4454 εἰς
3300 4386 3489 4465 μέτρον
3533 4386 3747 4456 ἡλικίας

2095 4484 2274 4560 ἀγάγῃ
2309 4499 2322 4512 ·
2381 4482 2510 4560 ὑπὲρ
2570 4480 2824 4551 ἀλλήλων
2888 4480 3208 4549 δεηθῶμενο
3268 4475 3415 4542 ὅπως
3476 4479 3503 4534 6
3560 4477 3751 4555 Κύριος

2096 4575 2307 4650 τηρήσῃ
2498 4576 2639 4647 ἡμᾶς
2693 4573 2776 4627 καὶ
2835 4568 3037 4650 φυλάξῃ
3096 4571 3164 4645 τῇ
3215 4570 3374 4625 αὑτοῦ
3417 4567 3604 4647 χάριτι
3664 4568 3737 4630 εἰς

2095 4664 2274 4737 τέλος,
2330 4665 2417 4720 καὶ
2474 4663 2693 4741 ῥύσηται
2746 4664 2891 4735 ἡμᾶς
2945 4666 3039 4717 τοῦ
3088 4665 3323 4736 πονηροῦ
3383 4659 3471 4715 καὶ
3530 4658 3743 4715 πάντων

2092 4760 2201 4811 τῶν
2257 4751 2567 4810 σκανδάλων
2624 4753 2729 4808 τῶν
2786 4748 3155 4828 ἐργαζομένων
3204 4747 3303 4814 τὴν
3347 4746 3592 4824 ἀνομίαν,
3652 4751 3741 4805 καὶ

364 4844 514 4921 σώσῃ
545 4846 617 4907 εἷς
648 4846 747 4913 τὴν
774 4844 1046 4922 βασιλείαν
1082 4846 1234 4903 ιιῦτοῦ
1267 4846 1362 4912 τὴν
1391 4845 1723 4918 ἐπουράνιον.
1757 4845 1920 4925 ’Υπὲρ
1950 4848 2128 4914 πάσης
2159 4849 2345 4924 ψυχῆς
2399 4841 2725 4921 χριστιανῆς
2775 4838 3072 4913 δεηθῶμεν,
3118 4836 3302 4893 Σῶσον
3331 4837 3419 4925 καὶ
3449 4837 3747 4907 animam

366 4935 506 5006 ἡμᾶς
563 4937 590 4990 6
644 4938 775 4999 Θεὸς
805 4944 880 5009 τῷ
912 4934 1046 4992 ἐλέει
1082 4957 1197 4997 σου.
1244 4935 1627 5013 Ἐγειρωμεθα,
1667 4922 1953 5002 Δεηθέντες
1986 4934 2212 4998 ὲκτενῶς
2240 4922 2456 4995 ἑαυτοὺς
2486 4933 2575 4987 καὶ
2612 4928 2878 5000 ἀλλήλους
2906 4927 2985 4983 τῶ
3012 4927 3170 4999 ζῶντι
3200 4932 3317 5001 Θεῷ
3344 4922 3429 4982 διὰ
3457 4932 3551 4984 τοῦ
3582 4935 3748 5007 Χρισ-

362 5030 453 5080 τοῦ
482 5024 639 5082 αὖτοῦ
670 5026 1047 5105 παραθώμεθα.
1083 5024 1429 5105 Ἐπευχέσθω
1459 5024 1512 5080 δὲ
1544 5024 1663 5104 (29)
1701 5028 1726 5082 6
1754 5027 2057 5106 ἀρχιερεὺς,

984 5120 1247 5183 CAPUT
1279 5116 1384 5180 XI.

796 5209 1110 5273 Invocatio
1137 5226 1250 5291 pro
1277 5208 1581 5288 ﬁdelibus.

451 5298 705 5361 Domine
735 5299 1139 5381 omnipotens,
1166 5298 1520 5373 celsissime,
1549 5298 1653 5381 qui
1676 5299 1734 5361 in
1755 5298 1889 5360 altis
1916 5297 2017 5361 ha-

448 5458 512 5508 77
543 5457 752 5522 Matth.
786 5475 907 5533 nx,
942 5460 1046 5521 29.
1133 5460 1197 5510 78
1226 5459 1383 5523 Psal.
1419 5474 1555 5527 CXL.
1605 5459 1666 5522 9.

2094 5026 2184 5083 καὶ
2215 5022 2441 5101 λεγέτον

2644 5118 3035 5174 ΚΕΦΑΔΑΙΟΝ
3094 5110 3207 5175 μ’.

2571 5202 2889 5271 Ἐπίκλησις
2921 5209 3026 5260 τῶν
3056 5207 3287 5263 πιστῶν.

2181 5296 2341 5377 Κύριε
2402 5286 2789 5372 παντοκρατορ,
2847 5292 3059 5370 ύψιστε,
3129 5295 3157 5349 6
3202 5291 3256 5348 έν
3314 5292 3552 5367 ὑψηλοῖς
3610 5312 3751 5348 κατ-

1718 5586 1814 5650 VA
1824 5584 2124 5650 RIORUM
2170 5580 2420 5648 NOTE.

449 5732 571 5811 (96)
609 5735 839 5797 Εύοδίου.
877 5732 982 5796 Με.
1015 5731 1196 5796 Vind.
1230 5734 1525 5794 Ἀννιανοῦ.
1562 5732 1751 5794 CLI-:11.

453 5806 579 5895 (21')
614 5811 831 5893 ὀργήν.
856 5812 1040 5876 Addit
1068 5813 1202 5875 cod.
1238 5811 1421 5875 Vind.
1452 5811 1745 5885 δεηθῶμεν.
1784 5806 1872 5869 ln.

2190 5722 2321 5805 (28)
2350 5725 2602 5800 Τηρήσῃ.
2639 5725 2982 5862 Διατῃρήσῃ.
3011 5717 3159 5812 Cod.
3196 5717 3377 5785 Vind.
3422 5714 3511 5779 ln.

2190 5804 2316 5862 [29)
2353 5804 2444 5862 Δέ.
2478 5807 2582 5862 Οὗν
2608 5804 2745 5862 cod.
2824 5801 2953 5862 Ind.
2987 5806 3235 5862 rectius.
3261 5800 3345 5860 In.

2183 5799 2316 5887 (29)
2353 5804 2444 5867 Δέ.
2478 5799 2582 5863 οὖν
2608 5804 2745 5867 cod.
2773 5799 2953 5865 Vind.
2987 5799 3235 5862 rectius.
3261 5800 3345 5860 lo.
