4134 6432
267 380 440 459 1104-
1079 394 1732 463 CONSTITUTIONES
1772 394 2277 462 Apes-mucis.
2323 432 2405 446 -
2449 399 2598 465 LIB.
2651 399 2818 464 VIII.
3494 401 3646 468 nos

257 521 689 612 μηχανημάτων
724 534 822 615 διαὶ¹
863 535 1046 616 χειρὸς
1102 534 1458 614 ἀνθρωπίνης.
1511 534 1670 613 ’Υπὲρ
1720 535 1892 592 ἀπέν-

1983 528 2105 590 vios
2130 529 2320 592 Ethan
2343 530 2847 604 siccasti9,muros
2871 530 3252 610 prostravisti
3274 533 3501 616 absque
3525 551 3650 596 ma-

255 643 362 678 των
421 643 502 678 σοι
566 623 596 690 ἦ
647 614 822 697 δόξα,
857 614 1101 679 Δέσποτα
1129 625 1518 704 παντόκρατορ.
1570 628 1660 699 Σὶ,
1689 647 1897 702 «poem

1997 617 2194 680 chinis
2223 626 2284 680 et
2312 618 2538 700 absque
2588 638 2764 682 manu
2823 618 3170 682 humana“.
3217 619 3329 684 Pro
3374 614 3653 687 omnibus

259 717 431 768 νοῦσιν
515 711 791 791 ἀνάριθμοι
850 713 1084 790 στρατιαὶ
1158 712 1426 792 ἀγγέλων,
1501 712 1897 795 ἀρχαγγέλων1

1998 705 2100 768 tibi
2126 708 2335 787 gloria,
2373 707 2624 772 Domine
2655 709 3058 790 omnipotens.
3093 708 3142 753 ¹¹
3175 708 3261 772 Te
3283 710 3529 776 adorant
3559 713 3653 775 in-

253 801 477 880 θρόνων,
555 801 906 879 κυριοτήτων,
991 801 1200 882 ἀρχῶν,
1290 802 1504 869 iiuna»
1531 850 1544 876 ,
1607 803 1897 878 δυνάμεων1

1997 796 2408 860 numerabiles
2458 798 2647 880 copia
2701 797 3081 878 angelorum,
3124 800 3647 881 archangelornm,

259 895 542 970 στρατιῶν,
596 890 826 945 αίώνων⁶
879 891 945 946 τὰ
1002 888 1289 970 χερουϐἶμ,
1324 893 1414 948 καὶ
1460 894 1525 950 τὰ
1582 892 1897 972 έξαπτέρυγα

1994 889 2366 962 tlironorum,
2418 887 2920 961 dominationum,
2957 888 3419 969 principatuum,
3475 900 3650 972 pote-

258 980 510 1058 σεραφὶμ,
556 991 678 1041 ταῖς
729 979 832 1053 μὲυ
881 976 990 1035 δυσὶ
1042 980 1516 1040 κατακαλύπτοντα
1547 982 1668 1044 τοὺς
1714 981 1897 1056 πόδας¹

1991 982 2236 1050 statum,
2301 977 2610 1051 virtutum,
2677 975 3074 1056 exercituum,
3132 978 3488 1042 seculorum
3539 1000 3648 1044 seu

255 1081 379 1131 ταῖς
423 1065 478 1124 δὲ
517 1065 627 1124 δυσὶ
682 1069 775 1132 τὰς
806 1067 1066 1151 κεφαλὰς,
1099 1070 1225 1134 ταῖς
1267 1068 1322 1127 δὲ
1355 1069 1466 1129 δυσὶ
1490 1072 1780 1151 πετόμενα,
1814 1073 1897 1128 καὶ

1988 1073 2354 1127 aeternorum
2393 1089 2409 1133 :
2468 1075 2530 1128 et
2586 1065 2902 1129 cherubini
2931 1085 2948 1140 ;
2979 1066 3119 1128 item
3149 1067 3458 1149 seraphini
3486 1070 3651 1133 senis

258 1157 506 1236 λέγοντα,
535 1156 646 1232 ἅμα
691 1149 898 1237 χιλίαις
958 1155 1200 1238 χιλιάσιν
1240 1160 1619 1241 ἀρχα-(γέλων,
1657 1149 1897 1234 καὶνμυ-

1985 1155 2095 1218 alis
2129 1155 2395 1236 praediti,
2439 1155 2595 1217 binis
2623 1155 2863 1237 quidem
2925 1155 3188 1217 velantes
3243 1157 3425 1236 pedes
3480 1177 3642 1233 suos,

257 1248 393 1324 ρίαις
435 1247 680 1326 μυριάσιν
729 1243 973 1326 ἄγγέλωθ
1008 1295 1024 1327 ,
1083 1249 1509 1316 ἀκαταπαύατως
1559 1252 1646 1307 καὶ
1707 1249 1897 1328 ἀσιγή-

1998 1243 2156 1306 binis
2186 1263 2325 1306 vero
2356 1245 2574 1325 capita,
2608 1249 2672 1308 et
2718 1243 2952 1306 duabus
3002 1243 3136 1307 aliis
3176 1245 3442 1308 volantes
3465 1245 3542 1324 ⁸³,
3576 1267 3644 1313 ae

256 1359 361 1400 τως
391 1335 643 1412 βοώσαις·
695 1337 783 1393 καὶ
815 1342 918 1400 πᾶς
977 1339 1008 1393 6
1057 1337 1197 1402 λαὸς
1230 1339 1342 1414 ἅμα
1373 1340 1598 1396 εἰπάτω·
1641 1336 1897 1419 ε”Αγιοσςἶ

1996 1335 2266 1398 dicentes
2288 1355 2404 1397 una
2429 1354 2564 1396 cum
2591 1335 2755 1397 mille
2779 1332 3047 1395 millibus
3065 1335 3561 1415 archangelorum
3585 1348 3644 1403 et

255 1427 432 1506 ἅγιος,
485 1425 660 1504 ἅγιος,
699 1426 882 1506 Κύριος
915 1423 1160 1484 Σαϐαὼθ·
1225 1427 1440 1506 πλήρης
1494 1429 1522 1486 ὁ
1549 1422 1795 1508 ὀῦρανος
1825 1439 1897 1485 κα

1997 1424 2170 1487 denis
2189 1423 2454 1488 millibus
2479 1423 2702 1486 denum
2727 1422 2981 1485 millium
3007 1426 3353 1502 angelorum
3377 1423 3452 1507 ιθ,
3477 1426 3647 1490 inde-

256 1518 292 1583 ἡ
351 1515 424 1593 γῆ
469 1519 584 1599 τῆς,
625 1512 780 1581 δόξης
842 1516 1022 1573 αὖτοῦο
1079 1515 1371 1595 εὖλογητὸς
1416 1519 1492 1580 εἰς
1535 1520 1659 1582 τοὺς
1687 1517 1897 1599 «tam:

1998 1515 2266 1577 sinenter
2293 1533 2360 1575 ac
2393 1515 2525 1576 sine
2574 1513 2736 1576 vocis
2779 1512 3227 1577 intermissione
3250 1513 3646 1582 clamantibus

257 1603 465 1678 Ἀμήν.
508 1626 529 1660 ε
571 1597 676 1664 Καὶ
708 1607 734 1660 6
761 1603 1044 1684 ἀρχιερεὺς
1076 1604 1198 1673 ἑξῆς
1231 1606 1457 1684 λεγέτω’
1493 1606 1698 1687 ’Ἀγιος
1730 1610 1830 1688 γὰρ
1854 1597 1897 1664 sl

1995 1606 2078 1685 (et
2097 1605 2293 1666 omnis
2315 1604 2572 1684 populus
2596 1603 2774 1666 simul
2799 1603 3006 1683 dicat):
3043 1626 3067 1658 ι
3094 1601 3644 1689 Sanctus,sanctus,

256 1698 332 1758 ὡς
379 1694 615 1770 ἀληθῶς,
668 1695 756 1749 καί⁵
808 1695 1092 1773 πανάγιος,
1157 1696 1377 1771 ὕψιστος
1440 1699 1528 1754 καὶ
1606 1699 1910 1778 ὑπερυψούο

258 1806 416 1861 μενος
453 1785 528 1846 εἰς
558 1784 678 1846 τοὺς
704 1783 922 1847 άὶὦνας,
954 1783 1154 1862 ’Ἄγιος
1203 1783 1256 1840 δὲ
1308 1787 1394 1844 καὶ
1425 1789 1452 1842 ὁ
1481 1789 1780 1866 μονογενής
1812 1809 1908 1845 σου

1995 1704 2261 1774 sanctus,
2293 1692 2582 1756 Dominus
2635 1691 2935 1756 Sabaoth:
2990 1692 3150 1773 pleni
3208 1702 3348 1756 sunt
3391 1695 3527 1760 cmli
3584 1703 3643 1759 et

1995 1793 2152 1846 terra
2174 1782 2363 1858 gloria
2385 1783 2540 1863 ejus:
2566 1782 2934 1846 Benedictus
2955 1782 3016 1843 in
3040 1781 3277 1846 secula.
3305 1783 3498 1846 Amen
3519 1782 3633 1846 “.a

259 1875 377 1936 ι’ίὸς
436 1874 466 1929 6
526 1874 713 1951 Κύριος
757 1872 915 1948 ὴμῶν
963 1875 1051 1930 καὶ
1108 1877 1237 1938 θεὸς
1268 1874 1478 1942 Ἰησοῦς
1511 1879 1539 1932 6
1572 1865 1819 1955 Χριστόςο
1854 1879 1897 1939 ὃς

1995 1874 2068 1936 Et
2092 1871 2351 1954 pontifex
2377 1879 2583 1953 postea
2603 1872 2762 1934 dicat
2789 1892 2802 1936 :
2828 1870 3083 1934 Sanctus
3111 1873 3270 1934 enim
3301 1889 3443 1935 vere
3462 1893 3552 1956 es,
3573 1894 3643 1938 ac

257 1967 332 2028 εἷς
390 1964 562 2020 πάντα
615 1963 1087 2041 ὕπηρετησᾶμενος
1151 1987 1232 2022 σοι
1292 1971 1370 2040 τῷ
1424 1973 1540 2041 Θεῷ
1609 1965 1765 2023 αὐτοῦ
1823 1965 1897 2022 καὶ

1994 1962 2433 2035 sanctissimus,
2467 1961 2793 2022 altissimus
2833 1970 2892 2022 et
2922 1960 3400 2040 superexaltatus
3427 1961 3490 2024 in
3519 1982 3640 2026 ste-

260 2053 442 2126 Πατρὶ,
476 2049 558 2116 εἴς
604 2071 661 2106 τε
718 2051 1068 2131 δημιουργίαν
1097 2052 1367 2135 διάφορον,
1405 2055 1495 2112 καὶ
1521 2055 1739 2114 πόνοιαν
1769 2077 1905 2111 κατ-

253 2140 517 2220 άλληλον,
561 2141 624 2197 οὗ
651 2139 886 2220 περιεῖδε
943 2144 1006 2198 τὸ
1045 2142 1199 2221 γένος
1258 2144 1365 2200 τῶν
1407 2143 1697 2222 ἀνθρώπων
1728 2143 1904 2200 amt-

251 2231 502 2307 λύμενον,
550 2227 688 2285 ἀλλὰ
740 2231 876 2306 μετὰ
924 2225 1172 2309 φυσικὸν
1225 2234 1411 2307 νόμον,
1478 2234 1612 2301 μετὰ
1673 2234 1906 2307 νομικὴν

251 2321 581 2401 παραίνεσιν,
658 2320 796 2394 μετὰ
877 2324 1252 2401 προφητικοδς
1323 2321 1604 2403 ἐλέγχους,
1667 2325 1754 2379 καὶ
1808 2324 1904 2385 τὰς

250 2410 358 2469 τῶν
416 2407 665 2488 ἀγγέλων
715 2407 1052 2483 έπιστασίας,
1139 2412 1606 2492 παραφθειρόντων
1667 2414 1758 2468 σὺν
1827 2412 1905 2486 τῷ

248 2506 386 2574 θετῷ
442 2500 531 2555 καὶ
582 2500 673 2554 τὸν
733 2498 950 2577 φυσικὸν
1003 2499 1189 2576 νόμον,
1253 2502 1340 2558 καὶ
1390 2507 1489 2578 τῇς
1552 2503 1774 2577 μνήμης
1819 2500 1902 2558 έκ-

251 2588 560 2647 ϐαλλόντων
617 2588 708 2642 τὸν
760 2585 1154 2663 κατακλυσμὸν,
1241 2591 1341 2657 τὴν
1415 2589 1734 2670 ἐκπύρωσιν,
1809 2592 1903 2654 τὰς

251 2679 376 2738 κατ’
423 2677 722 2756 Αἰγυπτίων
770 2675 1012 2756 πληγὰς,
1045 2680 1138 2742 τὰς
1168 2681 1306 2735 κατὰ
1353 2678 1736 2747 Παλαιστηνῶν
1765 2703 1903 2760 σφα-

249 2771 371 2850 γὰς,
433 2769 523 2823 καὶ
582 2763 886 2841 μελλόντων
945 2765 1068 2823 ὅσον
1127 2766 1333 2824 οὐδέπω
1389 2768 1715 2827 ἀπόλλυσθαι
1757 2771 1901 2826 πάν-

248 2883 377 2933 των,
417 2853 704 2922 εὒδόκησεν
757 2854 911 2919 αὐτὸς
958 2855 1150 2934 γνώμῃ
1201 2863 1271 2934 σῇ
1325 2862 1352 2914 ὁ
1422 2859 1743 2938 δημιουργὸς
1800 2860 1900 2914 ἆν-

247 2951 481 3029 θρώπου,
544 2943 820 3021 ἄνθρωπος
873 2947 1138 3026 γενέσθαι,
1199 2949 1227 3001 6
1283 2945 1576 3022 νομοθέτης
1635 2950 1737 3003 ὑπὸ
1807 2949 1901 3004 νό-

247 3062 402 3116 μους,
458 3037 486 3091 6
543 3034 823 3114 ἀρχιερεὺς
879 3036 1094 3112 ἱερεῖον,
1149 3038 1176 3092 6
1220 3038 1427 3111 ποιμὴν
1484 3033 1778 3114 πρόϐατον,
1814 3040 1900 3093 καὶ

249 3124 613 3196 δξευμενίσατό
666 3143 724 3178 σε
769 3123 860 3180 τὸν
903 3124 1092 3180 ἑαυτοῦ
1125 3126 1254 3182 Θεόν
1287 3126 1372 3181 καὶ
1405 3125 1634 3203 Πατέρα,
1686 3129 1772 3182 καὶ
1823 3133 1901 3200 τῷ

1993 2051 2147 2115 cnla.
2185 2050 2440 2114 Sanctus
2468 2067 2707 2131 quoque
2736 2049 3078 2129 unigenitus
3117 2057 3254 2111 tuus
3277 2049 3486 2127 Filius,
3515 2051 3640 2116 Do-

1992 2141 2190 2202 minus
2207 2149 2410 2202 noster
2437 2149 2496 2201 et
2529 2139 2706 2212 Deus,
2731 2139 2908 2202 Jesus
2937 2139 3211 2202 Christus
3234 2159 3250 2219 ;
3272 2140 3376 2218 qui
3397 2140 3469 2202 ad
3500 2161 3638 2204 om-

1994 2232 2088 2292 nia
2120 2230 2223 2292 tibi
2255 2229 2376 2292 Deo
2421 2247 2528 2290 suo
2562 2237 2620 2290 et
2647 2227 2832 2306 Patri,
2859 2237 2981 2289 tum
3015 2228 3075 2289 in
3108 2227 3267 2290 varia
3302 2231 3632 2306 creatione,

1990 2328 2109 2381 tum
2140 2320 2198 2380 in
2259 2317 2630 2398 providentia
2677 2316 3079 2394 convenienti,
3114 2316 3477 2400 ministrans,
3514 2339 3634 2384 non

1985 2407 2258 2488 despexit
2289 2423 2475 2487 genus
2502 2406 2830 2468 humanum
2865 2406 3024 2486 quod
3059 2404 3331 2486 peribat:
3366 2409 3471 2470 sed
3506 2421 3636 2490 post

1989 2498 2316 2559 naturalem
2335 2497 2558 2576 legem,
2579 2505 2708 2575 post
2731 2495 2980 2576 legalem
3002 2494 3638 2578 admonitionem,post

1988 2587 2366 2668 prapheticns
2394 2585 2919 2665 reprehensiones,
2945 2591 3008 2646 et
3035 2584 3384 2663 angelorum
3417 2587 3636 2667 prafe-

1989 2687 2358 2752 cturas;cum
2386 2674 2576 2753 legem
2606 2673 2936 2736 naturalem
2961 2692 3078 2735 una
3098 2691 3234 2735 cum
3263 2673 3396 2752 lege
3417 2675 3637 2757 scripta

1987 2784 2092 2826 seu
2125 2764 2316 2846 posita
2351 2762 2669 2843 violarent,
2702 2772 2880 2844 atque
2911 2780 2945 2824 e
2988 2763 3277 2826 memoria
3306 2763 3640 2844 abjicerent

1988 2853 2300 2934 diluvium,
2356 2852 2886 2931 conﬂagrationem
2931 2849 3384 2928 Sodomiticam;
3440 2854 3638 2936 plagas

1991 2943 2300 3025 Egyptiis,
2341 2951 2402 3004 et
2439 2941 2633 3004 caedes
2664 2941 2991 3003 Palmstinis
3023 2941 3236 3017 illatas,
3269 2962 3529 3022 cumque
3562 2948 3636 3006 il-

1986 3033 2100 3094 lco
2136 3031 2390 3113 perituri
2420 3038 2628 3093 essent
2660 3049 2870 3092 omnes
2897 3053 2914 3106 ;
2949 3049 3020 3092 ex
3051 3032 3352 3093 sententia
3383 3041 3482 3094 tua
3511 3033 3641 3115 ipse

1986 3124 2187 3203 elegit,
2214 3129 2453 3183 creator
2475 3120 2761 3195 hominis,
2786 3121 2966 3181 homo
2991 3119 3120 3182 ﬁeri
3147 3140 3163 3200 ;
3191 3119 3639 3200 legislator,sub

248 3215 435 3292 κόσμῳ
489 3210 808 3286 κατήλλαξε,
860 3214 948 3269 καὶ
1014 3220 1113 3282 τῆς
1172 3214 1514 3290 ἐπικειμένης
1565 3215 1722 3293 όργῆς
1780 3216 1895 3281 τοὺς

1983 3213 2250 3293 legibus;
2278 3210 2569 3291 pontifex,
2594 3210 2786 3274 hostia
2812 3226 2827 3283 ;
2853 3217 3075 3290 pastor,
3095 3215 3224 3271 ovis
3250 3230 3267 3286 ;
3291 3219 3348 3272 et
3373 3219 3432 3274 te
3460 3230 3634 3274 suum

248 3307 452 3369 πάντας
505 3302 831 3380 ἠλευθέρωσε
905 3303 1190 3381 γενόμενος
1249 3305 1310 3361 ὲκ
1369 3304 1624 3384 παρθένου
1655 3349 1672 3378 ,
1741 3306 1897 3383 γενό-

1984 3302 2173 3364 Deum
2207 3319 2275 3362 ac
2307 3299 2540 3362 Patrem
2577 3299 2829 3378 placavit
2875 3307 3052 3379 atque
3101 3300 3325 3361 mundo
3355 3302 3635 3364 reconci-

244 3415 408 3471 μενος
470 3393 526 3448 ἂν
576 3392 749 3470 σαρκί,
806 3393 833 3447 6
879 3395 1010 3456 Θεὸς
1065 3395 1261 3474 Λόγος,
1317 3396 1346 3450 'o
1391 3394 1672 3471 ἀγαπητὸς
1703 3393 1897 3462 ι’ίὸς,ὁ

1983 3391 2164 3459 liavit.
2199 3399 2569 3469 cunctosque
2599 3387 2672 3450 ab
2704 3387 3060 3450 imminente
3089 3388 3181 3450 ira
3213 3388 3504 3467 liberavit,
3540 3392 3632 3452 fa-

243 3480 586 3564 πρωτότοκος
637 3481 816 3548 πάσης
874 3484 1126 3563 κτίσεως,
1202 3484 1340 3541 κατὰ
1406 3485 1498 3548 τὰς
1561 3483 1680 3562 περὶ
1743 3484 1897 3542 αὐτοῦ

1987 3490 2112 3542 ctus
2139 3499 2213 3541 ex
2249 3478 2504 3557 virgine,
2537 3478 2724 3540 factus
2767 3477 2830 3538 in
2878 3495 3089 3553 carne,
3119 3480 3280 3542 Deus
3339 3477 3632 3557 Verbum,

242 3571 331 3631 ὑπ’
401 3572 563 3629 αὐτοῦ
629 3569 1011 3649 προῤῥηθείσας
1069 3581 1396 3654 προφητείας
1469 3573 1530 3628 ἐκ
1589 3573 1897 3650 σπέρματος

1983 3569 2240 3632 dilectus
2270 3565 2478 3640 Filius,
2517 3566 2950 3648 primogenitus
2981 3568 3180 3629 omnis
3229 3577 3540 3646 creaturae,
3574 3578 3634 3632 et

244 3661 428 3739 Δαϐιδ,
490 3662 579 3718 καὶ
636 3657 898 3739 Ἀϐραὰμ,
959 3660 1131 3740 φυλῆς
1193 3661 1381 3721 Ἰούδα⁶
1437 3663 1526 3719 καὶ
1583 3661 1798 3741 γένονεν
1843 3662 1897 3720 ἐν

1983 3658 2318 3722 secundum
2355 3656 2702 3737 prophetias
2729 3655 2805 3718 ab
2836 3655 2968 3736 ipso
2998 3655 3075 3717 de
3104 3674 3171 3718 se
3202 3657 3515 3737 praedictas
3536 3677 3634 3720 or-

240 3753 424 3832 μήτρᾳ
473 3748 734 3829 παρθένου
794 3752 822 3806 'o
879 3747 1224 3808 διαπλάσσων
1277 3753 1475 3814 πάντας
1536 3753 1655 3815 τοὺς
1702 3771 1895 3829 γεννω·

1984 3759 2075 3811 tus
2109 3766 2181 3810 ex
2206 3746 2439 3810 semine
2481 3745 2721 3808 Davidis
2772 3755 2831 3807 et
2878 3745 3203 3808 Abrahami
3232 3765 3300 3808 ac
3343 3747 3420 3811 de
3474 3749 3631 3810 tribu

238 3841 455 3921 μένους,
487 3841 574 3895 καὶ
604 3838 941 3918 ένεσαραώθη
971 3842 1001 3896 6
1029 3839 1284 3921 ἄσαρκος,
1329 3843 1357 3897 6
1387 3842 1634 3922 ὰχρόνως
1691 3861 1752 3918 γε
1765 3862 1891 3908 θνη-

1983 3839 2182 3902 ludas:
2219 3836 2274 3880 η
2305 3844 2365 3899 et
2393 3835 2588 3898 factus
2617 3845 2709 3897 est
2738 3837 2797 3897 in
2827 3843 2999 3897 utero
3027 3835 3307 3912 Virginis,
3344 3839 3633 3901 formator

234 3933 343 3995 θεις
401 3929 456 3987 έν
515 3928 697 4010 χρόνῳ
753 3929 1066 4008 γεγένηται*
1101 3929 1558 4006 πολιτευσάμενος
1615 3931 1773 3993 ὁσίως
1804 3931 1891 3988 καὶ

1983 3929 2245 3992 omnium
2269 3925 2370 4008 qui
2389 3926 2754 4007 gignuntur;
2789 3925 3139 3987 incarnatus
3167 3933 3280 3998 est,
3303 3927 3405 4008 qui
3435 3927 3633 3990 carnis

235 4019 520 4086 παιδεύσας
575 4017 866 4100 ένθέσμως,
911 4026 1086 4078 πᾶσαν
1159 4020 1314 4078 νόσον
1355 4022 1443 4077 καὶ
1483 4025 1658 4077 πᾶσαν
1703 4018 1888 4095 μαλα-

1983 4036 2230 4100 expers;
2279 4015 2382 4096 qui
2438 4015 2568 4076 sine
2623 4023 2893 4096 tempore
2947 4013 3206 4094 genitus,
3238 4015 3298 4076 in
3359 4023 3630 4098 tempore

236 4110 354 4165 κίαν
409 4110 461 4176 έξ
507 4110 782 4188 ἀνθρώπον
831 4109 1129 4186 ἀπελάσας,
1187 4111 1394 4187 σημεῖά
1454 4129 1511 4166 τε
1552 4109 1640 4167 καὶ
1694 4109 1891 4188 τέρατα

1983 4117 2147 4172 natus
2171 4117 2264 4168 est
2291 4125 2304 4168 :
2332 4111 2536 4167 sancte
2553 4104 2724 4177 vixit,
2750 4112 2808 4166 et
2828 4103 3093 4180 legitime
3118 4103 3318 4166 docuit
3344 4124 3360 4180 ;
3381 4123 3624 4166 omnem

237 4199 292 4257 έν
323 4206 399 4276 τῷ
427 4200 545 4276 λαῷ
583 4201 838 4269 ποιήσας·
871 4203 1075 4280 τροφῆς
1131 4202 1218 4257 κᾶὶ
1273 4205 1440 4256 ποτοῦ
1481 4199 1571 4256 καὶ
1599 4198 1766 4257 ὕπνου
1789 4219 1891 4274 με-

1983 4197 2252 4260 morbum
2286 4203 2344 4255 et
2389 4211 2629 4255 omnem
2685 4192 3096 4254 inﬁrmitatem
3151 4191 3226 4252 ab
3278 4191 3626 4257 hominibus

229 4288 504 4364 ταλαϐὼν,
536 4290 566 4345 ό
596 4288 804 4366 τρέφων
861 4289 1063 4352 πάντας
1110 4289 1231 4352 τοὺς
1290 4285 1593 4366 χρῇζοντας
1660 4291 1886 4368 τροφῆς,

1983 4285 2241 4368 expulit;
2301 4284 2473 4361 signa
2535 4291 2595 4343 et
2677 4281 2950 4363 prodigia
3007 4281 3066 4342 in
3125 4283 3344 4362 p0pulo
3393 4282 3624 4348 edidit:

231 4381 322 4436 καὶ
378 4375 706 4453 ιμπιμπλῶν
760 4381 867 4432 πᾶν
931 4377 1066 4447 ζῶον
1111 4376 1372 4440 εὐδοκίαςο
1435 4376 1737 4454 έφανέρωσέ
1794 4397 1890 4432 σου

1983 4375 2200 4456 cibum,
2239 4381 2470 4455 potum,
2525 4389 2802 4434 somnum
2867 4371 3028 4451 cepit
3086 4370 3160 4443 is,
3212 4373 3318 4448 qui
3375 4381 3629 4435 cunctos

231 4469 295 4524 τὸ
355 4463 536 4541 ’ὄνομα
584 4478 704 4528 τοῖς
739 4463 1017 4542 ἀγνοοῦσιν
1069 4465 1220 4539 αὒτδ,
1276 4466 1375 4532 τὴν
1430 4464 1650 4542 ἄγνοιαν
1681 4465 1886 4546 ἰφυγά-

1983 4465 2254 4527 ιΙὶιησιιιο
2287 4462 2627 4541 indigentes
2669 4460 2881 4536 nutrit,
2914 4475 3216 4540 omneque
3245 4461 3469 4523 animal
3501 4459 3624 4522 im-

232 4555 411 4632 δευσε,
464 4539 571 4623 τὴν
629 4539 901 4612 εὗσέῦειαν
971 4553 1378 4633 ἀνεζωπύρωσε,
1441 4539 1503 4609 t6
1556 4539 1765 4630 θέλημά
1793 4539 1888 4610 σου

1983 4555 2092 4634 plet
2123 4539 2507 4633 beneplacito
2535 4549 2624 4609 *5:
2659 4549 3058 4612 manifestavit
3107 4539 3324 4611 nomen
3350 4557 3520 4612 tuum
3550 4549 3626 4612 iis

233 4644 540 4726 έπλήρωσε,
603 4646 666 4701 τὺ
711 4643 864 4724 ἔργον
895 4643 924 4700 ὃ
982 4641 1186 4707 ἔδωκας
1249 4646 1392 4718 αὒτῷ
1434 4640 1733 4705 έτελείωσε.
1789 4651 1889 4705 Καὶ

1983 4645 2076 4726 qui
2119 4642 2267 4706 illud
2321 4640 2712 4719 ignorabant;
2751 4636 2973 4717 fugavit
3021 4637 3458 4717 ignorantiam;
3491 4646 3626 4721 ple-

231 4741 401 4794 ταῦτα
442 4735 618 4791 πάντα
665 4733 1032 4814 κατορθώσας,
1104 4733 1291 4812 χερσὶν
1345 4732 1561 4807 ἀνόμων
1605 4751 1886 4811 κατασχε-

1983 4741 2154 4794 tatem
2193 4729 2617 4809 exsuscitavit;
2673 4729 3036 4789 voluntatem
3099 4734 3256 4788 tuam
3313 4727 3624 4809 implevit;

230 4827 363 4901 θεὶς,
408 4824 592 4905 ἱερέων
661 4821 748 4881 καὶ
793 4823 1109 4904 ’ἀρχιερέων
1185 4820 1546 4899 ψευδωνύμων
1606 4822 1693 4877 καὶ
1756 4819 1888 4877 λαοῦ

233 4905 570 4995 παρανόμου,
622 4911 875 4995 προδοσίᾳ
921 4916 1014 4971 τοῦ
1051 4915 1153 4979 τὴν
1203 4913 1393 4970 κακίαν
1436 4911 1884 4986 νοσήσαντος,καὶ

230 5003 414 5068 πολλὰ
446 5007 628 5063 παθὼν
653 5003 744 5062 ὑπ’
775 5008 967 5079 αὐτῶν,
1025 5005 1114 5060 καὶ
1157 5009 1333 5060 πᾶσαν
1388 5002 1603 5078 ἀτιμίαν
1649 5001 1882 5064 ὑποστὸς

235 5103 310 5174 σῇ
337 5097 704 5179 συγχωρήσει,
763 5093 1071 5174 παραδοθεὶς
1129 5092 1344 5166 Πιλάτῳ
1394 5093 1472 5168 τῷ
1513 5091 1764 5171 ἡγεμόνι,
1796 5092 1884 5146 καὶ

237 5190 433 5267 κριθεὶς
478 5190 506 5246 6
550 5188 764 5268 κριτὴς,
826 5186 912 5242 καὶ
961 5185 1294 5264 κατακριθεὶς
1356 5186 1384 5241 6
1431 5183 1646 5262 Σωτὴρ,
1676 5183 1887 5258 σταυρῷ

238 5277 569 5357 «poenan
597 5279 628 5335 ὃ
659 5277 893 5350 ἀπαθὴς,
933 5275 1022 5331 καὶ
1049 5273 1307 5332 ἂπέθανεν
1349 5276 1378 5332 ὁ
1408 5272 1478 5351 τῇ
1505 5272 1656 5353 φύσει
1682 5271 1884 5330 ἀθάνα-

301 5509 354 5591 .9_
380 5509 539 5575 Psal.
565 5529 802 5591 sum”
837 5511 935 5576 15.
1021 5509 1080 5561 ¹⁰
1115 5507 1245 5575 Jos.
1281 5522 1378 5591 τι.
1411 5589 1417 5591 Α
1451 5499 1516 5591 ᾗ(

244 5589 312 5644 η,
331 5589 441 5654 ιι..
471 5608 560 5673 χι,
583 5596 644 5658 3.
730 5584 998 5673 ίῖιεηιι.
1033 5590 1317 5673 tingi-pol.
1351 5589 1426 5673 ad
1450 5584 1636 5652 Tull.
1665 5587 1765 5664 t0;
1807 5584 1883 5648 ιιι

243 5684 387 5730 xvu.
462 5669 518 5714 ¹⁸
542 5669 734 5752 lgnat.
765 5669 992 5755 interp.
1013 5673 1089 5734 ad
1119 5669 1305 5734 Trall.
1340 5671 1437 5732 to.

1971 4840 2120 4904 opus
2149 4819 2306 4902 quod
2338 4819 2396 4880 ei
2421 4817 2667 4893 dedisti,
2701 4815 3137 4878 consummavit
3166 4814 3257 4879 1"z
3293 4826 3475 4898 atque
3528 4817 3624 4881 his

1971 4911 2253 4974 omnibus
2273 4907 2532 4970 feliciter
2547 4905 2752 4987 gestis,
2786 4924 2896 4986 per
2919 4905 3322 4988 proditionem
3341 4906 3499 4968 illius
3521 4906 3624 4989 qui

1972 5001 2212 5066 malitiae
2228 4997 2438 5061 morbo
2461 4997 2807 5076 languebat,
2824 4995 3303 5075 comprehensus
3324 5003 3418 5059 est
3439 4997 3626 5059 mani.

1971 5095 2085 5156 bus
2106 5089 2785 5170 ﬂagitiosorum,nempe
2797 5086 2946 5148 falso
2966 5084 3210 5147 nomine
3229 5086 3620 5167 gaudentium

1969 5181 2348 5248 sacerdotum
2374 5196 2444 5241 ac
2466 5177 2834 5258 pontiﬁcum,
2863 5183 2920 5237 et
2937 5174 3142 5256 populi
3163 5175 3392 5258 iniqui;
3425 5194 3460 5238 a
3478 5176 3618 5258 qui-

1972 5273 2085 5338 bus
2103 5270 2286 5333 multa
2311 5285 2518 5352 passus
2539 5273 2652 5342 est,
2670 5274 2730 5328 et
2752 5262 3060 5328 omnem“l
3078 5264 3465 5346 ignominiam
3489 5283 3619 5332 sus-

1546 5507 1734 5588 lgnat.
1785 5505 1897 5588 inte

1983 5505 2065 5568 ol.
2125 5503 2441 5588 adiTrall.
2496 5504 2555 5588 5.
2643 5498 2824 5588 “__ls_a
2853 5502 3028 5588 v1.2.
3116 5497 3346 5588 “Dan.
3368 5515 3483 5588 vn)
3515 5501 3613 5562 ιο.

1959 5547 2239 5666 ista.
2263 5547 2467 5667 iis};
2496 5547 2603 5648 ii.
3178 5547 3611 5646 laruans:
