4138 6444
485 378 640 446 11Ο3

1319 380 1382 444 8.
1429 380 1872 447 CLEMENTIS
1911 381 1939 444 1
1986 379 2172 445 ROM.
2219 381 2451 449 PONT.
2488 385 2742 454 OPERA
2783 387 3038 454 DUBIA.

3710 385 3870 455 1104

479 518 679 597 tinuit,
715 515 1010 595 permissu
1040 522 1143 577 tuo
1174 534 1190 590 ;
1225 514 1480 576 traditus
1506 523 1596 577 est
1631 516 1812 578 Pilato
1845 515 2084 597 prasidi
2111 537 2126 586 ;

2214 537 2328 584 τος,
2359 517 2447 576 καὶ
2478 518 2646 592 ἰτάφη
2693 523 2721 578 ὁ
2777 522 3060 594 ζωοποιδς,
3099 522 3195 580 ἴτα
3224 523 3423 588 πάθους
3467 523 3605 600 λύσῃ
3635 525 3724 580 καὶ
3761 527 3867 581 θα-

470 606 774 688 judicatus
805 612 916 677 est,
943 601 1129 684 judex
1163 623 1178 679 ;
1213 603 1648 667 condemnatus
1673 614 1782 675 est,
1822 605 2130 680 Salvator;

478 695 643 758 cruci
676 695 890 756 afﬁxus
913 703 1024 769 est,
1051 696 1150 775 qui
1175 695 1295 774 pati
1319 713 1438 755 non
1464 702 1657 776 potest
1687 715 1702 770 ;
1726 705 1996 757 mortuus
2016 704 2128 772 est,

478 795 687 846 natura
717 782 1073 846 immortalis
1101 804 1116 864 ;
1141 783 1416 862 sepultus
1448 791 1561 863 est,
1585 782 1720 847 vita:
1750 784 1998 846 eﬂ‘ector
2026 806 2042 859 ;
2071 797 2134 844 ut

475 875 612 937 illos
645 882 894 956 propter
920 892 1074 954 quos
1102 872 1451 953 advenerat,
1481 892 1515 934 a
1541 875 1816 954 passione
1847 874 2124 946 solveret,

476 975 535 1027 et
555 978 587 1026 a
609 974 800 1026 morte
824 966 1108 1044 eriperet,
1139 971 1200 1024 ut
1221 963 1444 1024 diaboli
1462 962 1700 1024 vincula
1721 965 2126 1044 rumperet,"-

474 1058 713 1138 liusque
737 1075 806 1116 ex
831 1054 1065 1116 fallacia
1091 1053 1376 1115 liberaret
1407 1054 1715 1116 homines:
1745 1055 2068 1118 resurrexit
2099 1075 2132 1117 e

476 1147 725 1209 mortuis
753 1145 926 1206 tertia
943 1144 1064 1206 die:
1083 1145 1476 1222 quadraginta
1498 1143 1709 1206 diebus
1730 1156 2132 1207 commoratus

475 1253 609 1299 cum
636 1235 1315 1314 discipulis,assumptus
1339 1239 1430 1293 est
1448 1231 1506 1292 in
1529 1235 1800 1306 ctelos;et
1823 1232 1894 1292 ad
1919 1234 2128 1294 dexte-

475 1343 603 1389 ram
631 1325 854 1388 assidet
886 1322 1014 1398 tibi,
1038 1321 1162 1383 Deo
1186 1340 1254 1382 ac
1280 1320 1435 1382 Patri
1466 1341 1600 1383 suo.
1626 1319 1681 1363 ¹⁰
1707 1325 1998 1384 Memores
2023 1322 2126 1402 igi-

478 1428 572 1478 tur
588 1433 796 1476 eorum
818 1429 949 1494 quae
967 1420 1210 1493 propter
1229 1428 1337 1472 nos
1361 1411 1629 1492 pertulit,
1655 1410 1878 1489 gratias
1898 1412 2130 1490 agimus

477 1506 605 1575 tibi,
645 1507 807 1567 Deus
842 1503 1242 1581 omnipotens,
1278 1519 1396 1561 non
1428 1510 1718 1579 quantum
1750 1500 2130 1575 debemus,at

475 1603 758 1676 quantum
790 1609 1102 1674 possumus
1131 1611 1146 1664 ;
1171 1597 1228 1651 et
1251 1589 1737 1651 constitutionem
1763 1590 1897 1670 ejus
1920 1591 2130 1670 imple-

477 1703 631 1747 mus.
661 1686 723 1746 ln
749 1700 864 1763 qua
888 1680 1047 1744 enim
1072 1687 1248 1741 nocte
1266 1678 2038 1760 tradebatur,panesanctis
2061 1699 2130 1742 ac

474 1772 869 1835 immaculatis
899 1769 1173 1830 manibus
1197 1769 1319 1829 suis
1341 1777 1616 1849 accepto,
1641 1778 1700 1829 et
1719 1769 1969 1830 elevatis
1991 1788 2128 1830 ocu-

474 1864 544 1924 lis
565 1863 637 1924 ad
664 1872 719 1923 te
743 1861 926 1923 Deum
949 1878 1121 1920 suum
1147 1877 1216 1919 ac
1239 1846 1503 1931 Patrem,
1526 1859 1724 1938 fregit,
1747 1868 1806 1920 et
1835 1859 1999 1920 dedit
2030 1859 2124 1919 di-
2150 1846 2188 1896 Β

471 1953 741 2033 scipulis,
772 1951 980 2012 dicens
1011 1971 1024 2010 :
1055 1973 1082 2004 α
1113 1947 1236 2010 Hoc
1267 1956 1360 2009 est
1383 1949 1729 2029 mysterium
1755 1947 1903 2011 Novi
1924 1947 2127 2010 Testa-

473 2044 682 2123 menti,
709 2040 962 2118 accipite
994 2057 1180 2114 exeo,
1209 2037 1569 2100 manducate
1596 2056 1608 2100 :
1639 2038 1752 2101 hoc
1783 2046 1873 2099 est
1905 2057 2126 2118 corpus

471 2151 699 2214 meum,
720 2131 876 2212 quod
904 2146 1012 2209 pro
1043 2127 1244 2189 multis
1279 2127 1594 2206 frangitur,
1620 2129 1680 2188 in
1704 2128 2123 2190 remissionem

472 2234 877 2302 peccatorum.
913 2218 1210 2281 Similiter
1241 2217 1490 2278 calicem
1527 2218 1766 2279 miscuit
1797 2236 1866 2278 ex
1899 2217 2032 2278 vino
2069 2227 2128 2280 et

469 2332 646 2395 aqua,
672 2309 1079 2381 sanctificavit,
1107 2324 1176 2368 ac
1207 2307 1373 2368 dedit
1395 2306 1632 2382 iisdem,
1658 2307 1865 2368 dicens
1895 2330 1907 2366 :
1936 2307 2130 2370 Bibite

470 2421 541 2465 ex
567 2422 636 2463 eo
657 2419 866 2462 omnes
890 2417 905 2461 :
929 2398 1027 2459 hic
1051 2406 1143 2458 est
1178 2398 1421 2475 sanguis
1452 2415 1645 2478 meus,
1669 2398 1769 2477 qui
1797 2415 1900 2478 pro
1927 2399 2130 2460 multis

472 2491 798 2554 effunditur
814 2491 875 2551 in
890 2488 1309 2549 remissionem
1329 2485 1856 2566 peccatorumﬂoc
1875 2488 2050 2549 facite
2066 2492 2123 2549 in

473 2594 667 2645 meam
717 2577 1383 2642 commemorationem.
1441 2579 1934 2657 Quotiescunque
1963 2578 2123 2639 enim

476 2669 910 2732 manducabitis
925 2685 1134 2748 panem
1157 2667 1404 2745 hunc,et
1423 2666 1640 2728 bibetis
1667 2668 1827 2728 hunc
1849 2667 2122 2748 calicem,

474 2770 726 2823 mortem
759 2777 950 2819 meam
993 2756 1448 2830 annuntiabitis,
1485 2757 1675 2818 donec
1709 2759 1942 2818 veniam
1978 2755 2052 2815 εο.
2096 2783 2119 2810 η

468 2852 517 2894 ¹¹
555 2843 1087 2929 Ιῑιιιψόῑηθηιονοδ
1122 2847 1412 2926 passionis
1455 2847 1603 2925 eius,
1644 2855 1703 2907 et
1735 2848 1970 2927 mortis,
2006 2857 2064 2908 et
2093 2865 2126 2906 a

474 2940 724 3002 mortuis
756 2939 1240 3013 resurrectionis,
1273 2945 1450 3016 atque
1501 2935 1558 2996 in
1591 2936 1804 2998 caalum
1853 2936 2119 3016 reditus;

472 3049 705 3092 necnon
731 3026 979 3089 secundi
997 3027 1308 3099 adventus,
1333 3044 1510 3106 quem
1539 3026 1694 3086 idem
1718 3026 1980 3087 facturus
2003 3040 2117 3102 est,

472 3122 532 3182 in
557 3138 673 3200 quo
700 3135 834 3178 cum
861 3116 1052 3195 gloria
1070 3123 1129 3176 et
1151 3123 1442 3195 potestate
1459 3117 1654 3175 veniet
1671 3115 1946 3195 judicare
1965 3119 2122 3178 vivos

470 3217 529 3270 et
553 3215 822 3269 mortuos
844 3205 929 3275 εἰ,
964 3214 1022 3265 et
1055 3204 1307 3266 reddere
1341 3200 1591 3282 singulis
1613 3205 1784 3283 juxta
1813 3222 1995 3285 opera
2023 3223 2120 3266 e0-

473 3317 605 3360 rum
635 3298 735 3377 23;
769 3296 875 3356 tibi
905 3297 1027 3372 regi
1061 3313 1129 3355 ac
1160 3293 1276 3355 Deo
1313 3311 1525 3373 panem
1561 3294 1722 3355 hunc
1770 3301 1830 3354 et
1874 3294 2118 3356 calicem

471 3389 630 3449 hUnc
685 3387 1017 3464 offerimus,
1053 3383 1379 3444 secundum
1440 3383 1926 3444 constitutionem
1965 3384 2118 3463 ejus,

469 3479 689 3557 gratias
721 3473 826 3536 tibi
855 3492 962 3555 per
991 3492 1126 3533 eum
1160 3481 1424 3551 agentes,
1460 3472 1602 3551 quia
1627 3491 1732 3534 nos
1763 3473 1976 3552 dignos
2008 3475 2118 3534 ha-

472 3567 674 3639 buisti,
711 3565 810 3646 qui
844 3574 1137 3624 staremus
1169 3579 1368 3622 coram
1405 3571 1484 3635 te,
1515 3579 1583 3622 ac
1614 3563 1946 3630 sacerdotio
1979 3564 2119 3625 fun-

473 3673 756 3734 geremur
782 3653 880 3714 tibi
903 3673 921 3728 ;
946 3662 1002 3712 et
1027 3651 1325 3730 poscimus
1350 3659 1500 3730 te,ut
1521 3668 1702 3731 super
1720 3652 1846 3712 haec
1879 3652 2034 3714 dona
2059 3653 2119 3713 in

472 3753 798 3823 conspectu
833 3751 930 3802 tuo
981 3740 1288 3818 proposita
1341 3741 1567 3820 placate
1597 3741 1905 3822 respicias,
1933 3751 1992 3802 tu
2020 3742 2121 3821 qui

474 3834 692 3896 nullius
725 3832 955 3910 indiges
993 3833 1172 3903 Deus,
1202 3841 1261 3889 et
1293 3830 1685 3911 beneplaceas
1708 3834 1766 3892 in
1795 3832 1882 3894 eis
1914 3832 1988 3892 ad
2022 3835 2123 3893 ho-

473 3943 679 3985 norem
715 3922 935 3987 Christi
994 3921 1101 3994 tui,
1136 3929 1308 4000 atque
1373 3937 1552 4000 supra
1606 3924 1714 3982 hoc
1761 3923 2119 3984 sacrificium

473 4015 667 4075 mittas
691 4021 959 4073 sanctum
998 4019 1162 4070 tuum
1193 4008 1505 4090 Spiritum,
1532 4017 1743 4071 testem
1776 4013 2120 4093 passionum

473 4103 706 4165 Domini
734 4104 894 4175 lesu,
923 4109 985 4161 ut
1007 4100 1286 4162 exhibeat
1312 4117 1520 4178 panem
1549 4101 1934 4182 hunccorpus
1956 4103 2123 4164 Chri-

472 4195 544 4254 sti
571 4196 678 4268 tui,
707 4201 763 4253 et
782 4193 1029 4253 calicem
1058 4191 1210 4250 hunc
1236 4190 1584 4263 sanguinem
1613 4190 1833 4252 Christi
1867 4194 1973 4266 tui,
2000 4210 2122 4270 quo

474 4287 796 4369 participes
819 4284 1000 4358 illius,
1026 4283 1098 4344 ad
1130 4285 1404 4362 pietatem
1429 4285 1880 4357 conﬁrmentur,
1912 4285 2124 4347 remis-

2216 606 2373 662 νάτου
2403 607 2646 677 ἐξέληται
2692 613 2907 676 τούτους
2939 613 3060 675 τοὺς
3097 610 3226 692 (57)
3277 608 3345 668 δι’
3384 614 3470 676 οὓς
3518 611 3859 693 παρεγίνετο,

2214 696 2300 752 καὶ
2345 697 2478 768 ῥήξη
2525 700 2590 756 τὰ
2638 700 2808 776 δεσμὰ
2857 711 2950 760 τοῦ
2990 699 3265 781 διαϐόλου,
3326 703 3414 759 καὶ
3454 703 3676 781 ῥύσηται
3741 703 3863 767 τοὺς

2215 784 2516 865 ἀνθρώπους
2566 789 2626 846 ἐκ
2691 795 2788 858 τῆς
2857 791 3070 859 ἀπέτης
3145 791 3328 850 αὐτοῦ’
3409 793 3495 848 καὶ
3557 790 3752 860 ἀνέστη
3803 792 3865 850 εκ

2215 875 2411 954 νεκρῶν
2463 884 2532 954 τῇ
2587 879 2736 958 τρίτῃ
2793 880 2988 960 ἡμέρα·
3049 883 3136 938 καὶ
3207 881 3602 959 τεσσαράκοντα
3652 880 3863 961 ἡμέρας

2216 963 2548 1044 ἐνδιατρίψας
2613 968 2744 1048 (58)
2798 981 2916 1034 τοῖς
2975 973 3269 1044 μαθηταῖς,
3317 969 3588 1050 ἀνελήφθη
3633 971 3705 1034 είς
3737 972 3866 1036 τοὺς

2216 1053 2464 1130 οὐρανοὺς
2518 1060 2606 1114 καὶ
2655 1058 2911 1126 ἐκαθέσθη
2979 1059 3040 1116 εκ
3123 1057 3305 1125 δεξιῶν
3365 1082 3461 1118 σου
3492 1061 3586 1116 τοῦ
3615 1059 3749 1117 θεοῦ
3771 1061 3862 1117 καὶ

2218 1145 2421 1220 Πατρὸς
2453 1146 2632 1207 αὐτοῦ.
2667 1147 3011 1223 Μεμνημίνοι
3043 1146 3133 1205 οῦν
3159 1149 3234 1205 ὧν
3263 1145 3330 1204 δι’
3391 1150 3534 1226 ἡμᾶς
3579 1149 3855 1224 ὑπέμεινε,

2214 1232 2634 1320 εὐχαριστοῦμέν
2692 1259 2801 1312 σοι,
2833 1245 2932 1294 Θεε
2990 1239 3380 1318 παντόκρατορ,
3414 1243 3518 1320 οὐχ
3555 1239 3680 1297 ὅσον
3708 1241 3866 1320 ἀφαί-

2213 1319 2403 1403 λομεν,
2457 1323 2578 1381 ἀλλ’
2632 1325 2759 1384 ὅσον
2817 1324 3100 1403 δυνὰμεθα,
3153 1328 3240 1385 καὶ
3287 1327 3385 1396 τὴν
3417 1319 3650 1394 διάταξιν
3705 1319 3865 1386 αὗτοῦ

2213 1409 2543 1490 πληροῦμεν.
2592 1413 2684 1474 Ἐν
2716 1416 2751 1493 ᾗ
2783 1417 2883 1496 γὰρ
2909 1419 3054 1473 νυκτὶ
3102 1414 3438 1496 παραδίδοτο,
3495 1414 3674 1474 λαϐὼν
3703 1416 3865 1497 ἄρτον

2212 1501 2339 1566 ταῖς
2389 1504 2564 1581 ἁγίαις
2618 1507 2705 1562 καὶ
2735 1506 2983 1581 ἀμώμοις
3016 1507 3174 1565 αὒτοῦ
3203 1508 3384 1586 χερσὶ,
3425 1507 3510 1564 καθ
3555 1503 3862 1584 ἀναϐλέψας

2211 1594 2343 1668 πρὸς
2416 1593 2474 1650 σὲ
2533 1596 2625 1652 τὸν
2684 1597 2815 1652 Θεὸν
2878 1595 3035 1653 αὖτοῦ
3093 1599 3181 1653 καὶ
3232 1597 3461 1674 Πατέρα,
3494 1598 3581 1654 καὶ
3631 1596 3858 1673 κλάσας,

2213 1678 2375 1738 ἔδωκε
2418 1697 2533 1744 τοῖς
2594 1687 2866 1758 μαθητάτς
2926 1687 3114 1743 εἰπών’
3167 1712 3192 1742 ιι
3258 1693 3423 1746 Τοῦτο
3478 1690 3540 1746 τὸ
3571 1689 3859 1766 μυστήριον

2212 1776 2311 1837 τῆς
2344 1779 2544 1841 Καινῆς
2581 1777 2880 1845 Διαθήκης·
2914 1774 3100 1834 λάϐετε
3133 1775 3185 1842 ΞΕ
3231 1778 3410 1853 αὺτοῦ,
3442 1779 3660 1857 φάγετεο
3695 1779 3849 1835 τοῦτό

2209 1858 2320 1918 ἓστι
2380 1863 2442 1917 τὸ
2499 1865 2654 1937 σῶμά
2685 1888 2812 1941 μου,
2844 1867 2904 1921 τδ
2963 1867 3080 1946 περὶ
3124 1865 3338 1923 πολλῶν
3395 1867 3751 1946 θρυπτόμενον
3781 1868 3855 1934 είς

2211 1949 2395 2030 ἄφεσιν
2446 1952 2741 2032 ἁμαρτιῶν
2805 1955 3060 2019 ὡσαύτως
3105 1958 3192 2014 καὶ
3249 1958 3310 2014 τὸ
3339 1959 3596 2035 ποτήριον
3627 1957 3855 2038 κεράσας

2210 2038 2262 2105 ἐξ
2301 2040 2451 2098 οἴνου
2509 2045 2599 2100 καὶ
2651 2042 2835 2110 ὕδατός
2869 2043 3024 2125 (59),
3057 2046 3145 2102 καὶ
3177 2047 3431 2125 ἁγιάσας,
3477 2044 3742 2105 ιπέδωκεν
3771 2045 3851 2098 η·

2209 2130 2418 2211 αὐτοῖς,
2469 2130 2669 2212 λέγων’
2722 2135 2874 2192 Πίετε
2904 2134 2956 2201 ἐξ
2989 2139 3148 2195 αὐτοῦ
3195 2137 3412 2202 πάντες·
3457 2137 3613 2196 τοῦτό
3657 2157 3768 2196 εστι
3799 2140 3862 2196 τὸ

2214 2219 2357 2294 αἷμά
2403 2244 2529 2296 μου,
2573 2224 2636 2280 τὸ
2693 2225 2810 2302 περὶ
2857 2222 3074 2282 πολλῶν
3133 2227 3493 2306 ικχυνόμενον
3540 2227 3614 2290 είς
3674 2227 3862 2309 ἄφεσιν

2215 2309 2517 2387 ἁμαρτιῶν.
2565 2319 2731 2370 Τοῦτο
2788 2328 2995 2371 ποιεῖτε
3056 2316 3129 2377 είς
3186 2316 3288 2383 τήν
3339 2315 3477 2392 ξμὴν
3531 2317 3856 2393 ἀνάμνησιν·

2213 2397 2428 2465 Ὀσάκις
2501 2403 2601 2479 γὰρ
2661 2401 2750 2458 ἐὰν
2809 2403 3016 2471 ἰσθίητε
3075 2405 3166 2461 τὸν
3219 2404 3377 2483 ἄρτον
3401 2412 3605 2486 τοῦτον,
3637 2410 3726 2465 καὶ
3775 2412 3866 2468 πίο

2210 2510 2335 2555 νητε
2405 2491 2466 2546 τὸ
2526 2492 2780 2571 ποτήριον
2850 2500 3006 2550 τοῦτο
3041 2543 3054 2566 ,
3115 2494 3206 2550 τὸν
3257 2497 3483 2551 θανατον
3558 2499 3652 2553 τὸν
3730 2497 3863 2574 ίμὸν

2207 2578 2624 2655 καταγγέλλετε,
2683 2581 2840 2660 ἄχρις
2899 2581 2962 2638 ἂν
3014 2581 3172 2644 ἔλθω.
3227 2608 3246 2641 ε
3341 2587 3683 2661 Μεμνημένοι
3743 2591 3863 2647 10i-

2209 2689 2296 2722 vuv
2357 2675 2449 2724 106
2502 2671 2697 2733 πάθους
2751 2671 2933 2745 αὐτοῦ,
2988 2675 3075 2730 καὶ
3126 2675 3219 2730 τοῦ
3259 2673 3505 2748 θανάτου,
3540 2677 3628 2733 καὶ
3669 2682 3768 2745 τῆς
3802 2678 3861 2736 ἔκ

2208 2758 2407 2834 νεκρῶν
2464 2757 2826 2835 ἀναστάσεως,
2890 2764 2978 2818 καὶ
3045 2762 3143 2830 τῆς
3218 2764 3291 2827 εἷς
3351 2766 3600 2842 οὐρανοὺς
3657 2769 3861 2826 ὶπανό-

2207 2845 2319 2937 δου,
2397 2849 2482 2937 καὶ
2526 2853 2624 2916 τῆς
2671 2849 2973 2923 μελλούσης
3021 2855 3181 2910 αὐτοῦ
3236 2850 3479 2929 δευτέρας
3543 2858 3856 2937 παρουσίας,

2208 2936 2262 2992 ἰν
2324 2937 2358 3004 ἧ
2405 2936 2624 3017 ἔρχεται
2657 2940 2792 3014 μετὰ
2821 2937 2977 3007 δόξης
3009 2941 3095 2998 καὶ
3125 2940 3398 3017 δυναμεως
3442 2957 3619 3016 κρῖναι
3651 2936 3851 3016 ζῶντας

2207 3027 2294 3083 καὶ
2351 3031 2588 3108 νεκροὺς,
2646 3032 2734 3086 καὶ
2793 3028 3076 3089 ἀποδοῦναι
3158 3034 3367 3109 ἑκάστῳ
3421 3037 3560 3092 κατὰ
3609 3038 3671 3093 τὰ
3727 3035 3854 3117 ἔργα

2206 3117 2388 3196 αὐτοῦ,
2447 3118 2813 3197 προσφέρομεν
2857 3141 2944 3176 σοι
2997 3123 3074 3196 τῷ
3123 3121 3340 3197 βασιλεῖ
3383 3126 3470 3180 καὶ
3520 3125 3690 3200 Θεοῷ,
3720 3125 3858 3183 κατὰ

2202 3207 2304 3274 τὴν
2333 3207 2490 3266 αὐτοῦ
2521 3205 2772 3283 διάταξιν,
2806 3211 2897 3266 τὸν
2937 3209 3094 3290 ἄρτον
3126 3223 3336 3290 τοῦτον,
3365 3215 3452 3271 καὶ
3493 3217 3557 3273 τὸ
3601 3218 3856 3295 ποτήριον

2204 3307 2382 3372 τοῦτο,
2413 3297 2855 3377 εὖγαριστοῦντές
2889 3323 2970 3357 σοι
3002 3298 3069 3357 δι’
3104 3306 3285 3378 αὐτοῦ,
3329 3303 3414 3384 ἐφ’
3445 3307 3530 3368 οἷς
3582 3305 3852 3373 κατηξίω-

2203 3407 2297 3452 σας
2348 3391 2493 3462 ἡμᾶς
2550 3389 2762 3447 ἑστάναι
2819 3388 3048 3447 ὶνώπιόν
3104 3413 3220 3464 σου,
3257 3393 3343 3448 καὶ
3401 3393 3683 3470 ἱερατεύειν
3741 3415 3850 3470 σοι,

2202 3477 2288 3533 καὶ
2344 3476 2596 3553 ἀξιοῦμεν
2667 3500 2748 3554 σε,
2807 3477 2954 3544 ὅπως
3011 3479 3240 3556 εὐμενῶς
3306 3477 3604 3556 επιὸλέψης
3655 3481 3741 3540 ἰπὶ
3790 3483 3854 3540 τὰ

2202 3566 2523 3645 προκείμενα
2581 3566 2720 3648 δῶρα
2775 3580 2939 3629 ταῦτα
2989 3569 3211 3628 ἆνώπιόν
3253 3586 3371 3645 σου,
3419 3570 3481 3627 σὺ
3535 3573 3565 3627 ὃ
3609 3569 3859 3640 ἀνενδεὴς

2205 3659 2358 3728 Θεὸς,
2405 3658 2494 3714 καὶ
2553 3657 2846 3736 εῦδοκήσῃς
2889 3657 2976 3717 ἐπ’
3029 3663 3212 3725 αὺτοῖς
3255 3661 3331 3725 εἷς
3374 3661 3539 3736 τιμὴν
3569 3671 3663 3721 τοῦ
3693 3667 3858 3742 Χρισ-

2203 3755 2296 3804 τοῦ
2327 3769 2443 3821 σου,
2476 3748 2566 3806 καὶ
2593 3748 2955 3827 καταπέμψῃς
2989 3752 3051 3807 τὸ
3079 3750 3234 3829 ἅγιόν
3265 3771 3360 3808 σου
3390 3755 3605 3828 Πνεῦμα
3636 3750 3724 3809 ἰπὶ
3750 3751 3854 3820 τὴν

2201 3836 2378 3892 θυσίαν
2415 3836 2638 3917 ταύτην,
2698 3839 2790 3895 τὸν
2845 3839 3086 3918 μάρτυρα
3111 3839 3218 3896 τῶν
3264 3839 3599 3915 παθημάτων
3638 3850 3736 3900 τοῦ
3754 3835 3864 3902 Κυ-

2203 3926 2312 4004 ρίου
2371 3923 2572 4000 Ἰησοῦ,
2605 3925 2752 3992 ὅπως
2810 3926 3060 4008 ἀποφήνῃ
3105 3929 3196 3986 τὸν
3258 3926 3416 4008 ἄρτον
3459 3928 3644 3988 τοῦτον
3697 3935 3857 4005 σῶμα

2203 4015 2296 4071 τοῦ
2329 4021 2554 4094 Χριστοῦ
2606 4037 2725 4091 σου,
2758 4018 2848 4075 καὶ
2876 4018 2936 4074 τὸ
2965 4017 3220 4096 ποτήριον
3251 4025 3409 4076 τοῦτο
3432 4016 3577 4093 αἷμα
3607 4018 3701 4078 τοῦ
3735 4026 3864 4097 Χρι-

2205 4102 2331 4162 στοῦ
2390 4125 2508 4182 σου,
2559 4102 2653 4161 ἵνα
2709 4106 2754 4162 οἱ
2809 4103 3203 4183 μεταλαϐόντες
3275 4109 3458 4181 αὐτοῦ,
3524 4105 3858 4184 βεϐαιωθῶσι

2203 4196 2333 4272 πρὸς
2378 4191 2676 4270 εῦσὲϐεεαν,
2737 4195 2978 4276 ἀφέσεως
3037 4197 3439 4276 ἁμαρτημάτων
3483 4197 3718 4277 τύχωσι,
3763 4203 3860 4254 τοῦ

2205 4280 2453 4340 διαϐόλου
2501 4284 2587 4339 καὶ
2659 4285 2760 4352 τῆς
2807 4283 3018 4353 πλάνης
3052 4285 3210 4345 αὐτοῦ
3265 4285 3516 4363 ῥυσθῶσι,
3553 4286 3855 4358 Πνεύματος

474 4377 704 4437 sionem
737 4384 1109 4454 peccatorum
1136 4372 1846 4450 consequantur,diabolo
1871 4375 2121 4454 ejusque

2209 4372 2356 4451 ἁγίου
2405 4371 2781 4450 πληρωθῶσιν,
2842 4372 2975 4442 ἄξιοι
3030 4385 3126 4432 του
3184 4383 3411 4455 Χριστοῦ
3455 4397 3551 4434 σου
3578 4375 3854 4455 γίνωνται,

475 4484 680 4527 errore
713 4463 1067 4538 liberentur,
1101 4461 1320 4542 Spiritu
1339 4469 1547 4522 sancto
1568 4462 1934 4542 repleantur,
1959 4465 2126 4543 digni

2209 4467 2353 4534 ζωῆς
2398 4462 2608 4519 αἰωνίου
2664 4465 2926 4546 τύχωσι,
2984 4472 3077 4523 σοῦ
3130 4463 3564 4543 καταλλαγέντος
3623 4464 3807 4529 αὐτοῖς
3839 4511 3860 4544 ,

476 4556 711 4621 Christo
736 4561 836 4613 tuo
862 4553 1026 4634 ﬁant,
1053 4556 1227 4613 vitam
1261 4552 1690 4631 sempiternam
1716 4553 2125 4632 impetrent,te

2212 4554 2456 4610 Δέσποτα
2505 4553 2896 4634 παντόκρατορ.
2929 4554 3066 4614 ’Ἔτι
3109 4553 3337 4632 δεόμεθα
3395 4576 3515 4635 σου,
3565 4555 3744 4632 Κύριε,
3775 4556 3865 4611 καὶ

470 4645 589 4707 illis
613 4642 1030 4718 reconciliata,
1059 4641 1310 4707 Domine
1335 4641 1740 4722 omnipotens.
1767 4641 1978 4704 Adhuc
1996 4660 2126 4706 ora-

2209 4643 2342 4720 ὑπέρ
2391 4645 2489 4708 τῆς
2541 4641 2695 4722 ἁγίας
2753 4666 2848 4701 σου
2899 4643 3225 4712 Ἐκκλησίας
3281 4648 3382 4713 τῆς
3439 4644 3546 4702 ἀπὸ
3621 4643 3868 4722 περὰτων

549 4803 826 4886 “HNicol.
859 4805 1121 4867 Methon.
1157 4805 1242 4866 De
1271 4820 1522 4886 corpore
1550 4806 1951 4886 etsangm'ne
1989 4803 2248 4869 Christi.
2332 4801 2394 4854 '0
2421 4798 2612 4886 [901}.
2643 4818 2730 4883 x1;
2759 4803 3371 4886 Matth.‘xxerMarc.
3405 4818 3528 4886 XIV;
3555 4801 3866 4886 Lgchn.

471 4887 548 4938 ω·
585 4853 1239 4961 Νἷέῗιῐὶὲιᾙόἱῖνξιὶτῖῗ
1271 4853 1358 4927 Ἥ
1376 4853 2025 4967 ’ἱέὶιέιιῖ’ίῖιῗέἔρ’ὂὶ’.’”ιιῖ
2036 4853 2126 4950 iii

2209 4853 2248 4950 Γ]
2265 4887 2288 4947 t
2305 4853 2380 4946 ις
2422 4853 2730 4948 in"iis?
2746 4853 3305 4964 ἔιῖῗῇξῖἶδῑῖῆαῗ
3316 4853 3528 4962 ἲιῖῖἶ
3555 4853 3868 4948 "infixi:

472 4984 537 5042 ιι,
571 4968 630 5031 6.

1823 5044 2126 5112 VARIORI

2209 5045 2214 5108 ί
2257 5042 2508 5108 ΝΟΤΕ.

587 5213 687 5290 57)
717 5212 848 5276 τοὺς
881 5208 1060 5272 Deest
1084 5209 1308 5290 rectius
1337 5208 1396 5269 in
1429 5209 1564 5271 cod.
1591 5205 1771 5290 Vind.
1802 5207 1981 5290 Ctsn.
2083 5289 2091 5290 γ
2209 5206 2706 5290 (tropei-astutos,
2740 5213 2797 5270 et
2828 5207 3308 5290 Hydrophobos:
3336 5205 3536 5290 prima
3565 5203 3630 5268 in
3642 5201 3869 5290 βορει-

583 5283 678 5367 58}
735 5291 1098 5369 Ἐνδιαρίψας.
1156 5289 1538 5370 Συνδιατρίχας
1592 5289 1804 5350 melius
1862 5288 1921 5350 in
1986 5289 2123 5352 εοά.

2213 5283 2810 5370 lis;'alte_ra_citante
2858 5283 3110 5351 Habebo
3154 5287 3247 5370 vel
3297 5283 3416 5350 alio
3437 5303 3578 5368 cap.
3607 5285 3725 5370 37.,
3753 5283 3868 5370 lib.

474 5363 732 5432 Vindob.
765 5372 846 5432 lo.
921 5363 929 5369 ’
984 5363 994 5367 ⁷
1385 5363 1390 5364 ί
1603 5449 1606 5450 ν
2209 5375 2430 5450 contra
2451 5367 3206 5450 Judcgs:_quteeXplicari
3248 5374 3442 5450 potest
3471 5363 3578 5450 per
3606 5363 3872 5450 Epipha-

560 5451 688 5530 (59)
734 5455 803 5509 Τὸ
860 5452 1117 5528 ποτήριον
1159 5453 1385 5530 κεράσας
1443 5449 1495 5515 ἐξ
1553 5449 1703 5508 οἴνου
1759 5451 1846 5506 καὶ
1915 5448 2124 5530 ἱξδατος.

2212 5447 2377 5508 nium
2411 5448 2510 5510 ubi
2541 5449 2623 5530 de
2639 5446 2940 5530 Ebionaais
2965 5446 3183 5512 :docet
3213 5446 3374 5510 enim
3408 5446 3512 5510 eos
3550 5446 3868 5530 hereticos

475 5526 694 5592 Contra
719 5531 870 5592 duas
891 5526 1154 5592 haereses
1171 5526 1238 5590 ei
1263 5532 1508 5592 adverso
1534 5539 1898 5611 pugnantes;
1925 5527 2125 5611 Mono-
2206 5545 2419 5610 aquam
2455 5546 2562 5611 pro
2593 5527 2716 5611 Deo
2749 5528 3063 5611 habuisse,
3079 5530 3366 5611 illamque
3391 5526 3702 5611 meram-in
3733 5543 3870 5611 san-

475 5611 839 5692 physitarum
875 5619 931 5672 et
961 5612 1400 5678 Armeniorum,
1419 5605 1550 5672 solo
1573 5605 1717 5692 vino,
1739 5611 1798 5670 in
1825 5610 2121 5690 mysteriis
2205 5605 2364 5692 ctum
2389 5605 2642 5692 cia—licem
2668 5609 3214 5673 imrnisisse.Erunt
3233 5605 3433 5690 itaque
3454 5605 3810 5692 hydrophpb

475 5685 792 5771 utentium,
826 5702 1004 5766 atque
1036 5691 1418 5772 aquariorum
1453 5692 1575 5752 sive
1613 5685 2119 5772 hydroparastata-
2206 5690 2291 5750 vel
2315 5689 2825 5772 ghy_drophobi,qu~i
2855 5685 3865 5772 aquamfreverontllffﬂydr'otboi-

471 5789 600 5831 rum
637 5773 762 5833 sola
778 5769 959 5850 aqua.
1000 5774 1082 5851 De
1129 5771 1218 5830 his
1239 5771 1629 5834 observabilis
1653 5769 1714 5834 et
1740 5771 1894 5832 varia
1939 5770 2118 5851 lectio
2207 5784 2291 5830 tas
2313 5769 2498 5851 babes
2514 5769 2682 5851 apud
2715 5769 3096 5851 anonyinum‘
3123 5771 3208 5832 De
3236 5769 3565 5833 harest‘bus
3598 5769 3867 5851 scripto-

470 5852 543 5912 ad
574 5855 720 5932 Leg.
753 5849 986 5915 Neve“.
1020 5850 1344 5913 Theodosii
1389 5852 1476 5913 tit.
1511 5851 1547 5916 3
1573 5851 1665 5915 De
1693 5851 1953 5929 Iudaeis,
1975 5850 2115 5930 Hy-
2199 5868 2328 5911 rem
2350 5870 2384 5911 a
2406 5849 2728 5913 Sirmondo
2757 5849 3028 5915 inlucem
3046 5851 3589 5926 emissurn,horesi
3613 5849 3864 5915 75.007.
