4138 6426
324 299 482 420 iis

1137 295 2362 449 coiis‘rrrnrionssaposronlcs.
2387 360 2469 401 -‘-
2496 346 2647 417 LIB.
2694 344 2858 417 vui.

3553 294 3713 429 nos

323 489 427 555 ῖως
460 490 729 570 περάτων,
789 489 858 560 ἢν
915 487 1256 564 περιποιήσω
1310 493 1389 562 τῷ
1439 486 1601 562 τιμίῳ
1628 486 1820 563 αἵματι
1875 492 1969 545 τοῦ

2053 502 2186 546 mus
2218 496 2298 560 te,
2332 486 2607 567 Domine,
2636 504 2746 567 pro
2795 491 3000 548 sancta
3040 485 3311 549 Ecclesia
3356 494 3484 569 tua,
3515 505 3649 569 qum
3677 507 3715 551 a

325 588 553 658 Χριστοῦ
609 602 725 659 σου,
789 577 936 641 ὅπως
988 578 1152 645 αὒτὴν
1211 574 1535 658 διαφυλάξῃς
1595 573 1840 634 ἄσειστον
1879 578 1969 635 καὶ

254 718 260 724 .
323 667 735 747 ἀκλυδώνιστον,
770 666 899 748 ἄχρι
942 671 1042 735 τῆς
1100 665 1545 748 συντελείαςτοῦ
1577 667 1766 731 αἰῶνος
1801 683 1817 698 ⁸
1878 666 1967 723 καὶ

319 758 451 837 ὑπὲρ
492 759 673 824 πάσης
719 745 1023 822 ἷπισκοπῆς
1066 761 1166 823 τῆς
1212 745 1607 836 δρθοτομούσης
1660 756 1752 812 τὸν
1802 754 1967 833 λόγον

321 853 418 916 τῆς
465 847 741 915 ἀληθείας,
790 845 924 906 ’Ἐτι
972 844 1384 925 παρακαλοῆιὲν
1437 865 1493 902 σε
1542 849 1631 903 καὶ
1681 846 1813 925 ὑπὲρ
1866 848 1967 912 τῆς

320 935 460 1013 ἐμῆς
489 944 584 994 τοῦ
613 934 1007 1015 προσφέροντός
1051 957 1135 992 σοι
1166 932 1427 1010 οὐδενίας,
1488 936 1577 992 καὶ
1632 935 1763 1015 ὑπὲρ
1819 956 1965 993 παν-

318 1028 413 1092 τὸς
444 1033 538 1084 τοῦ
581 1018 974 1106 πρεσϐυτερίου,
1020 1024 1153 1103 ὑπὲρ
1210 1027 1319 1081 τῶν
1370 1022 1633 1081 διακόνων
1678 1026 1765 1081 καὶ
1822 1045 1966 1081 παν-

322 1117 413 1180 τὸς
442 1125 534 1175 τοό
562 1113 786 1193 κλήρου,
819 1113 912 1171 ἵνα
948 1114 1154 1177 πάντας
1199 1114 1444 1195 σοφίσας,
1470 1114 1781 1190 Πνεύματος
1812 1113 1967 1193 ἁγίου

320 1204 640 1284 πληρώσῃς,
689 1202 820 1262 ’Ἔτι
878 1201 1292 1283 παρακαλοῦμεν
1336 1225 1423 1280 σε,
1481 1203 1658 1284 Κύριε,
1691 1202 1822 1282 ὑπὲρ
1872 1208 1966 1260 τοῦ

320 1288 614 1373 βασιλέως,
646 1294 733 1350 καὶ
764 1299 871 1350 τῶν
898 1293 955 1350 ἑν
986 1294 1233 1373 ὑπεροχῇ
1262 1293 1352 1349 καὶ
1412 1294 1608 1355 παντὸς
1652 1300 1747 1350 τοῦ
1796 1314 1964 1371 στρα-

322 1376 567 1454 τοπέδου,
628 1384 721 1441 ἵνα
778 1382 1149 1460 είρηνεύωνται
1212 1382 1278 1438 τὰ
1335 1384 1465 1460 πρὸς
1513 1384 1681 1458 ἡμᾶς,
1732 1380 1879 1448 ὅπως
1911 1381 1967 1439 ἂν

322 1476 524 1555 ἡσυχίᾳ
553 1475 641 1531 καὶ
671 1472 892 1547 ὁμονοίᾳ
920 1470 1192 1550 διάγοντες
1241 1472 1334 1527 τὸν
1385 1472 1563 1529 πάντα
1621 1470 1817 1551 χρόνον
1866 1476 1966 1540 τῆς

322 1569 469 1636 ζωῆς
516 1562 696 1640 ἡμῶν,
746 1559 1044 1637 δοξάζωμέν
1103 1581 1163 1618 σε
1225 1557 1311 1617 διὰ
1369 1557 1548 1629 Ἰησοῦ
1604 1562 1834 1639 Χριστοῦ
1870 1565 1970 1627 τῆς

323 1652 535 1717 ἐλπίδος
565 1654 743 1727 ἡμῶν.
779 1650 796 1674 ⁹
825 1660 914 1710 Est
944 1648 1313 1730 προσᾳέρομέν
1357 1672 1442 1708 σοι
1501 1652 1593 1709 καὶ
1636 1650 1771 1731 ὑπὲρ
1826 1650 1971 1707 πάν-

323 1765 432 1801 των
462 1748 569 1800 τῶν
600 1740 693 1799 ἀπ’
739 1742 927 1806 αἰῶνος
956 1739 1423 1819 εὓαρεστησάντων
1481 1762 1565 1798 σοι
1624 1742 1816 1822 ἁγίων,
1857 1760 1970 1796 πα-

326 1838 624 1913 τριαρχῶν,
677 1835 993 1911 προφητῶν,
1046 1828 1286 1901 δικαίων,
1349 1829 1688 1912 ἂποστόλων,
1756 1829 2030 1915 μαρτύ-Β

330 1945 457 2001 ρων,
521 1920 900 1998 ὁμολογητῶν,
953 1920 1284 1995 ἱπισκόπων,
1334 1917 1729 2002 πρεσϐυτέρων,
1780 1918 1966 1977 διακό-

328 2035 455 2083 νων,
483 2009 870 2084 ύποδιακόνων,
925 2007 1309 2087 ἀναγνωστών,
1360 2008 1608 2084 ψαλτῶν,
1670 2010 1965 2089 παρθένων,

327 2101 539 2183 χηρῶν,
565 2100 794 2178 λαἰἰκεῦν,
843 2099 932 2155 καὶ
987 2098 1200 2154 πάντων
1250 2100 1328 2154 ὧν
1358 2098 1517 2163 αὐτὸς
1558 2100 1843 2157 ἒπίστασαι
1904 2099 1970 2156 τὰ

324 2192 584 2267 ὀνόματα.
619 2188 753 2246 ’Ἔτι
786 2186 1157 2267 προσφέρομεν
1184 2207 1269 2243 σοι
1296 2186 1429 2266 ὑπὲρ
1458 2196 1552 2251 τοῦ
1594 2186 1728 2246 λαοῦ
1754 2188 1964 2268 τούτου,

319 2282 414 2337 ’ίνα
456 2278 732 2355 ἀναδείξῃς
768 2278 923 2335 αὐτὸν
954 2278 1028 2340 εἷς
1057 2276 1274 2334 ἔπαινον
1300 2284 1394 2333 τοῦ
1422 2282 1653 2356 Χριστοῦ
1682 2297 1779 2334 σου
1807 2277 1968 2354 βασί-

319 2372 463 2429 λειον
504 2370 812 2443 ἱεράτευμα,
848 2366 992 2430 ἔθνος
1052 2364 1201 2445 ἃγιον
1237 2386 1250 2399 ο
1313 2368 1445 2446 ὑπὲρ
1475 2371 1582 2423 τῶν
1625 2365 1682 2424 ἔν
1714 2367 1970 2447 παρθενίᾳ

320 2463 410 2520 καὶ
452 2461 656 2539 ἁγνείᾳ,
719 2457 852 2537 ὑπὲρ
905 2455 1013 2514 τῶν
1056 2460 1246 2537 χηρῶν
1279 2456 1380 2525 τῆς
1441 2454 1790 2538 Ἐιικλησίας,
1843 2457 1972 2533 ὑπὲρ

326 2558 431 2609 τῶν
461 2551 516 2608 ἦν
548 2563 773 2624 σεμνοῖς
808 2548 1001 2625 γάμοις
1029 2549 1118 2603 καὶ
1148 2546 1534 2625 *τεκνογονίαις⁹
1568 2547 1699 2627 ὑπὲρ
1731 2553 1837 2604 τῶν
1868 2569 1971 2615 νη-

328 2641 462 2697 πίων
493 2637 588 2696 τοῦ
608 2636 740 2694 λαοῦ
760 2656 879 2706 σου,
906 2633 1055 2699 ὅπως
1081 2631 1284 2710 μηδένα
1310 2637 1466 2710 ἡμῶν
1485 2633 1794 2703 ἀπόϐλητον
1816 2658 1977 2703 ποιη-

330 2753 453 2809 σης.
484 2729 620 2787 ’Ἔτι
652 2724 896 2801 ἀξιοῦμέν
922 2744 983 2780 σε
1004 2725 1091 2780 καὶ
1124 2724 1256 2803 ὑπὲρ
1277 2729 1379 2791 τῆς
1407 2725 1619 2791 πόλεως
1655 2726 1853 2794 ταύτης
1885 2727 1976 2783 καὶ

328 2824 434 2877 τῶν
464 2818 837 2895 ἐνοικούντων,
898 2814 1029 2892 ὑπὲρ
1060 2815 1169 2870 τῶν
1223 2812 1279 2869 ἰν
1339 2813 1678 2893 ἆρῤωστίαις,
1708 2816 1841 2893 ὑπὲρ
1869 2818 1975 2872 τῶν

329 2910 384 2977 ὲν
426 2912 597 2986 πικρᾷ
624 2904 858 2984 δουλείᾳ,
888 2904 1021 2983 ὑπὲρ
1048 2908 1158 2959 τῶν
1206 2903 1260 2960 ἰν
1309 2902 1559 2982 ἰξορίαις,
1603 2906 1737 2984 ὑπὲρ
1780 2911 1888 2962 τῶν
1918 2904 1975 2961 ἐν

286 3058 291 3065 _
328 2998 606 3077 δημεύσει,
638 2996 770 3073 ὺπέρ
816 2994 1091 3051 πλεόντων
1144 2995 1235 3050 καὶ
1291 2987 1710 3073 ὁδοιπορούντων
1746 3011 1762 3028 ⁸
1826 2994 1974 3057 ὅπως

2052 572 2271 636 ﬁnibus
2292 574 2365 636 ad
2387 575 2540 637 ﬁnes
2556 574 3103 656 extenditur,quam
3118 573 3423 656 acquisisti
3447 574 3711 656 pretioso

2051 664 2342 743 sanguine
2368 666 2589 727 Christi
2622 665 2708 728 tui
2740 685 2756 745 ;
2783 674 2849 726 ut
2877 681 3009 726 eam
3041 665 3459 726 inconcussam
3492 684 3561 727 ac
3593 666 3711 729 mi-

2051 753 2211 814 nime
2240 754 2628 817 ﬂuctuantem
2659 772 2983 817 conserves
3007 772 3196 835 usque
3240 756 3301 817 in
3328 754 3531 817 saeculi
3563 774 3712 820 con-

2049 843 2689 907 summationemzitem
2719 862 2825 925 pro
2854 844 3130 905 universo
3152 845 3521 926 episcopatu,
3544 854 3712 909 recte

2052 930 2300 993 verbum
2334 934 2596 996 veritatis
2626 941 2915 995 tractante
2956 949 3025 997 ac
3053 932 3467 1001 distribuente.
3498 935 3714 997 Adhuc

2048 1038 2329 1097 rogamus
2359 1030 2418 1084 te
2450 1040 2557 1104 pro
2590 1041 2684 1084 me
2716 1021 2944 1084 nullius
2974 1021 3152 1103 pretii
3180 1021 3443 1099 homine,
3471 1024 3570 1104 qui
3602 1023 3713 1086 tibi

2046 1110 2236 1173 otl‘ero
2265 1130 2280 1189 ;
2316 1120 2375 1173 et
2397 1131 2504 1192 pro
2539 1112 2700 1174 omni
2747 1111 3142 1194 presbyterio,
3176 1130 3283 1192 pro
3315 1112 3607 1188 diaconis,
3641 1131 3713 1177 ac

2050 1198 2326 1261 universo
2350 1202 2515 1265 clero
2545 1220 2560 1274 ;
2584 1210 2646 1264 ut
2678 1220 2887 1263 omnes
2919 1200 3271 1282 sapientiam
3296 1220 3332 1263 a
3354 1211 3411 1263 te
3442 1202 3713 1285 edoctos,

2050 1287 2275 1369 Spiritu
2300 1301 2510 1354 sancto
2532 1290 3327 1373 impleas.Adhncrogamus
3345 1294 3712 1375 te,Domine,

2053 1397 2156 1458 pro
2190 1397 2356 1459 rege,
2391 1386 2453 1445 et
2483 1382 2557 1443 iis
2587 1383 2687 1463 qui
2725 1382 2788 1444 in
2842 1380 3210 1443 sublimitate
3239 1390 3377 1444 sunt
3403 1379 3481 1451 9‘,
3515 1390 3572 1443 et
3605 1401 3713 1463 pro

2054 1477 2269 1531 cuncto
2295 1470 2607 1544 exercitu;
2634 1480 2700 1535 ut
2718 1489 2819 1533 res
2849 1479 3067 1535 nostrae
3094 1471 3157 1532 in
3190 1489 3336 1553 pace
3357 1481 3712 1549 versentur;

2054 1577 2174 1638 quo
2202 1567 2385 1620 totum
2404 1561 2536 1622 vita),
2559 1571 2778 1623 nostrae
2800 1566 3038 1641 tempus
3070 1558 3133 1622 in
3163 1561 3361 1641 quiete
3382 1569 3711 1623 etconcor-

2054 1648 2152 1709 dia
2182 1648 2580 1730 trajicientes,
2616 1658 2673 1713 te
2700 1669 2807 1732 per
2838 1650 3044 1714 Iesum
3075 1650 3373 1714 Christum
3406 1669 3572 1733 spem
3606 1669 3714 1713 no-

2054 1749 2237 1800 stram
2271 1740 2461 1818 gloria
2490 1740 2844 1805 afﬁciamus.
2881 1740 3094 1804 Adhuc
3124 1741 3432 1803 offerimus
3465 1740 3571 1802 tibi
3608 1758 3712 1821 pro

2053 1827 2336 1889 omnibus
2353 1831 2600 1912 sanctis,
2624 1830 2724 1913 qui
2755 1849 2789 1891 a
2819 1832 3035 1894 smculo
3062 1832 3414 1911 placuerunt
3444 1830 3577 1911 tibi,
3602 1849 3712 1912 pa—

2058 1916 2359 1999 triarchis,
2397 1920 2728 2002 prophetis,
2755 1921 2956 2002 justis,
2989 1920 3295 2003 apostolis,
3324 1921 3708 2003 martyribus,

2054 2006 2524 2091 confessoribus,
2580 2011 2907 2093 episcopis,
2972 2009 3360 2091 presbyteris,
3415 2010 3709 2092 diaconis,

2053 2096 2461 2182 subdiaconis,
2490 2101 2841 2174 lectoribus,
2869 2100 3235 2176 cantoribus,
3260 2100 3607 2179 virginibus,
3628 2100 3712 2162 vi-

2054 2185 2210 2262 duis,
2248 2188 2413 2250 laicis
2445 2197 2504 2251 et
2549 2191 2830 2254 omnibus
2877 2210 3133 2272 quorum
3166 2201 3227 2255 tu
3256 2190 3407 2252 nosti
3440 2190 3707 2253 nomina.

2051 2275 2262 2337 Adhuc
2288 2277 2604 2342 oﬂ'erimus
2636 2281 2742 2342 tibi
2788 2298 2892 2361 pro
2946 2280 3164 2363 populo
3198 2282 3312 2342 hoc
3342 2301 3359 2356 ;
3387 2290 3449 2341 ut
3480 2300 3616 2343 eum
3648 2282 3711 2342 in

2054 2366 2290 2429 laudem
2317 2366 2538 2433 Christi
2573 2372 2655 2432 tui
2700 2372 2987 2434 exhibeas
3032 2370 3233 2451 regale
3280 2371 3708 2449 sacerdotium,

2053 2467 2293 2534 gentem
2322 2469 2593 2523 sanctam
2627 2481 2641 2523 :
2670 2478 2779 2542 pro
2804 2461 2875 2522 iis
2897 2462 2994 2542 qui
3021 2461 3082 2521 in
3106 2460 3438 2540 virginitate
3460 2471 3519 2523 et
3542 2460 3714 2523 casti-

2058 2555 2177 2608 tate
2208 2548 2407 2610 vivunt
2442 2598 2458 2625 ,
2490 2568 2596 2631 pro
2628 2550 2823 2613 viduis
2873 2550 3200 2626 Ecclesiae;
3245 2569 3351 2632 pro
3392 2550 3467 2611 iis
3516 2551 3619 2633 qui
3650 2551 3713 2613 in

2058 2638 2277 2717 nuptiis
2308 2640 2603 2714 honestis,
2636 2660 2704 2704 ac
2740 2642 2801 2703 in
2835 2641 3339 2723 progeneratione
3378 2639 3708 2703 liberorum

2060 2726 2285 2806 degunt
2307 2750 2323 2804 ;
2347 2747 2452 2809 pro
2485 2731 2808 2793 infantibus
2826 2729 3017 2811 plebis
3043 2740 3177 2803 tum,
3204 2730 3288 2791 uti
3315 2740 3584 2793 nostrum
3608 2748 3714 2793 ne-

2062 2817 2285 2880 minem
2310 2820 2710 2900 rejiciendum
2735 2820 3198 2884 habeas.Adbuc
3212 2820 3514 2903 poscimus
3528 2830 3713 2901 tepro

2061 2909 2210 2971 urbe
2242 2910 2377 2984 hac,
2412 2920 2471 2973 et
2493 2911 2905 2975 habitantibus
2936 2912 2993 2973 in
3027 2929 3141 2985 ea;
3178 2928 3282 2990 pro
3314 2911 3572 2991 aegrotis,
3606 2928 3719 2992 pro

2061 2999 2211 3060 dura
2237 3000 2524 3063 servitute
2544 3001 2808 3075 afﬂictis;
2831 3019 2937 3082 pro
2959 3000 3263 3063 exsulibus
3286 3020 3304 3080 ;
3329 3018 3437 3080 pro
3460 3000 3717 3080 proscri-

330 3090 607 3166 ἒπίκουρος
794 3083 925 3161 γένῃ
955 3083 1171 3140 πάντων
1218 3084 1414 3161 βοηθὸς
1463 3085 1553 3140 καὶ
1603 3082 1971 3162 ἀντιλήπτωρ,

2063 3090 2215 3167 ptis;
2252 3107 2359 3169 pro
2392 3090 2828 3172 navigantibus,
2860 3100 2924 3152 et
2954 3090 3071 3152 iter
3109 3088 3507 3161 facientibus;
3542 3097 3606 3151 ut
3633 3089 3717 3152 sis

330 3178 465 3237 ’Ἔτι
495 3172 905 3255 παρακαλοῡμίν
935 3193 994 3230 σε
1039 3175 1128 3230 καὶ
1171 3174 1303 3252 ὑπὲρ
1346 3178 1452 3230 τῶν
1497 3176 1793 3249 μισούντων
1822 3175 1967 3243 ἡμᾶς

402 3270 415 3285 ι
452 3264 474 3285 ᾗ
594 3267 604 3284 ο
794 3265 807 3285 ε
872 3270 898 3280 η’
995 3261 1019 3285 β
1050 3264 1062 3279 ‘
1170 3264 1184 3285 ἱ
1236 3262 1262 3285 ,Ι
1377 3263 1391 3285 Ι
1576 3264 1587 3285 ι
1646 3265 1663 3285 \
1773 3270 1799 3280 α’
1867 3263 1917 3285 ‘Ir

2057 3177 2665 3280 auxiliator,omnium
2694 3181 2927 3285 adjutor
2946 3199 3014 3241 ac
3042 3179 3346 3242 defensor.
3372 3177 3585 3241 Adhuc
3606 3198 3713 3241 ro-

331 3270 419 3327 καὶ
446 3264 743 3324 διωκόντων
786 3265 930 3340 ἡμᾶς
990 3261 1076 3320 διὰ
1135 3264 1196 3321 τὸ
1228 3262 1397 3338 ὄνομά
1426 3284 1542 3343 σου,
1570 3264 1702 3342 ὑπὲρ
1732 3270 1838 3321 τῶν
1867 3263 1967 3331 ἔξω

2053 3285 2258 3348 gamus
2280 3277 2337 3329 te
2359 3286 2465 3349 pro
2490 3269 2566 3330 iis
2606 3272 2705 3351 qui
2748 3269 3711 3350 oderuntnos,etpropternomen

331 3362 498 3418 ὄντων
559 3360 643 3415 καὶ
691 3353 1152 3430 πεπλανημένων,
1205 3354 1353 3419 ὅπως
1399 3354 1725 3435 ἐπιστρέψῃς
1781 3358 1969 3423 αὐτοὺς

2053 3362 2217 3419 tuum
2238 3375 2350 3420 nos
2371 3367 2854 3440 persequuntur;
2893 3377 2998 3440 pro
3031 3358 3106 3420 iis
3137 3359 3235 3439 qui
3266 3357 3414 3419 foris
3441 3366 3605 3434 sunt,
3638 3377 3710 3421 ac

331 3453 405 3516 εἰς
438 3451 658 3529 ἀγαθὸν,
691 3448 779 3504 καὶ
806 3447 902 3503 τὸν
956 3446 1121 3520 θυμὸν
1152 3447 1325 3503 αὐτῶν
1370 3446 1631 3524 πραύνῃς,
1668 3443 1801 3504 ’Ἐτι
1853 3468 1967 3503 παι·

2053 3455 2271 3509 errant:
2291 3455 2351 3508 ut
2370 3448 2634 3511 adducas
2656 3467 2760 3510 eos
2775 3448 2849 3510 ad
2872 3449 3184 3529 bonum,et
3209 3447 3477 3510 furorem
3492 3465 3706 3509 eorum

329 3538 661 3623 ρακαλοῦμέν
698 3558 756 3594 σε
805 3537 894 3592 καὶ
941 3536 1073 3615 ὑπὲρ
1114 3541 1220 3592 τῶν
1252 3535 1680 3615 κατηχουμένων
1712 3534 1808 3604 τῆς
1845 3534 1969 3594 Ἐκ-

2065 3536 2321 3614 mitiges.
2349 3536 2571 3600 Iterum
2597 3556 2877 3618 rogamus
2907 3547 2967 3601 te
2998 3556 3104 3620 pro
3134 3536 3422 3600 Ecclesiae
3441 3538 3721 3599 catechu-

329 3630 577 3704 κλησίας,
634 3631 721 3685 καὶ
764 3626 896 3704 ὑπὲρ
942 3625 1052 3683 τῶν
1090 3626 1503 3706 χειμαζομένων
1534 3627 1636 3682 ὑπὸ
1665 3635 1759 3686 τοῦ
1810 3624 1971 3684 ἀλλο-

2062 3625 2256 3686 menis
2288 3644 2305 3701 ;
2333 3636 2390 3688 et
2422 3645 2534 3708 pro
2566 3626 2640 3688 iis
2669 3627 2774 3706 qui
2816 3626 2892 3689 ab
2915 3626 3258 3690 adversario
3280 3626 3625 3706 jactantur;
3660 3634 3721 3687 et

323 3723 466 3801 τρίου
496 3719 650 3798 (61),
683 3718 772 3774 καὶ
801 3716 930 3794 ὑπὲρ
961 3722 1068 3774 τῶν
1098 3716 1155 3773 ἐν
1210 3715 1466 3792 μετανοίᾳ
1495 3713 1737 3798 ἀδελφῶν
1766 3716 1923 3792 ἡμῶν
1957 3732 1971 3747 ·

2063 3732 2169 3796 pro
2203 3715 2612 3795 paenitentiam
2663 3717 2978 3796 agentibus
3029 3716 3319 3779 fratribus
3362 3715 3620 3779 nostris:
3655 3722 3723 3777 ut

327 3811 475 3876 ὅπως
504 3810 625 3872 τοὺς
661 3808 758 3884 μὲν
788 3805 1082 3884 τελειώσῃς
1114 3804 1170 3865 ἐν
1200 3812 1272 3885 τῇ
1313 3806 1512 3886 πίστει,
1548 3808 1672 3873 τοὺς
1716 3805 1771 3863 δὲ
1817 3811 1971 3865 καθα-

2064 3807 2292 3885 primos
2316 3806 2560 3887 quidem
2585 3806 2861 3886 perﬁcies
2884 3807 2944 3869 in
2967 3807 3121 3880 ﬁde;
3146 3805 3365 3868 alteros
3383 3820 3526 3867 vero
3552 3822 3724 3868 mun-

325 3903 478 3983 ρίσης
511 3899 572 3957 ἑκ
601 3904 700 3966 τῆς
730 3897 999 3978 ἆνεᾳγείας
1057 3904 1153 3956 τοῦ
1204 3903 1466 3976 πονηροῦ,
1499 3918 1609 3955 των
1651 3896 1707 3954 δὲ
1738 3899 1834 3967 τὴν
1870 3920 1971 3973 με.

2064 3896 2171 3956 des
2193 3913 2228 3956 a
2252 3896 2560 3960 vexatione
2578 3896 2744 3975 mali;
2762 3897 3066 3958 tertiorum
3089 3901 3291 3959 autem
3308 3893 3718 3977 pmnitentiam

328 3991 546 4050 τᾶνοιαν
591 3985 873 4068 προσδεξῃ,
928 3988 1016 4045 καὶ
1074 3988 1438 4068 συγχωρήσης
1510 3989 1596 4045 καὶ
1646 3991 1831 4049 αύτοτς
1887 3990 1971 4047 καὶ

2058 3985 2806 4067 suscipias,condonesque
2826 4004 2965 4050 cum
2989 3986 3087 4067 iis,
3112 3993 3237 4046 tum
3260 3983 3434 4046 nobis
3457 4002 3589 4065 qum
3610 3984 3723 4047 de.

326 4084 463 4158 ἡμῖν
506 4081 573 4137 τὰ
617 4078 1028 4156 παραπτώματα
1056 4079 1238 4154 ἡμῶν,
1276 4074 1415 4136 ’Ἔτι
1460 4078 1829 4158 προσφέρομέν
1888 4099 1971 4136 σοι

2056 4074 2697 4155 liquimus.0ﬂerimus
2720 4093 2958 4157 quoque
2982 4074 3089 4136 tibi
3114 4091 3221 4154 pro
3244 4074 3404 4137 aeris
3428 4081 3721 4154 tempera-

324 4173 413 4228 καὶ
441 4171 573 4248 ὑπὲρ
603 4169 698 4236 τῆς
754 4167 1034 4246 εὐκρασίας
1089 4176 1183 4225 τοῦ
1238 4166 1395 4247 ἀέρος
1454 4170 1548 4225 καὶ
1577 4174 1677 4236 τῆς
1722 4168 1966 4249 εὐφορίας

2055 4174 2205 4236 tura.
2231 4173 2290 4225 et
2311 4165 2552 4245 frugum
2579 4164 2877 4238 ubertate;
2901 4176 2965 4226 ut
2991 4163 3408 4226 indesinenter
3424 4163 3580 4223 bona
3604 4180 3639 4223 a
3663 4171 3721 4225 te

313 4266 418 4318 τῶν
450 4265 671 4339 καρπῶν
706 4278 735 4339 ’Δ
771 4255 924 4318 ὅπως,
961 4254 1265 4322 ἀνελλιπῶς
1316 4255 1820 4333 μεταλαμϐάνοντες
1859 4265 1966 4317 τῶν

2053 4255 2265 4317 collata
2307 4254 2731 4335 percipientes,
2753 4253 2998 4317 assidue
3031 4252 3348 4315 laudemus
3378 4260 3459 4327 te,
3484 4252 3583 4331 qui
3612 4254 3721 4339 das

312 4351 451 4429 φαρᾶ
482 4336 575 4404 σου
628 4336 868 4423 ἀγαθῶν,
904 4346 1135 4422 αίνὼμεν
1179 4367 1235 4401 σε
1282 4344 1593 4421 ἀπαύστως,
1630 4347 1723 4403 τὸν
1752 4345 1965 4404 διδόντα

2053 4360 2246 4408 escam
2270 4344 2433 4405 omni
2458 4344 2653 4406 carni.
2676 4342 2865 4405 Etiam
2889 4360 3189 4422 rogamus
3201 4350 3263 4405 te
3286 4359 3395 4423 pro
3418 4340 3623 4422 iis,qui
3643 4338 3720 4403 ob

312 4438 510 4515 τροφὴν
560 4434 706 4509 πάσῃ
758 4432 932 4510 σαρκί,
994 4432 1129 4492 ’Ἐτι
1160 4431 1577 4513 παρακαλούμέν
1605 4456 1665 4491 σε
1698 4438 1787 4493 καὶ
1832 4437 1966 4517 ὑπὲρ

2053 4451 2287 4495 causam
2310 4434 2685 4513 probabilem
2708 4432 2992 4495 absentes
3016 4441 3187 4495 sunt:
3209 4440 3273 4493 ut
3293 4448 3509 4493 omnes
3526 4429 3720 4492 nosvin

313 4528 418 4581 τῶν
447 4520 512 4580 δι’
540 4522 762 4601 εύλογον
791 4524 962 4595 αἰτίαν
993 4523 1240 4580 ἀπόντων
1275 4539 1289 4555 ·
1339 4521 1485 4586 ὅπως
1535 4522 1775 4589 ἅπαντας
1819 4528 1963 4603 ἡμᾶς

2053 4523 2274 4603 pietate
2300 4531 2681 4587 conservatos
2698 4542 2732 4585 a
2755 4521 2905 4601 te,in
2929 4520 3154 4586 Christi
3179 4520 3400 4596 tui,Dei
3424 4520 3725 4584 universe

315 4613 642 4693 διατηρήσας
688 4611 743 4668 ἰν
786 4618 854 4687 τῇ
906 4609 1169 4688 εὐσεϐείᾳ,
1227 4610 1630 4689 ὄπισυναγάγῃς
1665 4614 1719 4670 ἐν
1749 4621 1818 4692 τῇ
1861 4618 1965 4694 βα-

2053 4621 2281 4673 natura:
2311 4613 2425 4675 sub
2456 4631 2701 4676 sensum
2730 4620 2789 4675 et
2818 4610 3272 4689 intelligentiam
3307 4610 3608 4690 cadentis,
3630 4626 3723 4669 re-

316 4705 489 4778 σιλείᾳ
546 4712 640 4763 τοῦ
699 4704 928 4780 Χριστοῦ
975 4724 1095 4775 σου,
1154 4710 1250 4760 τοῦ
1308 4708 1439 4759 Θεοῦ
1498 4701 1678 4770 πάσης
1708 4706 1965 4774 αἰσθητὴς

2053 4704 2262 4782 gisque
2284 4703 2470 4765 nostri
2492 4721 2677 4783 regno
2701 4700 3490 4782 congreges,immutabiles,
3523 4697 3720 4760 incul-

316 4798 405 4854 καὶ
434 4799 632 4861 νοητῆς
658 4794 890 4874 φύσεως,
948 4799 1042 4850 τοῦ
1101 4790 1367 4869 βασιλέως
1396 4792 1579 4867 ἡμῶν,
1642 4792 1965 4874 ἀτρέπτους,

2053 4800 2241 4871 patos,
2275 4792 2732 4874 irreprehensos
2761 4814 2774 4852 :
2813 4792 3097 4869 quoniam
3131 4788 3237 4851 tibi
3272 4789 3470 4852 omnis
3491 4788 3712 4865 gloria,

320 4885 657 4961 ἀμέμπτους,
706 4882 1041 4953 ἀνακλήτους
1072 4897 1086 4912 ⁶
1154 4881 1235 4939 ὅτι
1296 4904 1377 4939 σοι
1433 4888 1580 4938 πᾶσα
1613 4880 1765 4964 δόξα,
1809 4884 1968 4951 σέϐας

2054 4883 2383 4964 veneratio,
2408 4882 2731 4960 gratiarum
2757 4881 3174 4960 uctio,honor,
3200 4879 3492 4953 adoratio,
3518 4877 3705 4953 Patri,

319 4978 410 5034 καὶ
452 4975 788 5055 εὐχαριστία,
846 4974 980 5050 τιμῆ
1053 4974 1140 5029 καὶ
1193 4972 1576 5051 προσκύνησις,
1635 4979 1713 5047 τῷ
1781 4977 1969 5053 Πατρὶ,

2056 4982 2114 5035 et
2145 4971 2318 5053 Filio,
2345 4982 2407 5035 et
2436 4970 2683 5052 Spiritui
2718 4978 2954 5046 sancto,
2983 4989 3167 5050 nunc,
3191 4978 3251 5032 et
3283 4986 3546 5049 semper,
3574 4976 3633 5031 et
3662 4967 3723 5031 in

368 5130 903 5225 ,“ITim.u,2.

1549 5314 1557 5322 .
1664 5252 2068 5324 VARIORUM
2116 5255 2371 5321 NOTAE.

407 5423 533 5501 (60)
566 5423 901 5501 Ἐπίκουρος.
962 5422 1182 5480 Πάντων
1236 5422 1537 5502 ἰπίκουρος,
1592 5421 1652 5483 in
1703 5418 1971 5484 Vindob.

2058 5418 2325 5502 siasticw
2380 5418 2777 5483 hierarchioc.
2831 5423 3227 5501 Χειμαζόμενοι
3274 5426 3376 5481 ὑπὸ
3410 5446 3725 5502 πνευματων

326 5503 464 5567 cod.
499 5500 644 5567 utin
664 5500 936 5569 versione
968 5503 1200 5567 Latina.
1225 5500 1432 5568 Cum
1702 5579 1727 5584 _
1788 5581 1798 5584 A
1858 5508 1863 5511 ’

2054 5500 2395 5584 Δἐικαθοὶρξιιυν,
2442 5510 2543 5584 aut
2569 5502 2671 5559 ύπό
2703 5504 3001 5578 πνεύματος
3035 5500 3352 5584 ἀκαθάρτου,
3391 5504 3451 5565 in
3478 5500 3727 5569 Ευεὶιο-

404 5584 980 5666 (θηγχειμαζομένων
1036 5586 1139 5643 ὑπὸ
1343 5584 1645 5666 ἀλλοτρίου.
1689 5579 1804 5654 Qui
1825 5597 1960 5660 cap.

2054 5578 2357 5666 logi_is.Sic
2381 5578 2641 5666 eosdem
2673 5600 3115 5661 energumenos
3144 5578 3427 5647 invenies
3458 5585 3726 5666 appella-

331 5660 408 5723 35
439 5669 497 5723 et
518 5660 601 5746 ’37
639 5665 1025 5741 Χειμαζόμενοι
1056 5664 1412 5746 simpliciter
1441 5660 1743 5746 dicuntur,
1764 5669 1827 5746 u_t
1859 5679 1966 5746 ca-

2058 5669 2148 5746 tos
2164 5660 2586 5746 ἐνοχλουμένους
2607 5671 2664 5726 et
2676 5667 2779 5721 ὑπὸ
2798 5660 3116 5742 πνευμάτων
3144 5667 3452 5745 ἀκαθάρτων
3469 5660 3733 5745 ἐνοχλουι

334 5756 491 5804 none
519 5740 832 5825 Ancyrano
858 5740 958 5828 t7,
980 5753 1041 5807 et
1060 5764 1094 5808 a
1122 5740 1379 5810 Maximo
1400 5744 1475 5808 ad
1492 5751 1668 5826 caput
1686 5740 1743 5805 vi
1772 5740 1971 5805 Eccle-

2059 5740 2293 5816 μένους(
2315 5741 2459 5804 Cor.
2938 5740 2944 5742 ·
3317 5740 3324 5745 ·
3565 5740 3601 5745 ⁷⁷
3689 5756 3710 5803 r
