4138 6436
427 383 585 451 H39

948 517 1197 584 CAPUT
1241 518 1531 585 XXXVII.

787 615 1147 679 Gratiarum
1177 616 1336 678 actio
1356 614 1714 679 Iucemalis.

511 712 691 786 Deus,
726 710 1001 792 principii
1036 729 1250 791 expers
1283 730 1351 775 ac
1384 712 1505 775 fine
1539 730 1777 793 carens,
1810 713 2075 774 omnium

430 822 539 884 per
566 801 865 866 Christum
903 802 1099 882 opifex
1158 810 1218 863 et
1272 810 1494 872 rector.
1529 810 1665 864 ante
1694 810 1906 863 cuncta
1940 820 2078 865 vero

429 893 591 955 illius
610 892 766 954 Deus
798 910 864 953 ac
896 894 1096 964 Pater,
1130 890 1389 974 Spiritus
1431 892 1745 963 Dominus,
1777 900 1837 955 et
1868 911 2074 953 eorum

431 1002 565 1061 quae
587 982 835 1061 intelligi
860 1001 926 1044 ac
948 982 1162 1045 sentiri
1188 990 1435 1063 possunt
1450 982 1691 1059 rexzqui
1710 982 1901 1044 fecisti
1917 983 2075 1044 diem

431 1074 502 1136 ad
536 1092 715 1154 opera
751 1071 922 1147 lucis,
959 1079 1017 1134 et
1048 1081 1282 1135 noctem
1316 1074 1389 1134 ad
1421 1071 1691 1153 requiem
1715 1071 2081 1133 inﬁrmitatis

431 1173 652 1225 nostra;
685 1181 698 1225 :
740 1187 767 1217 α
802 1161 966 1224 Tuus
995 1162 1156 1224 enim
1211 1172 1302 1226 est
1337 1162 1558 1237 dies,et
1589 1171 1689 1225 tua
1720 1171 1809 1223 est
1842 1179 1980 1240 nox;
2018 1168 2078 1221 tu

431 1251 853 1334 aptastilucem
875 1264 935 1314 et
968 1251 1154 1314 solem
1187 1251 1301 1328 35;.
1335 1254 1464 1332 ipse
1490 1261 1548 1313 et
1582 1270 1761 1325 nunc,
1797 1250 2074 1323 Domine,

432 1341 744 1404 hominum
784 1350 1035 1418 amator,
1073 1360 1141 1403 ac
1194 1342 1440 1422 optime,
1476 1340 1716 1422 suscipe
1747 1341 2081 1402 clementer

432 1432 587 1494 hanc
618 1440 878 1492 nostram
932 1430 1253 1508 gratiarum
1313 1431 1615 1492 actionem
1649 1428 2072 1510 vespertinam.

436 1520 550 1595 Qui
574 1520 883 1582 traduxisti
905 1538 1014 1581 nos
1038 1536 1144 1600 per
1163 1518 1280 1581 diei
1309 1518 1838 1599 iongitudinem,et
1857 1517 2080 1580 duxisti

434 1610 507 1671 ad
528 1611 716 1672 noctis
736 1609 899 1670 initia
930 1608 1198 1685 ;custndi
1243 1627 1373 1687 nos,
1401 1626 1508 1689 per
1533 1608 1837 1672 Christum
1874 1617 2035 1667 tuum
2063 1627 2078 1679 ;

435 1699 812 1779 tranquillam
844 1698 1041 1778 praebe
1065 1708 1467 1780 vesperam,et
1490 1708 1721 1760 noctem
1752 1706 1990 1775 peccato
2017 1695 2080 1756 liv

434 1772 665 1867 heram;
689 1772 867 1870 atque
893 1809 1000 1850 nos
1013 1791 1127 1849 vita
1142 1772 1366 1850 aeterna
1382 1772 2077 1867 dignare,perChristum
2107 1772 2139 1821 Β

434 1891 626 1954 tuum;
654 1898 763 1960 per
791 1898 970 1956 quem
1005 1879 1112 1940 tibi
1138 1878 1353 1957 gloria,
1379 1878 1571 1940 honor
1586 1896 1655 1940 ac
1684 1877 2079 1950 veneratio,in

434 1980 636 2035 sancto
658 1969 974 2051 Spiritu,in
994 1967 1534 2031 sarcula.Amen.Et
1558 1967 1844 2029 diaconus
1873 1966 2028 2029 dicat
2062 1984 2075 2027 :

433 2059 720 2123 Inclinato
746 2058 817 2120 ad
854 2076 1138 2119 manuum
1174 2056 1738 2137 impositionem.Ac
1764 2055 1924 2117 dicat
1945 2056 2077 2135 epi-

433 2168 651 2232 scopus
685 2166 700 2209 :
735 2148 894 2211 Dens
926 2154 1181 2227 patrum,
1227 2164 1297 2209 ac
1330 2146 1586 2210 Domine
1624 2145 2077 2217 misericordiae,

435 2241 537 2323 qui
569 2239 861 2321 sapientia
904 2247 1006 2300 tua
1053 2236 1380 2298 fabricatus
1410 2254 1475 2298 es
1500 2236 1829 2305 hominem,
1861 2234 2077 2295 animal

435 2329 668 2394 ratione
698 2327 1009 2410 prmditum
1042 2327 1296 2389 maxime
1318 2325 1487 2388 exiis
1509 2343 1641 2407 qum
1665 2324 1724 2385 in
1760 2332 1917 2385 terra
1944 2332 2081 2384 sunt

435 2421 682 2484 charum
714 2420 863 2491 Deo;
887 2428 947 2479 et
972 2416 1232 2478 tribuisti
1260 2416 1313 2477 ei
1339 2423 1401 2476 ut
1420 2415 1741 2495 imperaret
1765 2412 1946 2475 rebus
1970 2422 2081 2474 ter-

430 2509 749 2584 restribus;
773 2508 996 2587 quique
1016 2505 1314 2569 voluntate
1334 2513 1430 2566 tua
1452 2504 1758 2585 principes
1784 2522 1851 2565 ac
1879 2521 2081 2563 sacer-

435 2600 607 2661 dotes
618 2598 1003 2670 constituisti;
1022 2596 1153 2657 illos
1168 2594 1411 2676 quidem
1430 2593 1502 2655 ad
1520 2593 1652 2657 vitae
1670 2593 2083 2662 securitatem;

435 2688 545 2749 hos
568 2704 707 2748 vero
728 2686 801 2747 ad
827 2685 1155 2765 legitimum
1179 2684 1427 2746 cultum:
1456 2683 1585 2764 ipse
1604 2702 1765 2744 nunc
1787 2680 1961 2744 etiam
1989 2682 2083 2742 in-

435 2779 700 2857 llectere,
734 2775 991 2838 Domine
1043 2774 1447 2853 omnipotens,
1496 2780 1556 2834 et
1586 2771 1837 2834 ostende
1867 2770 2076 2833 faciem

435 2874 594 2929 tuam
613 2883 794 2945 super
814 2864 1100 2945 pupulum
1126 2873 1430 2943 tuum,eos
1450 2863 1548 2943 qui
1568 2861 1860 2923 cervicem
1883 2861 2081 2923 eordis

432 2956 524 3019 sui
558 2956 987 3029 incurvarunt;
1049 2960 1106 3015 et
1163 2952 1419 3015 benedie
1474 2952 1561 3014 eis
1593 2970 1700 3031 per
1751 2951 2077 3025 Christum,

431 3064 539 3128 per
559 3062 737 3127 quem
771 3042 1078 3105 illustrasti
1095 3061 1202 3105 nos
1228 3042 1455 3104 lumine
1474 3040 1863 3122 cognitionis,
1889 3060 1960 3102 ac
1984 3058 2077 3101 re-

1276 388 1335 450 S.
1383 382 1817 452 CLEMENTIS
1858 383 1882 447 Ι
1928 387 2111 450 ROM.

2158 388 2383 451 PONT.
2432 389 2679 451 OPERA
2728 388 2981 450 DUBIA.

2709 524 3104 584 ΚΕΦΑΛΛῘΟΝ
3148 522 3277 586 ΛΖ’.

2612 616 2942 694 Εὖχαριστία
3012 610 3332 693 ἆπιλύχνιος
3343 660 3359 677 .

2244 703 2305 762 Ὀ
2335 701 2573 783 ἄναρχος
2601 706 2733 768 Θεὸς
2762 704 2852 760 καὶ
2883 700 3265 778 ἀτελεύτητος,
3292 706 3320 761 6
3349 709 3455 762 τῶν
3480 702 3623 761 ὅλων
3651 726 3829 773 ποιη-

2162 794 2258 862 της
2302 792 2388 849 διὰ
2433 801 2663 872 Χριστοῦ
2718 793 2808 851 καὶ
2833 790 3112 867 κηδεμών,
3162 794 3265 871 πρὸ
3310 793 3365 850 δὲ
3409 794 3627 851 πάντων
3690 794 3823 873 (51)

2162 883 2321 939 αὐτοῦ
2365 883 2496 947 Θεὸς
2542 884 2630 940 καὶ
2675 883 2887 961 Πατὴρ,
2933 884 2960 938 6
3005 884 3098 937 τοῦ
3159 882 3462 957 Πνεύματος
3529 881 3654 962 (52)
3713 884 3826 944 Κύ-

2162 995 2275 1049 ριος
2322 970 2466 1052 (53),
2523 974 2615 1031 καὶ
2658 974 2764 1030 τῶν
2809 972 3022 1041 νοητῶν
3066 973 3155 1030 καὶ
3218 974 3485 1040 αἰσθητῶν
3542 971 3823 1055 βασιλεὺς,

2160 1064 2394 1133 ποιήσας
2429 1063 2632 1143 ἡμέραν
2662 1064 2797 1140 πρὸς
2830 1060 2961 1142 ἔργα
2991 1064 3191 1142 φωτὸς,
3223 1064 3311 1119 καὶ
3350 1062 3513 1119 νύκτα
3567 1064 3643 1127 εἰς
3687 1063 3825 1120 ἀνά-

2162 1175 2355 1212 παυσιν
2398 1158 2499 1221 τῆς
2528 1153 2799 1216 ἀσθενείας
2832 1154 2985 1229 ἡμῶν
3014 1169 3029 1183 '
3097 1175 3125 1208 ε
3161 1153 3244 1221 Σὴ
3276 1151 3377 1231 γάρ
3421 1151 3567 1208 ἔστιν
3610 1152 3816 1233 ἡμέρα,

2162 1246 2248 1301 καὶ
2295 1244 2365 1313 σή
2449 1241 2592 1300 ἰστιν
2652 1243 2687 1310 η
2768 1241 2883 1319 νὺξ,
2958 1243 3021 1299 σὺ
3092 1242 3400 1321 κατηρτίσω
3472 1251 3670 1321 φαῦσιν
3729 1244 3823 1299 καὶ

2167 1332 2315 1401 ἥλιον
2346 1348 2360 1363 ⁶
2432 1356 2461 1389 ι
2540 1333 2700 1397 αὐτὸς
2786 1338 2899 1412 νῦν,
2978 1330 3234 1405 δέσποτα,
3319 1329 3659 1411 φιλάνθρωπε
3731 1332 3824 1388 καὶ

2162 1422 2461 1502 πανάγαθε,
2516 1423 2753 1497 εὐμενῶς
2800 1419 3079 1494 πρόσδεξαι
3126 1421 3228 1489 τὴν
3259 1419 3543 1498 ἔσπερινὴν
3588 1420 3820 1502 εὔχαρι-

2163 1514 2310 1569 στίαν
2336 1513 2493 1587 ἡμῶν
2524 1512 2746 1579 ταύτην.
2781 1509 2843 1570 Ὀ
2886 1510 3160 1589 διαγαγὼν
3203 1512 3349 1586 ἡμᾶς
3395 1512 3457 1568 τὸ
3514 1511 3692 1587 μῆκος
3723 1515 3821 1579 τῆς

2162 1600 2392 1681 ὴμέρας,
2426 1603 2515 1657 καὶ
2572 1601 2790 1680 ἀγαγὼν
2842 1600 2931 1657 ἐπὶ
2979 1601 3075 1663 τὰς
3109 1598 3285 1680 ἀρχὰς
3316 1604 3416 1667 τῆς
3451 1601 3664 1675 νυκτὸς,
3718 1600 3822 1680 φύ-

2163 1689 2320 1757 λαξον
2350 1692 2498 1766 ἡμᾶς
2527 1687 2613 1747 διὰ
2643 1698 2736 1748 τοῦ
2772 1696 2997 1763 Χριστοῦ
3049 1711 3167 1766 σου,
3226 1689 3499 1768 εἰρηνικὴν
3533 1690 3819 1769 παράσχου

2166 1782 2264 1850 τὴν
2309 1780 2655 1861 ἂσπέρανριαὶ
2686 1782 2784 1850 τὴν
2815 1782 2979 1841 νύκτα
3012 1781 3417 1860 ἀναμάρτητον,
3448 1780 3536 1837 καὶ
3566 1777 3823 1845 καταξίω-

2168 1894 2259 1930 σον
2288 1874 2430 1948 ἡμᾶς
2462 1876 2561 1939 τῆς
2594 1872 2811 1929 αἰωνίου
2840 1871 3008 1948 ζωῆς,
3044 1870 3129 1928 διὰ
3159 1880 3256 1931 τοῦ
3298 1877 3525 1951 Χριστοῦ
3569 1892 3665 1928 σου
3700 1887 3715 1906 ⁶
3749 1866 3818 1925 δι’

2164 1962 2224 2020 οὗ
2255 1984 2339 2021 σοι
2370 1960 2516 2037 δόξα,
2549 1961 2682 2036 τιμὴ
2711 1961 2801 2020 καὶ
2832 1959 3016 2032 σέϐας,
3041 1961 3097 2018 ἐν
3113 1962 3251 2039 ἁγίῳ
3287 1959 3414 2042 (54)
3442 1961 3819 2035 Πνεύματι,εἷς

2162 2053 2282 2115 τοὺς
2314 2052 2532 2116 αὶῶνας.
2567 2050 2764 2127 Ἀμήν.
2796 2048 2900 2112 Καὶ
2932 2054 2961 2108 6
3008 2049 3252 2114 διάκονος
3304 2050 3507 2128 λεγὲτω
3542 2067 3554 2081 ·
3594 2048 3819 2108 Κλίνατε

2162 2149 2231 2219 τῇ
2275 2142 2600 2223 χειροθεσίᾳ,
2636 2142 2733 2199 Καὶ
2792 2143 2820 2197 6
2852 2140 3143 2204 ἐπίσκοπος
3195 2140 3398 2219 λεγέτω
3429 2160 3440 2171 '
3501 2140 3599 2197 Θεὶ
3644 2140 3820 2197 πατέ-

2164 2254 2267 2309 ρων
2315 2231 2466 2311 (55),
2514 2233 2603 2288 καὶ
2636 2231 2791 2304 Κύριε
2817 2238 2909 2289 τοῦ
2940 2230 3149 2311 ἰλέους,
3182 2233 3210 2287 6
3257 2237 3325 2307 τῇ
3356 2230 3516 2310 σοφίᾳ
3559 2252 3654 2287 σου
3710 2252 3817 2287 κα-

2162 2321 2494 2386 τασκευάσας
2539 2320 2815 2391 ἄνθρωπον
2859 2322 2919 2376 τὸ
2981 2318 3198 2399 λογικὸν
3241 2318 3403 2391 ζῶον,
3458 2320 3520 2376 τὸ
3578 2318 3824 2398 θεοφιλὲς

2163 2411 2269 2467 τῶν
2312 2411 2399 2467 επὶ
2427 2414 2555 2488 γῆς,
2590 2410 2677 2465 καὶ
2709 2406 2830 2472 δοῦς
2862 2410 3005 2483 αὒτῷ
3033 2409 3141 2465 τῶν
3171 2409 3259 2465 επὶ
3312 2412 3410 2474 τῆς
3472 2410 3668 2488 χθονὸς
3724 2406 3826 2478 ἄρ-

3660 385 3823 451 1140

2168 2521 2317 2580 χειν,
2362 2500 2449 2556 καὶ
2481 2500 2826 2569 καταστήσας
2859 2497 3054 2576 γνώμη
3101 2496 3170 2573 of;
3220 2496 3485 2577 ἄρχοντας
3517 2499 3605 2554 καὶ
3634 2500 3823 2575 ἱερεῖς,

2167 2591 2289 2653 τοὺς
2314 2589 2415 2665 μὶν
2446 2590 2579 2669 πρὸς
2610 2587 2907 2668 ἀσφάλειαν
2938 2588 3035 2655 τῆς
3086 2593 3254 2662 ζωῆς,
3308 2587 3429 2652 τοῖδς
3463 2584 3518 2643 δὲ
3548 2590 3683 2667 πρὸς
3716 2601 3824 2646 Λα-

2167 2678 2343 2757 τρείαν
2396 2676 2613 2754 ἔννομον
2653 2695 2666 2709 ·
2731 2677 2888 2743 αὐτὸς
2937 2677 3024 2734 καὶ
3068 2683 3157 2734 νῦν
3210 2675 3603 2757 ἂπικάμφθητι,
3664 2675 3825 2758 Κύριε

2168 2768 2562 2847 παντόκρατορ,
2590 2768 2677 2824 καὶ
2706 2766 2963 2848 ιπίφανον
3004 2768 3066 2825 τὸ
3100 2766 3387 2845 πρόσωπόν
3442 2788 3538 2823 σου
3593 2767 3679 2824 ἐπὶ
3733 2770 3822 2825 τὸν

2164 2858 2294 2916 λαόν
2351 2880 2471 2933 σου,
2525 2858 2647 2921 τοὺς
2716 2857 3038 2933 κάμψαντας
3096 2856 3302 2937 αὐχένα
3351 2854 3565 2936 καρδίας
3624 2859 3819 2933 αὐτῶν,

2163 2950 2251 3005 καὶ
2298 2946 2592 3025 ὶὸλόγησον
2650 2947 2840 3010 αὑτοὺς
2896 2945 2983 3003 διὰ
3041 2952 3290 3025 Χριστοῦ,
3322 2943 3389 3001 δι’
3440 2945 3502 3003 οὗ
3559 2946 3817 3027 ἐφώτισας

2163 3040 2307 3114 ἡμᾶς
2511 3036 2784 3117 γνώσεως,
2851 3038 2941 3094 καὶ
2998 3034 3349 3111 ἀπεκάλυψας
3405 3039 3543 3113 ἡμῖν
3597 3036 3812 3092 σαυτόν·

426 3123 635 3198 velasti
658 3132 832 3196 nobis
857 3132 1139 3213 teipsum;
1170 3150 1305 3194 cum
1341 3151 1458 3213 quo
1490 3131 1565 3191 ab
1597 3130 1761 3193 omni
1806 3130 2081 3194 rationali

2171 3127 2290 3205 μεθ’
2349 3130 2411 3185 οὗ
2447 3150 2530 3185 σοι
2602 3127 2691 3183 καὶ
2750 3127 2784 3195 ἡ
2847 3124 3062 3192 ἐπαξιος
3135 3123 3407 3205 ὀφείλεται
3466 3127 3821 3206 προσκύνησις

430 3234 489 3288 et
507 3232 709 3286 sancta
732 3231 942 3285 natura
957 3220 1212 3284 debetur
1234 3219 1341 3282 tibi
1373 3220 1644 3283 aboratio
1668 3220 1990 3300 condigna,
2030 3228 2081 3281 el

2174 3218 2315 3277 παοᾶ
2344 3218 2523 3286 πάσης
2554 3215 2781 3295 λογικῆς
2835 3216 2925 3274 καὶ
2970 3214 3125 3293 ἁγίας
3170 3214 3406 3295 φύσεως,
3438 3218 3527 3274 καὶ
3557 3216 3829 3291 Πνεύματι

429 3313 671 3394 Spiritui
701 3311 1036 3393 Paracleto,
1070 3311 1129 3373 in
1162 3311 1405 3374 saecula.
1439 3313 1664 3374 Amen.
1701 3308 1775 3372 Et
1802 3310 2081 3372 diaconus

2172 3311 2248 3382 τῷ
2292 3305 2651 3386 Παρακλήτῳ,
2703 3307 2776 3370 εἱς
2830 3305 2952 3394 τοὺς
3002 3306 3228 3368 αἰῶνας.
3262 3303 3462 3380 Ἀμήν,
3494 3304 3601 3367 Καὶ
3632 3310 3660 3364 6
3705 3305 3825 3363 διά-

431 3393 595 3467 dicat
619 3420 632 3466 :
656 3402 826 3467 Exite
845 3401 904 3462 in
921 3400 1369 3481 pace.Similem
1400 3399 1462 3461 in
1487 3400 1735 3461 modum
1762 3399 2081 3476 mane,dia-

2171 3420 2329 3463 κονος
2385 3396 2589 3475 λεγέτω
2628 3415 2641 3429 ·
2691 3393 2982 3477 Προέλθετε
3041 3393 3096 3451 ἐν
3148 3394 3355 3474 εἰρήνη.
3402 3394 3677 3459 Ὠσαύτως
3726 3397 3824 3472 δρ-

432 3511 643 3565 conus,
668 3510 802 3553 cum
836 3491 1031 3552 dictus
1053 3490 1232 3553 fuerit
1260 3490 1527 3570 psalmus
1560 3490 2081 3564 matutinus,cum-

2171 3492 2318 3567 θρου,
2354 3490 2382 3544 6
2412 3485 2677 3562 διάκονος,
2738 3487 2875 3561 μετὰ
2916 3487 2979 3543 τὸ
3035 3486 3256 3563 ῥηθῆναι
3302 3486 3391 3542 τὸν
3426 3484 3684 3564 ὂρθρινὸν,
3731 3486 3824 3542 καὶ

432 3602 551 3665 que
580 3582 709 3662 ipse
740 3579 1039 3642 dimiserit
1068 3579 1562 3659 catechumenos,
1616 3597 2077 3659 energumenos,

431 3677 938 3751 competentes,ac
971 3669 1350 3750 pmnitentes,
1387 3668 1715 3749 feceritque
1748 3670 2078 3730 solemnem

431 3761 836 3843 precationem
882 3760 982 3839 (ne
1027 3759 1241 3820 iterum
1277 3758 1486 3820 eadem
1516 3758 1868 3837 referamus)
1900 3776 1917 3834 ;
1953 3769 2084 3839 post

432 3851 581 3913 illud
618 3871 632 3913 :
661 3851 842 3912 Serva
866 3868 996 3931 nos,
1038 3852 1217 3923 Deus,
1252 3857 1311 3912 et
1344 3848 1567 3909 suscita
1598 3849 1659 3909 in
1716 3850 1905 3927 gratia
1938 3858 2077 3936 tua;

433 3940 752 4020 subjungat
786 3956 799 3998 :
862 3938 1233 3999 Postulemus
1283 3956 1317 3999 a
1347 3937 1604 4001 Domino
1638 3936 2082 4002 misericordias

432 4030 562 4110 ejus
590 4035 767 4109 atque
800 4026 1235 4103 miserationes,
1273 4027 1384 4088 hoc
1421 4027 1771 4087 matutinum
1813 4035 1871 4090 et
1925 4029 2082 4091 hunc

430 4120 617 4193 diem,
650 4125 1058 4193 cunctumque
1082 4117 1577 4197 peregrinationis
1601 4127 1817 4178 nostra;
1849 4127 2081 4199 tempus

430 4219 701 4289 pacatum
724 4225 792 4268 ac
815 4214 1059 4287 peccato
1087 4206 1645 4286 vacuum,angelum
1680 4207 1809 4287 paci
1846 4227 2077 4288 praepo-

426 4296 819 4376 situm,ﬁnem
844 4296 981 4359 vita:
1003 4296 1438 4378 Christianum,
1466 4296 1653 4358 Deum
1680 4297 1997 4378 propitium
2027 4306 2084 4359 et

429 4387 811 4451 clementem.
845 4384 965 4449 Nos
995 4388 1252 4468 ipsos,et
1283 4385 1743 4468 mutuo,viventi
1771 4388 1891 4450 Deo
1910 4407 2081 4450 com-

508 4574 575 4626 85
599 4571 759 4636 Psal.
793 4589 995 4648 LXXIII,
1032 4573 1127 4637 16.

2173 3578 2434 3636 ἀπολῦσαι
2477 3578 2633 3634 αὐτὸν
2666 3576 2787 3640 τοὺς
2832 3574 3299 3657 κατηχουμὲνους,
3343 3574 3433 3631 καὶ
3475 3574 3818 3655 χειμαζομέ-

2167 3691 2311 3745 νους,
2346 3668 2434 3725 καὶ
2482 3666 2925 3746 βαπτιζομένους,
2973 3670 3062 3723 καὶ
3104 3665 3225 3728 τοὺς
3284 3663 3339 3721 ἐν
3390 3664 3668 3741 μετανοίᾳ,
3730 3666 3824 3722 καὶ

2167 3761 2264 3829 τὴν
2295 3756 2652 3839 ὀφειλομένην
2721 3758 3047 3828 ποιήσασθαι
3108 3754 3513 3834 προσφώνησιν,
3584 3754 3679 3810 ’ίνα
3740 3754 3823 3831 μὴ

2166 3849 2328 3907 πάλιν
2356 3848 2599 3927 λέγωμεν
2657 3846 2723 3902 τὰ
2766 3846 2921 3921 αὐτὰ,
2978 3843 3278 3925 ἐπιφερὲτω
3308 3845 3447 3921 μετὰ
3475 3844 3537 3901 τό
3571 3858 3586 3874 ⁹
3636 3842 3825 3902 Σῶσον

2167 3938 2352 4003 αὖτοὺς
2384 3938 2412 3993 6
2444 3937 2597 4009 Θεὸς,
2630 3934 2719 3991 καὶ
2748 3934 3049 4002 ἀνάστησον
3080 3933 3135 3990 ἐν
3204 3933 3273 4002 τῆ
3316 3933 3502 4013 χάριτί
3532 3954 3625 3993 σου
3657 3950 3671 3964 ⁸
3723 3934 3823 3990 Λί-

2166 4027 2454 4104 τησώμεθα
2484 4024 2607 4103 (56)
2660 4024 2805 4103 παρὰ
2866 4024 3053 4101 Καρίου
3103 4023 3168 4080 τὰ
3218 4021 3344 4091 ἰλέη
3390 4023 3549 4081 αὐτοῦ
3578 4023 3668 4081 καὶ
3698 4024 3823 4086 τοὺς

2166 4117 2501 4194 οὶκτιρμοὺς,
2536 4115 2629 4171 τὸν
2689 4113 2872 4192 ὄρθρον
2922 4114 3107 4170 τοῦτον
3160 4113 3250 4170 καὶ
3310 4113 3410 4179 τὴν
3452 4111 3682 4190 ἡμέραν,
3743 4114 3816 4168 εἶ-

2166 4207 2393 4286 ρηνικῆν
2427 4207 2514 4263 καὶ
2573 4204 2970 4283 ἀναμάρτητον,
3035 4204 3123 4259 καὶ
3151 4202 3323 4259 πάντα
3354 4204 3447 4259 τὸν
3479 4206 3677 4283 χρόνον
3720 4208 3819 4269 τῆς

2166 4294 2569 4376 παρεπιδημίας
2599 4296 2779 4369 ἡμῶν,
2812 4295 2905 4349 τὸν
2936 4291 3162 4371 ἄγγελον
3192 4294 3282 4348 τὸν
3331 4293 3421 4348 επὶ
3446 4297 3546 4359 τῆς
3578 4293 3815 4371 εἰρήνης,

2166 4387 2455 4467 χριστιανόι
2479 4386 2546 4441 τὰ
2603 4383 2759 4458 τέλη,
2805 4381 2973 4439 ἵλεων
3017 4384 3103 4439 καὶ
3133 4384 3331 4458 εὐμενῆ
3361 4383 3451 4439 τὸν
3482 4381 3613 4438 Θεόν
3644 4398 3659 4412 ⁶
3694 4382 3815 4440 ἑαυ-

1768 4655 2171 4721 VARIOBUM
2218 4652 2473 4722 ΝΟΤᾸΞ.

511 4816 628 4889 (51)
657 4818 776 4898 ῐῐρρ,
797 4812 850 4870 δὲ
882 4815 1119 4898 τεᾴγτῳν,
1176 4813 1314 4877 Haec
1343 4813 1808 4898 _verba_omissa
1853 4828 1992 4878 sunt
2024 4819 2081 4878 in

2172 4819 2312 4898 λεύς,
2340 4823 2403 4877 ιιι
2424 4812 3091 4898 antea‘pbservavimus,
3117 4811 3191 4874 ad
3217 4810 3322 4898 lib.
3349 4829 3426 4890 vi,
3451 4813 3543 4898 c._l
3566 4812 3622 4898 ιχ,
3654 4811 3825 4898 quasi

432 4896 621 4958 altero
646 4893 855 4957 codice
898 4893 1382 4976 Vindohonensi,
1420 4894 1579 4976 quod
1611 4895 1949 4976 Arianismo
1995 4903 2084 4959 fa-

427 4983 642 5051 veant;
678 4993 814 5037 nam
843 4992 912 5037 ex
947 4975 1244 5038 sententia
1278 4975 1663 5053 Arianorum,
1721 4975 1882 5037 Deus
1916 4981 2088 5042 Pater

428 5065 567 5119 ante
592 5055 861 5137 omnium
887 5055 1356 5137 creationem,ac
1382 5056 1633 5137 proinde
1654 5066 1971 5137 antequam
1999 5079 2089 5122 es-

431 5144 763 5216 setuatura
777 5136 1039 5197 humana
1062 5135 1309 5211 Christi,
1345 5134 1472 5197 erat
1523 5134 1684 5197 Deus
1707 5134 1839 5216 ejus
1862 5146 2089 5202 naturae

427 5214 672 5296 divinae;
699 5234 833 5280 cum
851 5234 921 5279 ex
944 5217 1243 5280 sententia
1262 5216 1523 5279 Nicaanae
1537 5214 1842 5296 synodi'sit
1863 5228 2089 5282 tantum

426 5299 590 5363 Deus
601 5295 777 5360 Pater
798 5296 1076 5361 humana;
1100 5306 1323 5359 natura:
1348 5295 1672 5370 Deus,cum
1694 5298 1772 5359 sit
1800 5298 1854 5361 ei
1877 5300 2087 5375 Filius,

428 5378 766 5442 secundum
798 5376 1060 5440 divinam
1093 5379 1399 5455 ὀμοούσιος,
1436 5376 1549 5457 hoc
1596 5386 1685 5439 est
1725 5396 1866 5457 par.
1903 5380 2081 5443 Cum

507 5458 641 5543 (52)
667 5458 737 5543 ’0_
759 5457 852 5543 toi}
882 5460 1187 5543 Πνεύματος
1216 5456 1799 5543 detogLDurissima
1836 5459 2081 5543 locutio,

423 5536 1045 5602 Macedoniauismum
1068 5536 1374 5602 redoleas.
1409 5536 1549 5601 Cor.

514 5618 630 5699 (53)
672 5617 1015 5699 KﬁptogfrESt
1065 5619 1370 5699 in_altero
1422 5617 1561 5683 cod.
1596 5615 2077 5696 Vindohonensi,

424 5696 757 5779 πρόᾷᾳλεύςζ
792 5698 979 5761 Filius
1020 5708 1087 5762 et
1140 5696 1394 5779 Spiritus
1424 5706 1663 5761 sanctus
1717 5699 2001 5761 dicuntur
2049 5722 2084 5764 a

424 5777 631 5845 multis
659 5780 863 5859 Πατρὺς
916 5777 1198 5865 προϐολαί,
1260 5777 1390 5861 ipse
1434 5796 1574 5841 vero
1635 5785 1817 5858 Πατήρ
1881 5781 2079 5865 προϐορ

2173 4890 2316 4960 vero
2344 4893 2643 4976 ejusmodi
2666 4893 2915 4976 vocibus
2938 4912 3036 4976 res
3062 4892 3437 4961 ἆκατάληπτος
3467 4890 3684 4976 clarior
3708 4892 3823 4952 lie-

2173 4987 2263 5069 _ret
2291 4971 2418 5069 l_A't
2449 4984 2669 5069 quanto
2698 4975 2914 5067 melius
2943 4973 3156 5069 fuisset
3186 4992 3303 5035 una
3338 4991 3473 5063 cum
3517 4971 3828 5069 Scriptura

2175 5051 2586 5139 loqui,omissa
2620 5054 2784 5117 omni
2814 5054 3146 5137 καινολογίᾳ,
3180 5073 3313 5136 quae
3346 5051 3681 5134 periculosa
3712 5051 3820 5114 est!

2174 5142 2391 5300 Οιῗὸῃλ)
2421 5218 2511 5277 Ἐν
2556 5218 2708 5297 ἁγίῳ.
2746 5215 2914 5300 Alter
2942 5217 3129 5279 codex
3189 5214 3496 5300 Ῑιὲξδβιρὺν
3538 5213 3691 5291 ἁγίῳ,
3726 5211 3825 5300 S-ic

2175 5293 2395 5380 passim
2422 5293 2646 5359 mutata
2676 5295 3077 5378 θειδοξολογία,
3105 5314 3182 5359 ne
3212 5296 3267 5357 ei
3290 5293 3667 5358 Ariauismus
3686 5294 3826 5356 sub-

2172 5381 2509 5542 “Egilgéa
2538 5458 2805 5542 πατέρων.
2857 5458 3117 5542 Vocatur
3146 5457 3272 5542 haec
3307 5454 3604 5519 invocatio
3638 5454 3697 5515 in
3729 5453 3824 5515 al-

2165 5537 2293 5604 tero
2323 5539 2458 5603 cod.
2490 5540 2867 5619 npoaocbvnagg
2896 5538 3119 5617 ὄρθριος.
3153 5537 3241 5602 In.

2242 5621 2370 5701 (56)
2406 5614 2777 5694 Αὶτησώμεθα.
2818 5614 3124 5701 Yocantur
3181 5619 3308 5681 haec
3341 5617 3401 5680 in
3434 5615 3646 5678 eodem
3682 5614 3817 5679 cod.

2166 5696 2543 5784 προσφῶνησις
2571 5703 2797 5787 ὄρθριος.
2832 5696 2915 5761 ΙΙ).
