  <div class='ocr_page' id='page_1' title='image "/cluster/home/n/w/nwhite01/storage/ocr_20150623/1:no.1/coo.31924054872803/578.png"; bbox 0 0 4138 6430; ppageno 0'>
   <div class='ocr_carea' id='block_1_1' title="bbox 294 416 438 477">
    <p class='ocr_par' dir='ltr' id='par_1_1' title="bbox 294 416 438 477">
     <span class='ocr_line' id='line_1_1' title="bbox 294 416 438 477; baseline -0.007 0"><span class='ocrx_word' id='word_1_1' title='bbox 294 416 438 477; x_wconf 73' lang='grc'><strong>1141</strong></span> 
     </span>
    </p>
   </div>
   <div class='ocr_carea' id='block_1_2' title="bbox 1108 394 2855 481">
    <p class='ocr_par' dir='ltr' id='par_1_2' title="bbox 1108 394 2855 481">
     <span class='ocr_line' id='line_1_2' title="bbox 1108 394 2855 481; baseline -0.004 -2"><span class='ocrx_word' id='word_1_2' title='bbox 1108 416 1771 481; x_wconf 81' lang='lat' dir='ltr'><strong>CONSTITUTIONES</strong></span> <span class='ocrx_word' id='word_1_3' title='bbox 1813 398 2321 476; x_wconf 63' lang='lat' dir='ltr'><strong>APOSTOLIGzE.</strong></span> <span class='ocrx_word' id='word_1_4' title='bbox 2368 446 2445 459; x_wconf 92' lang='grc'><strong><em>-</em></strong></span> <span class='ocrx_word' id='word_1_5' title='bbox 2489 413 2641 477; x_wconf 89' lang='lat' dir='ltr'><strong>LIB.</strong></span> <span class='ocrx_word' id='word_1_6' title='bbox 2686 394 2855 477; x_wconf 71' lang='lat' dir='ltr'><strong>vm’.</strong></span> 
     </span>
    </p>
   </div>
   <div class='ocr_carea' id='block_1_3' title="bbox 3510 416 3669 481">
    <p class='ocr_par' dir='ltr' id='par_1_3' title="bbox 3510 416 3669 481">
     <span class='ocr_line' id='line_1_3' title="bbox 3510 416 3669 481; baseline 0.019 -3"><span class='ocrx_word' id='word_1_7' title='bbox 3510 416 3669 481; x_wconf 78' lang='lat' dir='ltr'><strong>H42</strong></span> 
     </span>
    </p>
   </div>
   <div class='ocr_carea' id='block_1_4' title="bbox 286 548 1931 636">
    <p class='ocr_par' dir='ltr' id='par_1_4' title="bbox 286 549 1931 631">
     <span class='ocr_line' id='line_1_4' title="bbox 286 549 1931 631; baseline 0.005 -22"><span class='ocrx_word' id='word_1_8' title='bbox 286 554 407 618; x_wconf 85' lang='grc' dir='ltr'>τοὺς</span> <span class='ocrx_word' id='word_1_9' title='bbox 460 554 546 608; x_wconf 82' lang='grc' dir='ltr'><strong>καὶ</strong></span> <span class='ocrx_word' id='word_1_10' title='bbox 603 549 869 620; x_wconf 70' lang='grc' dir='ltr'>ἀλλήλους</span> <span class='ocrx_word' id='word_1_11' title='bbox 919 559 996 625; x_wconf 81' lang='grc' dir='ltr'><strong>τῷ</strong></span> <span class='ocrx_word' id='word_1_12' title='bbox 1053 558 1207 623; x_wconf 81' lang='grc' dir='ltr'>ζῶντι</span> <span class='ocrx_word' id='word_1_13' title='bbox 1268 556 1384 628; x_wconf 78' lang='grc' dir='ltr'>Θεῷ</span> <span class='ocrx_word' id='word_1_14' title='bbox 1430 552 1514 612; x_wconf 77' lang='grc' dir='ltr'><strong>διὰ</strong></span> <span class='ocrx_word' id='word_1_15' title='bbox 1569 558 1662 615; x_wconf 83' lang='grc' dir='ltr'>τοῦ</span> <span class='ocrx_word' id='word_1_16' title='bbox 1692 567 1931 631; x_wconf 84' lang='grc' dir='ltr'>Μονογε-</span> 
     </span>
    </p>
   </div>
   <div class='ocr_carea' id='block_1_5' title="bbox 2026 548 3659 636">
    <p class='ocr_par' dir='ltr' id='par_1_5' title="bbox 2026 548 3659 636">
     <span class='ocr_line' id='line_1_5' title="bbox 2026 548 3659 636; baseline 0.006 -28"><span class='ocrx_word' id='word_1_17' title='bbox 2026 548 2379 609; x_wconf 75' lang='lat' dir='ltr'><strong>mandemus</strong></span> <span class='ocrx_word' id='word_1_18' title='bbox 2412 569 2518 630; x_wconf 89' lang='lat' dir='ltr'><strong>per</strong></span> <span class='ocrx_word' id='word_1_19' title='bbox 2572 551 2954 631; x_wconf 87' lang='lat' dir='ltr'><strong>Unigenitum</strong></span> <span class='ocrx_word' id='word_1_20' title='bbox 3005 554 3158 633; x_wconf 87' lang='lat' dir='ltr'><strong>ejus.</strong></span> <span class='ocrx_word' id='word_1_21' title='bbox 3206 554 3292 617; x_wconf 87' lang='lat' dir='ltr'><strong>Ac</strong></span> <span class='ocrx_word' id='word_1_22' title='bbox 3341 554 3659 636; x_wconf 89' lang='lat' dir='ltr'><strong>episcopus</strong></span> 
     </span>
    </p>
   </div>
   <div class='ocr_carea' id='block_1_6' title="bbox 282 640 1935 731">
    <p class='ocr_par' dir='ltr' id='par_1_6' title="bbox 282 640 1935 731">
     <span class='ocr_line' id='line_1_6' title="bbox 282 640 1935 731; baseline 0.004 -31"><span class='ocrx_word' id='word_1_23' title='bbox 282 651 402 700; x_wconf 74' lang='grc' dir='ltr'>νοῦς</span> <span class='ocrx_word' id='word_1_24' title='bbox 438 644 595 698; x_wconf 75' lang='grc' dir='ltr'><strong>αὖτοῦ</strong></span> <span class='ocrx_word' id='word_1_25' title='bbox 637 640 1021 716; x_wconf 80' lang='grc' dir='ltr'>πασαθώμεθα.</span> <span class='ocrx_word' id='word_1_26' title='bbox 1110 644 1208 699; x_wconf 79' lang='grc' dir='ltr'><strong>Καὶ</strong></span> <span class='ocrx_word' id='word_1_27' title='bbox 1266 644 1294 699; x_wconf 90' lang='lat'><strong>6</strong></span> <span class='ocrx_word' id='word_1_28' title='bbox 1347 643 1636 712; x_wconf 77' lang='grc' dir='ltr'>ὲπισκοπος</span> <span class='ocrx_word' id='word_1_29' title='bbox 1693 649 1935 731; x_wconf 69' lang='grc' dir='ltr'>ἐπευχό-</span> 
     </span>
    </p>
   </div>
   <div class='ocr_carea' id='block_1_7' title="bbox 278 730 730 813">
    <p class='ocr_par' dir='ltr' id='par_1_7' title="bbox 278 730 730 813">
     <span class='ocr_line' id='line_1_7' title="bbox 278 730 730 813; baseline 0.004 -28"><span class='ocrx_word' id='word_1_30' title='bbox 278 755 463 813; x_wconf 81' lang='grc' dir='ltr'>μενος,</span> <span class='ocrx_word' id='word_1_31' title='bbox 499 730 730 810; x_wconf 81' lang='grc' dir='ltr'>Αεγὲτω,</span> 
     </span>
    </p>
   </div>
   <div class='ocr_carea' id='block_1_8' title="bbox 842 824 1405 885">
    <p class='ocr_par' dir='ltr' id='par_1_8' title="bbox 842 824 1405 885">
     <span class='ocr_line' id='line_1_8' title="bbox 842 824 1405 885; baseline 0.011 -6"><span class='ocrx_word' id='word_1_32' title='bbox 842 828 1232 881; x_wconf 77' lang='grc' dir='ltr'><strong>ΚΕΦΑΛΑΙΟΝ</strong></span> <span class='ocrx_word' id='word_1_33' title='bbox 1266 824 1405 885; x_wconf 80' lang='lat' dir='ltr'><strong>AH’.</strong></span> 
     </span>
    </p>
   </div>
   <div class='ocr_carea' id='block_1_9' title="bbox 797 911 1438 992">
    <p class='ocr_par' dir='ltr' id='par_1_9' title="bbox 797 911 1438 992">
     <span class='ocr_line' id='line_1_9' title="bbox 797 911 1438 992; baseline 0.002 -23"><span class='ocrx_word' id='word_1_34' title='bbox 797 911 1120 991; x_wconf 78' lang='grc' dir='ltr'>Ε”›χαριστία</span> <span class='ocrx_word' id='word_1_35' title='bbox 1206 914 1438 992; x_wconf 72' lang='grc' dir='ltr'>ὁρθρινῆ.</span> 
     </span>
    </p>
   </div>
   <div class='ocr_carea' id='block_1_10' title="bbox 366 1002 1937 1088">
    <p class='ocr_par' dir='ltr' id='par_1_10' title="bbox 366 1002 1937 1088">
     <span class='ocr_line' id='line_1_10' title="bbox 366 1002 1937 1088; baseline -0.004 -25"><span class='ocrx_word' id='word_1_36' title='bbox 366 1005 426 1063; x_wconf 82' lang='grc' dir='ltr'>Ὀ</span> <span class='ocrx_word' id='word_1_37' title='bbox 479 1006 608 1067; x_wconf 71' lang='grc' dir='ltr'>Θεὸς</span> <span class='ocrx_word' id='word_1_38' title='bbox 659 1006 686 1058; x_wconf 97' lang='lat'><strong>6</strong></span> <span class='ocrx_word' id='word_1_39' title='bbox 740 1009 845 1058; x_wconf 79' lang='grc' dir='ltr'><strong>τῶν</strong></span> <span class='ocrx_word' id='word_1_40' title='bbox 891 1002 1206 1076; x_wconf 75' lang='grc' dir='ltr'><strong>πνευμάτων</strong></span> <span class='ocrx_word' id='word_1_41' title='bbox 1266 1006 1353 1061; x_wconf 84' lang='grc' dir='ltr'>καὶ</span> <span class='ocrx_word' id='word_1_42' title='bbox 1415 1004 1594 1073; x_wconf 76' lang='grc' dir='ltr'>πάσης</span> <span class='ocrx_word' id='word_1_43' title='bbox 1654 1012 1871 1088; x_wconf 61' lang='grc' dir='ltr'>σαρκὸς,</span> <span class='ocrx_word' id='word_1_44' title='bbox 1909 1012 1937 1066; x_wconf 77' lang='grc' dir='ltr'><strong>ὁ</strong></span> 
     </span>
    </p>
   </div>
   <div class='ocr_carea' id='block_1_11' title="bbox 290 1090 1935 1173">
    <p class='ocr_par' dir='ltr' id='par_1_11' title="bbox 290 1090 1935 1173">
     <span class='ocr_line' id='line_1_11' title="bbox 290 1090 1935 1173; baseline 0.004 -23"><span class='ocrx_word' id='word_1_45' title='bbox 290 1096 607 1173; x_wconf 77' lang='grc' dir='ltr'>ἁσύγγριτος</span> <span class='ocrx_word' id='word_1_46' title='bbox 666 1094 752 1148; x_wconf 81' lang='grc' dir='ltr'><strong>καὶ</strong></span> <span class='ocrx_word' id='word_1_47' title='bbox 802 1092 835 1148; x_wconf 79' lang='grc' dir='ltr'><strong><em>ἆ</em></strong></span> <span class='ocrx_word' id='word_1_48' title='bbox 901 1090 1180 1171; x_wconf 43' lang='grc' dir='ltr'>προσδεὴς,</span> <span class='ocrx_word' id='word_1_49' title='bbox 1244 1097 1271 1151; x_wconf 90' lang='lat'><strong>6</strong></span> <span class='ocrx_word' id='word_1_50' title='bbox 1322 1094 1437 1162; x_wconf 86' lang='grc' dir='ltr'>δοὺς</span> <span class='ocrx_word' id='word_1_51' title='bbox 1496 1099 1586 1155; x_wconf 81' lang='grc' dir='ltr'><strong>τὸν</strong></span> <span class='ocrx_word' id='word_1_52' title='bbox 1657 1097 1808 1165; x_wconf 73' lang='grc' dir='ltr'>ἣλιον</span> <span class='ocrx_word' id='word_1_53' title='bbox 1864 1102 1935 1164; x_wconf 78' lang='grc' dir='ltr'><strong>εἰς</strong></span> 
     </span>
    </p>
   </div>
   <div class='ocr_carea' id='block_1_12' title="bbox 292 1180 1936 1265">
    <p class='ocr_par' dir='ltr' id='par_1_12' title="bbox 292 1180 1936 1265">
     <span class='ocr_line' id='line_1_12' title="bbox 292 1180 1936 1265; baseline 0.003 -24"><span class='ocrx_word' id='word_1_54' title='bbox 292 1184 527 1250; x_wconf 69' lang='grc' dir='ltr'>ἰξουσίαν</span> <span class='ocrx_word' id='word_1_55' title='bbox 559 1187 656 1251; x_wconf 76' lang='grc' dir='ltr'><strong>τῆς</strong></span> <span class='ocrx_word' id='word_1_56' title='bbox 683 1180 914 1258; x_wconf 76' lang='grc' dir='ltr'>ἡμέρασ,</span> <span class='ocrx_word' id='word_1_57' title='bbox 947 1182 1047 1249; x_wconf 74' lang='grc' dir='ltr'>τὴν</span> <span class='ocrx_word' id='word_1_58' title='bbox 1089 1181 1143 1238; x_wconf 74' lang='grc' dir='ltr'><strong>δὲ</strong></span> <span class='ocrx_word' id='word_1_59' title='bbox 1178 1182 1411 1254; x_wconf 75' lang='grc' dir='ltr'>σελήνην</span> <span class='ocrx_word' id='word_1_60' title='bbox 1441 1187 1527 1243; x_wconf 85' lang='grc' dir='ltr'>καὶ</span> <span class='ocrx_word' id='word_1_61' title='bbox 1558 1188 1624 1244; x_wconf 80' lang='grc' dir='ltr'>τὰ</span> <span class='ocrx_word' id='word_1_62' title='bbox 1653 1186 1819 1265; x_wconf 72' lang='grc' dir='ltr'>ἄστρα</span> <span class='ocrx_word' id='word_1_63' title='bbox 1865 1191 1936 1255; x_wconf 81' lang='grc' dir='ltr'>εἷς</span> 
     </span>
    </p>
   </div>
   <div class='ocr_carea' id='block_1_13' title="bbox 292 1274 1936 1356">
    <p class='ocr_par' dir='ltr' id='par_1_13' title="bbox 292 1274 1936 1356">
     <span class='ocr_line' id='line_1_13' title="bbox 292 1274 1936 1356; baseline 0.003 -26"><span class='ocrx_word' id='word_1_64' title='bbox 292 1274 528 1339; x_wconf 70' lang='grc' dir='ltr'>ἐξουσίαν</span> <span class='ocrx_word' id='word_1_65' title='bbox 576 1277 675 1338; x_wconf 76' lang='grc' dir='ltr'><strong>τῆς</strong></span> <span class='ocrx_word' id='word_1_66' title='bbox 729 1274 940 1335; x_wconf 70' lang='lat' dir='ltr'><strong>vum-dc“</strong></span> <span class='ocrx_word' id='word_1_67' title='bbox 1000 1274 1154 1337; x_wconf 76' lang='grc' dir='ltr'>αὖτὸς</span> <span class='ocrx_word' id='word_1_68' title='bbox 1205 1277 1292 1331; x_wconf 77' lang='grc' dir='ltr'>καὶ</span> <span class='ocrx_word' id='word_1_69' title='bbox 1339 1282 1427 1332; x_wconf 80' lang='grc' dir='ltr'>νῦν</span> <span class='ocrx_word' id='word_1_70' title='bbox 1486 1274 1630 1333; x_wconf 82' lang='grc' dir='ltr'><strong>ἔπιδε</strong></span> <span class='ocrx_word' id='word_1_71' title='bbox 1676 1277 1760 1356; x_wconf 52' lang='grc' dir='ltr'><strong>ἂρ’</strong></span> <span class='ocrx_word' id='word_1_72' title='bbox 1796 1280 1936 1355; x_wconf 78' lang='grc' dir='ltr'>ἡμᾶς</span> 
     </span>
    </p>
   </div>
   <div class='ocr_carea' id='block_1_14' title="bbox 289 1359 1935 1443">
    <p class='ocr_par' dir='ltr' id='par_1_14' title="bbox 289 1359 1935 1443">
     <span class='ocr_line' id='line_1_14' title="bbox 289 1359 1935 1443; baseline 0.002 -24"><span class='ocrx_word' id='word_1_73' title='bbox 289 1362 563 1438; x_wconf 74' lang='grc' dir='ltr'>εὖμενὲσιν</span> <span class='ocrx_word' id='word_1_74' title='bbox 644 1359 940 1441; x_wconf 73' lang='grc' dir='ltr'>ὀφθαλμοῖς</span> <span class='ocrx_word' id='word_1_75' title='bbox 977 1406 993 1435; x_wconf 91' lang='grc'><strong>,</strong></span> <span class='ocrx_word' id='word_1_76' title='bbox 1058 1364 1144 1418; x_wconf 80' lang='grc' dir='ltr'>καὶ</span> <span class='ocrx_word' id='word_1_77' title='bbox 1223 1362 1502 1443; x_wconf 76' lang='grc' dir='ltr'>πρόσδεξαι</span> <span class='ocrx_word' id='word_1_78' title='bbox 1562 1367 1655 1432; x_wconf 81' lang='grc' dir='ltr'><strong>τὰς</strong></span> <span class='ocrx_word' id='word_1_79' title='bbox 1718 1368 1935 1433; x_wconf 73' lang='grc' dir='ltr'>ὶωΘινὰς</span> 
     </span>
    </p>
   </div>
   <div class='ocr_carea' id='block_1_15' title="bbox 284 1452 1932 1535">
    <p class='ocr_par' dir='ltr' id='par_1_15' title="bbox 284 1452 1932 1535">
     <span class='ocr_line' id='line_1_15' title="bbox 284 1452 1932 1535; baseline -0.002 -27"><span class='ocrx_word' id='word_1_80' title='bbox 284 1455 440 1529; x_wconf 77' lang='grc' dir='ltr'>ἡμῶν</span> <span class='ocrx_word' id='word_1_81' title='bbox 497 1453 860 1532; x_wconf 74' lang='grc' dir='ltr'>ιῦχαριστίας,</span> <span class='ocrx_word' id='word_1_82' title='bbox 913 1453 1001 1509; x_wconf 74' lang='grc' dir='ltr'>καὶ</span> <span class='ocrx_word' id='word_1_83' title='bbox 1058 1452 1296 1523; x_wconf 71' lang='grc' dir='ltr'>ὶλήησον</span> <span class='ocrx_word' id='word_1_84' title='bbox 1355 1457 1524 1530; x_wconf 84' lang='grc' dir='ltr'>ἡμᾶς,</span> <span class='ocrx_word' id='word_1_85' title='bbox 1582 1458 1642 1513; x_wconf 71' lang='grc' dir='ltr'>οὗ</span> <span class='ocrx_word' id='word_1_86' title='bbox 1692 1459 1793 1535; x_wconf 80' lang='grc' dir='ltr'>γὰρ</span> <span class='ocrx_word' id='word_1_87' title='bbox 1823 1455 1932 1513; x_wconf 81' lang='grc' dir='ltr'><strong>διε-</strong></span> 
     </span>
    </p>
   </div>
   <div class='ocr_carea' id='block_1_16' title="bbox 281 1544 1927 1626">
    <p class='ocr_par' dir='ltr' id='par_1_16' title="bbox 281 1544 1927 1626">
     <span class='ocr_line' id='line_1_16' title="bbox 281 1544 1927 1626; baseline 0.002 -27"><span class='ocrx_word' id='word_1_88' title='bbox 281 1544 584 1617; x_wconf 75' lang='grc' dir='ltr'>πετάσαμεν</span> <span class='ocrx_word' id='word_1_89' title='bbox 636 1544 733 1605; x_wconf 71' lang='grc' dir='ltr'><strong>τὰς</strong></span> <span class='ocrx_word' id='word_1_90' title='bbox 799 1545 995 1622; x_wconf 73' lang='grc' dir='ltr'>χεῖρας</span> <span class='ocrx_word' id='word_1_91' title='bbox 1051 1545 1208 1615; x_wconf 80' lang='grc' dir='ltr'>ἡμῶν</span> <span class='ocrx_word' id='word_1_92' title='bbox 1266 1545 1397 1622; x_wconf 69' lang='grc' dir='ltr'>πρὸς</span> <span class='ocrx_word' id='word_1_93' title='bbox 1447 1548 1565 1602; x_wconf 79' lang='grc' dir='ltr'>θεὸν</span> <span class='ocrx_word' id='word_1_94' title='bbox 1627 1544 1927 1626; x_wconf 73' lang='grc' dir='ltr'>ἀλλότριονο</span> 
     </span>
    </p>
   </div>
   <div class='ocr_carea' id='block_1_17' title="bbox 278 1631 1933 1713">
    <p class='ocr_par' dir='ltr' id='par_1_17' title="bbox 278 1631 1933 1713">
     <span class='ocr_line' id='line_1_17' title="bbox 278 1631 1933 1713; baseline 0.001 -24"><span class='ocrx_word' id='word_1_95' title='bbox 278 1635 339 1690; x_wconf 75' lang='grc' dir='ltr'>οὗ</span> <span class='ocrx_word' id='word_1_96' title='bbox 368 1634 467 1711; x_wconf 82' lang='grc' dir='ltr'>γάρ</span> <span class='ocrx_word' id='word_1_97' title='bbox 497 1632 637 1688; x_wconf 79' lang='grc' dir='ltr'>ἐστιν</span> <span class='ocrx_word' id='word_1_98' title='bbox 669 1631 721 1687; x_wconf 71' lang='grc' dir='ltr'>ἰν</span> <span class='ocrx_word' id='word_1_99' title='bbox 765 1633 900 1705; x_wconf 77' lang='grc' dir='ltr'>ἡμῖν</span> <span class='ocrx_word' id='word_1_100' title='bbox 931 1634 1048 1694; x_wconf 73' lang='grc' dir='ltr'>θεὸς</span> <span class='ocrx_word' id='word_1_101' title='bbox 1110 1633 1442 1713; x_wconf 71' lang='grc' dir='ltr'>πρόσφατος,</span> <span class='ocrx_word' id='word_1_102' title='bbox 1478 1635 1619 1692; x_wconf 77' lang='grc' dir='ltr'>ἀλλὰ</span> <span class='ocrx_word' id='word_1_103' title='bbox 1652 1637 1713 1693; x_wconf 80' lang='grc' dir='ltr'>σὺ</span> <span class='ocrx_word' id='word_1_104' title='bbox 1750 1639 1777 1693; x_wconf 87' lang='lat'><strong>6</strong></span> <span class='ocrx_word' id='word_1_105' title='bbox 1808 1639 1933 1694; x_wconf 78' lang='grc' dir='ltr'>αἰώ-</span> 
     </span>
    </p>
   </div>
   <div class='ocr_carea' id='block_1_18' title="bbox 280 1719 1931 1805">
    <p class='ocr_par' dir='ltr' id='par_1_18' title="bbox 280 1719 1931 1805">
     <span class='ocr_line' id='line_1_18' title="bbox 280 1719 1931 1805; baseline 0.003 -28"><span class='ocrx_word' id='word_1_106' title='bbox 280 1743 389 1783; x_wconf 79' lang='grc' dir='ltr'>νιος</span> <span class='ocrx_word' id='word_1_107' title='bbox 437 1722 525 1777; x_wconf 81' lang='grc' dir='ltr'>καὶ</span> <span class='ocrx_word' id='word_1_108' title='bbox 577 1719 946 1787; x_wconf 71' lang='grc' dir='ltr'><strong>ἆταλσύτητος.</strong></span> <span class='ocrx_word' id='word_1_109' title='bbox 1008 1720 1070 1778; x_wconf 86' lang='grc' dir='ltr'>Ὀ</span> <span class='ocrx_word' id='word_1_110' title='bbox 1101 1722 1162 1778; x_wconf 80' lang='grc' dir='ltr'><strong>τὸ</strong></span> <span class='ocrx_word' id='word_1_111' title='bbox 1194 1722 1337 1778; x_wconf 76' lang='grc' dir='ltr'>εἶναι</span> <span class='ocrx_word' id='word_1_112' title='bbox 1396 1725 1534 1799; x_wconf 77' lang='grc' dir='ltr'>ἡμῖν</span> <span class='ocrx_word' id='word_1_113' title='bbox 1567 1721 1650 1780; x_wconf 80' lang='grc' dir='ltr'><strong>διὰ</strong></span> <span class='ocrx_word' id='word_1_114' title='bbox 1704 1726 1931 1805; x_wconf 76' lang='grc' dir='ltr'>Χριστοῦ</span> 
     </span>
    </p>
   </div>
   <div class='ocr_carea' id='block_1_19' title="bbox 283 1810 1929 1893">
    <p class='ocr_par' dir='ltr' id='par_1_19' title="bbox 283 1810 1929 1893">
     <span class='ocr_line' id='line_1_19' title="bbox 283 1810 1929 1893; baseline 0.002 -26"><span class='ocrx_word' id='word_1_115' title='bbox 283 1811 721 1891; x_wconf 72' lang='grc' dir='ltr'>παρασχόμενος,</span> <span class='ocrx_word' id='word_1_116' title='bbox 773 1812 864 1867; x_wconf 80' lang='grc' dir='ltr'>καὶ</span> <span class='ocrx_word' id='word_1_117' title='bbox 911 1813 973 1867; x_wconf 77' lang='grc' dir='ltr'>τὸ</span> <span class='ocrx_word' id='word_1_118' title='bbox 1032 1810 1088 1867; x_wconf 76' lang='grc' dir='ltr'>εὖ</span> <span class='ocrx_word' id='word_1_119' title='bbox 1120 1812 1261 1868; x_wconf 71' lang='grc' dir='ltr'>εἶναι</span> <span class='ocrx_word' id='word_1_120' title='bbox 1315 1811 1382 1869; x_wconf 83' lang='grc' dir='ltr'><strong>δι’</strong></span> <span class='ocrx_word' id='word_1_121' title='bbox 1415 1812 1575 1871; x_wconf 69' lang='grc' dir='ltr'>αὐτοῦ</span> <span class='ocrx_word' id='word_1_122' title='bbox 1606 1812 1929 1893; x_wconf 73' lang='grc' dir='ltr'>δωρησάμε-</span> 
     </span>
    </p>
   </div>
   <div class='ocr_carea' id='block_1_20' title="bbox 2020 639 2452 711">
    <p class='ocr_par' dir='ltr' id='par_1_20' title="bbox 2020 639 2452 711">
     <span class='ocr_line' id='line_1_20' title="bbox 2020 639 2452 711; baseline 0.007 -12"><span class='ocrx_word' id='word_1_123' title='bbox 2020 656 2222 711; x_wconf 84' lang='lat' dir='ltr'><strong>orans,</strong></span> <span class='ocrx_word' id='word_1_124' title='bbox 2254 639 2412 701; x_wconf 83' lang='lat' dir='ltr'><strong>dicat</strong></span> <span class='ocrx_word' id='word_1_125' title='bbox 2439 661 2452 702; x_wconf 90' lang='lat'><strong>:</strong></span> 
     </span>
    </p>
   </div>
   <div class='ocr_carea' id='block_1_21' title="bbox 2384 906 3308 974">
    <p class='ocr_par' dir='ltr' id='par_1_21' title="bbox 2384 906 3308 974">
     <span class='ocr_line' id='line_1_21' title="bbox 2384 906 3308 974; baseline 0.005 -5"><span class='ocrx_word' id='word_1_126' title='bbox 2384 906 2744 969; x_wconf 77' lang='lat' dir='ltr'><strong>Gratiarum</strong></span> <span class='ocrx_word' id='word_1_127' title='bbox 2789 912 2949 971; x_wconf 76' lang='lat' dir='ltr'><strong>artic</strong></span> <span class='ocrx_word' id='word_1_128' title='bbox 2979 914 3308 974; x_wconf 81' lang='lat' dir='ltr'><strong>matutina.</strong></span> 
     </span>
    </p>
   </div>
   <div class='ocr_carea' id='block_1_22' title="bbox 2101 996 3673 1080">
    <p class='ocr_par' dir='ltr' id='par_1_22' title="bbox 2101 996 3673 1080">
     <span class='ocr_line' id='line_1_22' title="bbox 2101 996 3673 1080; baseline 0.002 -23"><span class='ocrx_word' id='word_1_129' title='bbox 2101 996 2425 1074; x_wconf 89' lang='lat' dir='ltr'><strong>Spirituum</strong></span> <span class='ocrx_word' id='word_1_130' title='bbox 2452 1005 2513 1058; x_wconf 90' lang='lat' dir='ltr'><strong>et</strong></span> <span class='ocrx_word' id='word_1_131' title='bbox 2533 997 2730 1057; x_wconf 85' lang='lat' dir='ltr'><strong>omnis</strong></span> <span class='ocrx_word' id='word_1_132' title='bbox 2758 998 2955 1059; x_wconf 89' lang='lat' dir='ltr'><strong>carnis</strong></span> <span class='ocrx_word' id='word_1_133' title='bbox 2983 1001 3162 1074; x_wconf 90' lang='lat' dir='ltr'><strong>Deus,</strong></span> <span class='ocrx_word' id='word_1_134' title='bbox 3190 1000 3673 1080; x_wconf 79' lang='lat' dir='ltr'><strong>incomparabilis</strong></span> 
     </span>
    </p>
   </div>
   <div class='ocr_carea' id='block_1_23' title="bbox 2020 1084 3676 1169">
    <p class='ocr_par' dir='ltr' id='par_1_23' title="bbox 2020 1084 3676 1169">
     <span class='ocr_line' id='line_1_23' title="bbox 2020 1084 3676 1169; baseline 0.004 -26"><span class='ocrx_word' id='word_1_135' title='bbox 2020 1101 2087 1143; x_wconf 88' lang='lat' dir='ltr'><strong>ac</strong></span> <span class='ocrx_word' id='word_1_136' title='bbox 2117 1084 2337 1146; x_wconf 85' lang='lat' dir='ltr'><strong>nullius</strong></span> <span class='ocrx_word' id='word_1_137' title='bbox 2372 1086 2460 1146; x_wconf 93' lang='lat' dir='ltr'><strong>rei</strong></span> <span class='ocrx_word' id='word_1_138' title='bbox 2482 1087 2541 1146; x_wconf 93' lang='lat' dir='ltr'><strong>in</strong></span> <span class='ocrx_word' id='word_1_139' title='bbox 2566 1086 2771 1165; x_wconf 84' lang='lat' dir='ltr'><strong>digus;</strong></span> <span class='ocrx_word' id='word_1_140' title='bbox 2793 1088 2892 1167; x_wconf 90' lang='lat' dir='ltr'><strong>qui</strong></span> <span class='ocrx_word' id='word_1_141' title='bbox 2915 1087 3132 1149; x_wconf 85' lang='lat' dir='ltr'><strong>dedisti</strong></span> <span class='ocrx_word' id='word_1_142' title='bbox 3150 1090 3437 1169; x_wconf 83' lang='lat' dir='ltr'><strong>solem,ut</strong></span> <span class='ocrx_word' id='word_1_143' title='bbox 3460 1107 3676 1169; x_wconf 64' lang='lat' dir='ltr'><strong>praaes-</strong></span> 
     </span>
    </p>
   </div>
   <div class='ocr_carea' id='block_1_24' title="bbox 2021 1173 3667 1259">
    <p class='ocr_par' dir='ltr' id='par_1_24' title="bbox 2021 1173 3667 1259">
     <span class='ocr_line' id='line_1_24' title="bbox 2021 1173 3667 1259; baseline 0.004 -27"><span class='ocrx_word' id='word_1_144' title='bbox 2021 1181 2112 1233; x_wconf 90' lang='lat' dir='ltr'><strong>set</strong></span> <span class='ocrx_word' id='word_1_145' title='bbox 2134 1173 2253 1234; x_wconf 92' lang='lat' dir='ltr'><strong>diei</strong></span> <span class='ocrx_word' id='word_1_146' title='bbox 2282 1192 2297 1249; x_wconf 89' lang='lat'><strong>;</strong></span> <span class='ocrx_word' id='word_1_147' title='bbox 2327 1175 2522 1236; x_wconf 90' lang='lat' dir='ltr'><strong>lunam</strong></span> <span class='ocrx_word' id='word_1_148' title='bbox 2550 1194 2686 1236; x_wconf 88' lang='lat' dir='ltr'><strong>vero</strong></span> <span class='ocrx_word' id='word_1_149' title='bbox 2715 1184 2771 1235; x_wconf 89' lang='lat' dir='ltr'><strong>et</strong></span> <span class='ocrx_word' id='word_1_150' title='bbox 2793 1177 3019 1256; x_wconf 79' lang='lat' dir='ltr'><strong>stellas,</strong></span> <span class='ocrx_word' id='word_1_151' title='bbox 3048 1186 3108 1239; x_wconf 92' lang='lat' dir='ltr'><strong>ut</strong></span> <span class='ocrx_word' id='word_1_152' title='bbox 3131 1186 3455 1259; x_wconf 76' lang='lat' dir='ltr'><strong>praeessent</strong></span> <span class='ocrx_word' id='word_1_153' title='bbox 3486 1180 3667 1251; x_wconf 77' lang='lat' dir='ltr'><strong>norti,</strong></span> 
     </span>
    </p>
   </div>
   <div class='ocr_carea' id='block_1_25' title="bbox 2018 1260 3673 1345">
    <p class='ocr_par' dir='ltr' id='par_1_25' title="bbox 2018 1260 3673 1345">
     <span class='ocr_line' id='line_1_25' title="bbox 2018 1260 3673 1345; baseline 0.003 -25"><span class='ocrx_word' id='word_1_154' title='bbox 2018 1260 2144 1339; x_wconf 90' lang='lat' dir='ltr'><strong>ipse</strong></span> <span class='ocrx_word' id='word_1_155' title='bbox 2164 1273 2219 1324; x_wconf 88' lang='lat' dir='ltr'><strong>et</strong></span> <span class='ocrx_word' id='word_1_156' title='bbox 2250 1282 2407 1324; x_wconf 90' lang='lat' dir='ltr'><strong>nunc</strong></span> <span class='ocrx_word' id='word_1_157' title='bbox 2430 1264 2667 1343; x_wconf 84' lang='lat' dir='ltr'><strong>respice</strong></span> <span class='ocrx_word' id='word_1_158' title='bbox 2689 1283 2870 1345; x_wconf 85' lang='lat' dir='ltr'><strong>super</strong></span> <span class='ocrx_word' id='word_1_159' title='bbox 2892 1285 3001 1326; x_wconf 91' lang='lat' dir='ltr'><strong>nos</strong></span> <span class='ocrx_word' id='word_1_160' title='bbox 3024 1266 3212 1328; x_wconf 90' lang='lat' dir='ltr'><strong>oculis</strong></span> <span class='ocrx_word' id='word_1_161' title='bbox 3237 1267 3538 1329; x_wconf 85' lang='lat' dir='ltr'><strong>benevolis</strong></span> <span class='ocrx_word' id='word_1_162' title='bbox 3565 1287 3582 1343; x_wconf 88' lang='lat'><strong>;</strong></span> <span class='ocrx_word' id='word_1_163' title='bbox 3605 1286 3673 1326; x_wconf 89' lang='lat' dir='ltr'><strong>ac</strong></span> 
     </span>
    </p>
   </div>
   <div class='ocr_carea' id='block_1_26' title="bbox 2018 1352 3673 1433">
    <p class='ocr_par' dir='ltr' id='par_1_26' title="bbox 2018 1352 3673 1433">
     <span class='ocr_line' id='line_1_26' title="bbox 2018 1352 3673 1433; baseline 0.003 -23"><span class='ocrx_word' id='word_1_164' title='bbox 2018 1352 2258 1431; x_wconf 79' lang='lat' dir='ltr'><strong>suscipe</strong></span> <span class='ocrx_word' id='word_1_165' title='bbox 2295 1354 2615 1417; x_wconf 82' lang='lat' dir='ltr'><strong>matutinas</strong></span> <span class='ocrx_word' id='word_1_166' title='bbox 2648 1363 2881 1416; x_wconf 88' lang='lat' dir='ltr'><strong>nostras</strong></span> <span class='ocrx_word' id='word_1_167' title='bbox 2915 1357 3235 1433; x_wconf 84' lang='lat' dir='ltr'><strong>gratiarum</strong></span> <span class='ocrx_word' id='word_1_168' title='bbox 3271 1356 3537 1417; x_wconf 74' lang='lat' dir='ltr'><strong>actiones</strong></span> <span class='ocrx_word' id='word_1_169' title='bbox 3566 1374 3580 1430; x_wconf 89' lang='lat'>;</span> <span class='ocrx_word' id='word_1_170' title='bbox 3615 1365 3673 1416; x_wconf 90' lang='lat' dir='ltr'><strong>et</strong></span> 
     </span>
    </p>
   </div>
   <div class='ocr_carea' id='block_1_27' title="bbox 2018 1443 3672 1519">
    <p class='ocr_par' dir='ltr' id='par_1_27' title="bbox 2018 1443 3672 1519">
     <span class='ocr_line' id='line_1_27' title="bbox 2018 1443 3672 1519; baseline 0.002 -17"><span class='ocrx_word' id='word_1_171' title='bbox 2018 1443 2310 1505; x_wconf 79' lang='lat' dir='ltr'><strong>miserere</strong></span> <span class='ocrx_word' id='word_1_172' title='bbox 2338 1446 2557 1508; x_wconf 88' lang='lat' dir='ltr'><strong>nostri:</strong></span> <span class='ocrx_word' id='word_1_173' title='bbox 2588 1465 2702 1507; x_wconf 92' lang='lat' dir='ltr'><strong>non</strong></span> <span class='ocrx_word' id='word_1_174' title='bbox 2728 1447 2886 1507; x_wconf 90' lang='lat' dir='ltr'><strong>enim</strong></span> <span class='ocrx_word' id='word_1_175' title='bbox 2916 1447 3311 1519; x_wconf 75' lang='lat' dir='ltr'><strong>expendimus</strong></span> <span class='ocrx_word' id='word_1_176' title='bbox 3333 1466 3538 1507; x_wconf 87' lang='lat' dir='ltr'><strong>manus</strong></span> <span class='ocrx_word' id='word_1_177' title='bbox 3572 1466 3672 1506; x_wconf 65' lang='lat' dir='ltr'><strong>no.</strong></span> 
     </span>
    </p>
   </div>
   <div class='ocr_carea' id='block_1_28' title="bbox 2015 1534 3671 1616">
    <p class='ocr_par' dir='ltr' id='par_1_28' title="bbox 2015 1534 3671 1616">
     <span class='ocr_line' id='line_1_28' title="bbox 2015 1534 3671 1616; baseline 0.003 -25"><span class='ocrx_word' id='word_1_178' title='bbox 2015 1540 2166 1593; x_wconf 89' lang='lat' dir='ltr'><strong>stras</strong></span> <span class='ocrx_word' id='word_1_179' title='bbox 2190 1534 2261 1593; x_wconf 84' lang='lat' dir='ltr'><strong>a.l</strong></span> <span class='ocrx_word' id='word_1_180' title='bbox 2288 1534 2463 1595; x_wconf 91' lang='lat' dir='ltr'><strong>deum</strong></span> <span class='ocrx_word' id='word_1_181' title='bbox 2492 1536 2750 1597; x_wconf 88' lang='lat' dir='ltr'><strong>alienum</strong></span> <span class='ocrx_word' id='word_1_182' title='bbox 2784 1558 2798 1611; x_wconf 89' lang='lat'><strong>;</strong></span> <span class='ocrx_word' id='word_1_183' title='bbox 2830 1535 3126 1616; x_wconf 84' lang='lat' dir='ltr'><strong>siquidem</strong></span> <span class='ocrx_word' id='word_1_184' title='bbox 3152 1556 3268 1597; x_wconf 92' lang='lat' dir='ltr'><strong>non</strong></span> <span class='ocrx_word' id='word_1_185' title='bbox 3288 1546 3379 1597; x_wconf 87' lang='lat' dir='ltr'><strong>est</strong></span> <span class='ocrx_word' id='word_1_186' title='bbox 3404 1537 3462 1597; x_wconf 93' lang='lat' dir='ltr'><strong>in</strong></span> <span class='ocrx_word' id='word_1_187' title='bbox 3500 1535 3671 1597; x_wconf 85' lang='lat' dir='ltr'><strong>nobis</strong></span> 
     </span>
    </p>
   </div>
   <div class='ocr_carea' id='block_1_29' title="bbox 2015 1620 3668 1697">
    <p class='ocr_par' dir='ltr' id='par_1_29' title="bbox 2015 1620 3668 1697">
     <span class='ocr_line' id='line_1_29' title="bbox 2015 1620 3668 1697; baseline 0.002 -17"><span class='ocrx_word' id='word_1_188' title='bbox 2015 1620 2163 1682; x_wconf 87' lang='lat' dir='ltr'><strong>deus</strong></span> <span class='ocrx_word' id='word_1_189' title='bbox 2195 1641 2408 1684; x_wconf 83' lang='lat' dir='ltr'><strong>recens</strong></span> <span class='ocrx_word' id='word_1_190' title='bbox 2430 1624 2514 1697; x_wconf 81' lang='grc'><strong>86,</strong></span> <span class='ocrx_word' id='word_1_191' title='bbox 2544 1627 2646 1686; x_wconf 89' lang='lat' dir='ltr'><strong>sed</strong></span> <span class='ocrx_word' id='word_1_192' title='bbox 2685 1638 2742 1685; x_wconf 88' lang='lat' dir='ltr'><strong>tu</strong></span> <span class='ocrx_word' id='word_1_193' title='bbox 2777 1634 3036 1686; x_wconf 55' lang='lat' dir='ltr'><strong>aeternus</strong></span> <span class='ocrx_word' id='word_1_194' title='bbox 3057 1645 3127 1686; x_wconf 78' lang='lat' dir='ltr'><strong>ac</strong></span> <span class='ocrx_word' id='word_1_195' title='bbox 3152 1625 3529 1687; x_wconf 68' lang='lat' dir='ltr'><strong>immortalis.</strong></span> <span class='ocrx_word' id='word_1_196' title='bbox 3555 1624 3668 1697; x_wconf 89' lang='lat' dir='ltr'><strong>Qui</strong></span> 
     </span>
    </p>
   </div>
   <div class='ocr_carea' id='block_1_30' title="bbox 2015 1711 3670 1795">
    <p class='ocr_par' dir='ltr' id='par_1_30' title="bbox 2015 1711 3670 1795">
     <span class='ocr_line' id='line_1_30' title="bbox 2015 1711 3670 1795; baseline 0.003 -25"><span class='ocrx_word' id='word_1_197' title='bbox 2015 1711 2190 1770; x_wconf 79' lang='lat' dir='ltr'><strong>nobis</strong></span> <span class='ocrx_word' id='word_1_198' title='bbox 2224 1731 2330 1792; x_wconf 84' lang='lat' dir='ltr'><strong>per</strong></span> <span class='ocrx_word' id='word_1_199' title='bbox 2362 1714 2663 1775; x_wconf 85' lang='lat' dir='ltr'><strong>Christum</strong></span> <span class='ocrx_word' id='word_1_200' title='bbox 2698 1713 3001 1795; x_wconf 67' lang='lat' dir='ltr'><strong>praebuisti</strong></span> <span class='ocrx_word' id='word_1_201' title='bbox 3032 1724 3094 1774; x_wconf 93' lang='lat' dir='ltr'><strong>ut</strong></span> <span class='ocrx_word' id='word_1_202' title='bbox 3134 1732 3422 1787; x_wconf 72' lang='lat' dir='ltr'><strong>essemus,</strong></span> <span class='ocrx_word' id='word_1_203' title='bbox 3451 1715 3670 1795; x_wconf 81' lang='lat' dir='ltr'><strong>quippe</strong></span> 
     </span>
    </p>
   </div>
   <div class='ocr_carea' id='block_1_31' title="bbox 2016 1802 3672 1886">
    <p class='ocr_par' dir='ltr' id='par_1_31' title="bbox 2016 1802 3672 1886">
     <span class='ocr_line' id='line_1_31' title="bbox 2016 1802 3672 1886; baseline 0.002 -25"><span class='ocrx_word' id='word_1_204' title='bbox 2016 1819 2122 1879; x_wconf 88' lang='lat' dir='ltr'><strong>per</strong></span> <span class='ocrx_word' id='word_1_205' title='bbox 2148 1802 2422 1863; x_wconf 71' lang='lat' dir='ltr'><strong>enuidem</strong></span> <span class='ocrx_word' id='word_1_206' title='bbox 2468 1803 2699 1865; x_wconf 86' lang='lat' dir='ltr'><strong>donasti</strong></span> <span class='ocrx_word' id='word_1_207' title='bbox 2756 1812 2820 1864; x_wconf 88' lang='lat' dir='ltr'><strong>ut</strong></span> <span class='ocrx_word' id='word_1_208' title='bbox 2873 1803 3026 1865; x_wconf 88' lang='lat' dir='ltr'><strong>bene</strong></span> <span class='ocrx_word' id='word_1_209' title='bbox 3059 1821 3368 1880; x_wconf 90' lang='lat' dir='ltr'><strong>essemus;</strong></span> <span class='ocrx_word' id='word_1_210' title='bbox 3402 1804 3531 1886; x_wconf 84' lang='lat' dir='ltr'><strong>ipse</strong></span> <span class='ocrx_word' id='word_1_211' title='bbox 3563 1822 3672 1864; x_wconf 93' lang='lat' dir='ltr'><strong>nos</strong></span> 
     </span>
    </p>
   </div>
   <div class='ocr_carea' id='block_1_32' title="bbox 287 1893 1931 1975">
    <p class='ocr_par' dir='ltr' id='par_1_32' title="bbox 287 1897 1927 1975">
     <span class='ocr_line' id='line_1_32' title="bbox 287 1897 1927 1975; baseline 0.004 -20"><span class='ocrx_word' id='word_1_212' title='bbox 287 1916 398 1964; x_wconf 88' lang='grc' dir='ltr'>νος·</span> <span class='ocrx_word' id='word_1_213' title='bbox 460 1901 615 1964; x_wconf 67' lang='grc' dir='ltr'>αὐτὸς</span> <span class='ocrx_word' id='word_1_214' title='bbox 660 1902 804 1975; x_wconf 72' lang='grc' dir='ltr'>ἡμᾶς</span> <span class='ocrx_word' id='word_1_215' title='bbox 865 1897 933 1957; x_wconf 82' lang='grc' dir='ltr'><strong>δι’</strong></span> <span class='ocrx_word' id='word_1_216' title='bbox 964 1903 1123 1961; x_wconf 52' lang='lat' dir='ltr'><strong>aii-:06</strong></span> <span class='ocrx_word' id='word_1_217' title='bbox 1172 1901 1500 1968; x_wconf 78' lang='grc' dir='ltr'>καταξίωσον</span> <span class='ocrx_word' id='word_1_218' title='bbox 1546 1905 1631 1960; x_wconf 79' lang='grc' dir='ltr'>καὶ</span> <span class='ocrx_word' id='word_1_219' title='bbox 1674 1910 1772 1972; x_wconf 74' lang='grc' dir='ltr'><strong>τῆς</strong></span> <span class='ocrx_word' id='word_1_220' title='bbox 1802 1907 1927 1961; x_wconf 73' lang='grc' dir='ltr'>αἰω-</span> 
     </span>
    </p>
   </div>
   <div class='ocr_carea' id='block_1_33' title="bbox 2026 1893 3668 1975">
    <p class='ocr_par' dir='ltr' id='par_1_33' title="bbox 2026 1893 3668 1975">
     <span class='ocr_line' id='line_1_33' title="bbox 2026 1893 3668 1975; baseline 0.002 -24"><span class='ocrx_word' id='word_1_221' title='bbox 2026 1908 2123 1969; x_wconf 87' lang='lat' dir='ltr'><strong>per</strong></span> <span class='ocrx_word' id='word_1_222' title='bbox 2142 1912 2275 1952; x_wconf 87' lang='lat' dir='ltr'><strong>eum</strong></span> <span class='ocrx_word' id='word_1_223' title='bbox 2303 1893 2547 1970; x_wconf 84' lang='lat' dir='ltr'><strong>dignare</strong></span> <span class='ocrx_word' id='word_1_224' title='bbox 2579 1902 2807 1956; x_wconf 62' lang='lat' dir='ltr'><strong>aeterna</strong></span> <span class='ocrx_word' id='word_1_225' title='bbox 2838 1893 2971 1969; x_wconf 81' lang='lat' dir='ltr'><strong>vita,</strong></span> <span class='ocrx_word' id='word_1_226' title='bbox 3007 1912 3141 1955; x_wconf 91' lang='lat' dir='ltr'><strong>cum</strong></span> <span class='ocrx_word' id='word_1_227' title='bbox 3176 1913 3295 1972; x_wconf 92' lang='lat' dir='ltr'><strong>quo</strong></span> <span class='ocrx_word' id='word_1_228' title='bbox 3330 1893 3433 1954; x_wconf 88' lang='lat' dir='ltr'><strong>tibi</strong></span> <span class='ocrx_word' id='word_1_229' title='bbox 3458 1894 3668 1975; x_wconf 78' lang='lat' dir='ltr'><strong>gloria,</strong></span> 
     </span>
    </p>
   </div>
   <div class='ocr_carea' id='block_1_34' title="bbox 297 1989 1928 2069">
    <p class='ocr_par' dir='ltr' id='par_1_34' title="bbox 297 1989 1928 2069">
     <span class='ocr_line' id='line_1_34' title="bbox 297 1989 1928 2069; baseline 0.004 -24"><span class='ocrx_word' id='word_1_230' title='bbox 297 1990 409 2046; x_wconf 88' lang='grc' dir='ltr'>νίου</span> <span class='ocrx_word' id='word_1_231' title='bbox 447 1995 613 2061; x_wconf 65' lang='grc' dir='ltr'><strong>ἵζω-ἧς’</strong></span> <span class='ocrx_word' id='word_1_232' title='bbox 675 1990 793 2061; x_wconf 83' lang='grc' dir='ltr'><strong>μεθ’</strong></span> <span class='ocrx_word' id='word_1_233' title='bbox 853 1990 914 2048; x_wconf 76' lang='grc' dir='ltr'><strong>οὗ</strong></span> <span class='ocrx_word' id='word_1_234' title='bbox 978 2014 1061 2049; x_wconf 91' lang='grc' dir='ltr'><strong>σοι</strong></span> <span class='ocrx_word' id='word_1_235' title='bbox 1115 1989 1259 2062; x_wconf 75' lang='grc' dir='ltr'>δόξα,</span> <span class='ocrx_word' id='word_1_236' title='bbox 1318 1993 1406 2049; x_wconf 76' lang='grc' dir='ltr'>καὶ</span> <span class='ocrx_word' id='word_1_237' title='bbox 1446 1994 1602 2069; x_wconf 69' lang='grc' dir='ltr'>τιμὴ,</span> <span class='ocrx_word' id='word_1_238' title='bbox 1634 1996 1721 2051; x_wconf 81' lang='grc' dir='ltr'>καὶ</span> <span class='ocrx_word' id='word_1_239' title='bbox 1753 1993 1928 2068; x_wconf 79' lang='grc' dir='ltr'>σέϐας,</span> 
     </span>
    </p>
   </div>
   <div class='ocr_carea' id='block_1_35' title="bbox 292 2080 1933 2160">
    <p class='ocr_par' dir='ltr' id='par_1_35' title="bbox 292 2080 1933 2160">
     <span class='ocr_line' id='line_1_35' title="bbox 292 2080 1933 2160; baseline 0.002 -23"><span class='ocrx_word' id='word_1_240' title='bbox 292 2083 379 2137; x_wconf 81' lang='grc' dir='ltr'><strong>καὶ</strong></span> <span class='ocrx_word' id='word_1_241' title='bbox 427 2086 505 2153; x_wconf 82' lang='grc' dir='ltr'><strong>τῷ</strong></span> <span class='ocrx_word' id='word_1_242' title='bbox 555 2080 689 2158; x_wconf 79' lang='grc' dir='ltr'><strong>ἁγίῳ</strong></span> <span class='ocrx_word' id='word_1_243' title='bbox 746 2082 1031 2157; x_wconf 74' lang='grc' dir='ltr'>Πνιύματι,</span> <span class='ocrx_word' id='word_1_244' title='bbox 1099 2082 1170 2147; x_wconf 79' lang='grc' dir='ltr'><strong>εἰς</strong></span> <span class='ocrx_word' id='word_1_245' title='bbox 1207 2082 1328 2146; x_wconf 83' lang='grc' dir='ltr'>τοὺς</span> <span class='ocrx_word' id='word_1_246' title='bbox 1364 2084 1578 2146; x_wconf 75' lang='grc' dir='ltr'>αἰῶνας.</span> <span class='ocrx_word' id='word_1_247' title='bbox 1606 2083 1803 2160; x_wconf 81' lang='grc' dir='ltr'>Ἀμήν,</span> <span class='ocrx_word' id='word_1_248' title='bbox 1836 2087 1933 2144; x_wconf 82' lang='grc' dir='ltr'><strong>Καὶ</strong></span> 
     </span>
    </p>
   </div>
   <div class='ocr_carea' id='block_1_36' title="bbox 287 2167 1935 2253">
    <p class='ocr_par' dir='ltr' id='par_1_36' title="bbox 287 2167 1935 2253">
     <span class='ocr_line' id='line_1_36' title="bbox 287 2167 1935 2253; baseline 0.004 -28"><span class='ocrx_word' id='word_1_249' title='bbox 287 2172 315 2225; x_wconf 88' lang='grc' dir='ltr'>ὁ</span> <span class='ocrx_word' id='word_1_250' title='bbox 362 2167 599 2235; x_wconf 81' lang='grc' dir='ltr'>διάκονος</span> <span class='ocrx_word' id='word_1_251' title='bbox 628 2169 854 2248; x_wconf 79' lang='grc' dir='ltr'>λεγέτω⁶</span> <span class='ocrx_word' id='word_1_252' title='bbox 894 2169 1114 2230; x_wconf 81' lang='grc' dir='ltr'>Κλίνατε</span> <span class='ocrx_word' id='word_1_253' title='bbox 1239 2172 1563 2253; x_wconf 78' lang='grc' dir='ltr'>χέιροθεσίᾳ.</span> <span class='ocrx_word' id='word_1_254' title='bbox 1624 2175 1722 2233; x_wconf 80' lang='grc' dir='ltr'><strong>Καὶ</strong></span> <span class='ocrx_word' id='word_1_255' title='bbox 1756 2177 1782 2231; x_wconf 90' lang='lat'><strong>6</strong></span> <span class='ocrx_word' id='word_1_256' title='bbox 1814 2174 1935 2232; x_wconf 77' lang='grc' dir='ltr'>ἐπί-</span> 
     </span>
    </p>
   </div>
   <div class='ocr_carea' id='block_1_37' title="bbox 285 2259 1076 2340">
    <p class='ocr_par' dir='ltr' id='par_1_37' title="bbox 285 2259 1076 2340">
     <span class='ocr_line' id='line_1_37' title="bbox 285 2259 1076 2340; baseline 0.001 -23"><span class='ocrx_word' id='word_1_257' title='bbox 285 2280 485 2323; x_wconf 79' lang='grc' dir='ltr'>σκοπος</span> <span class='ocrx_word' id='word_1_258' title='bbox 510 2259 843 2340; x_wconf 76' lang='grc' dir='ltr'>ἐπευχὲσθω,</span> <span class='ocrx_word' id='word_1_259' title='bbox 880 2260 1076 2339; x_wconf 80' lang='grc' dir='ltr'>λέγων’</span> 
     </span>
    </p>
   </div>
   <div class='ocr_carea' id='block_1_38' title="bbox 834 2353 1390 2413">
    <p class='ocr_par' dir='ltr' id='par_1_38' title="bbox 834 2353 1390 2413">
     <span class='ocr_line' id='line_1_38' title="bbox 834 2353 1390 2413; baseline 0.007 -4"><span class='ocrx_word' id='word_1_260' title='bbox 834 2358 1227 2410; x_wconf 74' lang='grc' dir='ltr'><strong>ΚΕΦΑΛΑΙΟΝ</strong></span> <span class='ocrx_word' id='word_1_261' title='bbox 1251 2353 1390 2413; x_wconf 84' lang='grc' dir='ltr'><strong>ΛΘ’.</strong></span> 
     </span>
    </p>
   </div>
   <div class='ocr_carea' id='block_1_39' title="bbox 802 2443 1437 2521">
    <p class='ocr_par' dir='ltr' id='par_1_39' title="bbox 802 2443 1437 2521">
     <span class='ocr_line' id='line_1_39' title="bbox 802 2443 1437 2521; baseline 0.014 -25"><span class='ocrx_word' id='word_1_262' title='bbox 802 2444 1105 2519; x_wconf 73' lang='grc' dir='ltr'>Χειροθεσία</span> <span class='ocrx_word' id='word_1_263' title='bbox 1203 2443 1412 2521; x_wconf 81' lang='grc' dir='ltr'>ὁρθρινή</span> <span class='ocrx_word' id='word_1_264' title='bbox 1425 2492 1437 2505; x_wconf 94' lang='grc'><strong>.</strong></span> 
     </span>
    </p>
   </div>
   <div class='ocr_carea' id='block_1_40' title="bbox 359 2530 1934 2613">
    <p class='ocr_par' dir='ltr' id='par_1_40' title="bbox 359 2530 1934 2613">
     <span class='ocr_line' id='line_1_40' title="bbox 359 2530 1934 2613; baseline 0.002 -23"><span class='ocrx_word' id='word_1_265' title='bbox 359 2534 423 2590; x_wconf 85' lang='lat'><strong>’0</strong></span> <span class='ocrx_word' id='word_1_266' title='bbox 455 2535 589 2596; x_wconf 80' lang='grc' dir='ltr'>Θεὸς</span> <span class='ocrx_word' id='word_1_267' title='bbox 642 2535 668 2588; x_wconf 81' lang='grc' dir='ltr'><strong>ὁ</strong></span> <span class='ocrx_word' id='word_1_268' title='bbox 714 2533 909 2595; x_wconf 80' lang='grc' dir='ltr'>πιστὸς</span> <span class='ocrx_word' id='word_1_269' title='bbox 955 2532 1042 2588; x_wconf 80' lang='grc' dir='ltr'><strong>καὶ</strong></span> <span class='ocrx_word' id='word_1_270' title='bbox 1085 2530 1363 2613; x_wconf 80' lang='grc' dir='ltr'>ἀληθινὸς,</span> <span class='ocrx_word' id='word_1_271' title='bbox 1396 2536 1422 2590; x_wconf 90' lang='lat'><strong>6</strong></span> <span class='ocrx_word' id='word_1_272' title='bbox 1468 2534 1635 2591; x_wconf 75' lang='grc' dir='ltr'>ποιῶν</span> <span class='ocrx_word' id='word_1_273' title='bbox 1679 2534 1827 2599; x_wconf 75' lang='grc' dir='ltr'>ἕλεος</span> <span class='ocrx_word' id='word_1_274' title='bbox 1860 2540 1934 2601; x_wconf 84' lang='grc' dir='ltr'>εἷς</span> 
     </span>
    </p>
   </div>
   <div class='ocr_carea' id='block_1_41' title="bbox 2017 1980 3665 2065">
    <p class='ocr_par' dir='ltr' id='par_1_41' title="bbox 2017 1980 3665 2065">
     <span class='ocr_line' id='line_1_41' title="bbox 2017 1980 3665 2065; baseline 0.001 -24"><span class='ocrx_word' id='word_1_275' title='bbox 2017 1980 2233 2054; x_wconf 84' lang='lat' dir='ltr'><strong>honor,</strong></span> <span class='ocrx_word' id='word_1_276' title='bbox 2272 1985 2597 2065; x_wconf 87' lang='lat' dir='ltr'><strong>veneratio,</strong></span> <span class='ocrx_word' id='word_1_277' title='bbox 2634 1992 2692 2045; x_wconf 90' lang='lat' dir='ltr'><strong>et</strong></span> <span class='ocrx_word' id='word_1_278' title='bbox 2743 1991 2946 2045; x_wconf 91' lang='lat' dir='ltr'><strong>sancto</strong></span> <span class='ocrx_word' id='word_1_279' title='bbox 3006 1983 3272 2063; x_wconf 84' lang='lat' dir='ltr'><strong>Spiritui,</strong></span> <span class='ocrx_word' id='word_1_280' title='bbox 3320 1983 3381 2043; x_wconf 92' lang='lat' dir='ltr'><strong>in</strong></span> <span class='ocrx_word' id='word_1_281' title='bbox 3432 1985 3665 2045; x_wconf 60' lang='lat' dir='ltr'><strong>saecula.</strong></span> 
     </span>
    </p>
   </div>
   <div class='ocr_carea' id='block_1_42' title="bbox 2015 2069 3667 2136">
    <p class='ocr_par' dir='ltr' id='par_1_42' title="bbox 2015 2069 3667 2136">
     <span class='ocr_line' id='line_1_42' title="bbox 2015 2069 3667 2136; baseline 0.002 -5"><span class='ocrx_word' id='word_1_282' title='bbox 2015 2069 2229 2134; x_wconf 87' lang='lat' dir='ltr'><strong>Amen.</strong></span> <span class='ocrx_word' id='word_1_283' title='bbox 2271 2070 2414 2132; x_wconf 79' lang='lat' dir='ltr'><strong>Tum</strong></span> <span class='ocrx_word' id='word_1_284' title='bbox 2442 2074 2730 2135; x_wconf 88' lang='lat' dir='ltr'><strong>diaconus</strong></span> <span class='ocrx_word' id='word_1_285' title='bbox 2760 2074 2957 2136; x_wconf 87' lang='lat' dir='ltr'><strong>dicat:</strong></span> <span class='ocrx_word' id='word_1_286' title='bbox 2993 2072 3285 2135; x_wconf 89' lang='lat' dir='ltr'><strong>Inclinate</strong></span> <span class='ocrx_word' id='word_1_287' title='bbox 3333 2073 3405 2134; x_wconf 88' lang='lat' dir='ltr'><strong>ad</strong></span> <span class='ocrx_word' id='word_1_288' title='bbox 3455 2090 3667 2136; x_wconf 81' lang='lat' dir='ltr'><strong>manus</strong></span> 
     </span>
    </p>
   </div>
   <div class='ocr_carea' id='block_1_43' title="bbox 2015 2160 3539 2246">
    <p class='ocr_par' dir='ltr' id='par_1_43' title="bbox 2015 2160 3539 2246">
     <span class='ocr_line' id='line_1_43' title="bbox 2015 2160 3539 2246; baseline 0 -24"><span class='ocrx_word' id='word_1_289' title='bbox 2015 2160 2482 2237; x_wconf 85' lang='lat' dir='ltr'><strong>impositionem.</strong></span> <span class='ocrx_word' id='word_1_290' title='bbox 2517 2168 2602 2226; x_wconf 84' lang='lat' dir='ltr'><strong>Ac</strong></span> <span class='ocrx_word' id='word_1_291' title='bbox 2636 2163 2957 2246; x_wconf 89' lang='lat' dir='ltr'><strong>episcopus</strong></span> <span class='ocrx_word' id='word_1_292' title='bbox 2991 2172 3141 2237; x_wconf 90' lang='lat' dir='ltr'><strong>oret,</strong></span> <span class='ocrx_word' id='word_1_293' title='bbox 3176 2162 3271 2225; x_wconf 90' lang='lat' dir='ltr'><strong>his</strong></span> <span class='ocrx_word' id='word_1_294' title='bbox 3303 2163 3539 2225; x_wconf 85' lang='lat' dir='ltr'><strong>verbis:</strong></span> 
     </span>
    </p>
   </div>
   <div class='ocr_carea' id='block_1_44' title="bbox 2571 2343 3123 2410">
    <p class='ocr_par' dir='ltr' id='par_1_44' title="bbox 2571 2343 3123 2410">
     <span class='ocr_line' id='line_1_44' title="bbox 2571 2343 3123 2410; baseline 0 -2"><span class='ocrx_word' id='word_1_295' title='bbox 2571 2343 2816 2410; x_wconf 81' lang='lat' dir='ltr'><strong>CAPUT</strong></span> <span class='ocrx_word' id='word_1_296' title='bbox 2859 2346 3123 2409; x_wconf 81' lang='lat' dir='ltr'><strong>XXXIX.</strong></span> 
     </span>
    </p>
   </div>
   <div class='ocr_carea' id='block_1_45' title="bbox 2382 2437 3305 2517">
    <p class='ocr_par' dir='ltr' id='par_1_45' title="bbox 2382 2437 3305 2517">
     <span class='ocr_line' id='line_1_45' title="bbox 2382 2437 3305 2517; baseline 0.002 -20"><span class='ocrx_word' id='word_1_297' title='bbox 2382 2437 2694 2517; x_wconf 70' lang='lat' dir='ltr'><strong>Imposilio</strong></span> <span class='ocrx_word' id='word_1_298' title='bbox 2724 2455 2944 2499; x_wconf 85' lang='lat' dir='ltr'><strong>manus</strong></span> <span class='ocrx_word' id='word_1_299' title='bbox 2980 2439 3305 2499; x_wconf 80' lang='lat' dir='ltr'><strong>matutino.</strong></span> 
     </span>
    </p>
   </div>
   <div class='ocr_carea' id='block_1_46' title="bbox 2102 2523 3669 2607">
    <p class='ocr_par' dir='ltr' id='par_1_46' title="bbox 2102 2523 3669 2607">
     <span class='ocr_line' id='line_1_46' title="bbox 2102 2523 3669 2607; baseline 0.003 -23"><span class='ocrx_word' id='word_1_300' title='bbox 2102 2523 2257 2585; x_wconf 63' lang='lat' dir='ltr'><strong>Deus</strong></span> <span class='ocrx_word' id='word_1_301' title='bbox 2284 2525 2477 2587; x_wconf 85' lang='lat' dir='ltr'><strong>ﬁdelis</strong></span> <span class='ocrx_word' id='word_1_302' title='bbox 2509 2535 2565 2587; x_wconf 90' lang='lat' dir='ltr'><strong>ct</strong></span> <span class='ocrx_word' id='word_1_303' title='bbox 2598 2546 2769 2587; x_wconf 84' lang='lat' dir='ltr'><strong>verax</strong></span> <span class='ocrx_word' id='word_1_304' title='bbox 2789 2527 2874 2607; x_wconf 84' lang='lat'><strong>87,</strong></span> <span class='ocrx_word' id='word_1_305' title='bbox 2900 2531 2998 2607; x_wconf 90' lang='lat' dir='ltr'><strong>qui</strong></span> <span class='ocrx_word' id='word_1_306' title='bbox 3029 2528 3170 2589; x_wconf 81' lang='lat' dir='ltr'><strong>facis</strong></span> <span class='ocrx_word' id='word_1_307' title='bbox 3202 2528 3669 2590; x_wconf 89' lang='lat' dir='ltr'><strong>misericordiam</strong></span> 
     </span>
    </p>
   </div>
   <div class='ocr_carea' id='block_1_47' title="bbox 282 2612 1931 2705">
    <p class='ocr_par' dir='ltr' id='par_1_47' title="bbox 282 2612 1931 2705">
     <span class='ocr_line' id='line_1_47' title="bbox 282 2612 1931 2705; baseline 0.003 -27"><span class='ocrx_word' id='word_1_308' title='bbox 282 2622 532 2704; x_wconf 75' lang='grc' dir='ltr'>χιλιάδας</span> <span class='ocrx_word' id='word_1_309' title='bbox 583 2624 670 2679; x_wconf 81' lang='grc' dir='ltr'>καὶ</span> <span class='ocrx_word' id='word_1_310' title='bbox 702 2620 953 2699; x_wconf 74' lang='grc' dir='ltr'>μυριάδας</span> <span class='ocrx_word' id='word_1_311' title='bbox 1000 2634 1117 2685; x_wconf 71' lang='grc' dir='ltr'>τοῖς</span> <span class='ocrx_word' id='word_1_312' title='bbox 1151 2612 1425 2703; x_wconf 76' lang='grc' dir='ltr'>ἂγαπῶσί,</span> <span class='ocrx_word' id='word_1_313' title='bbox 1467 2645 1553 2698; x_wconf 82' lang='grc' dir='ltr'>σι,</span> <span class='ocrx_word' id='word_1_314' title='bbox 1588 2626 1615 2681; x_wconf 89' lang='lat'><strong>6</strong></span> <span class='ocrx_word' id='word_1_315' title='bbox 1660 2624 1808 2705; x_wconf 71' lang='grc' dir='ltr'>φίλος</span> <span class='ocrx_word' id='word_1_316' title='bbox 1842 2647 1931 2683; x_wconf 80' lang='grc' dir='ltr'><strong>τα-</strong></span> 
     </span>
    </p>
   </div>
   <div class='ocr_carea' id='block_1_48' title="bbox 2026 2612 3670 2705">
    <p class='ocr_par' dir='ltr' id='par_1_48' title="bbox 2026 2612 3670 2705">
     <span class='ocr_line' id='line_1_48' title="bbox 2026 2612 3670 2705; baseline 0.004 -33"><span class='ocrx_word' id='word_1_317' title='bbox 2026 2612 2077 2705; x_wconf 79' lang='lat' dir='ltr'><strong>in</strong></span> <span class='ocrx_word' id='word_1_318' title='bbox 2111 2614 2316 2687; x_wconf 87' lang='lat' dir='ltr'><strong>millia,</strong></span> <span class='ocrx_word' id='word_1_319' title='bbox 2352 2625 2409 2677; x_wconf 91' lang='lat' dir='ltr'><strong>et</strong></span> <span class='ocrx_word' id='word_1_320' title='bbox 2443 2616 2597 2677; x_wconf 91' lang='lat' dir='ltr'><strong>dena</strong></span> <span class='ocrx_word' id='word_1_321' title='bbox 2648 2617 2854 2691; x_wconf 90' lang='lat' dir='ltr'><strong>millia,</strong></span> <span class='ocrx_word' id='word_1_322' title='bbox 2894 2616 3283 2695; x_wconf 83' lang='lat' dir='ltr'><strong>diligentibus</strong></span> <span class='ocrx_word' id='word_1_323' title='bbox 3310 2627 3408 2697; x_wconf 85' lang='lat' dir='ltr'><strong>te;</strong></span> <span class='ocrx_word' id='word_1_324' title='bbox 3444 2620 3670 2682; x_wconf 87' lang='lat' dir='ltr'><strong>amicus</strong></span> 
     </span>
    </p>
   </div>
   <div class='ocr_carea' id='block_1_49' title="bbox 286 2698 1931 2796">
    <p class='ocr_par' dir='ltr' id='par_1_49' title="bbox 286 2698 1931 2796">
     <span class='ocr_line' id='line_1_49' title="bbox 286 2698 1931 2796; baseline 0.001 -27"><span class='ocrx_word' id='word_1_325' title='bbox 286 2698 505 2787; x_wconf 69' lang='grc' dir='ltr'>πεινῶν,</span> <span class='ocrx_word' id='word_1_326' title='bbox 558 2714 646 2768; x_wconf 85' lang='grc' dir='ltr'>καὶ</span> <span class='ocrx_word' id='word_1_327' title='bbox 705 2698 949 2781; x_wconf 79' lang='grc' dir='ltr'>πενήτων</span> <span class='ocrx_word' id='word_1_328' title='bbox 1008 2713 1338 2792; x_wconf 78' lang='grc' dir='ltr'>προστάτης,</span> <span class='ocrx_word' id='word_1_329' title='bbox 1371 2715 1430 2768; x_wconf 73' lang='grc' dir='ltr'><strong>οὗ</strong></span> <span class='ocrx_word' id='word_1_330' title='bbox 1473 2713 1644 2775; x_wconf 73' lang='grc' dir='ltr'>πάντα</span> <span class='ocrx_word' id='word_1_331' title='bbox 1699 2715 1751 2769; x_wconf 74' lang='grc' dir='ltr'>ἓν</span> <span class='ocrx_word' id='word_1_332' title='bbox 1782 2718 1931 2796; x_wconf 72' lang='grc' dir='ltr'>χρείᾳ</span> 
     </span>
    </p>
   </div>
   <div class='ocr_carea' id='block_1_50' title="bbox 2026 2698 3675 2796">
    <p class='ocr_par' dir='ltr' id='par_1_50' title="bbox 2026 2699 3675 2788">
     <span class='ocr_line' id='line_1_50' title="bbox 2026 2699 3675 2788; baseline 0.004 -26"><span class='ocrx_word' id='word_1_333' title='bbox 2026 2699 2362 2776; x_wconf 77' lang='lat' dir='ltr'><strong>humilium,</strong></span> <span class='ocrx_word' id='word_1_334' title='bbox 2397 2714 2453 2765; x_wconf 88' lang='lat' dir='ltr'><strong>et</strong></span> <span class='ocrx_word' id='word_1_335' title='bbox 2487 2724 2814 2785; x_wconf 85' lang='lat' dir='ltr'><strong>pauperum</strong></span> <span class='ocrx_word' id='word_1_336' title='bbox 2861 2706 3178 2782; x_wconf 86' lang='lat' dir='ltr'><strong>defensor;</strong></span> <span class='ocrx_word' id='word_1_337' title='bbox 3231 2726 3346 2788; x_wconf 91' lang='lat' dir='ltr'><strong>quo</strong></span> <span class='ocrx_word' id='word_1_338' title='bbox 3395 2710 3675 2770; x_wconf 84' lang='lat' dir='ltr'><strong>universa</strong></span> 
     </span>
    </p>
   </div>
   <div class='ocr_carea' id='block_1_51' title="bbox 286 2792 1931 2882">
    <p class='ocr_par' dir='ltr' id='par_1_51' title="bbox 286 2792 1931 2882">
     <span class='ocr_line' id='line_1_51' title="bbox 286 2792 1931 2882; baseline 0.002 -23"><span class='ocrx_word' id='word_1_339' title='bbox 286 2801 631 2882; x_wconf 68' lang='grc' dir='ltr'>καθέστηκεν,</span> <span class='ocrx_word' id='word_1_340' title='bbox 684 2801 763 2859; x_wconf 79' lang='grc' dir='ltr'>ὅτι</span> <span class='ocrx_word' id='word_1_341' title='bbox 820 2802 884 2858; x_wconf 69' lang='grc' dir='ltr'><strong>τὰ</strong></span> <span class='ocrx_word' id='word_1_342' title='bbox 930 2802 1210 2877; x_wconf 80' lang='grc' dir='ltr'>σύμπαντα</span> <span class='ocrx_word' id='word_1_343' title='bbox 1259 2802 1420 2859; x_wconf 66' lang='grc' dir='ltr'>δοῦλα</span> <span class='ocrx_word' id='word_1_344' title='bbox 1477 2824 1591 2860; x_wconf 78' lang='grc' dir='ltr'>σου·</span> <span class='ocrx_word' id='word_1_345' title='bbox 1652 2792 1931 2862; x_wconf 35' lang='grc' dir='ltr'>ἔπιδεντὸν</span> 
     </span>
    </p>
   </div>
   <div class='ocr_carea' id='block_1_52' title="bbox 2026 2792 3671 2882">
    <p class='ocr_par' dir='ltr' id='par_1_52' title="bbox 2026 2792 3671 2877">
     <span class='ocr_line' id='line_1_52' title="bbox 2026 2792 3671 2877; baseline 0.003 -24"><span class='ocrx_word' id='word_1_346' title='bbox 2026 2810 2172 2872; x_wconf 83' lang='lat' dir='ltr'><strong>opus</strong></span> <span class='ocrx_word' id='word_1_347' title='bbox 2196 2792 2587 2876; x_wconf 89' lang='lat' dir='ltr'><strong>habent,quia</strong></span> <span class='ocrx_word' id='word_1_348' title='bbox 2605 2804 2816 2859; x_wconf 87' lang='lat' dir='ltr'><strong>cuncta</strong></span> <span class='ocrx_word' id='word_1_349' title='bbox 2837 2795 2941 2856; x_wconf 86' lang='lat' dir='ltr'><strong>tibi</strong></span> <span class='ocrx_word' id='word_1_350' title='bbox 2964 2814 3133 2858; x_wconf 85' lang='lat' dir='ltr'><strong>serva</strong></span> <span class='ocrx_word' id='word_1_351' title='bbox 3147 2806 3282 2857; x_wconf 89' lang='lat' dir='ltr'><strong>sunt</strong></span> <span class='ocrx_word' id='word_1_352' title='bbox 3307 2815 3320 2859; x_wconf 92' lang='lat'>:</span> <span class='ocrx_word' id='word_1_353' title='bbox 3349 2798 3580 2877; x_wconf 89' lang='lat' dir='ltr'><strong>respice</strong></span> <span class='ocrx_word' id='word_1_354' title='bbox 3612 2798 3671 2859; x_wconf 92' lang='lat' dir='ltr'><strong>in</strong></span> 
     </span>
    </p>
   </div>
   <div class='ocr_carea' id='block_1_53' title="bbox 285 2890 1931 2974">
    <p class='ocr_par' dir='ltr' id='par_1_53' title="bbox 285 2890 1931 2965">
     <span class='ocr_line' id='line_1_53' title="bbox 285 2890 1931 2965; baseline 0.002 -18"><span class='ocrx_word' id='word_1_355' title='bbox 285 2890 414 2948; x_wconf 77' lang='grc' dir='ltr'>λαόν</span> <span class='ocrx_word' id='word_1_356' title='bbox 458 2915 552 2951; x_wconf 75' lang='grc' dir='ltr'><strong>σου</strong></span> <span class='ocrx_word' id='word_1_357' title='bbox 602 2901 785 2951; x_wconf 80' lang='grc' dir='ltr'>τοῦτον</span> <span class='ocrx_word' id='word_1_358' title='bbox 826 2939 841 2965; x_wconf 92' lang='grc'><strong>,</strong></span> <span class='ocrx_word' id='word_1_359' title='bbox 901 2894 1021 2955; x_wconf 76' lang='grc' dir='ltr'>τοὺς</span> <span class='ocrx_word' id='word_1_360' title='bbox 1080 2891 1392 2958; x_wconf 64' lang='grc' dir='ltr'>κεκλικότας</span> <span class='ocrx_word' id='word_1_361' title='bbox 1450 2914 1533 2949; x_wconf 90' lang='grc' dir='ltr'><strong>σοι</strong></span> <span class='ocrx_word' id='word_1_362' title='bbox 1577 2894 1669 2960; x_wconf 80' lang='grc' dir='ltr'>τὰς</span> <span class='ocrx_word' id='word_1_363' title='bbox 1734 2895 1931 2953; x_wconf 82' lang='grc' dir='ltr'><strong>ἑαυτῶν</strong></span> 
     </span>
    </p>
   </div>
   <div class='ocr_carea' id='block_1_54' title="bbox 2026 2890 3670 2974">
    <p class='ocr_par' dir='ltr' id='par_1_54' title="bbox 2026 2890 3670 2974">
     <span class='ocr_line' id='line_1_54' title="bbox 2026 2890 3670 2974; baseline 0.006 -25"><span class='ocrx_word' id='word_1_364' title='bbox 2026 2890 2304 2970; x_wconf 86' lang='lat' dir='ltr'><strong>populum</strong></span> <span class='ocrx_word' id='word_1_365' title='bbox 2340 2902 2502 2954; x_wconf 93' lang='lat' dir='ltr'><strong>tuum</strong></span> <span class='ocrx_word' id='word_1_366' title='bbox 2538 2894 2720 2973; x_wconf 92' lang='lat' dir='ltr'><strong>hunc,</strong></span> <span class='ocrx_word' id='word_1_367' title='bbox 2755 2894 2815 2954; x_wconf 89' lang='lat' dir='ltr'><strong>in</strong></span> <span class='ocrx_word' id='word_1_368' title='bbox 2864 2894 2975 2955; x_wconf 88' lang='lat' dir='ltr'><strong>hos</strong></span> <span class='ocrx_word' id='word_1_369' title='bbox 3029 2892 3126 2974; x_wconf 86' lang='lat' dir='ltr'><strong>qui</strong></span> <span class='ocrx_word' id='word_1_370' title='bbox 3179 2893 3670 2959; x_wconf 83' lang='lat' dir='ltr'><strong>inclinarunttibi</strong></span> 
     </span>
    </p>
   </div>
   <div class='ocr_carea' id='block_1_55' title="bbox 284 2980 1931 3065">
    <p class='ocr_par' dir='ltr' id='par_1_55' title="bbox 284 2980 1930 3063">
     <span class='ocr_line' id='line_1_55' title="bbox 284 2980 1930 3063; baseline 0.002 -26"><span class='ocrx_word' id='word_1_371' title='bbox 284 2984 543 3063; x_wconf 71' lang='grc' dir='ltr'>γεφαλὰς,</span> <span class='ocrx_word' id='word_1_372' title='bbox 598 2984 685 3039; x_wconf 85' lang='grc' dir='ltr'><strong>καὶ</strong></span> <span class='ocrx_word' id='word_1_373' title='bbox 736 2982 1031 3059; x_wconf 69' lang='grc' dir='ltr'>εὖλόγησον</span> <span class='ocrx_word' id='word_1_374' title='bbox 1088 2982 1274 3046; x_wconf 70' lang='grc' dir='ltr'>αὖτοὺς</span> <span class='ocrx_word' id='word_1_375' title='bbox 1329 2980 1573 3061; x_wconf 73' lang='grc' dir='ltr'>εὖλογίαν</span> <span class='ocrx_word' id='word_1_376' title='bbox 1633 3006 1930 3061; x_wconf 82' lang='grc' dir='ltr'>πνευματι-</span> 
     </span>
    </p>
   </div>
   <div class='ocr_carea' id='block_1_56' title="bbox 2026 2980 3668 3065">
    <p class='ocr_par' dir='ltr' id='par_1_56' title="bbox 2026 2982 3668 3065">
     <span class='ocr_line' id='line_1_56' title="bbox 2026 2982 3668 3065; baseline 0.004 -24"><span class='ocrx_word' id='word_1_377' title='bbox 2026 2984 2210 3060; x_wconf 82' lang='lat' dir='ltr'><strong>capita</strong></span> <span class='ocrx_word' id='word_1_378' title='bbox 2244 3000 2376 3061; x_wconf 90' lang='lat' dir='ltr'><strong>sua,</strong></span> <span class='ocrx_word' id='word_1_379' title='bbox 2402 2992 2459 3044; x_wconf 91' lang='lat' dir='ltr'><strong>et</strong></span> <span class='ocrx_word' id='word_1_380' title='bbox 2491 2982 2747 3045; x_wconf 88' lang='lat' dir='ltr'><strong>benedic</strong></span> <span class='ocrx_word' id='word_1_381' title='bbox 2779 2984 2865 3045; x_wconf 88' lang='lat' dir='ltr'><strong>eis</strong></span> <span class='ocrx_word' id='word_1_382' title='bbox 2899 2983 3318 3047; x_wconf 85' lang='lat' dir='ltr'><strong>benedictione</strong></span> <span class='ocrx_word' id='word_1_383' title='bbox 3338 2986 3668 3065; x_wconf 83' lang='lat' dir='ltr'><strong>Spirituali;</strong></span> 
     </span>
    </p>
   </div>
   <div class='ocr_carea' id='block_1_57' title="bbox 282 3070 1931 3154">
    <p class='ocr_par' dir='ltr' id='par_1_57' title="bbox 282 3070 1931 3153">
     <span class='ocr_line' id='line_1_57' title="bbox 282 3070 1931 3153; baseline 0.001 -26"><span class='ocrx_word' id='word_1_384' title='bbox 282 3073 409 3152; x_wconf 67' lang='grc' dir='ltr'><strong>κήν,</strong></span> <span class='ocrx_word' id='word_1_385' title='bbox 457 3072 679 3153; x_wconf 69' lang='grc' dir='ltr'>φύλαξον</span> <span class='ocrx_word' id='word_1_386' title='bbox 728 3073 912 3137; x_wconf 73' lang='grc' dir='ltr'>αὐτοὺς</span> <span class='ocrx_word' id='word_1_387' title='bbox 964 3073 1039 3136; x_wconf 82' lang='grc' dir='ltr'>ὡς</span> <span class='ocrx_word' id='word_1_388' title='bbox 1070 3072 1236 3150; x_wconf 79' lang='grc' dir='ltr'>κόρην</span> <span class='ocrx_word' id='word_1_389' title='bbox 1267 3070 1563 3152; x_wconf 73' lang='grc' dir='ltr'>ὀφθαλμοῦ,</span> <span class='ocrx_word' id='word_1_390' title='bbox 1611 3071 1931 3153; x_wconf 78' lang='grc' dir='ltr'>διατήρησον</span> 
     </span>
    </p>
   </div>
   <div class='ocr_carea' id='block_1_58' title="bbox 2026 3070 3667 3154">
    <p class='ocr_par' dir='ltr' id='par_1_58' title="bbox 2026 3071 3667 3154">
     <span class='ocr_line' id='line_1_58' title="bbox 2026 3071 3667 3154; baseline 0.004 -22"><span class='ocrx_word' id='word_1_391' title='bbox 2026 3071 2251 3132; x_wconf 83' lang='lat' dir='ltr'><strong>custodi</strong></span> <span class='ocrx_word' id='word_1_392' title='bbox 2277 3081 2472 3151; x_wconf 89' lang='lat' dir='ltr'><strong>eos,ut</strong></span> <span class='ocrx_word' id='word_1_393' title='bbox 2492 3073 2776 3154; x_wconf 87' lang='lat' dir='ltr'><strong>pupillam</strong></span> <span class='ocrx_word' id='word_1_394' title='bbox 2800 3074 2951 3135; x_wconf 86' lang='lat' dir='ltr'><strong>oculi</strong></span> <span class='ocrx_word' id='word_1_395' title='bbox 2970 3073 3157 3149; x_wconf 38' lang='lat'><strong>88.89;</strong></span> <span class='ocrx_word' id='word_1_396' title='bbox 3178 3094 3462 3137; x_wconf 83' lang='lat' dir='ltr'><strong>conserva</strong></span> <span class='ocrx_word' id='word_1_397' title='bbox 3484 3095 3586 3137; x_wconf 90' lang='lat' dir='ltr'><strong>eos</strong></span> <span class='ocrx_word' id='word_1_398' title='bbox 3609 3078 3667 3138; x_wconf 91' lang='lat' dir='ltr'><strong>in</strong></span> 
     </span>
    </p>
   </div>
   <div class='ocr_carea' id='block_1_59' title="bbox 289 3160 1931 3244">
    <p class='ocr_par' dir='ltr' id='par_1_59' title="bbox 289 3160 1931 3237">
     <span class='ocr_line' id='line_1_59' title="bbox 289 3160 1931 3237; baseline 0.001 -21"><span class='ocrx_word' id='word_1_399' title='bbox 289 3162 475 3225; x_wconf 68' lang='grc' dir='ltr'>αὖτοὺς</span> <span class='ocrx_word' id='word_1_400' title='bbox 529 3163 586 3218; x_wconf 60' lang='lat' dir='ltr'><strong>iv</strong></span> <span class='ocrx_word' id='word_1_401' title='bbox 643 3160 876 3235; x_wconf 69' lang='grc' dir='ltr'>εὖσεϐείᾳ</span> <span class='ocrx_word' id='word_1_402' title='bbox 933 3165 1021 3219; x_wconf 83' lang='grc' dir='ltr'><strong>καὶ</strong></span> <span class='ocrx_word' id='word_1_403' title='bbox 1071 3160 1400 3237; x_wconf 70' lang='grc' dir='ltr'><strong>δικαιοσύνη,</strong></span> <span class='ocrx_word' id='word_1_404' title='bbox 1460 3164 1549 3220; x_wconf 79' lang='grc' dir='ltr'>καὶ</span> <span class='ocrx_word' id='word_1_405' title='bbox 1607 3162 1931 3229; x_wconf 78' lang='grc' dir='ltr'>καταξίωσον</span> 
     </span>
    </p>
   </div>
   <div class='ocr_carea' id='block_1_60' title="bbox 2026 3160 3667 3244">
    <p class='ocr_par' dir='ltr' id='par_1_60' title="bbox 2026 3161 3667 3244">
     <span class='ocr_line' id='line_1_60' title="bbox 2026 3161 3667 3244; baseline 0.004 -24"><span class='ocrx_word' id='word_1_406' title='bbox 2026 3161 2236 3242; x_wconf 84' lang='lat' dir='ltr'><strong>pietate</strong></span> <span class='ocrx_word' id='word_1_407' title='bbox 2267 3181 2333 3223; x_wconf 90' lang='lat' dir='ltr'><strong>ac</strong></span> <span class='ocrx_word' id='word_1_408' title='bbox 2356 3162 2590 3241; x_wconf 86' lang='lat' dir='ltr'><strong>justitia</strong></span> <span class='ocrx_word' id='word_1_409' title='bbox 2618 3181 2634 3239; x_wconf 90' lang='lat'><strong>;</strong></span> <span class='ocrx_word' id='word_1_410' title='bbox 2666 3170 2724 3223; x_wconf 89' lang='lat' dir='ltr'><strong>et</strong></span> <span class='ocrx_word' id='word_1_411' title='bbox 2756 3182 2857 3224; x_wconf 88' lang='lat' dir='ltr'><strong>eos</strong></span> <span class='ocrx_word' id='word_1_412' title='bbox 2889 3162 3005 3224; x_wconf 89' lang='lat' dir='ltr'><strong>vita</strong></span> <span class='ocrx_word' id='word_1_413' title='bbox 3036 3172 3255 3225; x_wconf 61' lang='lat' dir='ltr'><strong>aeterna</strong></span> <span class='ocrx_word' id='word_1_414' title='bbox 3284 3164 3532 3244; x_wconf 83' lang='lat' dir='ltr'><strong>dignare</strong></span> <span class='ocrx_word' id='word_1_415' title='bbox 3562 3187 3578 3240; x_wconf 88' lang='lat'><strong>;</strong></span> <span class='ocrx_word' id='word_1_416' title='bbox 3609 3168 3667 3228; x_wconf 91' lang='lat' dir='ltr'><strong>in</strong></span> 
     </span>
    </p>
   </div>
   <div class='ocr_carea' id='block_1_61' title="bbox 286 3249 1931 3333">
    <p class='ocr_par' dir='ltr' id='par_1_61' title="bbox 286 3250 1931 3331">
     <span class='ocr_line' id='line_1_61' title="bbox 286 3250 1931 3331; baseline 0.001 -24"><span class='ocrx_word' id='word_1_417' title='bbox 286 3250 473 3313; x_wconf 71' lang='grc' dir='ltr'>αὖτοὺς</span> <span class='ocrx_word' id='word_1_418' title='bbox 521 3250 622 3318; x_wconf 75' lang='grc' dir='ltr'><strong>τῆς</strong></span> <span class='ocrx_word' id='word_1_419' title='bbox 678 3252 885 3307; x_wconf 82' lang='grc' dir='ltr'>αἰωνίου</span> <span class='ocrx_word' id='word_1_420' title='bbox 919 3256 1088 3331; x_wconf 81' lang='grc' dir='ltr'>ζωῆς,</span> <span class='ocrx_word' id='word_1_421' title='bbox 1128 3251 1181 3307; x_wconf 70' lang='grc' dir='ltr'>ἰν</span> <span class='ocrx_word' id='word_1_422' title='bbox 1217 3258 1429 3330; x_wconf 79' lang='grc' dir='ltr'>Χριστῷ</span> <span class='ocrx_word' id='word_1_423' title='bbox 1458 3250 1635 3319; x_wconf 80' lang='grc' dir='ltr'><strong>Ἰησοῦ</strong></span> <span class='ocrx_word' id='word_1_424' title='bbox 1679 3258 1756 3325; x_wconf 81' lang='grc' dir='ltr'><strong>τῷ</strong></span> <span class='ocrx_word' id='word_1_425' title='bbox 1785 3253 1931 3331; x_wconf 74' lang='grc' dir='ltr'><strong>ἢγα-</strong></span> 
     </span>
    </p>
   </div>
   <div class='ocr_carea' id='block_1_62' title="bbox 2026 3249 3666 3333">
    <p class='ocr_par' dir='ltr' id='par_1_62' title="bbox 2026 3249 3666 3333">
     <span class='ocr_line' id='line_1_62' title="bbox 2026 3249 3666 3333; baseline 0.001 -19"><span class='ocrx_word' id='word_1_426' title='bbox 2026 3249 2255 3314; x_wconf 85' lang='lat' dir='ltr'><strong>Christo</strong></span> <span class='ocrx_word' id='word_1_427' title='bbox 2277 3250 2419 3312; x_wconf 78' lang='lat' dir='ltr'><strong>Jesu</strong></span> <span class='ocrx_word' id='word_1_428' title='bbox 2449 3250 2667 3313; x_wconf 89' lang='lat' dir='ltr'><strong>dilecto</strong></span> <span class='ocrx_word' id='word_1_429' title='bbox 2691 3250 2840 3313; x_wconf 91' lang='lat' dir='ltr'><strong>Filio</strong></span> <span class='ocrx_word' id='word_1_430' title='bbox 2860 3260 2957 3313; x_wconf 88' lang='lat' dir='ltr'><strong>tuo</strong></span> <span class='ocrx_word' id='word_1_431' title='bbox 2987 3272 3002 3328; x_wconf 90' lang='lat'><strong>;</strong></span> <span class='ocrx_word' id='word_1_432' title='bbox 3027 3272 3159 3313; x_wconf 93' lang='lat' dir='ltr'><strong>cum</strong></span> <span class='ocrx_word' id='word_1_433' title='bbox 3185 3272 3304 3328; x_wconf 89' lang='lat' dir='ltr'><strong>quo</strong></span> <span class='ocrx_word' id='word_1_434' title='bbox 3323 3254 3423 3315; x_wconf 88' lang='lat' dir='ltr'><strong>tibi</strong></span> <span class='ocrx_word' id='word_1_435' title='bbox 3454 3255 3666 3333; x_wconf 83' lang='lat' dir='ltr'><strong>gloria,</strong></span> 
     </span>
    </p>
   </div>
   <div class='ocr_carea' id='block_1_63' title="bbox 282 3338 1931 3425">
    <p class='ocr_par' dir='ltr' id='par_1_63' title="bbox 282 3338 1931 3417">
     <span class='ocr_line' id='line_1_63' title="bbox 282 3338 1931 3417; baseline 0.002 -23"><span class='ocrx_word' id='word_1_436' title='bbox 282 3339 512 3415; x_wconf 78' lang='grc' dir='ltr'>πημένῳ</span> <span class='ocrx_word' id='word_1_437' title='bbox 580 3362 673 3398; x_wconf 86' lang='grc' dir='ltr'><strong>σου</strong></span> <span class='ocrx_word' id='word_1_438' title='bbox 708 3339 872 3397; x_wconf 83' lang='grc' dir='ltr'>παιδί·</span> <span class='ocrx_word' id='word_1_439' title='bbox 925 3338 1041 3417; x_wconf 80' lang='grc' dir='ltr'><strong>μεθ’</strong></span> <span class='ocrx_word' id='word_1_440' title='bbox 1086 3343 1145 3397; x_wconf 75' lang='grc' dir='ltr'>οὒ</span> <span class='ocrx_word' id='word_1_441' title='bbox 1201 3361 1283 3396; x_wconf 89' lang='grc' dir='ltr'><strong>σοι</strong></span> <span class='ocrx_word' id='word_1_442' title='bbox 1343 3339 1487 3415; x_wconf 77' lang='grc' dir='ltr'>δόξα,</span> <span class='ocrx_word' id='word_1_443' title='bbox 1541 3341 1673 3415; x_wconf 75' lang='grc' dir='ltr'>τιμὴ</span> <span class='ocrx_word' id='word_1_444' title='bbox 1705 3342 1793 3397; x_wconf 84' lang='grc' dir='ltr'>καὶ</span> <span class='ocrx_word' id='word_1_445' title='bbox 1835 3342 1931 3397; x_wconf 79' lang='grc' dir='ltr'><strong>σέ-</strong></span> 
     </span>
    </p>
   </div>
   <div class='ocr_carea' id='block_1_64' title="bbox 2026 3338 3671 3425">
    <p class='ocr_par' dir='ltr' id='par_1_64' title="bbox 2026 3339 3671 3425">
     <span class='ocr_line' id='line_1_64' title="bbox 2026 3339 3671 3425; baseline 0.002 -25"><span class='ocrx_word' id='word_1_446' title='bbox 2026 3339 2231 3420; x_wconf 89' lang='lat' dir='ltr'><strong>honor,</strong></span> <span class='ocrx_word' id='word_1_447' title='bbox 2269 3351 2450 3420; x_wconf 81' lang='lat' dir='ltr'><strong>atque</strong></span> <span class='ocrx_word' id='word_1_448' title='bbox 2493 3341 2717 3415; x_wconf 86' lang='lat' dir='ltr'><strong>cultus,</strong></span> <span class='ocrx_word' id='word_1_449' title='bbox 2750 3351 2806 3403; x_wconf 86' lang='lat' dir='ltr'><strong>et</strong></span> <span class='ocrx_word' id='word_1_450' title='bbox 2837 3351 3039 3403; x_wconf 78' lang='lat' dir='ltr'><strong>sancto</strong></span> <span class='ocrx_word' id='word_1_451' title='bbox 3093 3340 3362 3424; x_wconf 87' lang='lat' dir='ltr'><strong>Spiritui,</strong></span> <span class='ocrx_word' id='word_1_452' title='bbox 3397 3363 3579 3425; x_wconf 91' lang='lat' dir='ltr'><strong>nunc,</strong></span> <span class='ocrx_word' id='word_1_453' title='bbox 3612 3352 3671 3406; x_wconf 91' lang='lat' dir='ltr'><strong>et</strong></span> 
     </span>
    </p>
   </div>
   <div class='ocr_carea' id='block_1_65' title="bbox 283 3427 1931 3511">
    <p class='ocr_par' dir='ltr' id='par_1_65' title="bbox 283 3427 1931 3509">
     <span class='ocr_line' id='line_1_65' title="bbox 283 3427 1931 3509; baseline 0.001 -23"><span class='ocrx_word' id='word_1_454' title='bbox 283 3427 403 3503; x_wconf 79' lang='grc' dir='ltr'>ϐας,</span> <span class='ocrx_word' id='word_1_455' title='bbox 462 3431 547 3486; x_wconf 83' lang='grc' dir='ltr'>καὶ</span> <span class='ocrx_word' id='word_1_456' title='bbox 614 3436 690 3505; x_wconf 79' lang='grc' dir='ltr'><strong>τῷ</strong></span> <span class='ocrx_word' id='word_1_457' title='bbox 731 3432 864 3509; x_wconf 81' lang='grc' dir='ltr'>ἁγίῳ</span> <span class='ocrx_word' id='word_1_458' title='bbox 907 3430 1199 3508; x_wconf 81' lang='grc' dir='ltr'>Πνεύματι,</span> <span class='ocrx_word' id='word_1_459' title='bbox 1255 3432 1376 3504; x_wconf 85' lang='grc' dir='ltr'>νὺν,</span> <span class='ocrx_word' id='word_1_460' title='bbox 1438 3431 1526 3487; x_wconf 77' lang='grc' dir='ltr'>καὶ</span> <span class='ocrx_word' id='word_1_461' title='bbox 1585 3430 1689 3504; x_wconf 82' lang='grc' dir='ltr'>ἀεὶ,</span> <span class='ocrx_word' id='word_1_462' title='bbox 1723 3433 1809 3487; x_wconf 80' lang='grc' dir='ltr'><strong>καὶ</strong></span> <span class='ocrx_word' id='word_1_463' title='bbox 1858 3433 1931 3495; x_wconf 81' lang='grc' dir='ltr'>εἷς</span> 
     </span>
    </p>
   </div>
   <div class='ocr_carea' id='block_1_66' title="bbox 2026 3427 3665 3511">
    <p class='ocr_par' dir='ltr' id='par_1_66' title="bbox 2026 3430 3665 3511">
     <span class='ocr_line' id='line_1_66' title="bbox 2026 3430 3665 3511; baseline 0.002 -20"><span class='ocrx_word' id='word_1_464' title='bbox 2026 3447 2283 3511; x_wconf 82' lang='lat' dir='ltr'><strong>semper,</strong></span> <span class='ocrx_word' id='word_1_465' title='bbox 2309 3438 2366 3491; x_wconf 91' lang='lat' dir='ltr'><strong>ct</strong></span> <span class='ocrx_word' id='word_1_466' title='bbox 2387 3430 2445 3491; x_wconf 92' lang='lat' dir='ltr'><strong>in</strong></span> <span class='ocrx_word' id='word_1_467' title='bbox 2466 3433 2680 3492; x_wconf 70' lang='lat' dir='ltr'><strong>szecula</strong></span> <span class='ocrx_word' id='word_1_468' title='bbox 2712 3431 3088 3493; x_wconf 65' lang='lat' dir='ltr'><strong>seculorum.</strong></span> <span class='ocrx_word' id='word_1_469' title='bbox 3115 3434 3333 3496; x_wconf 90' lang='lat' dir='ltr'><strong>Amen.</strong></span> <span class='ocrx_word' id='word_1_470' title='bbox 3357 3432 3429 3494; x_wconf 91' lang='lat' dir='ltr'><strong>Et</strong></span> <span class='ocrx_word' id='word_1_471' title='bbox 3458 3434 3665 3495; x_wconf 89' lang='lat' dir='ltr'><strong>diaco-</strong></span> 
     </span>
    </p>
   </div>
   <div class='ocr_carea' id='block_1_67' title="bbox 282 3518 1931 3603">
    <p class='ocr_par' dir='ltr' id='par_1_67' title="bbox 282 3518 1929 3595">
     <span class='ocr_line' id='line_1_67' title="bbox 282 3518 1929 3595; baseline 0.001 -20"><span class='ocrx_word' id='word_1_472' title='bbox 282 3520 407 3583; x_wconf 84' lang='grc' dir='ltr'>τοὺς</span> <span class='ocrx_word' id='word_1_473' title='bbox 457 3520 650 3587; x_wconf 80' lang='grc' dir='ltr'>αἰῶνας</span> <span class='ocrx_word' id='word_1_474' title='bbox 708 3527 815 3577; x_wconf 78' lang='grc' dir='ltr'><strong>τῶν</strong></span> <span class='ocrx_word' id='word_1_475' title='bbox 865 3522 1095 3583; x_wconf 74' lang='grc' dir='ltr'>αἰώνων.</span> <span class='ocrx_word' id='word_1_476' title='bbox 1131 3519 1335 3595; x_wconf 79' lang='grc' dir='ltr'>Ἀμήν.</span> <span class='ocrx_word' id='word_1_477' title='bbox 1374 3522 1469 3578; x_wconf 83' lang='grc' dir='ltr'>Καὶ</span> <span class='ocrx_word' id='word_1_478' title='bbox 1503 3521 1531 3577; x_wconf 84' lang='grc' dir='ltr'>ὁ</span> <span class='ocrx_word' id='word_1_479' title='bbox 1560 3518 1801 3585; x_wconf 78' lang='grc' dir='ltr'>διάκονος</span> <span class='ocrx_word' id='word_1_480' title='bbox 1832 3519 1929 3577; x_wconf 83' lang='grc' dir='ltr'>λε-</span> 
     </span>
    </p>
   </div>
   <div class='ocr_carea' id='block_1_68' title="bbox 2026 3518 3671 3603">
    <p class='ocr_par' dir='ltr' id='par_1_68' title="bbox 2026 3518 3671 3603">
     <span class='ocr_line' id='line_1_68' title="bbox 2026 3518 3671 3603; baseline 0.004 -25"><span class='ocrx_word' id='word_1_481' title='bbox 2026 3538 2129 3579; x_wconf 85' lang='lat' dir='ltr'><strong>nus</strong></span> <span class='ocrx_word' id='word_1_482' title='bbox 2155 3519 2351 3582; x_wconf 81' lang='lat' dir='ltr'><strong>dicat:</strong></span> <span class='ocrx_word' id='word_1_483' title='bbox 2387 3518 2554 3580; x_wconf 85' lang='lat' dir='ltr'><strong>Exite</strong></span> <span class='ocrx_word' id='word_1_484' title='bbox 2583 3520 2643 3580; x_wconf 90' lang='lat' dir='ltr'><strong>in</strong></span> <span class='ocrx_word' id='word_1_485' title='bbox 2683 3538 2850 3598; x_wconf 84' lang='lat' dir='ltr'><strong>pace.</strong></span> <span class='ocrx_word' id='word_1_486' title='bbox 2892 3523 3184 3585; x_wconf 73' lang='lat' dir='ltr'><strong>Caeterum</strong></span> <span class='ocrx_word' id='word_1_487' title='bbox 3238 3541 3342 3603; x_wconf 93' lang='lat' dir='ltr'><strong>pro</strong></span> <span class='ocrx_word' id='word_1_488' title='bbox 3397 3523 3671 3603; x_wconf 87' lang='lat' dir='ltr'><strong>primitiis</strong></span> 
     </span>
    </p>
   </div>
   <div class='ocr_carea' id='block_1_69' title="bbox 283 3608 1931 3692">
    <p class='ocr_par' dir='ltr' id='par_1_69' title="bbox 283 3608 1931 3690">
     <span class='ocr_line' id='line_1_69' title="bbox 283 3608 1931 3690; baseline 0.002 -26"><span class='ocrx_word' id='word_1_489' title='bbox 283 3608 445 3687; x_wconf 80' lang='grc' dir='ltr'><strong>γέτω·</strong></span> <span class='ocrx_word' id='word_1_490' title='bbox 483 3611 766 3690; x_wconf 78' lang='grc' dir='ltr'>Προέλθετε</span> <span class='ocrx_word' id='word_1_491' title='bbox 821 3612 875 3668; x_wconf 77' lang='grc' dir='ltr'>ἒν</span> <span class='ocrx_word' id='word_1_492' title='bbox 924 3613 1130 3690; x_wconf 73' lang='grc' dir='ltr'>εἰρήνῃ·</span> <span class='ocrx_word' id='word_1_493' title='bbox 1171 3609 1293 3667; x_wconf 80' lang='grc' dir='ltr'>Ἐπὶ</span> <span class='ocrx_word' id='word_1_494' title='bbox 1349 3608 1403 3667; x_wconf 78' lang='grc' dir='ltr'>δὲ</span> <span class='ocrx_word' id='word_1_495' title='bbox 1449 3622 1571 3673; x_wconf 70' lang='grc' dir='ltr'>ταῖς</span> <span class='ocrx_word' id='word_1_496' title='bbox 1630 3632 1931 3690; x_wconf 67' lang='grc' dir='ltr'>προσφερο-</span> 
     </span>
    </p>
   </div>
   <div class='ocr_carea' id='block_1_70' title="bbox 2026 3608 3672 3692">
    <p class='ocr_par' dir='ltr' id='par_1_70' title="bbox 2026 3609 3672 3692">
     <span class='ocr_line' id='line_1_70' title="bbox 2026 3609 3672 3692; baseline 0.003 -24"><span class='ocrx_word' id='word_1_497' title='bbox 2026 3626 2153 3688; x_wconf 70' lang='lat' dir='ltr'><strong>qua:</strong></span> <span class='ocrx_word' id='word_1_498' title='bbox 2187 3610 2549 3678; x_wconf 76' lang='lat' dir='ltr'><strong>offeruntur.</strong></span> <span class='ocrx_word' id='word_1_499' title='bbox 2591 3609 2913 3691; x_wconf 82' lang='lat' dir='ltr'><strong>episcopus</strong></span> <span class='ocrx_word' id='word_1_500' title='bbox 2960 3611 3183 3691; x_wconf 75' lang='lat' dir='ltr'><strong>gratias</strong></span> <span class='ocrx_word' id='word_1_501' title='bbox 3233 3612 3353 3692; x_wconf 87' lang='lat' dir='ltr'><strong>agit</strong></span> <span class='ocrx_word' id='word_1_502' title='bbox 3404 3614 3561 3675; x_wconf 89' lang='lat' dir='ltr'><strong>hunc</strong></span> <span class='ocrx_word' id='word_1_503' title='bbox 3612 3612 3672 3674; x_wconf 92' lang='lat' dir='ltr'><strong>in</strong></span> 
     </span>
    </p>
   </div>
   <div class='ocr_carea' id='block_1_71' title="bbox 288 3698 2303 3782">
    <p class='ocr_par' dir='ltr' id='par_1_71' title="bbox 288 3698 2303 3782">
     <span class='ocr_line' id='line_1_71' title="bbox 288 3698 2303 3782; baseline 0.002 -27"><span class='ocrx_word' id='word_1_504' title='bbox 288 3699 471 3774; x_wconf 74' lang='grc' dir='ltr'>μὲναις</span> <span class='ocrx_word' id='word_1_505' title='bbox 502 3700 805 3782; x_wconf 77' lang='grc' dir='ltr'>ἀπαρχαῖς,</span> <span class='ocrx_word' id='word_1_506' title='bbox 839 3703 1003 3765; x_wconf 69' lang='grc' dir='ltr'>οὕτως</span> <span class='ocrx_word' id='word_1_507' title='bbox 1036 3704 1346 3781; x_wconf 67' lang='grc' dir='ltr'>εὐχαριστεῖ</span> <span class='ocrx_word' id='word_1_508' title='bbox 1392 3703 1419 3757; x_wconf 90' lang='lat'><strong>6</strong></span> <span class='ocrx_word' id='word_1_509' title='bbox 1450 3701 1762 3764; x_wconf 76' lang='grc' dir='ltr'>ἑπίσκοπος.</span> <span class='ocrx_word' id='word_1_510' title='bbox 2020 3698 2260 3759; x_wconf 82' lang='lat' dir='ltr'><strong>modum</strong></span> <span class='ocrx_word' id='word_1_511' title='bbox 2288 3721 2303 3759; x_wconf 87' lang='lat'><strong>:</strong></span> 
     </span>
    </p>
   </div>
   <div class='ocr_carea' id='block_1_72' title="bbox 853 3790 1371 3855">
    <p class='ocr_par' dir='ltr' id='par_1_72' title="bbox 853 3790 1371 3855">
     <span class='ocr_line' id='line_1_72' title="bbox 853 3790 1371 3855; baseline 0.01 -5"><span class='ocrx_word' id='word_1_512' title='bbox 853 3798 1240 3850; x_wconf 67' lang='grc' dir='ltr'><strong>ΚΕΦΑΛΑΙΟΝ</strong></span> <span class='ocrx_word' id='word_1_513' title='bbox 1278 3790 1371 3855; x_wconf 74' lang='grc' dir='ltr'><strong>Μ’.</strong></span> 
     </span>
    </p>
   </div>
   <div class='ocr_carea' id='block_1_73' title="bbox 731 3881 1485 3962">
    <p class='ocr_par' dir='ltr' id='par_1_73' title="bbox 731 3881 1485 3962">
     <span class='ocr_line' id='line_1_73' title="bbox 731 3881 1485 3962; baseline -0.007 -22"><span class='ocrx_word' id='word_1_514' title='bbox 731 3881 994 3949; x_wconf 79' lang='grc' dir='ltr'>Ἐπίκλησ</span> <span class='ocrx_word' id='word_1_515' title='bbox 1006 3906 1051 3944; x_wconf 91' lang='grc' dir='ltr'><strong>ις</strong></span> <span class='ocrx_word' id='word_1_516' title='bbox 1082 3882 1167 3939; x_wconf 77' lang='grc' dir='ltr'><strong>ἐπὶ</strong></span> <span class='ocrx_word' id='word_1_517' title='bbox 1198 3882 1431 3962; x_wconf 78' lang='grc' dir='ltr'>ἀπαρχῶ</span> <span class='ocrx_word' id='word_1_518' title='bbox 1445 3905 1485 3941; x_wconf 71' lang='grc' dir='ltr'><strong>δ.</strong></span> 
     </span>
    </p>
   </div>
   <div class='ocr_carea' id='block_1_74' title="bbox 2643 3787 3051 3854">
    <p class='ocr_par' dir='ltr' id='par_1_74' title="bbox 2643 3787 3051 3854">
     <span class='ocr_line' id='line_1_74' title="bbox 2643 3787 3051 3854; baseline 0.002 -1"><span class='ocrx_word' id='word_1_519' title='bbox 2643 3787 2885 3853; x_wconf 85' lang='lat' dir='ltr'><strong>CAPUT</strong></span> <span class='ocrx_word' id='word_1_520' title='bbox 2930 3788 3051 3854; x_wconf 87' lang='lat' dir='ltr'><strong>XL.</strong></span> 
     </span>
    </p>
   </div>
   <div class='ocr_carea' id='block_1_75' title="bbox 2448 3879 3246 3959">
    <p class='ocr_par' dir='ltr' id='par_1_75' title="bbox 2448 3879 3246 3959">
     <span class='ocr_line' id='line_1_75' title="bbox 2448 3879 3246 3959; baseline -0.001 -18"><span class='ocrx_word' id='word_1_521' title='bbox 2448 3879 2757 3944; x_wconf 79' lang='lat' dir='ltr'><strong>Invocatio</strong></span> <span class='ocrx_word' id='word_1_522' title='bbox 2780 3897 2897 3959; x_wconf 86' lang='lat' dir='ltr'><strong>pro</strong></span> <span class='ocrx_word' id='word_1_523' title='bbox 2921 3882 3246 3959; x_wconf 78' lang='lat' dir='ltr'><strong>primitiis.</strong></span> 
     </span>
    </p>
   </div>
   <div class='ocr_carea' id='block_1_76' title="bbox 368 3966 1931 4052">
    <p class='ocr_par' dir='ltr' id='par_1_76' title="bbox 368 3968 1931 4052">
     <span class='ocr_line' id='line_1_76' title="bbox 368 3968 1931 4052; baseline 0 -24"><span class='ocrx_word' id='word_1_524' title='bbox 368 3971 800 4051; x_wconf 70' lang='grc' dir='ltr'>Εὒχαριστοῦμέν</span> <span class='ocrx_word' id='word_1_525' title='bbox 849 3995 957 4052; x_wconf 79' lang='grc' dir='ltr'>σοι,</span> <span class='ocrx_word' id='word_1_526' title='bbox 1014 3973 1165 4051; x_wconf 78' lang='grc' dir='ltr'>Κύριε</span> <span class='ocrx_word' id='word_1_527' title='bbox 1217 3972 1604 4051; x_wconf 81' lang='grc' dir='ltr'>παντόκρατορ,</span> <span class='ocrx_word' id='word_1_528' title='bbox 1641 3968 1931 4051; x_wconf 79' lang='grc' dir='ltr'>δημιουργὲ</span> 
     </span>
    </p>
   </div>
   <div class='ocr_carea' id='block_1_77' title="bbox 2026 3966 3674 4052">
    <p class='ocr_par' dir='ltr' id='par_1_77' title="bbox 2102 3966 3674 4049">
     <span class='ocr_line' id='line_1_77' title="bbox 2102 3966 3674 4049; baseline 0.001 -19"><span class='ocrx_word' id='word_1_529' title='bbox 2102 3966 2333 4030; x_wconf 81' lang='lat' dir='ltr'><strong>Gratias</strong></span> <span class='ocrx_word' id='word_1_530' title='bbox 2378 3968 2609 4049; x_wconf 84' lang='lat' dir='ltr'><strong>agimus</strong></span> <span class='ocrx_word' id='word_1_531' title='bbox 2645 3969 2771 4045; x_wconf 89' lang='lat' dir='ltr'><strong>tibi,</strong></span> <span class='ocrx_word' id='word_1_532' title='bbox 2808 3969 3061 4031; x_wconf 90' lang='lat' dir='ltr'><strong>Domine</strong></span> <span class='ocrx_word' id='word_1_533' title='bbox 3104 3970 3503 4049; x_wconf 90' lang='lat' dir='ltr'><strong>omnipotens,</strong></span> <span class='ocrx_word' id='word_1_534' title='bbox 3539 3990 3674 4032; x_wconf 87' lang='lat' dir='ltr'><strong>om-</strong></span> 
     </span>
    </p>
   </div>
   <div class='ocr_carea' id='block_1_78' title="bbox 280 4057 1931 4141">
    <p class='ocr_par' dir='ltr' id='par_1_78' title="bbox 280 4060 1927 4141">
     <span class='ocr_line' id='line_1_78' title="bbox 280 4060 1927 4141; baseline 0 -24"><span class='ocrx_word' id='word_1_535' title='bbox 280 4068 387 4117; x_wconf 80' lang='grc' dir='ltr'><strong>τῶν</strong></span> <span class='ocrx_word' id='word_1_536' title='bbox 418 4060 557 4118; x_wconf 78' lang='grc' dir='ltr'>ὅλων</span> <span class='ocrx_word' id='word_1_537' title='bbox 588 4064 673 4119; x_wconf 84' lang='grc' dir='ltr'>καὶ</span> <span class='ocrx_word' id='word_1_538' title='bbox 705 4065 1001 4141; x_wconf 79' lang='grc' dir='ltr'>προνοητὰ,</span> <span class='ocrx_word' id='word_1_539' title='bbox 1036 4061 1120 4120; x_wconf 82' lang='grc' dir='ltr'><strong>διὰ</strong></span> <span class='ocrx_word' id='word_1_540' title='bbox 1176 4070 1267 4120; x_wconf 77' lang='grc' dir='ltr'><strong>τοῦ</strong></span> <span class='ocrx_word' id='word_1_541' title='bbox 1296 4071 1615 4139; x_wconf 77' lang='grc' dir='ltr'>μονογενοῦς</span> <span class='ocrx_word' id='word_1_542' title='bbox 1662 4084 1756 4118; x_wconf 80' lang='grc' dir='ltr'><strong>σου</strong></span> <span class='ocrx_word' id='word_1_543' title='bbox 1800 4069 1927 4118; x_wconf 85' lang='grc' dir='ltr'>Παι-</span> 
     </span>
    </p>
   </div>
   <div class='ocr_carea' id='block_1_79' title="bbox 2026 4057 3670 4141">
    <p class='ocr_par' dir='ltr' id='par_1_79' title="bbox 2026 4057 3670 4139">
     <span class='ocr_line' id='line_1_79' title="bbox 2026 4057 3670 4139; baseline 0.001 -21"><span class='ocrx_word' id='word_1_544' title='bbox 2026 4057 2181 4118; x_wconf 89' lang='lat' dir='ltr'><strong>nium</strong></span> <span class='ocrx_word' id='word_1_545' title='bbox 2218 4058 2414 4137; x_wconf 79' lang='lat' dir='ltr'><strong>opifex</strong></span> <span class='ocrx_word' id='word_1_546' title='bbox 2446 4077 2515 4120; x_wconf 90' lang='lat' dir='ltr'><strong>ac</strong></span> <span class='ocrx_word' id='word_1_547' title='bbox 2562 4060 2856 4139; x_wconf 82' lang='lat' dir='ltr'><strong>provisor,</strong></span> <span class='ocrx_word' id='word_1_548' title='bbox 2890 4078 2997 4139; x_wconf 89' lang='lat' dir='ltr'><strong>per</strong></span> <span class='ocrx_word' id='word_1_549' title='bbox 3051 4059 3419 4137; x_wconf 82' lang='lat' dir='ltr'><strong>unigenitum</strong></span> <span class='ocrx_word' id='word_1_550' title='bbox 3454 4058 3670 4121; x_wconf 87' lang='lat' dir='ltr'><strong>Filium</strong></span> 
     </span>
    </p>
   </div>
   <div class='ocr_carea' id='block_1_80' title="bbox 279 4145 1931 4233">
    <p class='ocr_par' dir='ltr' id='par_1_80' title="bbox 279 4148 1924 4233">
     <span class='ocr_line' id='line_1_80' title="bbox 279 4148 1924 4233; baseline 0 -26"><span class='ocrx_word' id='word_1_551' title='bbox 279 4148 367 4215; x_wconf 81' lang='grc' dir='ltr'>δὸς</span> <span class='ocrx_word' id='word_1_552' title='bbox 426 4151 606 4219; x_wconf 82' lang='grc' dir='ltr'>Ἰησοῦ</span> <span class='ocrx_word' id='word_1_553' title='bbox 637 4160 861 4232; x_wconf 77' lang='grc' dir='ltr'>Χριστοῦ</span> <span class='ocrx_word' id='word_1_554' title='bbox 889 4161 982 4210; x_wconf 74' lang='grc' dir='ltr'><strong>τοῦ</strong></span> <span class='ocrx_word' id='word_1_555' title='bbox 1015 4154 1203 4233; x_wconf 79' lang='grc' dir='ltr'>Κυρίου</span> <span class='ocrx_word' id='word_1_556' title='bbox 1234 4154 1417 4233; x_wconf 75' lang='grc' dir='ltr'>ἡμῶν,</span> <span class='ocrx_word' id='word_1_557' title='bbox 1448 4152 1532 4209; x_wconf 75' lang='grc' dir='ltr'><strong>ἐπὶ</strong></span> <span class='ocrx_word' id='word_1_558' title='bbox 1576 4164 1699 4215; x_wconf 79' lang='grc' dir='ltr'>ταῖς</span> <span class='ocrx_word' id='word_1_559' title='bbox 1722 4174 1924 4231; x_wconf 75' lang='grc' dir='ltr'>προσε-</span> 
     </span>
    </p>
   </div>
   <div class='ocr_carea' id='block_1_81' title="bbox 2026 4145 3670 4233">
    <p class='ocr_par' dir='ltr' id='par_1_81' title="bbox 2026 4145 3670 4228">
     <span class='ocr_line' id='line_1_81' title="bbox 2026 4145 3670 4228; baseline 0.001 -20"><span class='ocrx_word' id='word_1_560' title='bbox 2026 4156 2184 4208; x_wconf 73' lang='lat' dir='ltr'><strong>tuum</strong></span> <span class='ocrx_word' id='word_1_561' title='bbox 2234 4145 2440 4209; x_wconf 84' lang='lat' dir='ltr'><strong>Jesum</strong></span> <span class='ocrx_word' id='word_1_562' title='bbox 2505 4148 2805 4211; x_wconf 89' lang='lat' dir='ltr'><strong>Christum</strong></span> <span class='ocrx_word' id='word_1_563' title='bbox 2863 4147 3182 4210; x_wconf 89' lang='lat' dir='ltr'><strong>Dominum</strong></span> <span class='ocrx_word' id='word_1_564' title='bbox 3237 4158 3534 4227; x_wconf 89' lang='lat' dir='ltr'><strong>nostrum,</strong></span> <span class='ocrx_word' id='word_1_565' title='bbox 3566 4168 3670 4228; x_wconf 90' lang='lat' dir='ltr'><strong>pro</strong></span> 
     </span>
    </p>
   </div>
   <div class='ocr_carea' id='block_1_82' title="bbox 278 4237 1931 4322">
    <p class='ocr_par' dir='ltr' id='par_1_82' title="bbox 278 4241 1923 4322">
     <span class='ocr_line' id='line_1_82' title="bbox 278 4241 1923 4322; baseline 0.005 -27"><span class='ocrx_word' id='word_1_566' title='bbox 278 4244 573 4321; x_wconf 72' lang='grc' dir='ltr'>νεχθείσαις</span> <span class='ocrx_word' id='word_1_567' title='bbox 634 4266 717 4301; x_wconf 88' lang='grc' dir='ltr'><strong>σοι</strong></span> <span class='ocrx_word' id='word_1_568' title='bbox 775 4244 1078 4322; x_wconf 71' lang='grc' dir='ltr'>ἀπαρχαῖς,</span> <span class='ocrx_word' id='word_1_569' title='bbox 1126 4246 1229 4322; x_wconf 70' lang='grc' dir='ltr'><strong>οὔχ</strong></span> <span class='ocrx_word' id='word_1_570' title='bbox 1286 4241 1408 4299; x_wconf 74' lang='grc' dir='ltr'>ὅσον</span> <span class='ocrx_word' id='word_1_571' title='bbox 1464 4241 1770 4322; x_wconf 76' lang='grc' dir='ltr'>ὀφείλομεν,</span> <span class='ocrx_word' id='word_1_572' title='bbox 1806 4241 1923 4298; x_wconf 74' lang='grc' dir='ltr'>ἀλλ’</span> 
     </span>
    </p>
   </div>
   <div class='ocr_carea' id='block_1_83' title="bbox 2026 4237 3669 4322">
    <p class='ocr_par' dir='ltr' id='par_1_83' title="bbox 2026 4237 3669 4319">
     <span class='ocr_line' id='line_1_83' title="bbox 2026 4237 3669 4319; baseline 0.001 -20"><span class='ocrx_word' id='word_1_573' title='bbox 2026 4238 2222 4299; x_wconf 82' lang='lat' dir='ltr'><strong>)blatis</strong></span> <span class='ocrx_word' id='word_1_574' title='bbox 2248 4237 2347 4298; x_wconf 81' lang='lat' dir='ltr'><strong>tibi</strong></span> <span class='ocrx_word' id='word_1_575' title='bbox 2386 4238 2707 4319; x_wconf 87' lang='lat' dir='ltr'><strong>primitiis;</strong></span> <span class='ocrx_word' id='word_1_576' title='bbox 2743 4256 2858 4299; x_wconf 92' lang='lat' dir='ltr'><strong>non</strong></span> <span class='ocrx_word' id='word_1_577' title='bbox 2892 4247 3179 4319; x_wconf 91' lang='lat' dir='ltr'><strong>quantum</strong></span> <span class='ocrx_word' id='word_1_578' title='bbox 3213 4237 3527 4312; x_wconf 86' lang='lat' dir='ltr'><strong>debemus,</strong></span> <span class='ocrx_word' id='word_1_579' title='bbox 3562 4238 3669 4300; x_wconf 87' lang='lat' dir='ltr'><strong>sed</strong></span> 
     </span>
    </p>
   </div>
   <div class='ocr_carea' id='block_1_84' title="bbox 277 4326 1931 4410">
    <p class='ocr_par' dir='ltr' id='par_1_84' title="bbox 277 4329 1926 4410">
     <span class='ocr_line' id='line_1_84' title="bbox 277 4329 1926 4410; baseline 0.001 -24"><span class='ocrx_word' id='word_1_580' title='bbox 277 4330 402 4388; x_wconf 80' lang='grc' dir='ltr'>ὅσον</span> <span class='ocrx_word' id='word_1_581' title='bbox 460 4329 737 4402; x_wconf 67' lang='grc' dir='ltr'>δυνάμεθα.</span> <span class='ocrx_word' id='word_1_582' title='bbox 773 4333 861 4396; x_wconf 86' lang='grc' dir='ltr'>Τίς</span> <span class='ocrx_word' id='word_1_583' title='bbox 921 4332 1020 4409; x_wconf 75' lang='grc' dir='ltr'><strong>γὰρ</strong></span> <span class='ocrx_word' id='word_1_584' title='bbox 1078 4332 1366 4410; x_wconf 78' lang='grc' dir='ltr'>ἀνθρώπων</span> <span class='ocrx_word' id='word_1_585' title='bbox 1424 4329 1650 4396; x_wconf 73' lang='grc' dir='ltr'>ἐπαξίως</span> <span class='ocrx_word' id='word_1_586' title='bbox 1697 4331 1926 4410; x_wconf 68' lang='grc' dir='ltr'>εὔχαρι-</span> 
     </span>
    </p>
   </div>
   <div class='ocr_carea' id='block_1_85' title="bbox 2026 4326 3666 4410">
    <p class='ocr_par' dir='ltr' id='par_1_85' title="bbox 2026 4326 3666 4408">
     <span class='ocr_line' id='line_1_85' title="bbox 2026 4326 3666 4408; baseline 0.003 -22"><span class='ocrx_word' id='word_1_587' title='bbox 2026 4338 2299 4408; x_wconf 75' lang='grc' dir='ltr'>]ιιίιηιυη]</span> <span class='ocrx_word' id='word_1_588' title='bbox 2329 4327 2817 4407; x_wconf 87' lang='lat' dir='ltr'><strong>possumus.Quis</strong></span> <span class='ocrx_word' id='word_1_589' title='bbox 2844 4329 3002 4389; x_wconf 90' lang='lat' dir='ltr'><strong>enim</strong></span> <span class='ocrx_word' id='word_1_590' title='bbox 3030 4327 3338 4388; x_wconf 86' lang='lat' dir='ltr'><strong>hominum</strong></span> <span class='ocrx_word' id='word_1_591' title='bbox 3368 4326 3666 4406; x_wconf 87' lang='lat' dir='ltr'><strong>condigne</strong></span> 
     </span>
    </p>
   </div>
   <div class='ocr_carea' id='block_1_86' title="bbox 277 4415 1931 4498">
    <p class='ocr_par' dir='ltr' id='par_1_86' title="bbox 277 4417 1929 4496">
     <span class='ocr_line' id='line_1_86' title="bbox 277 4417 1929 4496; baseline 0.001 -22"><span class='ocrx_word' id='word_1_592' title='bbox 277 4421 465 4484; x_wconf 81' lang='grc' dir='ltr'>στῆεαί</span> <span class='ocrx_word' id='word_1_593' title='bbox 494 4441 577 4475; x_wconf 83' lang='grc' dir='ltr'><strong>σοι</strong></span> <span class='ocrx_word' id='word_1_594' title='bbox 609 4418 842 4494; x_wconf 76' lang='grc' dir='ltr'>δύναται,</span> <span class='ocrx_word' id='word_1_595' title='bbox 876 4420 1005 4496; x_wconf 72' lang='grc' dir='ltr'>ὑπὲρ</span> <span class='ocrx_word' id='word_1_596' title='bbox 1034 4420 1110 4475; x_wconf 82' lang='grc' dir='ltr'>ὧν</span> <span class='ocrx_word' id='word_1_597' title='bbox 1152 4417 1382 4482; x_wconf 75' lang='grc' dir='ltr'>δέδωκας</span> <span class='ocrx_word' id='word_1_598' title='bbox 1420 4422 1603 4482; x_wconf 71' lang='grc' dir='ltr'>αὐτοῖς</span> <span class='ocrx_word' id='word_1_599' title='bbox 1651 4421 1727 4481; x_wconf 83' lang='grc' dir='ltr'>εὶς</span> <span class='ocrx_word' id='word_1_600' title='bbox 1766 4420 1929 4494; x_wconf 79' lang='grc' dir='ltr'>μετά-</span> 
     </span>
    </p>
   </div>
   <div class='ocr_carea' id='block_1_87' title="bbox 2026 4415 3667 4498">
    <p class='ocr_par' dir='ltr' id='par_1_87' title="bbox 2026 4415 3667 4498">
     <span class='ocr_line' id='line_1_87' title="bbox 2026 4415 3667 4498; baseline 0.003 -23"><span class='ocrx_word' id='word_1_601' title='bbox 2026 4426 2201 4495; x_wconf 64' lang='lat' dir='ltr'><strong>aotest</strong></span> <span class='ocrx_word' id='word_1_602' title='bbox 2229 4418 2447 4493; x_wconf 84' lang='lat' dir='ltr'><strong>gratias</strong></span> <span class='ocrx_word' id='word_1_603' title='bbox 2465 4417 2567 4479; x_wconf 90' lang='lat' dir='ltr'><strong>tibi</strong></span> <span class='ocrx_word' id='word_1_604' title='bbox 2595 4436 2912 4498; x_wconf 87' lang='lat' dir='ltr'><strong>agere,pro</strong></span> <span class='ocrx_word' id='word_1_605' title='bbox 2939 4417 3011 4478; x_wconf 86' lang='lat' dir='ltr'><strong>iis</strong></span> <span class='ocrx_word' id='word_1_606' title='bbox 3030 4436 3167 4492; x_wconf 75' lang='lat' dir='ltr'><strong>qum</strong></span> <span class='ocrx_word' id='word_1_607' title='bbox 3187 4415 3406 4478; x_wconf 85' lang='lat' dir='ltr'><strong>dedisti</strong></span> <span class='ocrx_word' id='word_1_608' title='bbox 3431 4416 3577 4495; x_wconf 88' lang='lat' dir='ltr'><strong>ipsis</strong></span> <span class='ocrx_word' id='word_1_609' title='bbox 3594 4419 3667 4480; x_wconf 88' lang='lat' dir='ltr'><strong>ad</strong></span> 
     </span>
    </p>
   </div>
   <div class='ocr_carea' id='block_1_88' title="bbox 281 4505 1931 4587">
    <p class='ocr_par' dir='ltr' id='par_1_88' title="bbox 281 4506 1923 4587">
     <span class='ocr_line' id='line_1_88' title="bbox 281 4506 1923 4587; baseline 0.001 -24"><span class='ocrx_word' id='word_1_610' title='bbox 281 4508 472 4583; x_wconf 79' lang='grc' dir='ltr'>ληψιν;</span> <span class='ocrx_word' id='word_1_611' title='bbox 528 4511 556 4564; x_wconf 91' lang='lat'><strong>6</strong></span> <span class='ocrx_word' id='word_1_612' title='bbox 614 4511 743 4574; x_wconf 78' lang='grc' dir='ltr'>Θεὸς</span> <span class='ocrx_word' id='word_1_613' title='bbox 794 4506 1060 4586; x_wconf 77' lang='grc' dir='ltr'>Ἀϐραὰμ,</span> <span class='ocrx_word' id='word_1_614' title='bbox 1129 4512 1212 4565; x_wconf 70' lang='grc' dir='ltr'><strong>καὶ</strong></span> <span class='ocrx_word' id='word_1_615' title='bbox 1280 4508 1482 4581; x_wconf 80' lang='grc' dir='ltr'>Ἰσαὰκ,</span> <span class='ocrx_word' id='word_1_616' title='bbox 1559 4510 1646 4565; x_wconf 79' lang='grc' dir='ltr'><strong>καὶ</strong></span> <span class='ocrx_word' id='word_1_617' title='bbox 1705 4506 1923 4587; x_wconf 74' lang='grc' dir='ltr'>Ἰακὼϐ,</span> 
     </span>
    </p>
   </div>
   <div class='ocr_carea' id='block_1_89' title="bbox 2026 4505 3668 4587">
    <p class='ocr_par' dir='ltr' id='par_1_89' title="bbox 2026 4505 3668 4585">
     <span class='ocr_line' id='line_1_89' title="bbox 2026 4505 3668 4585; baseline 0.002 -22"><span class='ocrx_word' id='word_1_618' title='bbox 2026 4506 2486 4584; x_wconf 69' lang='lat' dir='ltr'><strong>participandum</strong></span> <span class='ocrx_word' id='word_1_619' title='bbox 2504 4508 2698 4569; x_wconf 83' lang='lat' dir='ltr'><strong>?Deus</strong></span> <span class='ocrx_word' id='word_1_620' title='bbox 2723 4506 3050 4569; x_wconf 71' lang='lat' dir='ltr'><strong>Abraliami</strong></span> <span class='ocrx_word' id='word_1_621' title='bbox 3076 4515 3135 4567; x_wconf 89' lang='lat' dir='ltr'><strong>et</strong></span> <span class='ocrx_word' id='word_1_622' title='bbox 3160 4505 3337 4566; x_wconf 83' lang='lat' dir='ltr'><strong>[saaci</strong></span> <span class='ocrx_word' id='word_1_623' title='bbox 3361 4515 3418 4568; x_wconf 90' lang='lat' dir='ltr'><strong>et</strong></span> <span class='ocrx_word' id='word_1_624' title='bbox 3436 4505 3668 4585; x_wconf 81' lang='lat' dir='ltr'><strong>Jacobi,</strong></span> 
     </span>
    </p>
   </div>
   <div class='ocr_carea' id='block_1_90' title="bbox 283 4595 1931 4685">
    <p class='ocr_par' dir='ltr' id='par_1_90' title="bbox 283 4595 1928 4677">
     <span class='ocr_line' id='line_1_90' title="bbox 283 4595 1928 4677; baseline 0.001 -25"><span class='ocrx_word' id='word_1_625' title='bbox 283 4599 372 4654; x_wconf 82' lang='grc' dir='ltr'><strong>καὶ</strong></span> <span class='ocrx_word' id='word_1_626' title='bbox 428 4598 640 4653; x_wconf 80' lang='grc' dir='ltr'>πάντων</span> <span class='ocrx_word' id='word_1_627' title='bbox 694 4605 800 4654; x_wconf 78' lang='grc' dir='ltr'><strong>τῶν</strong></span> <span class='ocrx_word' id='word_1_628' title='bbox 858 4598 1048 4676; x_wconf 80' lang='grc' dir='ltr'>ἁγίων·</span> <span class='ocrx_word' id='word_1_629' title='bbox 1109 4600 1137 4653; x_wconf 88' lang='lat'><strong>6</strong></span> <span class='ocrx_word' id='word_1_630' title='bbox 1194 4598 1365 4655; x_wconf 75' lang='grc' dir='ltr'>πάντα</span> <span class='ocrx_word' id='word_1_631' title='bbox 1396 4596 1812 4677; x_wconf 75' lang='grc' dir='ltr'>τελεσφορησας,</span> <span class='ocrx_word' id='word_1_632' title='bbox 1844 4595 1928 4653; x_wconf 76' lang='grc' dir='ltr'><strong>διὰ</strong></span> 
     </span>
    </p>
   </div>
   <div class='ocr_carea' id='block_1_91' title="bbox 2026 4595 3663 4685">
    <p class='ocr_par' dir='ltr' id='par_1_91' title="bbox 2026 4595 3663 4674">
     <span class='ocr_line' id='line_1_91' title="bbox 2026 4595 3663 4674; baseline 0.002 -20"><span class='ocrx_word' id='word_1_633' title='bbox 2026 4596 2403 4674; x_wconf 67' lang='lat' dir='ltr'><strong>amniumque</strong></span> <span class='ocrx_word' id='word_1_634' title='bbox 2429 4607 2770 4657; x_wconf 86' lang='lat' dir='ltr'><strong>sanctorum</strong></span> <span class='ocrx_word' id='word_1_635' title='bbox 2802 4619 2815 4655; x_wconf 90' lang='lat'><strong>:</strong></span> <span class='ocrx_word' id='word_1_636' title='bbox 2848 4596 2949 4672; x_wconf 90' lang='lat' dir='ltr'><strong>qui</strong></span> <span class='ocrx_word' id='word_1_637' title='bbox 2994 4608 3206 4655; x_wconf 87' lang='lat' dir='ltr'><strong>cuncta</strong></span> <span class='ocrx_word' id='word_1_638' title='bbox 3239 4595 3309 4655; x_wconf 89' lang='lat' dir='ltr'><strong>ad</strong></span> <span class='ocrx_word' id='word_1_639' title='bbox 3347 4596 3663 4673; x_wconf 74' lang='lat' dir='ltr'><strong>perfectio-</strong></span> 
     </span>
    </p>
   </div>
   <div class='ocr_carea' id='block_1_92' title="bbox 280 4684 1931 4765">
    <p class='ocr_par' dir='ltr' id='par_1_92' title="bbox 280 4685 1927 4765">
     <span class='ocr_line' id='line_1_92' title="bbox 280 4685 1927 4765; baseline 0.001 -22"><span class='ocrx_word' id='word_1_640' title='bbox 280 4697 374 4746; x_wconf 75' lang='grc' dir='ltr'><strong>τοῦ</strong></span> <span class='ocrx_word' id='word_1_641' title='bbox 428 4686 590 4765; x_wconf 78' lang='grc' dir='ltr'>λόγου</span> <span class='ocrx_word' id='word_1_642' title='bbox 619 4710 734 4758; x_wconf 80' lang='grc' dir='ltr'>σου,</span> <span class='ocrx_word' id='word_1_643' title='bbox 778 4691 865 4744; x_wconf 85' lang='grc' dir='ltr'><strong>καὶ</strong></span> <span class='ocrx_word' id='word_1_644' title='bbox 907 4686 1158 4750; x_wconf 73' lang='grc' dir='ltr'>κελεύσας</span> <span class='ocrx_word' id='word_1_645' title='bbox 1227 4694 1295 4764; x_wconf 77' lang='grc' dir='ltr'><strong>τῇ</strong></span> <span class='ocrx_word' id='word_1_646' title='bbox 1324 4693 1396 4765; x_wconf 73' lang='grc' dir='ltr'><strong>γῇ</strong></span> <span class='ocrx_word' id='word_1_647' title='bbox 1438 4685 1806 4752; x_wconf 76' lang='grc' dir='ltr'>παντοδαποὺς</span> <span class='ocrx_word' id='word_1_648' title='bbox 1829 4689 1927 4744; x_wconf 69' lang='grc' dir='ltr'><strong>ἱκ-</strong></span> 
     </span>
    </p>
   </div>
   <div class='ocr_carea' id='block_1_93' title="bbox 2026 4684 3665 4765">
    <p class='ocr_par' dir='ltr' id='par_1_93' title="bbox 2026 4684 3665 4765">
     <span class='ocr_line' id='line_1_93' title="bbox 2026 4684 3665 4765; baseline -0.001 -21"><span class='ocrx_word' id='word_1_649' title='bbox 2026 4703 2149 4744; x_wconf 84' lang='lat' dir='ltr'><strong>ncm</strong></span> <span class='ocrx_word' id='word_1_650' title='bbox 2178 4704 2242 4745; x_wconf 86' lang='lat' dir='ltr'><strong>ac</strong></span> <span class='ocrx_word' id='word_1_651' title='bbox 2271 4690 2663 4747; x_wconf 80' lang='lat' dir='ltr'><strong>maturitatem</strong></span> <span class='ocrx_word' id='word_1_652' title='bbox 2695 4684 3164 4765; x_wconf 85' lang='lat' dir='ltr'><strong>perduxisti,per</strong></span> <span class='ocrx_word' id='word_1_653' title='bbox 3189 4684 3447 4745; x_wconf 74' lang='lat' dir='ltr'><strong>Verbum</strong></span> <span class='ocrx_word' id='word_1_654' title='bbox 3478 4692 3665 4758; x_wconf 88' lang='lat' dir='ltr'><strong>tuum,</strong></span> 
     </span>
    </p>
   </div>
   <div class='ocr_carea' id='block_1_94' title="bbox 284 4775 1931 4858">
    <p class='ocr_par' dir='ltr' id='par_1_94' title="bbox 284 4775 1927 4858">
     <span class='ocr_line' id='line_1_94' title="bbox 284 4775 1927 4858; baseline -0.001 -24"><span class='ocrx_word' id='word_1_655' title='bbox 284 4785 441 4856; x_wconf 73' lang='grc' dir='ltr'>φῦσαι</span> <span class='ocrx_word' id='word_1_656' title='bbox 473 4779 727 4855; x_wconf 70' lang='grc' dir='ltr'>καιρποὺς</span> <span class='ocrx_word' id='word_1_657' title='bbox 762 4780 835 4839; x_wconf 82' lang='grc' dir='ltr'><strong>εἰς</strong></span> <span class='ocrx_word' id='word_1_658' title='bbox 868 4779 1189 4858; x_wconf 72' lang='grc' dir='ltr'>εὔφροσύνην</span> <span class='ocrx_word' id='word_1_659' title='bbox 1208 4780 1295 4833; x_wconf 86' lang='grc' dir='ltr'><strong>καὶ</strong></span> <span class='ocrx_word' id='word_1_660' title='bbox 1324 4776 1523 4856; x_wconf 64' lang='grc' dir='ltr'>τροφὴν</span> <span class='ocrx_word' id='word_1_661' title='bbox 1558 4775 1850 4855; x_wconf 76' lang='grc' dir='ltr'>ἡμετέρανο</span> <span class='ocrx_word' id='word_1_662' title='bbox 1900 4779 1927 4832; x_wconf 83' lang='grc' dir='ltr'>ὁ</span> 
     </span>
    </p>
   </div>
   <div class='ocr_carea' id='block_1_95' title="bbox 2026 4775 3669 4858">
    <p class='ocr_par' dir='ltr' id='par_1_95' title="bbox 2026 4775 3669 4854">
     <span class='ocr_line' id='line_1_95' title="bbox 2026 4775 3669 4854; baseline -0.001 -19"><span class='ocrx_word' id='word_1_663' title='bbox 2026 4786 2069 4835; x_wconf 73' lang='lat' dir='ltr'><strong>et</strong></span> <span class='ocrx_word' id='word_1_664' title='bbox 2110 4783 2281 4835; x_wconf 67' lang='lat' dir='ltr'><strong>terrae</strong></span> <span class='ocrx_word' id='word_1_665' title='bbox 2305 4776 2533 4851; x_wconf 83' lang='lat' dir='ltr'><strong>jussisti</strong></span> <span class='ocrx_word' id='word_1_666' title='bbox 2562 4776 2918 4854; x_wconf 85' lang='lat' dir='ltr'><strong>progignere</strong></span> <span class='ocrx_word' id='word_1_667' title='bbox 2940 4776 3141 4837; x_wconf 87' lang='lat' dir='ltr'><strong>omnis</strong></span> <span class='ocrx_word' id='word_1_668' title='bbox 3168 4776 3410 4851; x_wconf 76' lang='lat' dir='ltr'><strong>generis</strong></span> <span class='ocrx_word' id='word_1_669' title='bbox 3440 4775 3669 4835; x_wconf 84' lang='lat' dir='ltr'><strong>fructus</strong></span> 
     </span>
    </p>
   </div>
   <div class='ocr_carea' id='block_1_96' title="bbox 283 4862 1931 4947">
    <p class='ocr_par' dir='ltr' id='par_1_96' title="bbox 283 4864 1925 4947">
     <span class='ocr_line' id='line_1_96' title="bbox 283 4864 1925 4947; baseline -0.001 -24"><span class='ocrx_word' id='word_1_670' title='bbox 283 4866 400 4930; x_wconf 73' lang='grc' dir='ltr'>δοὺς</span> <span class='ocrx_word' id='word_1_671' title='bbox 447 4881 564 4929; x_wconf 77' lang='grc' dir='ltr'>τοῖς</span> <span class='ocrx_word' id='word_1_672' title='bbox 596 4868 935 4944; x_wconf 78' lang='grc' dir='ltr'>νωθεστὲροις</span> <span class='ocrx_word' id='word_1_673' title='bbox 976 4870 1064 4924; x_wconf 81' lang='grc' dir='ltr'><strong>καὶ</strong></span> <span class='ocrx_word' id='word_1_674' title='bbox 1105 4866 1413 4947; x_wconf 67' lang='grc' dir='ltr'>βληχώδὲσι</span> <span class='ocrx_word' id='word_1_675' title='bbox 1473 4864 1684 4946; x_wconf 71' lang='grc' dir='ltr'>χειλὸν,</span> <span class='ocrx_word' id='word_1_676' title='bbox 1740 4864 1925 4946; x_wconf 80' lang='grc' dir='ltr'>χλοη-</span> 
     </span>
    </p>
   </div>
   <div class='ocr_carea' id='block_1_97' title="bbox 2026 4862 3665 4947">
    <p class='ocr_par' dir='ltr' id='par_1_97' title="bbox 2026 4862 3665 4944">
     <span class='ocr_line' id='line_1_97' title="bbox 2026 4862 3665 4944; baseline 0.001 -22"><span class='ocrx_word' id='word_1_677' title='bbox 2026 4862 2080 4922; x_wconf 77' lang='lat' dir='ltr'><strong>td</strong></span> <span class='ocrx_word' id='word_1_678' title='bbox 2115 4863 2372 4923; x_wconf 41' lang='lat' dir='ltr'><strong>vaesitiam</strong></span> <span class='ocrx_word' id='word_1_679' title='bbox 2403 4876 2459 4924; x_wconf 89' lang='lat' dir='ltr'><strong>et</strong></span> <span class='ocrx_word' id='word_1_680' title='bbox 2487 4864 2833 4927; x_wconf 77' lang='lat' dir='ltr'><strong>alimoniam</strong></span> <span class='ocrx_word' id='word_1_681' title='bbox 2860 4876 3119 4927; x_wconf 89' lang='lat' dir='ltr'><strong>nostram</strong></span> <span class='ocrx_word' id='word_1_682' title='bbox 3152 4884 3165 4925; x_wconf 90' lang='lat'>:</span> <span class='ocrx_word' id='word_1_683' title='bbox 3193 4864 3294 4944; x_wconf 93' lang='lat' dir='ltr'><strong>qui</strong></span> <span class='ocrx_word' id='word_1_684' title='bbox 3316 4862 3531 4923; x_wconf 88' lang='lat' dir='ltr'><strong>dedisti</strong></span> <span class='ocrx_word' id='word_1_685' title='bbox 3554 4864 3665 4924; x_wconf 89' lang='lat' dir='ltr'><strong>he-</strong></span> 
     </span>
    </p>
   </div>
   <div class='ocr_carea' id='block_1_98' title="bbox 281 4952 1931 5036">
    <p class='ocr_par' dir='ltr' id='par_1_98' title="bbox 281 4954 1923 5036">
     <span class='ocr_line' id='line_1_98' title="bbox 281 4954 1923 5036; baseline 0.001 -27"><span class='ocrx_word' id='word_1_686' title='bbox 281 4957 470 5036; x_wconf 69' lang='grc' dir='ltr'>φάγοις</span> <span class='ocrx_word' id='word_1_687' title='bbox 506 4955 702 5035; x_wconf 71' lang='grc' dir='ltr'>χλόην,</span> <span class='ocrx_word' id='word_1_688' title='bbox 745 4960 832 5013; x_wconf 67' lang='grc' dir='ltr'><strong>καῖ</strong></span> <span class='ocrx_word' id='word_1_689' title='bbox 874 4972 989 5021; x_wconf 71' lang='grc' dir='ltr'>τοῖς</span> <span class='ocrx_word' id='word_1_690' title='bbox 1022 4959 1119 5031; x_wconf 71' lang='grc' dir='ltr'><strong>μὲν</strong></span> <span class='ocrx_word' id='word_1_691' title='bbox 1150 4959 1299 5033; x_wconf 73' lang='grc' dir='ltr'>κρέα,</span> <span class='ocrx_word' id='word_1_692' title='bbox 1360 4971 1475 5018; x_wconf 63' lang='lat'><strong>101&#39;,-</strong></span> <span class='ocrx_word' id='word_1_693' title='bbox 1527 4954 1581 5011; x_wconf 71' lang='grc' dir='ltr'><strong>δὶ</strong></span> <span class='ocrx_word' id='word_1_694' title='bbox 1616 4954 1923 5033; x_wconf 72' lang='grc' dir='ltr'>σπέρματα,</span> 
     </span>
    </p>
   </div>
   <div class='ocr_carea' id='block_1_99' title="bbox 2026 4952 3664 5036">
    <p class='ocr_par' dir='ltr' id='par_1_99' title="bbox 2026 4953 3664 5035">
     <span class='ocr_line' id='line_1_99' title="bbox 2026 4953 3664 5035; baseline 0.002 -23"><span class='ocrx_word' id='word_1_695' title='bbox 2026 4953 2346 5013; x_wconf 77' lang='lat' dir='ltr'><strong>beléoribus</strong></span> <span class='ocrx_word' id='word_1_696' title='bbox 2377 4972 2444 5015; x_wconf 92' lang='lat' dir='ltr'><strong>ac</strong></span> <span class='ocrx_word' id='word_1_697' title='bbox 2478 4954 2910 5033; x_wconf 85' lang='lat' dir='ltr'><strong>stupidioribus</strong></span> <span class='ocrx_word' id='word_1_698' title='bbox 2949 4954 3228 5035; x_wconf 76' lang='lat' dir='ltr'><strong>pabulum</strong></span> <span class='ocrx_word' id='word_1_699' title='bbox 3277 4953 3420 5032; x_wconf 80' lang='lat' dir='ltr'><strong>feni,</strong></span> <span class='ocrx_word' id='word_1_700' title='bbox 3456 4953 3664 5015; x_wconf 90' lang='lat' dir='ltr'><strong>herbi-</strong></span> 
     </span>
    </p>
   </div>
   <div class='ocr_carea' id='block_1_100' title="bbox 281 5044 1929 5127">
    <p class='ocr_par' dir='ltr' id='par_1_100' title="bbox 281 5044 1929 5127">
     <span class='ocr_line' id='line_1_100' title="bbox 281 5044 1929 5127; baseline 0.001 -28"><span class='ocrx_word' id='word_1_701' title='bbox 281 5046 420 5120; x_wconf 71' lang='lat' dir='ltr'><strong>1&#39;,pi‘fv</strong></span> <span class='ocrx_word' id='word_1_702' title='bbox 471 5044 520 5101; x_wconf 73' lang='grc' dir='ltr'>δὲ</span> <span class='ocrx_word' id='word_1_703' title='bbox 584 5061 733 5102; x_wconf 69' lang='grc' dir='ltr'>σῖτον</span> <span class='ocrx_word' id='word_1_704' title='bbox 791 5050 921 5126; x_wconf 62' lang='grc' dir='ltr'>πρὸς</span> <span class='ocrx_word' id='word_1_705' title='bbox 984 5048 1181 5126; x_wconf 72' lang='grc' dir='ltr'>τροφήν</span> <span class='ocrx_word' id='word_1_706' title='bbox 1211 5049 1505 5127; x_wconf 51' lang='grc' dir='ltr'>πρόσγορον</span> <span class='ocrx_word' id='word_1_707' title='bbox 1531 5050 1616 5101; x_wconf 81' lang='grc' dir='ltr'>καὶ</span> <span class='ocrx_word' id='word_1_708' title='bbox 1646 5045 1929 5113; x_wconf 77' lang='grc' dir='ltr'>κατάλλη-</span> 
     </span>
    </p>
   </div>
   <div class='ocr_carea' id='block_1_101' title="bbox 279 5134 1929 5217">
    <p class='ocr_par' dir='ltr' id='par_1_101' title="bbox 279 5134 1929 5217">
     <span class='ocr_line' id='line_1_101' title="bbox 279 5134 1929 5217; baseline -0.001 -25"><span class='ocrx_word' id='word_1_709' title='bbox 279 5136 396 5209; x_wconf 67' lang='grc' dir='ltr'>λον,</span> <span class='ocrx_word' id='word_1_710' title='bbox 445 5139 533 5191; x_wconf 82' lang='grc' dir='ltr'>καὶ</span> <span class='ocrx_word' id='word_1_711' title='bbox 575 5135 725 5215; x_wconf 75' lang='grc' dir='ltr'>ἕτερα</span> <span class='ocrx_word' id='word_1_712' title='bbox 782 5135 1024 5217; x_wconf 66' lang='grc' dir='ltr'>διάφορα,</span> <span class='ocrx_word' id='word_1_713' title='bbox 1070 5139 1135 5192; x_wconf 72' lang='grc' dir='ltr'>τα</span> <span class='ocrx_word' id='word_1_714' title='bbox 1193 5137 1288 5211; x_wconf 74' lang='grc' dir='ltr'><strong>μὲν</strong></span> <span class='ocrx_word' id='word_1_715' title='bbox 1345 5139 1475 5215; x_wconf 76' lang='grc' dir='ltr'>πρὸς</span> <span class='ocrx_word' id='word_1_716' title='bbox 1522 5140 1742 5215; x_wconf 76' lang='grc' dir='ltr'>χρῆσιν,</span> <span class='ocrx_word' id='word_1_717' title='bbox 1780 5137 1844 5192; x_wconf 76' lang='grc' dir='ltr'><strong>τὰ</strong></span> <span class='ocrx_word' id='word_1_718' title='bbox 1875 5134 1929 5191; x_wconf 71' lang='grc' dir='ltr'><strong>δὲ</strong></span> 
     </span>
    </p>
   </div>
   <div class='ocr_carea' id='block_1_102' title="bbox 282 5226 1928 5305">
    <p class='ocr_par' dir='ltr' id='par_1_102' title="bbox 282 5226 1928 5305">
     <span class='ocr_line' id='line_1_102' title="bbox 282 5226 1928 5305; baseline -0.001 -24"><span class='ocrx_word' id='word_1_719' title='bbox 282 5227 411 5303; x_wconf 73' lang='grc' dir='ltr'>πρὸς</span> <span class='ocrx_word' id='word_1_720' title='bbox 453 5227 679 5304; x_wconf 70' lang='grc' dir='ltr'>ὑγίειαν,</span> <span class='ocrx_word' id='word_1_721' title='bbox 742 5230 803 5283; x_wconf 76' lang='grc' dir='ltr'>τα</span> <span class='ocrx_word' id='word_1_722' title='bbox 860 5228 913 5283; x_wconf 69' lang='grc' dir='ltr'><strong>δὲ</strong></span> <span class='ocrx_word' id='word_1_723' title='bbox 962 5232 1090 5303; x_wconf 83' lang='grc' dir='ltr'>πρὸς</span> <span class='ocrx_word' id='word_1_724' title='bbox 1151 5227 1335 5305; x_wconf 73' lang='grc' dir='ltr'>τέρψιν</span> <span class='ocrx_word' id='word_1_725' title='bbox 1399 5227 1515 5283; x_wconf 85' lang='grc' dir='ltr'>Ἐπὶ</span> <span class='ocrx_word' id='word_1_726' title='bbox 1572 5226 1778 5289; x_wconf 69' lang='grc' dir='ltr'>τούτοις</span> <span class='ocrx_word' id='word_1_727' title='bbox 1840 5226 1928 5282; x_wconf 80' lang='grc' dir='ltr'>οὖν</span> 
     </span>
    </p>
   </div>
   <div class='ocr_carea' id='block_1_103' title="bbox 283 5316 1925 5397">
    <p class='ocr_par' dir='ltr' id='par_1_103' title="bbox 283 5316 1925 5397">
     <span class='ocr_line' id='line_1_103' title="bbox 283 5316 1925 5397; baseline 0.002 -27"><span class='ocrx_word' id='word_1_728' title='bbox 283 5316 471 5372; x_wconf 76' lang='grc' dir='ltr'>ἆτασιν</span> <span class='ocrx_word' id='word_1_729' title='bbox 516 5318 879 5397; x_wconf 73' lang='grc' dir='ltr'>ὑπερύμνητος</span> <span class='ocrx_word' id='word_1_730' title='bbox 930 5316 1059 5396; x_wconf 84' lang='grc'><strong>(57)</strong></span> <span class='ocrx_word' id='word_1_731' title='bbox 1114 5318 1397 5397; x_wconf 68' lang='grc' dir='ltr'>ὑπάρχεις,</span> <span class='ocrx_word' id='word_1_732' title='bbox 1446 5322 1543 5383; x_wconf 77' lang='grc' dir='ltr'>της</span> <span class='ocrx_word' id='word_1_733' title='bbox 1587 5317 1660 5378; x_wconf 83' lang='grc' dir='ltr'>εἷς</span> <span class='ocrx_word' id='word_1_734' title='bbox 1723 5338 1925 5378; x_wconf 82' lang='grc' dir='ltr'>παντας</span> 
     </span>
    </p>
   </div>
   <div class='ocr_carea' id='block_1_104' title="bbox 365 5550 957 5623">
    <p class='ocr_par' dir='ltr' id='par_1_104' title="bbox 365 5550 957 5623">
     <span class='ocr_line' id='line_1_104' title="bbox 365 5550 957 5623; baseline 0.002 -10"><span class='ocrx_word' id='word_1_735' title='bbox 365 5550 426 5598; x_wconf 60' lang='lat'><strong>3“</strong></span> <span class='ocrx_word' id='word_1_736' title='bbox 455 5551 611 5613; x_wconf 80' lang='lat' dir='ltr'><strong>Psal.</strong></span> <span class='ocrx_word' id='word_1_737' title='bbox 646 5568 819 5623; x_wconf 77' lang='lat' dir='ltr'><strong>Lxxx,</strong></span> <span class='ocrx_word' id='word_1_738' title='bbox 866 5551 957 5615; x_wconf 88' lang='lat' dir='ltr'><strong>l0.</strong></span> 
     </span>
    </p>
   </div>
   <div class='ocr_carea' id='block_1_105' title="bbox 2015 5042 3665 5124">
    <p class='ocr_par' dir='ltr' id='par_1_105' title="bbox 2015 5042 3665 5124">
     <span class='ocr_line' id='line_1_105' title="bbox 2015 5042 3665 5124; baseline 0.001 -23"><span class='ocrx_word' id='word_1_739' title='bbox 2015 5042 2169 5102; x_wconf 81' lang='lat' dir='ltr'><strong>voris</strong></span> <span class='ocrx_word' id='word_1_740' title='bbox 2205 5043 2448 5104; x_wconf 85' lang='lat' dir='ltr'><strong>herbam</strong></span> <span class='ocrx_word' id='word_1_741' title='bbox 2481 5065 2493 5107; x_wconf 93' lang='lat'>:</span> <span class='ocrx_word' id='word_1_742' title='bbox 2531 5053 2586 5105; x_wconf 89' lang='lat' dir='ltr'><strong>et</strong></span> <span class='ocrx_word' id='word_1_743' title='bbox 2614 5044 2745 5105; x_wconf 87' lang='lat' dir='ltr'><strong>aliis</strong></span> <span class='ocrx_word' id='word_1_744' title='bbox 2799 5046 3040 5124; x_wconf 86' lang='lat' dir='ltr'><strong>quidem</strong></span> <span class='ocrx_word' id='word_1_745' title='bbox 3088 5060 3327 5123; x_wconf 87' lang='lat' dir='ltr'><strong>carnes,</strong></span> <span class='ocrx_word' id='word_1_746' title='bbox 3361 5042 3496 5103; x_wconf 86' lang='lat' dir='ltr'><strong>aliis</strong></span> <span class='ocrx_word' id='word_1_747' title='bbox 3524 5061 3665 5103; x_wconf 84' lang='lat' dir='ltr'><strong>vero</strong></span> 
     </span>
    </p>
   </div>
   <div class='ocr_carea' id='block_1_106' title="bbox 2014 5132 3663 5212">
    <p class='ocr_par' dir='ltr' id='par_1_106' title="bbox 2014 5132 3663 5212">
     <span class='ocr_line' id='line_1_106' title="bbox 2014 5132 3663 5212; baseline 0 -19"><span class='ocrx_word' id='word_1_748' title='bbox 2014 5132 2266 5211; x_wconf 83' lang='lat' dir='ltr'><strong>semina,</strong></span> <span class='ocrx_word' id='word_1_749' title='bbox 2295 5134 2468 5195; x_wconf 91' lang='lat' dir='ltr'><strong>nobis</strong></span> <span class='ocrx_word' id='word_1_750' title='bbox 2498 5144 2695 5196; x_wconf 87' lang='lat' dir='ltr'><strong>autem</strong></span> <span class='ocrx_word' id='word_1_751' title='bbox 2728 5134 3091 5196; x_wconf 76' lang='lat' dir='ltr'><strong>frumentum</strong></span> <span class='ocrx_word' id='word_1_752' title='bbox 3125 5132 3199 5193; x_wconf 90' lang='lat' dir='ltr'><strong>ad</strong></span> <span class='ocrx_word' id='word_1_753' title='bbox 3231 5132 3427 5193; x_wconf 90' lang='lat' dir='ltr'><strong>cibum</strong></span> <span class='ocrx_word' id='word_1_754' title='bbox 3460 5140 3663 5212; x_wconf 88' lang='lat' dir='ltr'><strong>aptum</strong></span> 
     </span>
    </p>
   </div>
   <div class='ocr_carea' id='block_1_107' title="bbox 2013 5221 3664 5302">
    <p class='ocr_par' dir='ltr' id='par_1_107' title="bbox 2013 5221 3664 5302">
     <span class='ocr_line' id='line_1_107' title="bbox 2013 5221 3664 5302; baseline 0.001 -20"><span class='ocrx_word' id='word_1_755' title='bbox 2013 5240 2083 5282; x_wconf 88' lang='lat' dir='ltr'><strong>ac</strong></span> <span class='ocrx_word' id='word_1_756' title='bbox 2113 5222 2619 5300; x_wconf 75' lang='lat' dir='ltr'><strong>convenientem;</strong></span> <span class='ocrx_word' id='word_1_757' title='bbox 2675 5226 2819 5285; x_wconf 84' lang='lat' dir='ltr'><strong>item</strong></span> <span class='ocrx_word' id='word_1_758' title='bbox 2881 5224 3118 5285; x_wconf 88' lang='lat' dir='ltr'><strong>diversa</strong></span> <span class='ocrx_word' id='word_1_759' title='bbox 3170 5221 3313 5302; x_wconf 89' lang='lat' dir='ltr'><strong>alia,</strong></span> <span class='ocrx_word' id='word_1_760' title='bbox 3348 5228 3559 5300; x_wconf 87' lang='lat' dir='ltr'><strong>partim</strong></span> <span class='ocrx_word' id='word_1_761' title='bbox 3591 5223 3664 5283; x_wconf 89' lang='lat' dir='ltr'><strong>ad</strong></span> 
     </span>
    </p>
   </div>
   <div class='ocr_carea' id='block_1_108' title="bbox 2013 5308 3664 5393">
    <p class='ocr_par' dir='ltr' id='par_1_108' title="bbox 2013 5308 3664 5393">
     <span class='ocr_line' id='line_1_108' title="bbox 2013 5308 3664 5393; baseline -0.002 -18"><span class='ocrx_word' id='word_1_762' title='bbox 2013 5330 2213 5385; x_wconf 62' lang='lat' dir='ltr'><strong>usum,</strong></span> <span class='ocrx_word' id='word_1_763' title='bbox 2245 5314 2455 5391; x_wconf 86' lang='lat' dir='ltr'><strong>partim</strong></span> <span class='ocrx_word' id='word_1_764' title='bbox 2494 5312 2565 5374; x_wconf 87' lang='lat' dir='ltr'><strong>ad</strong></span> <span class='ocrx_word' id='word_1_765' title='bbox 2600 5314 2936 5385; x_wconf 86' lang='lat' dir='ltr'><strong>sanitatem,</strong></span> <span class='ocrx_word' id='word_1_766' title='bbox 2967 5312 3181 5393; x_wconf 85' lang='lat' dir='ltr'><strong>partim</strong></span> <span class='ocrx_word' id='word_1_767' title='bbox 3208 5309 3282 5372; x_wconf 89' lang='lat' dir='ltr'><strong>ad</strong></span> <span class='ocrx_word' id='word_1_768' title='bbox 3309 5308 3664 5372; x_wconf 87' lang='lat' dir='ltr'><strong>oblectatio-</strong></span> 
     </span>
    </p>
   </div>
   <div class='ocr_carea' id='block_1_109' title="bbox 1044 5546 2327 5627">
    <p class='ocr_par' dir='ltr' id='par_1_109' title="bbox 1044 5546 2327 5627">
     <span class='ocr_line' id='line_1_109' title="bbox 1044 5546 2327 5627; baseline -0.003 -14"><span class='ocrx_word' id='word_1_769' title='bbox 1044 5547 1104 5603; x_wconf 86' lang='grc'><strong>8⁷</strong></span> <span class='ocrx_word' id='word_1_770' title='bbox 1135 5550 1320 5614; x_wconf 82' lang='lat' dir='ltr'><strong>Exod.</strong></span> <span class='ocrx_word' id='word_1_771' title='bbox 1354 5567 1555 5625; x_wconf 75' lang='lat' dir='ltr'><strong>xxxiv,</strong></span> <span class='ocrx_word' id='word_1_772' title='bbox 1590 5551 1649 5613; x_wconf 88' lang='lat'>6.</span> <span class='ocrx_word' id='word_1_773' title='bbox 1734 5549 1897 5601; x_wconf 83' lang='lat'><strong>88-89</strong></span> <span class='ocrx_word' id='word_1_774' title='bbox 1925 5546 2081 5612; x_wconf 89' lang='lat' dir='ltr'><strong>Psal.</strong></span> <span class='ocrx_word' id='word_1_775' title='bbox 2116 5566 2232 5627; x_wconf 79' lang='lat' dir='ltr'><strong>xvi,</strong></span> <span class='ocrx_word' id='word_1_776' title='bbox 2267 5549 2327 5609; x_wconf 88' lang='lat'><strong>8.</strong></span> 
     </span>
    </p>
   </div>
   <div class='ocr_carea' id='block_1_110' title="bbox 1626 5726 2325 5793">
    <p class='ocr_par' dir='ltr' id='par_1_110' title="bbox 1626 5726 2325 5793">
     <span class='ocr_line' id='line_1_110' title="bbox 1626 5726 2325 5793; baseline -0.006 -3"><span class='ocrx_word' id='word_1_777' title='bbox 1626 5727 2030 5793; x_wconf 78' lang='lat' dir='ltr'><strong>VARIORUM</strong></span> <span class='ocrx_word' id='word_1_778' title='bbox 2078 5730 2121 5790; x_wconf 82' lang='grc' dir='ltr'><strong>Ν</strong></span> <span class='ocrx_word' id='word_1_779' title='bbox 2131 5726 2325 5790; x_wconf 68' lang='grc' dir='ltr'><strong>ΟΤᾹΞ.</strong></span> 
     </span>
    </p>
   </div>
   <div class='ocr_carea' id='block_1_111' title="bbox 353 5905 1828 5987">
    <p class='ocr_par' dir='ltr' id='par_1_111' title="bbox 353 5905 1828 5987">
     <span class='ocr_line' id='line_1_111' title="bbox 353 5905 1828 5987; baseline 0.005 -21"><span class='ocrx_word' id='word_1_780' title='bbox 353 5905 471 5986; x_wconf 67' lang='lat' dir='ltr'><strong>(5&#39;s)</strong></span> <span class='ocrx_word' id='word_1_781' title='bbox 509 5906 931 5983; x_wconf 73' lang='grc' dir='ltr'>’1’περύμνητος.</span> <span class='ocrx_word' id='word_1_782' title='bbox 971 5911 1031 5971; x_wconf 90' lang='lat' dir='ltr'><strong>In</strong></span> <span class='ocrx_word' id='word_1_783' title='bbox 1064 5909 1253 5970; x_wconf 88' lang='lat' dir='ltr'><strong>altero</strong></span> <span class='ocrx_word' id='word_1_784' title='bbox 1286 5910 1423 5972; x_wconf 89' lang='lat' dir='ltr'><strong>cod.</strong></span> <span class='ocrx_word' id='word_1_785' title='bbox 1453 5911 1711 5987; x_wconf 74' lang='grc' dir='ltr'>ὒμνητὸς.</span> <span class='ocrx_word' id='word_1_786' title='bbox 1742 5909 1828 5970; x_wconf 85' lang='lat' dir='ltr'><strong>ID.</strong></span> 
     </span>
    </p>
   </div>
  </div>
