4138 6454
386 382 525 444 libi

1204 389 1261 449 s.
1311 389 1749 450 CLEMENTIS
1793 391 1811 451 1
1862 389 2045 451 non.
2096 389 2317 452 pom.
2367 393 2609 455 oram
2660 350 2915 457 Dom.

3613 398 3763 465 HE)?

375 515 695 598 quidquam
728 535 931 582 eorum
962 518 1289 593 dimovere,
1324 538 1457 600 quae
1485 519 1652 581 vobis
1682 522 2050 583 secundum;

2117 524 2318 599 (vd)an
2351 530 2482 583 Θεοῦ
2548 528 2676 605 παρ’
2743 531 2895 603 ἡμῶν
2978 530 3332 613 δ’ρισθέντωνς
3389 534 3507 591 ἀλλ’
3571 536 3761 606 ἐπειδὴ

376 606 732 667 voluntatem
761 608 865 670 Dei
898 627 1003 688 per
1027 626 1134 669 nos
1157 608 1402 670 deﬁnita
1429 615 1615 673 sunt?
1644 607 1863 672 Verum
1888 618 2023 691 quia

377 695 541 756 multi
574 696 685 757 hoc.
714 716 832 758 non
864 716 997 759 esse
1023 700 1430 760 necessarium
1466 708 1825 779 putaverunt
1852 721 1867 782 ;
1904 701 2022 761 imo

374 784 741 849 confundere
759 787 1102 868 ordines,ac
1124 790 1452 869 unicuique
1478 789 1764 851 tributam
1791 790 2027 852 ordina-

378 874 601 937 tionem
626 876 984 941 labefactare
1011 879 1759 959 audent,sibiarripientes
1782 899 1900 941 non
1917 890 2028 942 tra-

378 964 528 1026 ditas
552 965 891 1043 dignitates,
924 987 992 1031 ac
1017 969 1325 1050 tyrannice
1357 968 1772 1050 permittentes
1793 969 1909 1032 sibi
1935 988 2027 1046 ea,

378 1071 629 1136 quorum
657 1056 997 1121 dandorum
1026 1067 1380 1140 potestatem
1406 1079 1525 1121 non
1541 1060 1793 1134 habent;
1810 1081 1877 1123 ac
1899 1079 2029 1141 pro-

377 1155 606 1226 pterea,
640 1155 765 1209 tum
798 1149 986 1212 Deum
1020 1149 1277 1223 irritant,
1319 1150 1822 1232 quemadmodum
1853 1151 2027 1213 Cori-

374 1244 447 1299 tze
464 1234 540 1311 ¹¹,
565 1246 624 1300 et
639 1257 743 1301 rex
758 1236 930 1303 Ozias
949 1238 1144 1318 ",qui
1167 1250 1384 1322 praeter
1413 1241 1862 1322 dignitatem,ac
1895 1241 2028 1302 sine

371 1326 495 1389 Deo
526 1337 887 1409 usurparunt
938 1329 1371 1410 pontiﬁcatum,
1406 1340 1585 1413 atque
1637 1331 1723 1393 illi
1775 1331 2023 1412 quidem

374 1416 513 1481 facti
544 1430 685 1479 sunt
709 1417 863 1498 ignis
898 1419 1205 1500 pabulum,
1230 1421 1327 1486 hic
1349 1438 1490 1483 vero
1518 1421 1579 1483 in
1601 1421 1802 1483 fronte
1822 1420 1989 1502 lepro
2009 1454 2027 1468 -

378 1525 479 1569 sus
505 1526 521 1583 ;
550 1516 672 1569 tum
694 1516 1051 1589 exasperant
1071 1508 1371 1572 Christum
1396 1512 1626 1585 Jesum,
1653 1510 1752 1592 qui
1776 1510 1857 1571 ita
1880 1529 2029 1572 con-

2107 615 2367 705 πάρεργον
2416 619 2462 673 οἱ
2521 615 2712 674 πολλοῖ
2740 620 2827 675 καὶ
2874 628 3029 677 τοῦτο
3074 624 3352 697 ἡγήσαντο
3375 626 3542 700 εἶναι,
3625 650 3766 705 συγ-

2109 706 2259 783 χέειν
2316 703 2369 761 δὲ
2429 707 2523 773 τὰς
2576 706 2747 772 τάξεις
2808 709 2897 765 καὶ
2927 710 3027 777 τὴν
3056 710 3137 792 ἐφ’
3171 712 3395 769 ἑκάστω
3426 703 3766 794 χειροτονίαν

2109 808 2426 873 παρακινεῖν
2496 796 2787 877 τολμῶσιν,
2858 799 3253 878 ὑφαρπάζοντες
3326 804 3542 869 ἐαυτοτς
3595 804 3768 874 ἀξιώ-

2116 906 2262 955 ματα
2303 885 2370 943 τὰ
2425 888 2505 960 μὴ
2561 884 2833 961 διδόμενα,
2864 891 2952 944 καὶ
2987 889 3357 970 ἐπιτρέποντες
3406 895 3622 960 ἑαυτοῖς
3666 918 3769 952 *τυ-

2116 980 2373 1050 ραννικῶς
2432 975 2468 1031 ἅ
2496 977 2573 1049 μὴ
2604 976 2819 1057 ἔχουσιν
2851 977 3081 1045 ἐξουσίαν
3114 980 3343 1058 διδόναι,
3389 985 3477 1040 καὶ
3508 984 3591 1044 διὰ
3638 994 3770 1046 τοῦ-

2113 1084 2173 1119 το
2235 1067 2605 1152 παροργίζουσι
2628 1067 2727 1141 μὲν
2799 1069 2955 1146 Θεὸν,
2989 1069 3169 1145 ὥσπερ
3198 1075 3245 1128 οἱ
3281 1082 3561 1152 Κορετται,
3620 1076 3709 1133 καὶ
3741 1076 3771 1132 6

2110 1151 2356 1229 βασιλεὺς
2415 1155 2611 1227 Ὀζίας,
2668 1155 2795 1234 παρ’
2867 1157 3014 1224 ἀξίαν
3044 1161 3345 1237 ὶπιθέμενοι
3378 1164 3503 1220 ἄνευ
3536 1172 3668 1222 Θεοῦ
3695 1170 3770 1240 τῇ

2113 1242 2504 1324 ἀρχιερωσύνη,
2564 1247 2652 1302 καὶ
2704 1247 3004 1327 γενόμενοι,
3036 1252 3083 1306 οἱ
3114 1250 3211 1324 μὲν
3255 1251 3625 1333 πυρίφλεκτοι,
3653 1256 3681 1311 6
3711 1252 3769 1310 δὲ

2108 1335 2245 1389 κατὰ
2300 1341 2392 1390 τοῦ
2463 1334 2717 1411 μετώπου
2776 1334 2993 1412 λεπρός·
3065 1339 3409 1418 παροξύνουσι
3441 1340 3495 1399 δὲ,
3542 1344 3772 1422 Χριστὸν

2114 1419 2233 1500 (88)
2292 1424 2499 1491 Ἰησοῦν
2558 1427 2651 1481 τὸν
2713 1424 3115 1505 διαταξάμενον,
3180 1428 3403 1490 λυποῦσι
3435 1430 3490 1488 δὲ
3546 1419 3636 1490 καὶ
3706 1434 3771 1490 τδ

2114 1518 2329 1587 Πνεῦμα
2360 1515 2420 1570 τὸ
2491 1514 2669 1593 ἆίγιον,
2731 1514 3048 1595 ἀγυροῦντες
3116 1521 3275 1578 αὐτοῦ
3303 1522 3403 1588 τὴν
3456 1523 3772 1601 μαρτυρίανο

377 1597 612 1671 stituit;
647 1606 769 1660 tum
803 1598 1190 1662 constristant
1220 1599 1510 1680 Spiritum
1544 1608 1842 1680 sanctum,
1870 1600 2034 1661 inﬁr-

2117 1601 2354 1678 εὶκότως,
2382 1604 2476 1659 τὸν
2511 1602 2882 1682 ἐπηρτημένον
2914 1603 3038 1685 (89)
3064 1606 3297 1667 κίνδυνον
3320 1623 3437 1675 τοῖς
3468 1597 3545 1667 τὰ·
3559 1597 3773 1669 τοιαῦτα

381 1695 610 1749 mantes
642 1687 801 1750 illius
850 1690 1256 1751 testimonium
1288 1711 1301 1753 :
1338 1690 1565 1753 idcirco
1587 1690 1749 1770 jure,
1786 1692 2033 1771 pericu-

2118 1689 2404 1770 πράττουσι
2472 1691 2864 1774 προειδόμενοι,
2914 1698 3002 1752 καὶ
3047 1710 3146 1765 την
3178 1700 3251 1763 εἷς
3307 1701 3403 1763 τὰς
3461 1702 3638 1765 θυσίας
3682 1704 3772 1759 καὶ

378 1778 501 1840 lum
525 1778 598 1839 iis
615 1779 851 1859 quihrec
864 1778 1276 1860 designantim
1288 1779 1556 1860 pendens
1571 1779 2033 1861 prospicientes,

2119 1782 2463 1863 εὔχαριστίας
2522 1782 2802 1859 ἀμέλειαν,
2838 1784 2898 1841 ἐκ
2962 1794 3055 1844 τοῦ
3106 1787 3192 1868 ὑφ’
3226 1789 3301 1846 ὦν
3362 1790 3439 1863 μὴ
3470 1791 3582 1869 χρὴ
3611 1813 3770 1869 προσο

376 1877 435 1932 et
458 1869 882 1949 negligentiam
918 1870 979 1931 in
1011 1870 1325 1931 sacriﬁciis
1342 1888 1409 1932 ac
1436 1870 1760 1949 gratiarum
1784 1869 2035 1933 actioni-

2120 1871 2387 1950 αγομένας
2435 1870 2666 1948 ἀσεϐῶς,
2714 1873 2928 1931 παιδιὰν
2965 1875 3273 1955 ἡγουμένων
3316 1880 3415 1947 τὴν
3447 1880 3772 1960 ἀρχιερατι-

376 1958 509 2031 bus,
543 1978 614 2022 eo
640 1960 799 2039 quod
834 1959 1018 2041 impie
1046 1960 1376 2022 oﬁ‘erantur
1405 1960 1477 2022 ab
1500 1960 1573 2021 iis
1598 1978 1632 2021 a
1664 1959 1883 2039 quibus
1913 1976 2030 2021 non

378 2050 863 2131 oportet,quique
887 2050 1180 2112 honorem
1218 2050 2029 2130 pontiﬁcalem,complexum

380 2139 578 2219 magni
602 2138 901 2220 pontiﬁcis
923 2144 955 2205 J
960 2159 1067 2203 esu
1098 2140 1322 2204 Christi
1351 2140 1512 2220 regis
1537 2139 1723 2201 nostri
1747 2139 2032 2203 imitatio-

378 2247 659 2310 nem,pro
685 2229 825 2292 ludo
845 2230 1796 2311 habent;ideo,inquam,necesse
1822 2230 1931 2291 fuit
1954 2229 2030 2290 de

378 2336 448 2380 eo
486 2337 721 2400 quoque
750 2322 1077 2384 admonere
1105 2342 1116 2383 :
1136 2321 1258 2401 jam
1287 2322 1447 2383 enim
1480 2320 1723 2402 quidam
1756 2318 2029 2382 conversi

376 2417 515 2472 sunt
538 2420 698 2471 retro
723 2421 855 2490 post
894 2412 1211 2475 vanitatem
1237 2430 1402 2473 suam
1419 2408 1495 2473 *3.
1520 2410 1723 2490 Itaque
1748 2409 2028 2489 dicimus,

376 2499 535 2580 quod
566 2501 784 2582 Moses,
816 2500 926 2564 Dei
956 2501 1231 2577 famulus,
1269 2520 1400 2562 cum
1433 2520 1552 2581 quo
1582 2503 1742 2564 Deus
1771 2499 1920 2561 facie
1950 2499 2027 2561 ad

375 2588 587 2655 faciem
619 2589 1090 2670 colloquebatur,
1130 2600 1192 2653 ut
1218 2597 1264 2653 si
1290 2590 1425 2672 quis
1455 2590 1734 2669 loquatur
1762 2589 1835 2650 ad
1868 2588 2024 2651 ami-

375 2698 511 2742 cum
543 2698 717 2741 suum
740 2679 795 2723 9‘
822 2702 837 2757 ;
861 2683 957 2743 cui
988 2682 1172 2744 dixit:
1208 2707 1235 2738 α
1262 2680 1408 2745 Novi
1436 2689 1491 2742 te
1513 2698 1635 2761 pra:
1656 2678 1936 2741 omnibus
1969 2699 2021 2758 ;›

375 2789 511 2832 cum
536 2788 652 2850 quo
670 2770 744 2832 ad
767 2790 835 2833 os
862 2770 1242 2853 loquebatur,
1269 2780 1327 2833 et
1353 2788 1471 2832 non
1498 2789 1601 2849 per
1624 2769 1905 2848 obscura,
1937 2768 2027 2830 vel

377 2861 731 2935 somnia,vel
755 2862 1128 2940 angelos,vel
1151 2857 1645 2940 a3nigmata’5,hic
1669 2859 2026 2933 Moses,cum

379 2949 635 3011 divinam
665 2951 1102 3030 legislationem
1136 2950 1557 3024 constitueret,
1583 2948 1843 3009 distinxit
1870 2967 2025 3025 quaa-

378 3059 517 3101 nam
544 3049 849 3120 oporteret
872 3044 1073 3121 peragi
1098 3059 1131 3101 a
1157 3038 1560 3119 pontiﬁcibus,
1587 3056 1859 3119 quaenam
1885 3058 1917 3099 a
1941 3057 2032 3099 sa-

2119 1962 2242 2035 κὴν,
2300 1960 2417 2028 ἥτις
2471 1962 2699 2039 μίμησιν
2729 1965 2974 2045 περιέχει
3032 1974 3125 2024 τοῦ
3180 1967 3417 2047 μεγάλου
3475 1970 3776 2050 ἀρχιερέως

2117 2050 2296 2119 Ἰησοῦ
2348 2060 2575 2128 Χριστοῦ
2605 2052 2868 2131 βασιλέως
2899 2057 3077 2132 ἠμῦν,
3114 2058 3351 2133 ἀνίγκην
3396 2058 3635 2140 ἔσχομεν
3688 2064 3778 2119 καὶ

2113 2141 2270 2199 τοῦτο
2342 2142 2679 2215 παραινέσαι·
2746 2141 2850 2211 ἤδη
2910 2146 3009 2223 γάρ
3030 2168 3170 2211 τινες
3201 2144 3563 2225 ἐξετρᾶπησαν
3602 2151 3777 2208 ὀπίσω

2112 2234 2209 2300 τῆς
2262 2232 2465 2288 ἑαυτῶν
2523 2232 2915 2306 ματαιότητος·
2964 2233 3188 2313 λέγομεν
3238 2236 3361 2317 (90)
3415 2240 3489 2302 ὼς
3542 2240 3770 2321 Μωσῆς,

2113 2324 2139 2377 6
2171 2323 2262 2379 τοῦ
2329 2327 2459 2377 Θεοῦ
2509 2323 2775 2401 Θεράπων,
2825 2327 2870 2396 ᾧ
2894 2325 2923 2379 6
2956 2326 3082 2390 Θεὸς
3113 2324 3338 2389 ἔνώπιος
3382 2326 3592 2402 ἐνωπίῳ
3619 2332 3764 2405 ὡμί-

2110 2409 2215 2483 λει,
2280 2412 2353 2474 ὡς
2416 2408 2469 2466 εἷ’
2528 2432 2608 2477 τις
2670 2408 2883 2488 λαλήσῃ
2916 2415 3047 2483 πρὸς
3080 2415 3264 2472 ἑαυτοῦ
3292 2416 3469 2497 φίλον,
3501 2424 3546 2491 ᾦ
3577 2423 3754 2475 εἶπεν·

2119 2522 2140 2555 ι
2175 2499 2337 2559 Ὀἶδά
2378 2521 2435 2556 σε
2467 2501 2610 2579 παρά
2642 2501 2868 2567 πάντας·
2923 2525 2944 2560 ι
2983 2508 3029 2575 ᾧ
3077 2525 3210 2561 κατα
3258 2507 3542 2583 πρόσωπον
3574 2508 3765 2583 ὡμίλει

2108 2592 2197 2647 καὶ
2240 2592 2300 2647 οὗ
2330 2589 2397 2646 δι’
2430 2587 2641 2660 ἀδήλων
2670 2587 2746 2662 εδ,
2782 2590 2818 2660 ἢ
2851 2590 3130 2668 ἐνυπνίων,
3162 2593 3196 2661 ἥ
3226 2593 3492 2677 ἀγγέλων,
3526 2597 3563 2666 ἢ
3600 2599 3765 2678 αἰνιγο

2112 2684 2317 2755 μάτων·
2380 2679 2531 2742 οὗτος
2590 2680 2743 2747 ἡνίκα
2775 2680 2873 2747 τὴν
2902 2683 3042 2738 θείαν
3070 2686 3381 2757 νομοθεσίαν
3433 2682 3762 2764 διετάσσετο,

2112 2767 2277 2825 διεῖλε
2340 2769 2455 2824 τίνα
2508 2768 2606 2843 μὲν
2641 2770 2749 2848 χρὴ
2776 2770 2876 2825 ὑπὸ
2905 2777 3009 2827 τῶν
3035 2771 3331 2852 ἀρχιερέων
3377 2774 3763 2853 ἐπιτελεῖσθαι,

2112 2860 2226 2915 τίνα
2296 2855 2350 2913 δὲ
2403 2859 2505 2913 ὑπὸ
2534 2857 2641 2914 τῶν
2671 2857 2877 2935 ἱερέων,
2936 2862 3050 2916 τίνα
3101 2860 3154 2917 δὲ
3202 2864 3304 2919 ὑπὸ
3352 2870 3460 2919 τῶν
3519 2864 3761 2945 λευιτῶν,

2114 2949 2322 3022 ἑκάστῳ
2392 2951 2492 3015 τὴν
2578 2949 2770 3003 οίκείαν
2831 2950 2917 3005 καὶ
2992 2949 3291 3020 ἀνήκουσαν
3348 2958 3415 3029 τῇ
3471 2953 3761 3033 λειτουργίᾳ

2112 3040 2395 3117 θρησκείαν
2470 3037 2785 3111 ἀπονείμας,
2839 3040 2925 3093 καὶ
2974 3038 3110 3118 ἅπερ
3168 3041 3265 3116 μὲν
3296 3055 3415 3106 τοῖς
3458 3044 3755 3123 ἀρχιερεῦσι

377 3130 748 3212 cerdotibus,
769 3149 1041 3209 quaenam
1075 3149 1110 3192 a
1136 3130 1355 3210 levitis,
1379 3148 1447 3193 ac
1471 3128 1776 3192 distribuit
1802 3126 2032 3190 unicui-

2117 3127 2477 3207 προστέτακτο
2533 3125 2827 3198 ἐπιτελεῖν,
2893 3129 3097 3193 τούτοις
3158 3132 3280 3194 τοὺς
3313 3132 3482 3210 ἱερέας
3540 3134 3600 3190 οῦ
3666 3134 3760 3189 θε-

377 3240 492 3302 que
511 3222 737 3283 cultum
756 3221 1061 3302 proprium
1080 3239 1307 3302 suoque
1323 3219 1657 3282 ministerio
1673 3219 2032 3281 convenien-

2117 3219 2267 3293 μιτὸν
2322 3216 2387 3283 ἧν
2436 3215 2732 3294 προσιέναι·
2816 3214 2950 3296 ἅπερ
3009 3216 3064 3274 δὲ
3115 3224 3235 3282 τοῖς
3294 3222 3515 3293 ἱερεῦσιν
3544 3224 3761 3300 ὥριστο,

378 3320 495 3373 tem
523 3332 539 3387 ;
572 3320 629 3373 et
650 3312 723 3373 ad
751 3329 822 3374 ea
852 3311 1093 3392 quidem
1127 3330 1261 3389 quae
1285 3310 1470 3389 jussit
1502 3308 1812 3387 pontiﬁces
1846 3308 2028 3389 perﬁ-

2117 3308 2319 3371 τούτοις
2352 3308 2399 3363 οἱ
2430 3305 2639 3362 λευτται
2671 3307 2731 3361 οῦ
2749 3308 3055 3384 προσίεσαν·
3096 3306 3215 3364 ἀλλ’
3247 3308 3456 3367 ἕκαστοι
3480 3311 3613 3389 ἅπερ
3634 3310 3761 3390 (91)

378 3418 541 3472 cere,
564 3401 649 3463 fas
674 3421 791 3463 non
813 3410 939 3465 erat
966 3409 1028 3462 ut
1057 3400 1415 3462 accederent
1442 3398 1789 3460 sacerdotes
1817 3421 1833 3475 -,
1861 3397 1933 3459 ad
1962 3416 2031 3461 ea

373 3507 513 3553 vero
544 3510 675 3572 quae
704 3490 1117 3554 sacerdotibus
1175 3490 1421 3551 deﬁnita
1454 3498 1646 3563 erant,
1680 3487 1873 3550 leviize
1906 3506 2024 3549 non

374 3580 881 3657 admittebantur;
914 3581 1017 3643 sed
1051 3580 1272 3659 singuli
1314 3579 1645 3640 ministeria
1679 3578 2026 3658 praascripta

382 3689 517 3751 qua:
537 3679 897 3752 acceperant
920 3670 1259 3742 servabant;
1278 3669 1327 3730 si
1352 3669 1487 3749 quis
1511 3677 1709 3730 autem
1736 3668 1891 3729 ultra
1911 3666 2025 3728 sibi

379 3762 663 3823 traditum
688 3760 951 3824 ofﬁcium
979 3760 1255 3841 progredi
1290 3758 1803 3839 nitebatur,morte
1828 3755 2028 3818 luebat

381 3868 586 3933 pcenas
604 3849 814 3913 ξυιυς
837 3868 974 3912 vero
1003 3849 1301 3930 praecipue
1318 3845 1747 3910 demonstravit
1775 3845 2027 3927 id,quod

379 3940 541 4003 Sauli
562 3939 833 4019 contigit;
855 3939 958 4020 qui
978 3958 1112 4000 cum
1135 3936 1534 4000 existimasset
1554 3955 1619 3998 se
1637 3936 1867 4015 absque
1886 3955 2023 4017 pro-

378 4030 553 4111 pheta
577 4038 636 4093 et
675 4029 957 4110 pontiﬁce
1004 4027 1280 4091 Samuele
1327 4027 1665 4091 sacriﬁcare
1718 4044 1915 4106 posse,
1953 4024 2026 4086 ad

375 4140 440 4183 se
466 4130 772 4201 peccatum
792 4127 852 4182 et
873 4118 1259 4181 maledictum
1296 4135 1597 4198 nunquam
1616 4116 2021 4197 abjiciendum

373 4209 609 4272 attraxit
635 4231 650 4291 ;
672 4227 869 4291 neque
893 4208 1245 4291 prophetam
1274 4207 1453 4269 movit
1473 4225 1542 4268 ac
1575 4205 1932 4286 ilexit,quod
1955 4203 2027 4266 ab

373 4301 505 4381 ipso
522 4297 663 4362 Saul
686 4299 747 4361 in
765 4316 968 4378 regem
1001 4306 1217 4359 unctus
1238 4296 1449 4357 fuisset
1466 4294 1683 4359 93.Hoc
1704 4296 1885 4357 etiam
1909 4294 2032 4359 evi-

382 4388 644 4489 dentiori
676 4389 1024 4470 operatione
1051 4387 1479 4489 demonstravit
1502 4386 1662 4487 Deus
1687 4404 1792 4467 per
1814 4405 1883 4447 ea
1903 4403 2035 4486 quae
2058 4439 2099 4489 Β

375 4477 530 4543 Ozize
559 4479 931 4554 acciderunt,
966 4478 1040 4539 de
1069 4477 1243 4557 cujus
1296 4476 1789 4555 praevaricatione
1841 4475 2033 4554 exegit

2114 3395 2528 3475 παρειλήφεισαν
2610 3396 2897 3472 ὑπηρεσίας
2957 3396 3470 3475 περιγεγριμμένας,
3523 3398 3761 3477 ἐφύλατ-

2113 3502 2224 3543 τον·
2284 3487 2328 3541 εἰ
2376 3483 2430 3540 δέ
2488 3506 2571 3540 τις
2634 3483 2765 3562 πέρα
2826 3483 2914 3551 τῆι
2974 3484 3313 3563 παραδόσεως
3370 3486 3644 3559 προσιέναι
3696 3487 3761 3544 ὲ-

2109 3575 2345 3649 6ούλετο,
2405 3574 2630 3636 θάνατος
2660 3573 2790 3651 (92)
2824 3578 2891 3642 ἦν
2936 3575 2995 3630 τὸ
3040 3575 3323 3651 ἐπιτίμιον.
3360 3582 3522 3633 Τοῦτο
3556 3575 3611 3633 δὲ
3645 3578 3760 3653 μοί-

2109 3665 2264 3723 λιστα
2323 3662 2534 3729 διέδειξε
2591 3685 2676 3719 και
2716 3668 2749 3731 ἡ
2785 3665 2914 3719 κατά
2948 3666 3037 3720 τὸν
3065 3665 3239 3722 Σαοὺλ
3268 3678 3448 3745 πεῖρα·
3510 3666 3567 3732 ὅς
3612 3671 3764 3724 θῦσαι

2110 3756 2401 3831 νενομικὼς
2432 3751 2558 3833 δίχα
2586 3754 2676 3808 τοῦ
2706 3754 2979 3832 προφήτου
3010 3756 3097 3810 καὶ
3142 3755 3431 3835 ἀρχιερέως
3478 3756 3762 3833 Σαμουὴλ,

2108 3846 2339 3903 ’έσπασεν
2397 3844 2470 3906 εἷς
2537 3842 2720 3898 ἑαυτὸν
2780 3845 3038 3920 ἁμαρτίαν
3124 3846 3210 3900 καὶ
3264 3845 3496 3925 κατάραν
3555 3847 3766 3904 ἀναπό-

2112 3934 2335 4001 ϐλητον·
2368 3933 2455 3990 καὶ
2514 3930 2629 3989 οῦδὲ
2675 3934 2736 3987 τὸ
2766 3936 3047 4011 κεχρτσθαι
3085 3934 3174 3989 ὑπ’
3209 3938 3365 3993 αὐτοῦ
3415 3937 3486 4001 εἰς
3516 3935 3765 4019 βασιλέα,

2114 4023 2424 4090 ἐδυσώπησε
2459 4022 2549 4077 τὸν
2594 4022 2902 4100 προφήτην.
2938 4020 3315 4102 Ἐνεργεστέρᾳ
3334 4021 3391 4066 ³ο
3412 4022 3467 4081 δὲ
3491 4031 3557 4102 τῇ
3586 4026 3768 4104 πράξει

2113 4112 2353 4179 διέδειξεν
2397 4114 2425 4168 6
2470 4113 2599 4175 Θεὸς
2660 4111 2713 4166 ἐν
2738 4112 2855 4177 τοῖς
2888 4113 3021 4168 κατὰ
3054 4115 3145 4169 τὸν
3176 4111 3380 4189 Ὀζίαν,
3417 4116 3513 4173 οὒκ
3569 4116 3624 4172 ἐν
3657 4138 3766 4192 με·

2114 4203 2291 4279 λισμῴ
2347 4200 2393 4243 ³¹
2428 4200 2522 4263 τὰς
2550 4200 2632 4257 ἐπὶ
2693 4206 2759 4277 τῇ
2808 4202 3109 4276 παρανομίᾳ
3137 4203 3550 4282 εἷσπράξαμενος
3596 4204 3766 4269 δίκας·

2115 4295 2204 4351 καὶ
2235 4295 2261 4350 6
2296 4293 2393 4358 τῆς
2426 4290 2831 4370 ἀρχιερωσύνης
2865 4293 3213 4371 καταμανεὶς,
3248 4295 3332 4349 καὶ
3369 4293 3467 4361 τῆς
3496 4292 3780 4371 βασιλείας

2119 4382 2390 4461 ἀλλότριος
2424 4380 2679 4445 κατέστη.
2723 4380 2797 4436 Τὰ
2827 4377 2879 4435 δὲ
2906 4377 2987 4459 ἐφ’
3012 4382 3166 4453 ἡμῶν
3200 4381 3333 4446 ’ἴσως
3376 4387 3470 4441 οὒκ
3500 4383 3748 4457 ἀγνοεῖτε
3768 4431 3782 4445 .

2119 4472 2273 4530 "In:
2343 4471 2443 4549 γὰρ
2497 4471 2707 4533 πάντως
2778 4467 3104 4534 ἐπισκόποις
3163 4470 3286 4549 παρ’
3344 4474 3499 4547 ἡμῶν
3559 4473 3774 4549 ὀνομα-

382 4586 587 4648 pinnas
604 4567 831 4649 absque
850 4585 1057 4644 mora;
1083 4556 1265 4646 etqui
1291 4576 1496 4629 contra
1517 4565 1923 4645 pontiﬁcatum
1949 4567 2031 4625 in-

2117 4562 2353 4641 σθέντας,
2428 4560 2515 4615 καὶ
2576 4556 2979 4637 πρεσϐυτέρους,
3018 4561 3109 4615 καὶ
3166 4558 3464 4641 διακόνους,
3499 4565 3638 4642 εὒχῇ
3682 4570 3769 4625 καὶ

374 4645 849 4738 ἐξιηὶεωῌὍξηο
869 4675 1111 4738 quoque
1136 4645 1340 4736 pulsus
1368 4653 1552 4720 est”.
1577 4657 1871 4717 Ceterum
1894 4672 2029 4731 quae

2117 4657 2311 4734 χειρῶν
2368 4648 2620 4726 ἐπιθέσει,
2668 4654 2735 4724 τῇ
2794 4645 3013 4728 διαιρορᾷ
3060 4654 3164 4704 τῶν
3192 4650 3471 4724 ὀνομάτων
3501 4654 3589 4707 καὶ
3638 4650 3764 4732 (93)

373 4748 483 4810 sub
511 4746 684 4810 nobis
715 4756 847 4810 acta
876 4748 1016 4827 sint,
1052 4744 1299 4806 forsitan
1335 4764 1453 4806 non
1506 4744 1817 4823 ignoratis.
1851 4745 2025 4807 Scitis

2117 4747 2206 4810 τὴν
2265 4740 2517 4819 διαφορὰν
2602 4739 2707 4794 τῶν
2772 4738 3103 4814 πραγμάτων
3171 4738 3530 4802 δεικνύοντας.
3569 4744 3640 4799 Οὔ
3669 4744 3770 4821 γὰρ

373 4838 533 4901 enim
558 4836 803 4900 omnino
827 4837 1166 4918 episcopos,
1193 4835 1573 4916 presbyteros
1595 4843 1654 4896 et
1685 4834 1967 4895 diaconos
1988 4852 2023 4895 a

2117 4838 2133 4892 5
2199 4830 2522 4911 βουλόμενος
2579 4826 2703 4906 παρ’
2760 4828 2899 4902 ἡμλν
2928 4827 3167 4907 ἐπλήρου
3198 4828 3298 4897 τὴν
3358 4841 3551 4909 χεῖρα,
3590 4831 3771 4909 ὥσπερ
3854 4856 3871 4875 π

452 5054 503 5098 21
535 5052 710 5118 Num.
737 5072 855 5118 xvr.
944 5052 1000 5097 ³⁸
1025 5056 1073 5118 Il
1104 5053 1306 5117 Parui.
1340 5071 1507 5117 xxvi.
1591 5052 1647 5096 9³
1678 5053 1719 5114 l.
1752 5052 1775 5114 Ι
1809 5052 1964 5115 Tim.
2002 5070 2050 5132 v1

2130 5052 2190 5116 5.
2273 5045 2757 5132 ειῌιιιιιεχιιηᾶ
2786 5043 3208 5132 Exodxixtn,
3239 5048 3339 5127 11,
3376 5048 3471 5132 l7.
3514 5046 3773 5132 “Num:

377 5155 480 5215 x11,
513 5136 572 5199 8.
659 5136 822 5199 Wal.
877 5135 962 5193 διὰ
1005 5135 1202 5203 δήλων.
1289 5135 1555 5199 “Num.
1618 5150 1700 5196 tv.
1786 5132 1891 5194 9⁸1
1937 5126 2050 5211 Reg

2137 5150 2264 5197 xm.
2348 5128 2483 5192 ⁸911
2532 5127 2721 5191 Paral.
2777 5142 2937 5188 xxvi.
3025 5127 3079 5170 30
3108 5128 3152 5193 Γ,
3189 5126 3561 5209 summa”.
3646 5126 3695 5170 ει
3732 5126 3776 5189 ι’,

376 5219 699 5295 μελλησμῷ.
728 5216 828 5280 Sic
858 5216 995 5279 cod.
1025 5215 1209 5280 Vind.

1724 5348 2133 5414 VARIORUM
2177 5346 2427 5413 NOTAE.

463 5529 587 5609 (88)
624 5531 866 5606 Χριστόν.
903 5527 967 5590 ῘΠ
994 5530 1181 5593 altero
1213 5533 1301 5588 καὶ
1334 5533 1424 5588 τὸν
1450 5532 1698 5607 Χριστόν.
1738 5528 1824 5591 ῘῙ).

461 5611 580 5687 (89)
622 5610 1050 5686 Ἐπηρτηνένον.
1079 5612 1141 5671 In
1173 5612 1361 5672 altero
1394 5611 1526 5672 cod.
1567 5610 1826 5672 Viudob.
1860 5610 2033 5684 ἐπηρςυ

2115 5527 2186 5591 ad
2221 5528 2533 5605 ὒπηρεσίας.
2568 5526 2651 5587 ln.

2205 5604 2613 5689 (θὴθάνατος.
2671 5604 2982 5684 Scriptura
3017 5604 3293 5668 codicum
3352 5606 3586 5669 unius:
3647 5606 3783 5662 ἀνά-

380 5691 660 5772 τισμᾼένον,
695 5691 864 5771 quasi
924 5695 999 5751 ab
1058 5692 1321 5768 ἒπαρτίζω
1373 5693 1652 5772 perﬁcio,
1702 5691 1806 5752 sed
1874 5690 2038 5768 prius

2118 5695 2278 5772 θεμα.
2315 5690 2454 5772 COT.

385 5770 613 5835 malim.
650 5770 735 5833 In.

463 5850 589 5937 (90)
624 5851 895 5937 έξὲγομενἶ
912 5849 1110 5937 addit.
1147 5850 1465 5937 alter-cod.
1484 5851 1605 5937 _6a’._
1620 5853 1709 5913 In.

472 5928 597 6021 (9t)
629 5928 839 6007 "Amp.
877 5930 1092 5996 Melius
1111 5928 1246 5991 cod.
1279 5928 1542 5992 Vindob.
1570 5931 1729 6005 ἅς,ιιι
1751 5929 2043 5990 referatur

2201 5769 2337 5850 (93)
2359 5769 2489 5850 Καί.
2528 5766 2678 5829 Dele
2712 5768 2867 5829 hanc
2884 5767 3155 5831 voculam
3182 5784 3249 5828 ex
3276 5767 3626 5830 auctoritate
3647 5764 3780 5828 cod.

2122 5849 2517 5929 Vind..CLsn.
