4138 6416
448 227 607 289 1159

530 456 778 530 Quidam
800 476 973 539 porro
994 457 1109 520 alia
1134 460 1311 522 etiam
1338 479 1518 542 opera

450 551 677 632 prolixa
706 559 764 612 et
808 552 1047 632 copiosa
1075 552 1185 614 sub
1228 554 1358 634 ejus
1402 574 1514 618 no-

453 646 609 707 mine
630 645 757 708 heri
778 662 849 709 ac
877 645 1309 711 nudiustertius
1332 648 1395 713 in
1418 649 1516 711 lu-

446 754 575 800 cem
622 737 996 818 protuleruut
1034 759 1048 800 :
1098 749 1236 821 puta
1268 743 1429 804 Petri
1460 751 1519 805 et

448 830 697 910 Apionis
744 830 1221 915 disputationes;
1260 853 1515 914 quorum

446 919 603 1000 apud
640 920 916 1001 antiquos
938 922 1100 983 nulla
1130 926 1374 985 omnino
1408 944 1515 987 ex-

446 1022 557 1076 stat
574 1016 821 1077 mentio.
853 1016 1059 1097 Neque
1094 1019 1254 1079 enim
1287 1018 1523 1083 sincera

448 1117 628 1172 rectae
660 1110 797 1171 ﬁdei
848 1109 922 1172 ab
976 1113 1261 1192 apostolis
1297 1115 1524 1178 traditae

450 1217 593 1266 nota
623 1205 684 1266 in
734 1206 851 1266 illis
881 1224 1163 1287 expressa
1198 1210 1520 1288 reperitur.

452 1299 609 1379 Lege
639 1298 886 1362 Maximi
915 1299 1248 1381 Prologum
1277 1308 1343 1365 in
1369 1303 1521 1385 0pc-

444 1411 515 1455 ra
550 1392 860 1474 Dionysii.

1595 1232 1934 1311 χαρακτῆρα,

1308 235 1369 295 S.
1416 231 1849 299 CLEMENTIS
1893 240 1915 299 l
1962 238 2144 301 ROM.
2193 241 2419 306 PONT.
2466 243 2713 307 OPERA
2758 243 3015 309 DUBIA.

1585 370 1754 434 Idem
1782 372 2089 453 Eusnmus,
2119 374 2226 441 lib.
2262 392 2355 456 ιιι,
2389 396 2497 462 cap
2556 379 2658 443 38.

1670 476 1823 547 ’Ἤδη
1855 479 2019 539 δὲκαὶ
2061 484 2213 563 ἕτερα
2268 483 2512 553 πολυεπῆ
2571 485 2665 541 καὶ

1588 576 1768 653 μακρὰ
1798 578 2211 656 συγγράμματα,
2276 582 2349 643 ὡς
2409 588 2503 636 τοῦ
2560 584 2653 639 αὖ-

1588 688 1705 742 του,
1733 670 1861 749 χθὲς
1907 673 1995 727 καὶ
2027 671 2213 749 πρώην
2236 672 2374 735 τινές
2418 672 2632 751 προὴγα

1589 782 1706 842 γον,
1752 762 1950 843 Πέτρου
1972 762 2037 831 δὴ
2070 768 2158 821 καὶ
2189 764 2454 831 Ἀπίωνος
2482 764 2662 822 διαλό-

1590 878 1717 932 γους
1803 857 2149 938 περιέχοντα·
2224 860 2299 913 ὧν
2350 857 2458 916 οὔδ’
2519 857 2660 922 ὅλως

1592 950 1785 1025 μνὴμη
1816 974 1897 1015 τις
1954 955 2096 1031 παρὰ
2123 966 2240 1016 τοῖς
2285 950 2541 1015 παλαιοῖς
2572 954 2662 1031 φέ-

1593 1064 1764 1119 ρεται.
1814 1044 1944 1101 Οὐδὲ
1976 1047 2075 1124 γὰρ
2114 1047 2342 1123 καθαρὸν
2374 1045 2466 1113 τῆς
2516 1046 2660 1102 ἀπο-

1595 1134 1849 1204 στολικῆς
1892 1137 2182 1218 ὀρθοδοξίας
2246 1138 2511 1210 ἀποσώζει
2570 1140 2662 1194 τὸν

3673 246 3828 315 1160

2952 380 3058 445 Ea:
3086 384 3353 463 interpr.
3386 383 3618 464 Ruﬁni.

2825 473 2945 537 Sed
2977 484 3036 539 et
3059 476 3176 538 alia
3200 477 3335 558 ejus
3387 478 3676 558 opuscula
3705 497 3825 541 non

2743 569 2996 632 minima
3015 590 3048 633 a
3071 572 3378 634 nonnullis
3400 571 3610 635 haberi
3626 574 3829 654 perbi-

2743 662 3155 742 bentur;velut
3173 665 3332 728 Petri
3354 672 3416 730 et
3439 666 3691 748 Apionis
3706 667 3828 730 dis-

2746 758 2969 839 putatio
2999 781 3015 836 ;
3047 778 3178 839 quae
3202 762 3262 822 in
3296 779 3407 821 usu
3430 778 3463 822 a
3510 760 3824 824 veteribus

2742 850 3227 937 habitqminime
3256 854 3601 928 reperimus
3634 874 3651 928 ;
3687 855 3829 935 quia

2744 962 2855 1005 nec
2878 962 3023 1025 pura
3046 947 3105 1007 in
3126 948 3212 1009 eis
3234 954 3288 1008 et
3316 948 3663 1029 incorrupta
3684 966 3831 1030 apo-

2744 1038 2969 1100 stolica:
2993 1039 3132 1101 ﬁdei
3160 1041 3368 1120 regula
3410 1041 3698 1103 mansisse
3723 1042 3830 1103 de—

2746 1131 3168 1210 prehenditur.
3215 1132 3376 1214 Lege
3416 1134 3678 1215 Niceph.
3714 1133 3823 1196 lib.

2753 1240 2845 1305 ιιι,
2883 1241 3016 1304 cap.
3046 1224 3143 1289 18.

447 1520 532 1583 De
564 1517 973 1599 Disputatioue
1006 1518 1165 1612 l’etri
1197 1528 1255 1580 et
1278 1521 1553 1612 Apionis,
1585 1542 1727 1612 qua;
1748 1526 1989 1612 videtur
2002 1526 2219 1612 fuisse
2248 1532 2341 1593 vel
2360 1546 2512 1612 pars
2546 1530 2647 1612 vel
2661 1522 3009 1612 “appendix
3070 1524 3398 1612 Clementis
3441 1528 3828 1612 Recognitio-

800 1616 939 1658 num
972 1605 1029 1658 el
1060 1596 1313 1661 Actuum
1336 1596 1507 1664 ‘Petri
1538 1596 1678 1668 uide
1704 1608 1873 1685 infra
1905 1609 1969 1669 in
2001 1596 2394 1692 Hieronymo,
2429 1609 2639 1672 Photio
2661 1596 2926 1674 Honorio
2953 1607 3505 1686 Augustodunensi.

2107 1785 2210 1853 III.

1394 1969 1458 2031 S.
1496 1970 1895 2047 Ammsnns,
1930 1966 1989 2028 in
2020 1966 2284 2049 Synopsi
2303 1984 2497 2031 sacrae
2522 1966 2881 2046 Scriptura.

528 2144 748 2206 Iterum
782 2142 918 2204 libri
944 2144 1088 2206 Novi
1105 2139 1469 2205 Testamenti
1494 2143 1714 2225 quibus
1735 2145 2088 2209 contradici-
2107 2152 2139 2200 Α

2253 2153 2363 2215 Τῆς
2419 2148 2554 2211 Νέας
2620 2142 2781 2203 πάλιν
2864 2144 3135 2214 Διαθήκης
3206 2142 3593 2223 ἀντιλεγόμενα
3648 2152 3815 2203 ταῦτα

449 2244 568 2314 tur,
600 2239 741 2296 sunt
777 2253 791 2293 :
826 2234 1128 2295 Circuitus
1161 2234 1348 2307 Petri,
1382 2245 1492 2297 etc.
1524 2234 1605 2297 Ex
1627 2235 1843 2316 quibus
1864 2236 2097 2297 veriora

2191 2236 2413 2318 Περίοδοι
2467 2238 2688 2316 Πέτρου,
2746 2244 2865 2297 etc.
2900 2231 2988 2299 Ἐξ
3035 2233 3108 2289 ὦν
3169 2236 3605 2314 μετεφράσθησαν
3663 2234 3825 2294 ἒκλε-

446 2334 505 2385 et
546 2343 579 2385 a
607 2325 729 2387 Deo
760 2322 1067 2404 inspirata,
1103 2323 1295 2385 electa
1326 2334 1467 2387 sunt
1497 2344 1565 2387 ac
1623 2326 1930 2390 translata.
1960 2326 2096 2389 Haec

2191 2326 2336 2407 τᾶντα
2399 2328 2465 2384 τὰ
2519 2326 2845 2403 ἀληθεστερα
2875 2324 2964 2381 καὶ
2992 2324 3338 2387 θεόπνευστα.
3374 2332 3551 2383 Ταῦτα
3584 2327 3651 2383 τὰ
3701 2327 3838 2382 ἁνα-

449 2422 587 2475 sunt
609 2431 741 2494 quae
766 2412 1070 2495 leguntur,
1106 2420 1225 2475 etc.

2179 2417 2577 2496 γινωσκόμενα,
2611 2421 2726 2477 etc.

2104 2590 2208 2659 IV.

1272 2717 1338 2782 S.
1377 2720 1753 2795 EPIPBANIUS,
1789 2718 2009 2781 heresi
2038 2729 2187 2792 xxx,
2218 2714 2678 2792 Ebionaeorum,
2707 2731 2878 2778 num.
2914 2714 3009 2779 15.

532 2914 788 2976 Utuntur
816 2921 1015 2975 autem
1048 2912 1256 2975 etaliis
1279 2913 1634 2995 quibusdam
1661 2913 1849 2988 libris,
1879 2928 2098 2992 nempe

2260 2919 2500 2992 Χρῶνται
2539 2910 2593 2967 δὲ
2622 2912 2710 2967 καὶ
2730 2908 2916 2975 ἄλλαις
2956 2911 3057 2967 τισὶ
3102 2908 3333 2989 βιόλοις,
3366 2907 3518 2976 δῆθεν
3548 2922 3669 2972 ταῖς
3705 2914 3813 2964 Πε-

445 3002 517 3063 iis
546 3003 645 3083 qui
680 3014 969 3065 vocantur
994 3002 1291 3064 Circuitus
1325 3005 1509 3077 Petri,
1550 3022 1584 3063 a
1613 3003 1924 3065 Clemente
1945 3021 2095 3063 cou-

2191 3000 2377 3065 >ιὸὀοις
2406 3001 2760 3077 καλουμέναις
2793 3002 3012 3079 Πέτρου,
3047 3001 3174 3063 ταῖς
3208 2998 3293 3055 διὰ
3329 3000 3639 3073 Κλήμεντος
3686 3021 3819 3076 γρα-

444 3092 649 3172 scripti
688 3105 902 3173 :atque
933 3112 1003 3153 ea
1033 3092 1275 3173 quidem
1311 3094 1518 3172 quaain
1554 3094 1673 3155 illis
1705 3093 2096 3154 continentur

444 3191 1059 3263 corruperunt,pauca
1087 3192 1283 3244 autem
1312 3200 1451 3243 vera
1481 3182 2097 3263 reliquerunt:quem-

444 3271 768 3332 admodum
799 3272 1051 3350 eosipse
1073 3270 1354 3334 Clemens
1377 3273 1659 3334 omnibus
1684 3273 1876 3334 modis
1892 3272 2098 3333 redar-

443 3360 588 3439 guit,
627 3379 734 3440 per
760 3360 1049 3441 epistolas
1080 3361 1410 3423 circulares
1425 3360 1660 3442 (ψᾶλαι)
1683 3361 2099 3441 eoscriptaa,iu

445 3448 670 3512 sanctis
691 3450 972 3513 ecclesiis
1003 3449 1461 3528 leguntur.Quia
1484 3450 1663 3513 alium
1695 3449 1875 3512 habet
1894 3450 2101 3511 chara-

2180 3094 2410 3161 φείσαιςο
2470 3090 2810 3155 νοθεύσαντες
2841 3091 2937 3166 μὲν
2965 3092 3032 3147 τὰ
3061 3090 3114 3146 ἰν
3146 3093 3359 3154 αὐταῖςο
3409 3089 3563 3166 ὁλίγα
3598 3086 3652 3144 δὲ
3684 3086 3826 3156 ἁλη-

2180 3183 2296 3239 θινὰ
2356 3182 2631 3246 ἑάσαντες”
2672 3182 2746 3244 ὡς
2797 3184 2952 3243 αὐτὸς
3024 3179 3251 3254 Κλήμης
3281 3180 3467 3237 αὐτοὺς
3500 3180 3638 3235 κατὰ
3665 3178 3832 3234 πάντα

2182 3270 2423 3352 θίγχει⁹
2458 3270 2550 3351 ἆφ’
2603 3270 2677 3326 ὧν
2737 3269 2966 3349 ἔγραψεν
3023 3267 3355 3327 Ἐπιστολῶν
3400 3266 3696 3345 ἐγκυκλίων
3727 3267 3836 3324 τῶν

2182 3360 2235 3416 ἰν
2289 3374 2412 3425 ταῖς
2470 3362 2644 3441 ἁγίαις
2687 3359 2997 3427 ἆικλησίαις
3023 3358 3558 3438 ἀναγινωσκομένων·
3612 3354 3699 3411 ὅτι
3730 3354 3839 3411 ἄλ-

2183 3453 2275 3508 λον
2329 3450 2447 3531 ἔχει
2497 3455 2817 3530 χαρακτῆρα
2864 3452 2899 3519 ἠ
2944 3452 3136 3508 ἑαυτοῦ
3184 3449 3357 3511 πίστις
3409 3447 3495 3502 καὶ
3553 3447 3582 3501 ὁ
3642 3442 3838 3526 λόγος,

444 3549 672 3600 cterem
704 3538 853 3600 ﬁdes
886 3539 1048 3600 illius
1081 3558 1148 3600 ac
1171 3540 1385 3615 oratio,
1413 3540 1486 3601 ab
1526 3541 1601 3602 iis
1659 3560 1792 3617 quae
1837 3538 1951 3601 sub
1987 3557 2099 3599 no-
2120 3592 2139 3619 ι

2191 3541 2325 3619 παρὰ
2378 3541 2443 3596 τὰ
2499 3540 2602 3597 ὑπὸ
2643 3541 2842 3598 τούτω)
2895 3542 2967 3605 εἰς
3000 3537 3170 3615 ὄνομα
3215 3536 3371 3593 αὖτοῦ
3415 3533 3469 3591 ἒν
3492 3547 3615 3598 ταῖς
3652 3536 3844 3614 Περιό-

447 3629 608 3689 mine
639 3629 771 3707 ejus
805 3630 895 3689 isti
926 3629 983 3688 in
1044 3628 1414 3691 Circuitibus
1472 3637 1939 3710 supposuerunt.
1995 3628 2100 3690 Ille

448 3717 607 3778 enim
658 3717 1054 3796 virginitatem
1092 3718 1405 3789 docet;at
1435 3718 1529 3779 isti
1589 3718 1928 3800 repudiant.
1994 3718 2100 3779 Ille

444 3804 660 3879 Eliam,
688 3807 993 3877 Davidem,
1016 3806 1407 3887 Sampsouem
1429 3827 1757 3889 omnesque
1776 3809 2099 3890 prophetas

447 3895 827 3957 commendat
856 3916 872 3968 ;
908 3915 1056 3976 quos
1086 3898 1185 3959 isti
1212 3898 1603 3961 detestantur.
1640 3897 1842 3979 Itaque
1877 3900 1933 3959 in
1958 3899 2096 3963 Cir-

448 3985 702 4047 cuitibus
716 3985 995 4047 omniaad
1011 4006 1183 4047 suum
1199 3988 1524 4049 institutum
1538 4006 1741 4050 accom
1754 3988 2095 4066 modarunt,

447 4094 515 4136 ac
560 4076 634 4136 de
669 4079 841 4136 Petro
868 4076 1051 4138 multa
1077 4077 1391 4140 mendacia
1421 4080 1842 4140 conﬁnxerunt
1877 4097 1889 4142 :
1929 4081 2100 4161 quasi

450 4166 499 4225 is
528 4164 798 4246 quotidie
828 4166 1198 4230 castimoniae
1227 4186 1409 4229 causa
1442 4168 1679 4241 laverit,
1730 4168 1883 4231 sicut
1911 4178 1969 4231 et
2001 4168 2099 4230 isti

445 4255 691 4318 faciunt.
724 4252 1015 4316 Eumdem
1050 4258 1227 4318 etiam
1253 4259 1420 4320 aiunt
1449 4258 1812 4321 abstinuisse
1842 4258 1917 4320 ab
1974 4258 2099 4319 ani-

446 4345 619 4406 matis
649 4353 711 4405 et
735 4345 1041 4419 carnibus,
1071 4353 1135 4407 ut
1160 4346 1271 4427 ipsi
1303 4348 1492 4409 solent
1530 4369 1546 4425 ;
1578 4358 1639 4411 et
1667 4348 1741 4410 ab
1773 4348 1939 4409 omni
1980 4348 2096 4411 alio

446 4434 579 4496 cibo
610 4433 713 4515 qui
773 4452 952 4497 carne
1008 4446 1278 4512 constet;
1342 4438 1825 4521 quandoquidem
1879 4448 1938 4501 et
1967 4440 2099 4521 ipse

442 4522 656 4599 Ebion,
684 4531 745 4585 et
775 4522 1065 4587 Ebionitae
1088 4526 1334 4587 omnino
1366 4526 1441 4589 ab
1471 4527 1547 4590 iis
1577 4528 1900 4591 abstinent.
1943 4528 2098 4608 Lege

445 4611 757 4692 Recognit.
789 4612 869 4672 lib
927 4631 1002 4695 ιν,
1030 4633 1163 4696 cap.
1198 4616 1275 4698 3;
1308 4617 1413 4681 lib.
1447 4633 1509 4699 ν,
1542 4635 1672 4700 cap.
1703 4618 1781 4681 36
1814 4639 1830 4692 ;
1864 4616 1970 4682 lib.
1992 4634 2095 4696 vn,

444 4702 655 4779 cap.6,
692 4711 749 4762 et
786 4702 887 4765 lib.
930 4721 1050 4785 VIII,
1083 4723 1214 4786 cap.
1248 4707 1273 4767 1
1307 4715 1366 4767 et
1395 4708 1454 4767 2.

2084 4886 2161 4957 ν.

2183 3629 2293 3694 δοις
2347 3628 2713 3706 νενοθευμένα.
2759 3630 2937 3695 Αὐτὸς
2987 3630 3088 3707 γὰρ
3144 3627 3419 3706 παρθενίαν
3451 3622 3711 3699 διδάσκει,
3751 3624 3842 3680 καὶ

2184 3720 2329 3777 αὑτοὶ
2395 3719 2457 3775 οὐ
2481 3717 2751 3799 δέχονται.
2786 3718 2957 3783 Αὒτος
2990 3720 3090 3797 γὰρ
3123 3716 3444 3795 ἐγκωμιάζει
3496 3711 3709 3786 Ἠλίαν,
3745 3714 3839 3770 καὶ

2186 3808 2369 3889 Δαϐὶδ,
2445 3810 2531 3865 καὶ
2580 3809 2844 3885 Σαμψὼν,
2905 3809 2991 3864 καὶ
3022 3808 3224 3867 πάντας
3258 3806 3378 3868 τοὺς
3412 3803 3715 3883 προφήτας,
3751 3801 3840 3868 οὕς

2182 3902 2326 3956 οὗτοι
2379 3895 2770 3975 βδελύττονται.
2820 3897 2911 3955 Ἐν
2953 3910 3077 3959 ταῖς
3108 3899 3198 3954 οὖν
3235 3892 3503 3974 Περιόδοις
3534 3895 3594 3949 τὲ
3627 3898 3733 3949 πᾶν
3762 3894 3836 3957 εἷς

2184 3990 2401 4051 ἑαυτοὺς
2473 3989 2836 4066 μιτήνεγκαν,
2928 3985 3392 4062 καταψευσάμενοι
3455 3983 3653 4063 Πέτρου
3704 3982 3842 4038 κατὰ

2182 4077 2409 4141 πολλοὺς
2467 4078 2715 4157 τρόπους·
2794 4081 2868 4142 ὡς
2919 4080 3077 4135 αὐτοῦ
3149 4074 3268 4133 καθ’
3318 4073 3520 4152 ἡμέραν
3578 4073 3842 4149 βαπτιζο-

2180 4169 2343 4246 μένου
2412 4166 2668 4243 ἀννισμοῦ
2727 4166 2932 4247 ἕνεκεν,
2985 4167 3219 4244 καθάπερ
3277 4165 3367 4221 καὶ
3398 4163 3565 4226 οὗτοι,
3624 4160 3838 4237 Ἐμψύ-

2181 4281 2302 4339 χων
2331 4279 2389 4314 τε
2430 4258 2520 4313 τὸν
2579 4258 2735 4313 αὐτὸν
2762 4257 3061 4337 ἀπέχεσθαι
3096 4257 3185 4313 καὶ
3216 4260 3410 4331 κρεῶν,
3442 4253 3516 4316 ὼς
3548 4253 3637 4308 καὶ
3668 4252 3803 4307 οὗτοι

2182 4337 2270 4406 καὶ
2301 4348 2479 4414 πάθης
2531 4342 2703 4413 ἄλλης
2763 4342 2963 4412 ἐδωδῆς
2993 4349 3091 4413 τῆς
3136 4344 3242 4401 ἀπὸ
3275 4347 3487 4420 σαρκῶν
3521 4337 3831 4414 πεποιημέ-

2183 4460 2279 4505 νης
2312 4437 2581 4517 λεγουσιν,
2637 4432 2925 4512 ἰπειδήπερ
2976 4436 3063 4491 καὶ
3122 4436 3278 4498 αὐτὸς
3311 4429 3501 4489 Ἐὄίων
3533 4435 3619 4487 καὶ
3648 4427 3841 4488 Ἐϐίω-

2183 4541 2329 4585 ντται
2353 4530 2627 4589 παντελῶς
2659 4524 2956 4603 ἀπέχονται
2988 4523 3213 4582 τούτων.

1465 5065 1530 5131 S.
1570 5067 1982 5153 Ilienommus,
2019 5071 2104 5132 De
2130 5067 2255 5133 uir.
2287 5062 2543 5135 ειιαεινη
2577 5075 2707 5140 cap.
2745 5068 2803 5119 t.

528 5330 694 5400 Libri
729 5340 952 5423 autem,
986 5332 1260 5423 equibus
1291 5353 1444 5396 unus
1475 5335 1760 5402 Actorum
1794 5342 1923 5422 ejus
1960 5341 2092 5423 (Pe.

2648 5239 2750 5302 Ex
2778 5240 3037 5319 antiqua
3069 5239 3373 5301 versione.

2257 5339 2333 5397 Τὰ
2369 5333 2423 5393 δὲ
2482 5335 2892 5415 συγγράμματα,
2944 5331 3086 5389 τοῦτ’
3119 5330 3228 5388 ἔστι
3288 5337 3523 5410 πρῶτον,
3555 5328 3583 5386 ὅ
3638 5328 3839 5408 ἐπιγέ-

446 5428 538 5506 tri)
564 5420 935 5503 inscribitur,
970 5422 1121 5483 alius
1150 5424 1476 5507 Evangelii,
1523 5430 1731 5493 tertius
1788 5418 2089 5495 Praedica-

2191 5448 2431 5509 rpxzut,
2490 5424 2705 5503 Πραξεις
2760 5423 2938 5479 αὒτοῐγ
3004 5420 3267 5500 δεύτερον,
3308 5418 3655 5499 Εὗιγγέλιονο
3722 5421 3845 5499 τρί-

444 5515 649 5594 tionis,
671 5520 914 5592 quartus
931 5512 1393 5593 Apocalypseos,
1424 5516 1667 5594 quintus
1688 5521 1906 5583 Judicii
1936 5524 2096 5586 inter

2191 5538 2289 5597 ιον,
2354 5515 2633 5592 Κήρυγμα’
2722 5514 2995 5592 τέταρτον,
3079 5510 3489 5582 Ἀποκάλυψις’
3564 5511 3846 5587 πέμπτον,

441 5605 804 5688 apocryphas
834 5602 1160 5691 scripturas
1200 5612 1557 5680 reputantur
1607 5606 1723 5688 (3),
1761 5611 1916 5691 Legg
1946 5612 2096 5675 pre-

443 5698 693 5767 cultum,
769 5698 914 5750 tom.
949 5689 1023 5770 ΙΙ,
1081 5690 1185 5751 lib.
1243 5708 1286 5765 ι,
1319 5710 1449 5773 cap.
1504 5695 1603 5771 ‘20,
1657 5706 1713 5758 et
1770 5689 2096 5764 Honorium

446 5791 725 5863 August.,
773 5795 907 5857 cap.
941 5785 1002 5839 t.

529 5961 616 6039 (3)
640 5958 1055 6039 Reputantur.
1078 5955 1177 6018 Al.
1208 5958 1636 6036 repudiantur.

2185 5607 2388 5683 Κρίσις’
2416 5606 2489 5666 ὡς
2534 5604 2812 5681 ἀπόκρυφα
2859 5600 2986 5657 ὅντα
3020 5600 3499 5675 ἀποδοκιμάζεται.
