4138 6472
406 310 559 376 U75
1233 311 1293 373 S.
1340 310 1778 376 CLEMENTJS
1817 313 1838 370 1
1883 313 2062 376 ROM.

2152 313 2343 376 ὈΝΤ.
2390 309 2652 376 οΡιιΜ
2691 309 2949 373 DUBIA.
3635 311 3807 376 11⁸16

402 443 659 530 adventu
710 443 844 525 ejus
891 443 1210 510 certiorem
1247 442 1494 518 factum,
1544 441 1608 504 in
1641 441 1870 524 Syriam
1917 453 2040 507 ten-
2063 440 2297 504 Abere.
2333 438 2479 530 Illos
2521 447 2724 503 autem
2754 439 2862 520 qni
2909 437 3023 501 hoc
3073 439 3546 530 regenerationis
3587 457 3807 504 sacra-

403 528 645 608 dentem
673 536 1018 615 aufugisse;
1049 543 1108 596 et
1139 533 1425 614 populum
1452 531 1826 614 frequentem
1857 536 1929 598 ad
1957 535 2047 615 ja-
2133 539 2334 594 mento
2364 529 2578 592 initiati
2605 537 2797 604 erant,
2829 529 3316 610 commonefecit,
3352 528 3503 612 ipsis
3537 550 3656 593 non
3691 551 3794 593 so-

404 644 605 702 nuam,
640 634 704 692 ut
725 643 1036 691 sermones
1065 624 1199 705 ejus
1220 623 1477 690 audiret.
1554 623 1670 707 ipsi
1709 625 2052 688 avidissime
2134 619 2260 683 lum
2295 638 2394 682 om
2411 621 2516 682 nia
2545 636 2730 697 opera
2754 617 2910 680 bona
2939 637 3073 698 quae
3087 617 3380 683 hactenus
3399 630 3810 699 egerantcon-

402 715 750 799 prastolari.
2136 711 2307 774 tinuo
2329 727 2397 772 es
2417 727 2482 771 se
2509 707 2922 799 facienda,sed
2933 707 3008 770 ad
3021 707 3404 771 sublimiores
3425 711 3811 790 perfectioris

479 795 880 880 Quamobrem
912 814 1314 887 opportunum
1345 804 1449 868 ille
1483 817 1689 870 nactus
1712 806 1929 876 locum.
1962 817 2054 869 at-
2145 799 2378 864 virtutis
2405 797 2633 879 gradus
2653 816 2896 879 semper
2915 816 3053 861 esse
3080 800 3552 866 ascendendum.
3573 802 3721 866 ﬂare
3739 813 3809 868 et

400 915 517 980 que
559 895 736 960 exiis
761 915 914 978 quos
958 894 1032 958 ab
1063 896 1337 975 corporis
1389 895 1846 976 mgritudinibus
1904 897 1994 959 vel
2029 916 2063 960 a
2146 891 2243 956 his
2261 888 2746 980 similia,iinquit
2767 888 3074 966 Clemens,
3099 906 3240 953 cum
3272 890 3531 954 dixisset
3554 894 3804 970 Pctus,

403 979 1092 1072 damonispossessione
1113 987 1494 1068 liberaverat,
1514 998 1930 1068 argumentum
1957 989 2068 1050 dn-
2146 982 2383 1072 dimisit
2413 979 2651 1072 turbas.
2687 981 2806 1044 Per
2853 987 2974 1042 tres
3009 988 3212 1072 autem
3240 981 3514 1072 integros
3563 1002 3809 1048 menses

402 1066 569 1160 cens,
603 1066 845 1160 planum
878 1076 1158 1160 omnibus
1187 1078 1328 1160 fecit
1350 1066 1768 1160 mgrotationes
1789 1080 2061 1141 morbos.
2144 1069 2302 1152 apud
2330 1066 2766 1160 Tripolitanos,
2790 1087 3045 1160 quorum
3100 1069 3390 1150 plurimos
3423 1071 3668 1137 adduxit
3726 1077 3806 1139 ad

403 1177 519 1243 que
541 1155 876 1232 hominum,
911 1155 1125 1222 iisdem
1155 1157 1373 1240 quibus
1397 1155 1431 1221 si
1458 1177 1601 1229 vero
1624 1159 1733 1222 Dei
1759 1163 1923 1222 cultu
1955 1179 2052 1223 re-
2147 1160 2351 1234 ﬁdem,
2386 1157 2600 1222 eodem
2634 1157 2811 1220 modo
2867 1158 3260 1222 concionatus
3324 1167 3435 1222 est.
3476 1163 3614 1225 Post
3646 1164 3805 1242 haec,

403 1255 732 1334 cesserant,
759 1247 834 1310 ad
869 1266 972 1310 eos
997 1250 1324 1312 accessisse
1353 1250 1636 1329 gradibus
1665 1273 1680 1326 ;
1715 1267 1784 1312 ac
1813 1251 2053 1314 tandem
2139 1251 2448 1316 Clemente
2471 1246 2724 1329 aliisque
2753 1248 3030 1330 pluribus
3045 1268 3221 1313 sacro
3247 1250 3609 1332 baptismate
3630 1254 3808 1319 ablu-

405 1360 478 1405 eo
506 1339 670 1402 cultu
702 1338 938 1420 penitus
958 1337 1270 1414 derelicto,
1300 1346 1480 1417 atque
1501 1338 1862 1416 idololatria,
1885 1341 2057 1420 cujus
2142 1338 2488 1420 tis,'l'ripoli
2500 1338 3189 1421 Maronemepiscopum,
3213 1349 3273 1404 et
3288 1340 3610 1405 duodecim
3636 1364 3808 1426 pres-

405 1429 588 1510 sicuti
602 1437 660 1491 et
686 1427 894 1509 magis
915 1427 1206 1509 originem
1230 1429 1460 1510 pandit,
1484 1429 1840 1501 introducta,
1859 1430 2052 1491 datam
2142 1430 2400 1512 byteros,
2425 1447 2494 1491 ac
2514 1428 2808 1512 quosdam
2842 1429 3130 1494 diaconos
3151 1434 3392 1513 creavit,
3412 1441 3620 1516 atque,
3646 1435 3803 1499 inde

405 1516 779 1584 (immanibus
808 1519 1036 1580 animus
1066 1536 1274 1580 eorum
1317 1518 1664 1600 possidendi
1688 1517 2052 1586 facultatem.
2141 1519 2381 1585 tandem
2414 1536 2716 1600 egressus,
2766 1520 2928 1582 venit
2955 1520 3359 1584 Antiochiam.

403 1608 672 1675 Subinde
702 1626 767 1670 se
797 1625 1057 1690 suosque
1098 1607 1172 1670 ad
1195 1625 1399 1671 verum
1431 1609 1647 1670 summi
1676 1609 1778 1671 Dei
1830 1609 2054 1674 Cultum
2222 1612 2460 1674 8mm
2486 1625 2636 1672 nam
2664 1607 2837 1671 initio
2873 1618 3152 1673 narratur
3175 1609 3438 1692 Petrum,
3485 1631 3622 1675 cum
3655 1612 3804 1678 Tri-

405 1696 837 1764 restituendum
862 1696 1076 1760 missos
1102 1714 1235 1760 esse
1266 1697 1390 1759 suis
1421 1698 1796 1760 annuutiavit
1825 1698 2056 1760 audito-
2143 1699 2264 1780 poli
2293 1698 2664 1762 Antaradum
2705 1699 3083 1774 accessisset,
3111 1700 3310 1764 socios
3342 1721 3504 1782 suos,
3538 1723 3798 1784 quorum

405 1787 594 1881 ribus,
621 1786 890 1881 ipsisque
917 1787 1056 1881 quid
1093 1785 1248 1848 inter
1278 1785 1454 1881 falsas
1479 1805 1768 1867 verasque
1795 1789 2054 1881 prophe-
2082 1831 2118 1881 Β
2141 1789 2335 1881 major
2361 1796 2632 1881 creverat
2649 1807 2973 1881 numerus,
3024 1791 3198 1864 duas,
3247 1809 3381 1871 qua:
3413 1793 3607 1872 ipsum
3642 1813 3801 1874 prm-

408 1877 518 1944 tias
546 1886 607 1940 et
633 1876 912 1950 visiones,
959 1875 1118 1939 inter
1165 1878 1538 1940 sanationem
1577 1896 1713 1940 vero
1755 1887 1852 1940 aut
1908 1878 2054 1942 falso
2082 1875 2115 1881 ⁷
2138 1879 2452 1960 cederent,
2489 1877 2766 1942 divisisse
2791 1879 2850 1940 in
2876 1875 3112 1943 turmas
3138 1901 3154 1962 ;
3181 1889 3358 1961 atque
3381 1882 3798 1959 uniNicetam,

406 1966 692 2032 miraculo
723 1965 1024 2028 redditam
1047 1965 1285 2029 intersit
1323 1965 1711 2044 discriminis,
1745 1967 2048 2048 patefecit.
2136 1968 2412 2051 Aquilam
2455 1967 2630 2030 alteri
2656 1969 3027 2050 prmfecisse.
3054 1971 3334 2034 Clemens
3365 1990 3529 2045 vero,
3593 1975 3806 2051 gratiis

407 2057 680 2140 Denique
712 2057 846 2119 illos
875 2056 948 2119 ad
974 2074 1172 2118 veram
1193 2056 1546 2135 religionem
1570 2058 2050 2138 amplexandam;
2135 2059 2335 2139 Petro,
2362 2057 2504 2140 quia
2528 2076 2663 2120 eum
2707 2058 2866 2140 apud
2922 2077 2988 2122 se
3045 2061 3404 2133 retinuerat,
3454 2063 3626 2137 actis,
3687 2064 3787 2145 ips

400 2149 686 2233 apostolis
714 2146 934 2212 Christi
946 2145 1276 2225 gerendum
1302 2165 1555 2223 morem,
1578 2148 1878 2227 vitamque
1901 2167 2049 2228 pure
2137 2149 2400 2230 poscenti
2432 2148 2733 2231 quomodo
2764 2157 3019 2226 patrem,
3054 2155 3117 2213 et
3147 2159 3423 2232 matrem,
3459 2170 3528 2213 ac
3577 2153 3800 2216 fratres

401 2256 461 2312 et
488 2242 768 2326 religiose
795 2237 1244 2327 instituendam,
1273 2237 1644 2319 adhortatus,
1683 2248 1746 2300 ut
1791 2239 1891 2300 die
1950 2258 2047 2301 se-
2135 2238 2458 2319 amisisset,
2494 2238 2805 2301 confestim
2839 2238 3185 2304 declaravit.
3224 2241 3330 2304 Die
3360 2239 3788 2327 subsequenti,

403 2333 614 2420 quanti
641 2329 716 2395 ad
745 2327 1024 2394 eumdem
1050 2326 1247 2390 locum
1271 2329 1558 2391 maturius
1590 2347 1656 2392 se
1684 2329 2050 2412 conferrent,
2134 2328 2436 2420 Petrusin
2466 2328 2721 2420 insulam
2757 2328 3052 2420 Aradum,
3086 2330 3271 2393 viteas
3311 2330 3624 2394 immensae
3659 2326 3796 2396 ma-

397 2417 733 2496 amona“.
2133 2419 2460 2502 gnitudinis
2488 2417 2798 2482 columnas
2830 2417 3072 2482 videndi
3125 2421 3334 2501 gratia,
3393 2439 3458 2483 se
3513 2425 3810 2500 contulit,

484 2503 701 2580 Exorta
721 2509 899 2591 igitur
924 2508 1046 2589 die,
1081 2508 1237 2570 idem
1284 2509 1414 2589 ipse
1468 2508 1702 2588 Petrus,
1741 2511 2048 2591 prmmissa
2133 2509 2338 2587 ibique
2369 2507 2648 2572 Clemens
2663 2507 2901 2587 agnovit
2930 2517 3181 2572 matrem
3211 2527 3379 2572 suam
3432 2512 3787 2575 Mathidiam

401 2603 652 2676 trientali
678 2599 1160 2674 oratione,aliam
1207 2617 1339 2680 qum
1358 2616 1534 2664 LIBRO
1561 2614 1776 2672 QUINTO
1800 2601 2050 2666 exhibe-
2136 2601 2279 2664 illuc
2322 2597 2629 2676 naufragio
2659 2598 2988 2676 expulsam,
3042 2607 3222 2679 atque
3269 2601 3671 2683 eleemosynis
3703 2605 3802 2666 vi-

400 2709 519 2772 tur,
551 2694 624 2757 ad
656 2688 939 2773 p0pulum
963 2688 1169 2753 habuit
1196 2689 1571 2752 concionem.
1604 2689 1669 2750 1n
1712 2707 1782 2751 ea
1811 2690 1888 2752 ob
1911 2712 2046 2754 om-
2138 2700 2297 2755 ctum
2319 2695 2710 2770 quaerentem.
2739 2686 2844 2750 Illa
2874 2706 3012 2752 vero
3037 2708 3171 2752 cum
3209 2709 3394 2752 uxore
3453 2693 3616 2754 Petri
3677 2714 3792 2757 caa-

402 2788 571 2853 nium
601 2782 806 2847 oculos
854 2777 1022 2860 ponit
1078 2778 1410 2861 hominem,
1463 2779 1537 2841 ad
1586 2781 1906 2860 imaginem
1942 2783 2054 2846 Dei
2141 2781 2405 2862 terisque
2435 2776 2716 2840 omnibus
2737 2777 3091 2841 Laodiceam
3118 2779 3379 2855 ducitur,
3407 2783 3603 2862 quain
3641 2785 3789 2846 urbe

403 2879 648 2956 factum,
680 2868 886 2933 tandiu
908 2869 968 2929 in
1000 2885 1100 2931 res
1131 2875 1404 2932 terrenas
1441 2869 1720 2934 habuisse
1769 2870 2049 2935 domina-
2134 2868 2425 2934 aduobus
2453 2867 2590 2930 aliis
2647 2867 2788 2930 ﬁliis
2837 2869 2982 2943 suis,
3035 2870 3395 2950 quibuscum
3428 2873 3793 2951 naufragium

404 2976 554 3038 tum,
586 2958 852 3045 quandiu
886 2956 1015 3038 ipse
1037 2957 1286 3038 justitize
1311 2958 1542 3037 legibus
1573 2959 2052 3040 obtemperavit;
2134 2963 2378 3035 fecerat,
2411 2957 2608 3038 agnita
2638 2976 2877 3039 quoque
2900 2967 3015 3022 est.
3049 2958 3124 3022 Hi
3152 2968 3350 3022 autem
3398 2972 3786 3026 narraverunt

407 3055 514 3120 ubi
539 3069 680 3115 vero
701 3047 778 3112 ab
809 3047 882 3110 iis
899 3046 1488 3123 discessit,continuo
1513 3048 1842 3129 fragilitati,
1869 3051 2053 3113 animi
2136 3069 2201 3114 se
2232 3058 2362 3130 post
2396 3047 2766 3127 naufragium
2794 3047 3121 3111 Caesaream
3161 3049 3414 3126 delatos,
3461 3061 3519 3115 et
3563 3055 3795 3116 cuidam

404 3136 976 3228 perturbationibus,
1012 3137 1461 3228 tentationibus,
1495 3138 1908 3228 vexationibus
1933 3141 2054 3203 dm—
2075 3200 2114 3228 τ,
2139 3140 2357 3214 vidum,
2390 3137 2493 3228 cui
2522 3155 2743 3201 nomen
2759 3137 2792 3202 «Ι
2801 3145 2946 3200 ustae
2975 3147 3124 3219 erat,
3163 3140 3461 3217 venditas,
3527 3144 3660 3222 ejus
3693 3163 3797 3223 po-

385 3200 1099 3312 moniiwmjmiseriiique
1150 3227 1431 3290 omnibus
1444 3200 1800 3291 'obnoxium
2075 3200 2116 3251 C
2463 3200 3170 3306 Iitterisetphilosophiie
3191 3200 3332 3292 cum
3355 3200 3805 3313 Silio;qu

401 3324 768 3388 esse.Monet
788 3326 985 3381 tamen
1008 3334 1189 3399 parvo
1211 3316 1353 3379 fidei
1371 3335 1558 3397 grano
1579 3318 1822 3381 morbos
1846 3338 2060 3382 omnes
2144 3336 2388 3398 operam
2410 3316 2677 3398 dedisse,
2710 3316 2988 3398 illiusque
3011 3316 3326 3382 imbibisse
3355 3338 3592 3383 errores
3622 3342 3639 3394 ;
3664 3323 3770 3384 sed
3785 3371 3804 3396 ,

406 3428 577 3493 posse
593 3406 814 3474 sanari.
848 3405 1013 3469 Hanc
1043 3404 1220 3485 igitur
1252 3406 1430 3469 fidem
1451 3406 1525 3469 ab
1559 3407 1844 3471 omnibus
1869 3411 2066 3472 susci-

403 3500 686 3585 piendam
715 3513 850 3561 esse
880 3494 1206 3585 concludit,
1237 3503 1296 3558 et
1317 3514 1454 3585 vero
1489 3498 1827 3585 Propheta,
1853 3518 2062 3580 quem,

406 3582 578 3655 sicuti
611 3582 1077 3670 praenuntiatum
1107 3583 1324 3666 fuerat,
1352 3584 1481 3665 jam
1504 3583 1868 3648 adventassa
1892 3605 2071 3649 nove-

405 3686 566 3758 rant,
593 3673 773 3740 unice
805 3672 1219 3738 serviendum.
1275 3672 1504 3738 Deinde
1569 3673 1747 3736 docet
1806 3693 1925 3737 non
1955 3695 2067 3739 au-

406 3765 664 3832 diendas
692 3781 852 3839 esse,
881 3780 1030 3844 quas
1079 3762 1180 3825 ille
1212 3763 1556 3842 singulatim
1584 3775 1882 3840 recenset,
1917 3785 2064 3843 sug-

403 3865 603 3940 gestas
633 3872 668 3938 a
692 3853 965 3916 daemone
998 3851 1384 3917 tentationes.
1415 3853 1691 3918 Dimissis
1725 3873 1901 3935 porro
1930 3875 2068 3917 om-

407 3946 607 4021 nibus,
627 3943 702 4006 ad
727 3960 834 4005 sua
863 3940 994 4024 ipse
1022 3941 1361 4024 revertitur,
1397 3942 1498 4005 ubi
1543 3944 1725 4008 sociis
1751 3944 1876 4006 suis
1917 3964 2068 4007 con-

407 4035 567 4104 cedit
595 4031 999 4116 quodcunque
1018 4030 1316 4108 libuisset,
1335 4032 1679 4096 sciscitandi
1696 4034 2066 4112 facultatem,

409 4122 765 4191 ctcontinuo
794 4120 868 4184 ad
897 4120 1133 4201 singula
1181 4140 1433 4205 quisque
1489 4126 1800 4206 respondit
1849 4143 2059 4188 eorum

404 4219 786 4293 interrogata.
821 4209 1100 4274 Clemens
1131 4229 1270 4274 vero
1301 4221 1517 4278 cuncta
1551 4232 1685 4296 qum
1699 4213 1773 4276 ab
1807 4234 1880 4277 eo
1912 4234 2059 4294 pro-

410 4309 676 4370 nuntiata
707 4301 966 4384 fuerant,
999 4301 1063 4365 in
1095 4302 1343 4380 librum,
1377 4322 1553 4386 quem
1588 4305 1748 4367 misit
1775 4304 1849 4368 ad
1881 4307 2058 4369 Jaco-

409 4395 577 4472 bum,
603 4393 1047 4456 accuratissime
1071 4392 1330 4474 redegit.

2143 3406 2372 3471 Zachei
2393 3425 2530 3487 ope,
2559 3407 2677 3470 fide
2697 3405 2915 3470 Christi
2949 3415 3249 3488 suscepta,
3274 3426 3339 3471 se
3361 3411 3536 3471 Petro
3556 3410 3800 3472 tandem

2146 3497 2330 3562 fuisse
2353 3495 2604 3560 oblatos.
2629 3496 2866 3572 Quibus
2901 3496 3146 3572 auditis,
3171 3497 3383 3561 Petrus
3429 3499 3798 3576 Mathidiam,

2152 3586 2434 3668 baptismi
2489 3586 2680 3664 gratia
2727 3585 2939 3648 donari
2989 3586 3410 3667 postulantem,
3465 3599 3598 3669 post
3627 3589 3808 3650 unius

2152 3675 2271 3740 diei
2295 3675 2596 3758 jejunium
2669 3694 2741 3739 eo
2792 3675 3271 3756 regenerationis
3321 3686 3697 3740 sacramento
3742 3678 3805 3740 in

2152 3766 2305 3828 mari
2338 3765 2609 3828 initiavit.

2234 3856 2344 3921 Die
2367 3853 2785 3937 subsequenti,
2819 3861 2886 3916 nt
2910 3855 2970 3916 in
3001 3870 3178 3918 uano
3198 3871 3418 3919 ocravo
3447 3864 3656 3917 auctor
3678 3875 3810 3920 nar-

2151 3953 2266 4026 rat,
2300 3946 2541 4020 Petrus,
2574 3943 2884 4008 Clemente
2934 3941 3289 4025 duobusque
3346 3945 3480 4007 aliis
3529 3945 3812 4012 fratribus

2152 4034 2280 4098 suis
2305 4032 2651 4114 comitibus,
2681 4032 2835 4096 lavat
2863 4032 2926 4095 in
2947 4039 3118 4109 marl,
3162 4041 3342 4115 atque
3391 4035 3452 4096 in
3505 4044 3804 4098 secretum

2153 4125 2352 4187 locum
2384 4123 2459 4186 ad
2489 4123 2818 4185 orationem
2851 4123 3102 4186 secedit.
3137 4122 3282 4186 Inde
3313 4123 3398 4184 illi
3463 4124 3796 4203 egredienti

2104 4220 2106 4222 ’
2144 4213 2407 4278 occurrit
2418 4230 2602 4275 senex
2618 4212 2862 4291 quidam
2878 4230 2990 4294 pan
2999 4230 3104 4292 per
3115 4231 3209 4282 ,θαι
3230 4211 3445 4275 habitu
3458 4215 3794 4292 operarius,

2143 4302 2248 4386 qui
2283 4319 2492 4383 preces
2523 4301 2597 4364 ad
2623 4301 2810 4365 Deum
2846 4319 3166 4382 perperam
3196 4301 3387 4371 fundi,
3415 4311 3475 4365 et
3496 4303 3798 4365 mundum

2144 4411 2268 4456 non
2280 4393 2617 4457 secundum
2638 4391 2754 4455 Dei
2767 4392 3222 4472 providentiam
3234 4393 3599 4471 gubernari.
3614 4442 3627 4456 .
3640 4441 3654 4455 .
3669 4434 3690 4455 .
3701 4393 3802 4456 sed

490 4485 930 4583 δειναῖς-ωειλ
973 4482 1156 4583 aliam
1199 4502 1441 4583 quoque
1471 4485 1654 4583 .Pctri
1683 4486 2058 4583 _conc_ionem
2087 4532 2128 4583 υ
2144 4483 2397 4583 genesin
2414 4501 2542 4583 esse
2563 4500 2700 4583 qua:
2719 4483 2928 4582 omnia
2945 4483 3080 4563 agit
3111 4491 3169 4545 et
3199 4483 3483 4583 continet,
3519 4481 3804 4544 audacter

412 4574 699 4641 continet.
732 4574 789 4636 Is
808 4591 945 4635 cum
972 4571 1198 4636 tardius
1229 4575 1401 4638 solito
1430 4574 1507 4638 ob
1539 4576 1803 4639 noctium
1857 4577 2060 4640 brevi-

413 4674 594 4730 tatem
625 4661 1002 4736 surrexisset,
1035 4661 1109 4725 ad
1139 4673 1487 4728 consuetum
1511 4666 1820 4730 concionis
1867 4668 2060 4731 locum

413 4753 701 4839 perrexit.
734 4751 928 4836 Atque
967 4753 1049 4815 ibi
1080 4755 1590 4837 primogexplicuit
1611 4757 1913 4839 quomodo
1946 4759 2061 4820 ho-

415 4849 609 4909 mines
641 4842 866 4925 possint
893 4841 1071 4906 falsas
1092 4844 1406 4925 opiniones
1427 4845 1756 4929 deponere,
1776 4856 1834 4910 et
1861 4848 1923 4910 in
1957 4867 2060 4910 ve-

411 4933 611 5000 ritatis
630 4930 878 5013 verique
909 4929 1015 4994 Dei
1034 4937 1345 5014 pervenire
1364 4935 1658 4999 notitiam.
1685 4937 2058 5001 Manifestum

413 5022 635 5088 deinde
666 5020 809 5085 fecit
855 5021 992 5084 illos
1026 5021 1185 5085 haud
1229 5024 1557 5088 difficulter
1585 5027 1743 5089 scire
1802 5029 2064 5109 potuisse

411 5131 529 5177 non
558 5110 802 5194 quidem
835 5113 989 5195 quid
1015 5114 1098 5176 sit
1131 5112 1314 5197 Deus,
1348 5115 1454 5179 sed
1475 5117 1643 5196 quod
1691 5135 1814 5179 non
1856 5119 1956 5193 sit,
1995 5136 2063 5181 ac

414 5201 669 5284 proinde
699 5200 871 5264 illum
902 5201 965 5264 in
1015 5201 1214 5276 idolis,
1251 5206 1512 5270 humana
1556 5214 1685 5269 arte
1734 5204 2062 5288 fabricatis,

411 5309 534 5354 non
565 5289 820 5353 includi.
845 5294 925 5356 At
951 5310 1093 5356 vero
1125 5295 1263 5375 quia
1312 5299 1523 5359 omnia
1577 5298 1933 5378 gignuntur
1988 5315 2066 5360 ea:

413 5397 604 5463 aqua,
639 5389 988 5461 quaereata
1002 5383 1365 5448 estabinitio
1380 5404 1493 5467 per
1513 5384 1932 5466 Unigenitum,
1953 5404 2069 5466 per

413 5477 969 5559 quernipervenitur
983 5475 1066 5538 ad
1087 5476 1350 5559 Patrem,
1377 5475 1595 5539 exinde
1616 5475 1816 5538 intulit
1833 5478 2059 5555 genita-

411 5558 569 5622 libus
592 5558 893 5642 baptismi,
927 5564 1104 5646 cujus
1157 5558 1574 5631 necessitatam
1627 5566 2061 5649 utilitatemque

412 5650 826 5717 demonstrare
868 5662 1114 5721 conatus
1161 5666 1272 5734 est,
1309 5674 1419 5720 nos
1464 5658 1635 5741 aquis
1681 5657 1918 5721 renasci
1945 5657 2056 5720 de-

2144 4573 2424 4636 assernit.
2464 4572 2556 4635 Fit
2583 4571 2826 4634 interim
2851 4589 3104 4650 magnus
3127 4569 3331 4652 populi
3354 4588 3709 4647 concursus,
3743 4579 3801 4633 et

2143 4663 2411 4744 Nicetes,
2444 4662 2628 4726 datas
2657 4660 2971 4740 Petro,qui
2992 4660 3125 4722 seni
3155 4659 3526 4740 respondere
3551 4659 3798 4741 volebat,

2146 4752 2384 4816 dicendi
2412 4752 2715 4833 facultate,
2747 4749 2954 4812 docuit
3006 4749 3294 4812 mundum
3329 4768 3362 4812 a
3393 4751 3518 4812 Deo
3551 4748 3799 4825 factum,

2147 4853 2205 4905 et
2234 4843 2307 4905 ab
2338 4844 2470 4924 ipso
2529 4840 2884 4923 quandoque
2916 4840 3292 4914 solvendum,
3329 4858 3440 4900 nec
3471 4858 3543 4901 ex
3582 4839 3800 4901 indivi-

2145 4933 2280 4997 duis
2309 4932 2681 5014 corpusculis
2729 4949 2838 4993 seu
2889 4931 3130 5004 atomis,
3163 4939 3225 4990 ut
3271 4928 3504 4992 ferebat
3562 4929 3801 5010 Epicuri

2146 5021 2753 5105 sententia,quaelibet
2767 5019 3805 5102 corpora,mcutesqueintelligentia

2148 5113 2445 5197 praeditas,
2492 5113 2646 5177 fieri.
2675 5112 2868 5175 Variis
2892 5109 3115 5174 deinde
3135 5109 3506 5189 argumentis
3539 5107 3802 5190 probavit

2150 5203 2438 5266 mundum
2454 5203 2530 5265 ab
2555 5205 2692 5285 ipsa
2715 5203 3029 5282 sapientia
3059 5207 3116 5264 et
3140 5203 3407 5275 ratione,
3428 5201 3666 5280 quando
3689 5198 3800 5280 ipsi

2149 5294 2392 5377 placuit,
2427 5292 2608 5356 fuisse
2640 5292 2974 5355 conditum.

2233 5382 2552 5460 Postridie,
2585 5393 2740 5446 cmtu
2775 5383 2838 5444 in
2870 5380 3144 5464 primarii
3169 5377 3479 5459 cujusdam
3513 5378 3658 5441 civis
3689 5376 3798 5437 do«

2153 5492 2314 5536 mum
2339 5482 2571 5548 coacto,
2597 5491 2780 5535 senex
2812 5490 2884 5536 ea
2917 5489 3048 5554 quae
3092 5469 3330 5533 Nicetes
3371 5468 3603 5531 dixerat
3635 5485 3800 5530 sum-

2148 5562 2351 5626 matim
2375 5563 2617 5645 repetit,
2649 5571 2853 5642 atque,
2878 5561 3169 5624 adversus
3187 5558 3293 5620 illa
3312 5557 3799 5638 disputans,con-

2141 5653 2328 5718 tendit
2347 5651 2619 5734 quaedam
2641 5655 2872 5733 injuste
2901 5659 2962 5718 et
2995 5649 3352 5717 inordinate
3380 5649 3536 5713 facta
3565 5664 3798 5712 assezcx
