4138 6416
363 315 387 378 l
405 317 518 379 1-77

1449 317 2087 382 BEGOGNITIONES.
2136 349 2211 360 -—
2259 315 2655 381 PROCEMIA.

3593 309 3749 370 H78

356 449 430 511 iis
458 455 658 514 autem
681 467 817 528 quia
845 450 1016 528 juxta
1074 451 1349 514 ordinem
1401 453 1574 526 unt,
1623 451 1894 533 quaedam
1927 453 2005 514 ab
2025 460 2062 509 Α
2086 467 2220 513 rum
2252 451 2554 533 sepulcra.
2582 452 2669 514 Ad
2693 451 2818 514 haec
2840 449 3064 532 Aquila
3084 447 3398 529 respondit
3438 445 3568 508 illas
3596 446 3748 509 deo-

360 539 478 602 alio
508 558 684 622 quam
715 539 791 603 ab
823 540 945 602 ulla
965 549 1166 603 mente
1183 541 1370 605 fuisse
1386 550 1604 605 creata.
1630 545 1849 603 Contra
1865 559 2001 603 vero

357 629 572 709 Aquila
601 649 672 692 es
706 629 780 691 iis
811 648 944 710 quae
972 631 1304 692 secundum
1337 630 1609 693 ordinem
1641 631 1773 693 ﬁeri
1817 649 2000 693 senex

358 727 759 792 concesserat,
793 719 1236 798 agnoscendam
1268 739 1404 783 esse
1427 719 1536 783 Dei
1569 721 1998 801 providentiam

362 807 810 870 demonstravit.
853 808 1037 872 Porro
1061 828 1132 871 ex
1165 809 1238 871 iis
1269 829 1402 892 quae
1429 811 1774 874 inordinate
1819 811 1994 892 fiunt,

358 897 696 961 luculenter
724 898 1094 980 ostendit,ab
1108 902 1579 982 originemtsndi
1608 901 1771 964 nihil
1790 919 1998 964 eorum

357 988 562 1063 fuisse,
590 986 697 1050 sed
711 1006 780 1050 ex
805 988 1111 1068 impietate
1132 991 1443 1054 hominum
1468 1009 1643 1054 suum
1670 992 1822 1054 mala
1842 1009 2002 1052 sum—

357 1077 549 1158 psisse
579 1077 1118 1160 initium.Denique
1148 1099 1283 1143 cum
1306 1079 1586 1144 omnibus
1607 1100 1739 1162 quae
1760 1080 1878 1144 sibi
1899 1079 2002 1142 ob-

348 1166 732 1249 jiciebantur,
767 1168 900 1231 fuse
931 1169 1363 1250 respondisset,
1398 1170 1669 1232 ultimam
1696 1170 1860 1233 senis
1886 1169 1998 1232 ob-

347 1257 674 1336 jectionem
689 1276 805 1339 qua
827 1261 1030 1321 omnia
1043 1277 1118 1323 ea;
1134 1262 1490 1324 necessitate
1510 1264 1750 1340 genesis
1769 1262 1891 1324 sibi
1905 1279 2001 1323 ac-

351 1347 568 1410 cidisse
587 1347 850 1424 dicebat,
873 1349 1044 1410 fratri
1064 1349 1743 1431 suoClementi,postero
1765 1350 1863 1413 die
1886 1351 2000 1412 sol-

351 1437 606 1500 vendam
628 1437 895 1518 reliquit.
921 1437 1025 1500 His
1041 1439 1464 1514 dictis,Petrus
1492 1441 1636 1502 nulli
1662 1441 1996 1518 hominum,

353 1526 469 1588 nisi
498 1526 610 1589 soli
636 1543 778 1590 vero
815 1533 1138 1608 propheta,
1165 1549 1296 1610 qua;
1318 1534 1477 1594 aDeo
1502 1529 1591 1593 vel
1623 1532 1750 1594 fieri
1772 1531 1861 1592 vel
1883 1551 1998 1593 non

354 1616 485 1678 ﬁeri
517 1636 636 1678 non
676 1618 924 1697 possint,
951 1628 1256 1696 comperta
1279 1639 1411 1682 esse
1441 1620 1589 1682 dixit
1620 1639 1636 1697 ;
1662 1640 1770 1683 nec
1792 1640 1997 1702 quem-

355 1725 531 1787 quam
554 1705 627 1768 ab
654 1706 757 1768 illo
793 1707 1080 1787 propheta
1110 1709 1222 1771 hac
1254 1709 1330 1771 de
1358 1728 1449 1792 re,
1485 1711 1623 1792 nisi,
1651 1711 1828 1772 variis
1857 1711 1996 1792 phi-

2085 559 2216 603 rum
2244 541 2526 604 fabulasa
2584 541 2952 622 philosophis
2993 539 3244 619 aliisque
3294 537 3438 598 viris
3490 537 3738 616 sapien-

2084 629 2239 692 tibus
2269 632 2592 712 allegorice
2626 631 2808 693 fuisse
2823 629 3398 708 explicatas.Contra
3418 635 3619 689 autem
3645 624 3742 687 Ni-

2085 730 2244 783 cetas
2277 721 2364 782 illi
2394 722 2682 785 continuo
2711 720 2972 782 ostendit
2996 721 3122 782 haec
3149 718 3401 780 deorum
3435 715 3742 778 criminaa

2083 811 2434 890 pictoribus,
2459 811 2866 892 sculptoribus
2905 818 2964 872 et
2994 809 3184 890 poetis
3233 826 3352 870 non
3395 806 3738 885 allegorice,

2084 900 2190 960 sed
2220 920 2434 982 reapse
2462 909 2520 964 et
2535 901 2608 964 ad
2631 902 2886 963 litteram
2908 899 3046 978 poni
3070 897 3482 960 anteomnium
3507 895 3735 958 oculos.

2083 988 2323 1053 Nicetes
2356 999 2553 1054 tamen
2585 992 2692 1053 has
2722 991 3074 1068 allegoricae
3128 986 3458 1050 fabularum
3493 984 3735 1066 exposi-

2093 1079 2309 1154 tiones,
2343 1088 2590 1160 rogante
2607 1079 3041 1156 Clemente,est
3067 1085 3441 1160 prosecutus.
3469 1074 3740 1138 'l‘umPe-

2086 1175 2211 1230 trus
2236 1169 2607 1252 Scripturam
2639 1190 2866 1233 sacram
2910 1189 3028 1230 non
3061 1189 3130 1230 eo
3175 1185 3357 1230 sensu
3389 1165 3734 1245 allegorico,

2083 1259 2188 1320 sed
2212 1259 2352 1336 alia,
2388 1279 2564 1341 quam
2594 1261 2723 1338 ipse
2758 1260 2983 1338 docuit,
3012 1258 3298 1321 methodo
3323 1254 3739 1336 explicandam

2083 1365 2217 1410 esse
2247 1349 2697 1412 demonstravit.
2728 1349 2956 1412 Deinde
2988 1348 3059 1409 ad
3109 1345 3554 1410 Faustinianum
3585 1361 3736 1403 con-

2085 1453 2313 1510 versus,
2349 1439 2542 1519 ipsum
2578 1439 2653 1500 ad
2682 1439 3078 1519 profitendam
3103 1433 3746 1513 religionemChristia~

2085 1543 2244 1601 nam,
2279 1547 2410 1608 quae
2434 1529 2581 1590 nihil
2614 1529 2726 1592 nisi
2744 1539 3016 1591 sanctum
3033 1527 3420 1590 ethonestum
3443 1520 3739 1604 principit,

2083 1634 2464 1698 summopere
2495 1620 2843 1681 adhortatus
2873 1613 3524 1698 est.Denique,reddita
3554 1630 3741 1690 aegro-

2083 1705 2156 1764 tis
2205 1714 2382 1786 atque
2411 1727 2446 1769 a
2501 1708 2772 1772 dzemone
2828 1708 3089 1770 obsessis
3140 1706 3413 1775 sanitate,
3453 1702 3734 1784 populum

351 1795 732 1876 losophorum
758 1795 1186 1860 subtilitatibus
1219 1800 1436 1875 missis,
1463 1800 1700 1863 sincero
1728 1800 1998 1863 veritatis
2025 1792 2059 1841 Β
2081 1797 2436 1872 gaudentem
2471 1796 2789 1879 latumque
2820 1799 3067 1860 dimisit.

350 1903 559 1947 amore
588 1885 862 1958 ducatur,
899 1886 1028 1947 fore
1043 1906 1310 1965 unquam
1329 1889 1995 1954 docendum.Ca3terum

350 1975 422 2036 ad
453 1974 920 2054 investigandam
943 1975 1251 2040 veritatem
1267 1978 1325 2038 id
1352 1981 1767 2042 tantummodo
1789 1980 1998 2060 requi-

350 2065 420 2143 ri,
451 2072 514 2126 ut
562 2065 838 2128 homines
870 2085 1012 2127 num
1069 2067 1358 2147 propheta
1411 2068 1513 2130 ille
1569 2088 1704 2132 vera
1758 2089 1998 2152 semper

352 2154 715 2234 praedixerit,
748 2155 1076 2234 diligenter
1100 2156 1430 2237 inquirant.

431 2243 596 2306 LIBRI
626 2261 766 2308 nom
790 2244 958 2305 initio
992 2247 1243 2308 traditur
1261 2248 1536 2328 sequenti
1567 2248 1666 2312 die
1701 2269 1866 2314 more
1889 2272 1994 2314 so-

350 2333 455 2394 lito
477 2333 838 2415 disputatum
864 2333 1070 2413 fuisse,
1095 2343 1294 2397 utrum
1319 2337 1478 2399 nihil
1508 2345 1685 2402 eastra
1723 2344 1995 2418 genesim

347 2423 543 2502 ﬁeret.
596 2421 995 2496 Quamobrem
1029 2423 1307 2488 Clemens
1330 2427 1506 2489 variis
1543 2429 1835 2492 rationem
1861 2451 1993 2493 mo-

349 2514 568 2575 mentis
625 2513 1056 2575 demonstravit
1102 2515 1404 2578 hominem
1458 2517 1646 2580 libero
1679 2521 1996 2584 voluntatis

344 2603 616 2679 arbitrio,
639 2624 757 2685 quo
788 2604 1083 2686 quidlibet
1104 2625 1286 2685 agere
1312 2617 1506 2687 potest
1531 2611 1620 2673 vel
1645 2631 1765 2673 non
1791 2631 1994 2694 agere,

347 2713 481 2757 esse
505 2695 844 2775 praeditum.
871 2696 1067 2758 Senex
1103 2715 1241 2758 vero
1265 2700 1457 2777 arguit
1491 2718 1560 2762 ex
1585 2703 1993 2765 constellatio-

345 2784 522 2847 nibus
533 2784 838 2862 variisque
857 2793 1155 2846 astrorum
1171 2787 1516 2866 aspectibus
1529 2810 1700 2869 ,qnos
1717 2801 1996 2856 accurate

343 2875 675 2949 recensuit,
712 2873 990 2936 homines
1019 2876 1111 2938 vel
1174 2875 1360 2939 bonos
1415 2880 1568 2954 ﬁeri,
1630 2882 1719 2943 vel
1779 2884 1990 2947 malos.

345 2967 566 3028 Contra
583 2966 862 3026 Clemens
885 2965 1060 3044 longa
1091 2965 1458 3039 inductione,
1496 2989 1611 3049 qua
1663 2973 1840 3035 variae
1882 2993 1992 3034 na-

2163 1883 2298 1947 Post
2317 1886 2438 1947 haec
2468 1895 2665 1949 autem
2708 1889 2866 1949 inter
2899 1886 3134 1968 prandii
3154 1892 3470 1967 apparatus
3497 1879 3737 1944 Fausti—

2083 1973 2319 2050 nianus,
2376 1987 2682 2039 annuente
2737 1981 2933 2053 Petro,
2988 1978 3315 2058 Appionem
3367 1985 3424 2035 et
3459 1970 3735 2032 Anubin-

2083 2065 2355 2145 nem,qui
2387 2067 2704 2128 Antiochia
2739 2066 3094 2130 Laodiceam
3118 2084 3248 2128 cum
3284 2064 3529 2127 Simone
3549 2079 3735 2122 vene-

2080 2163 2234 2234 rant,
2271 2156 2650 2219 invisit.Tum
2683 2157 2914 2232 Simon,
2948 2166 3012 2218 ut
3037 2155 3294 2218 ministri
3324 2155 3597 2224 Ctesaris,
3633 2149 3736 2231 qui

2081 2261 2216 2304 eum
2242 2245 2315 2306 ad
2341 2265 2550 2307 necem
2576 2247 3405 2327 quaerebant,Faustinianum
3441 2242 3501 2303 in
3532 2241 3728 2302 locum

2079 2352 2258 2394 suum
2289 2335 2458 2395 morti
2487 2337 2812 2416 traderent,
2849 2335 2965 2416 ipsi
2992 2335 3237 2413 magicis
3267 2333 3493 2396 artibus
3517 2329 3729 2392 faciem

2078 2424 2425 2504 vultumque
2457 2443 2629 2486 suum
2681 2425 2990 2505 imposuit.
3037 2424 3184 2486 Tam
3251 2421 3544 2502 stupenda
3595 2436 3734 2480 vero

2080 2512 2448 2574 Faustiniani
2484 2515 3010 2575 transformatione
3061 2533 3246 2576 uxore
3289 2512 3548 2591 filiisque
3602 2509 3735 2587 ejus

2079 2599 2525 2683 obstupefactis,
2579 2603 2854 2683 promisit
2931 2603 3138 2665 Petrus
3198 2622 3263 2664 se
3321 2599 3731 2676 Faustiniano,

2080 2699 2396 2770 postquam
2428 2691 2691 2755 Simonis
2725 2692 2890 2754 vultu
2915 2693 2986 2753 ad
3020 2711 3259 2754 errores
3277 2692 3405 2771 ejus
3423 2690 3731 2750 destruen-

2080 2779 2188 2840 dos
2245 2800 2388 2843 usus
2448 2788 2634 2862 esset,
2690 2782 2999 2862 pristinam
3062 2782 3276 2844 faciem
3327 2777 3724 2842 redditurum.

2079 2868 2480 2941 Quamobrem
2517 2873 2796 2933 eumdem
2845 2873 3296 2935 Faustinianum
3347 2868 3728 2933 Antiochiam

2080 2958 2266 3034 misit,
2301 2979 2422 3038 quo
2452 2961 2654 3022 turbas
2676 2979 2886 3022 omnes
2932 2979 2964 3020 a
2998 2965 3166 3041 Mago
3195 2962 3509 3022 adversum
3543 2976 3608 3019 se
3637 2976 3731 3018 ca-

347 3054 544 3118 tiones
599 3055 840 3116 easdem
910 3073 1151 3135 semper
1197 3056 1362 3134 leges
1420 3066 1479 3119 et
1517 3047 2050 3135 consuetudines“
2078 3047 2323 3109 lumniis
2353 3050 2765 3112 acerbissimis
2796 3051 3430 3131 concitatas,simulata
3453 3047 3726 3128 ejusdem

339 3152 866 3224 quantumcunque
911 3121 1188 3225 aspectus
1240 3121 1505 3208 siderum
1541 3121 2198 3234 variifuerin'tZCEel‘i
2243 3139 2506 3234 Simonis
2559 3139 2904 3234 ραξῐιίιςηιξει
2953 3121 3222 3234 ἓθάδιίθιο
3278 3121 3722 3234 Ουράέιυίάθηι

336 3234 615 3296 inviolate
649 3242 1066 3301 servaverunt.
1132 3235 1190 3295 id
1251 3236 1464 3298 falsum
1527 3256 1662 3301 esse
1709 3242 1986 3305 convicit.

335 3325 642 3387 Summam
675 3324 1011 3402 argumenti
1045 3323 1209 3385 illius
1230 3325 1348 3387 vim
1379 3334 1440 3388 et
1473 3329 1705 3405 pondus
1756 3332 1990 3409 agnovit

334 3412 936 3494 senes.Quapropter
950 3422 1011 3476 ut
1035 3413 1094 3475 id
1119 3416 1488 3495 experientia
1500 3437 1604 3478 sua
1619 3419 1829 3482 falsum
1856 3440 1986 3484 esse

337 3503 528 3583 magis
574 3503 887 3583 magisque
942 3504 1354 3583 persuaderet,
1415 3506 1527 3568 sibi
1584 3527 1802 3572 nomen
1856 3531 1989 3574 esse

341 3592 728 3656 Faustiniano
759 3593 1071 3656 confessus
1103 3602 1214 3672 est,
1249 3604 1308 3657 et
1356 3614 1724 3679 quaecunque
1749 3600 1863 3662 sibi
1893 3621 1988 3663 ac-

339 3681 632 3757 ciderant,
657 3682 920 3744 breviter
955 3685 1246 3746 narravit.
1275 3683 1366 3748 Ab
1396 3704 1588 3750 uxore
1630 3687 1834 3770 itaque
1881 3709 1988 3754 sua

337 3772 621 3835 Matbidia
645 3771 908 3851 ﬁliisque
936 3773 1061 3835 suis
1101 3774 1339 3854 agnitus
1361 3785 1468 3850 est,
1518 3776 1702 3858 iique,
1736 3778 1984 3842 dimisso

331 3864 713 3944 populo,una
731 3882 867 3926 cum
897 3866 1094 3941 Petro,
1126 3864 1185 3926 in
1217 3865 1562 3948 eadem,ubi
1588 3868 1982 3949 disceptatum

330 3954 554 4028 fuerat,
582 3953 760 4016 domo
789 3963 1237 4018 remanserunt.

407 4042 675 4107 Dncntus
718 4059 902 4106 uasa
944 4044 1117 4106 docet
1162 4048 1463 4125 quomodo
1515 4050 1745 4130 Petrus,
1781 4059 1984 4113 exorto

325 4134 476 4215 sole,
500 4133 1010 4215 Faustinianoqne
1027 4134 1221 4196 adhuc
1241 4136 1983 4218 dormiente,Clementem

328 4224 662 4303 fratresque
717 4223 848 4302 ejus
874 4223 948 4284 de
987 4225 1250 4285 ineunda
1279 4245 1413 4286 cum
1448 4227 1550 4288 illo
1582 4227 1985 4308 disputatione

330 4312 645 4386 erudierit,
671 4313 1070 4392 statueritqne
1126 4312 1323 4373 eidem
1357 4314 1764 4392 Faustiniano,
1801 4328 1864 4380 ut
1907 4321 1980 4381 ad

2077 3225 2500 3289 Faustinianus
2526 3228 2707 3289 variis
2741 3228 3083 3290 fictionibus
3117 3238 3174 3290 ct
3210 3226 3536 3290 mendaciis
3568 3243 3723 3306 prai-

2073 3316 2246 3393 stitit,
2281 3336 2350 3378 ac
2383 3327 2586 3397 postea
2618 3317 2810 3378 vultus
2861 3317 3146 3397 pristinus
3200 3337 3234 3380 a
3265 3316 3441 3380 Petro
3475 3316 3559 3376 illi
3591 3333 3726 3375 om-

2073 3405 2213 3466 nino
2237 3407 2546 3468 restitutus
2570 3406 2922 3469 est.Debinc
2940 3410 3154 3470 Petrus
3174 3406 3394 3469 creatis
3412 3404 3727 3470 Laodiceae

2071 3494 2352 3575 episcopo
2376 3497 2835 3578 etpresbyteris,
2869 3515 2939 3558 ac
2971 3497 3206 3560 reddita
3234 3498 3408 3577 agris
3438 3495 3726 3557 obsessis-

2069 3603 2189 3662 que
2217 3586 2496 3668 sanitate,
2529 3587 2934 3668 Antiochiam,
2972 3608 3088 3669 qua
3116 3590 3321 3651 Simon
3350 3588 3554 3668 pulsus
3584 3585 3718 3647 fue-

2067 3687 2179 3748 rat,
2217 3678 2547 3754 contendit,
2581 3687 2759 3758 atque
2786 3677 2872 3738 illi
2897 3678 3106 3740 urbem
3133 3679 3493 3758 ingredienti
3525 3676 3723 3737 omnis

2070 3765 2411 3846 populus,et
2441 3785 2650 3829 omnes
2684 3769 2940 3848 majores
2973 3777 3139 3843 natu,
3175 3787 3242 3832 ac
3271 3768 3504 3831 nobiles
3539 3766 3724 3848 poeni-

2072 3855 2315 3917 tentiam
2344 3866 2611 3938 agentes,
2650 3859 2882 3920 iverunt
2906 3858 3162 3922 obviam.
3198 3861 3330 3940 lpse
3363 3877 3502 3920 vero
3532 3857 3608 3918 de
3642 3863 3723 3918 tot

2070 3946 2378 4007 hominum
2413 3947 2808 4010 conversione
2839 3949 3058 4027 gratias
3089 3947 3211 4010 Deo
3244 3949 3473 4029 retulit,
3508 3965 3721 4010 omnes

2069 4045 2321 4114 aegrotos
2347 4039 2780 4118 sanavit,atque
2803 4039 2958 4100 intra
2981 4051 3212 4118 septem
3237 4040 3368 4100 dies
3397 4036 3718 4099 duodecim

2071 4125 2259 4188 millia
2283 4126 2592 4188 hominum
2617 4145 2787 4190 sacro
2817 4127 3002 4190 abluit
3033 4126 3540 4208 baptismate.Hos
3560 4125 3721 4188 inter

2067 4212 2461 4294 Theophilus,
2487 4217 2582 4279 vir
2607 4218 2811 4298 populi
2838 4217 3183 4298 primarius,
3215 4217 3431 4281 domus
3457 4234 3584 4278 sum
3615 4217 3719 4277 in—

2062 4314 2295 4382 gentem
2323 4307 2646 4369 basilicam
2669 4307 2935 4370 ecclesiae
2953 4309 3206 4369 nomine
3233 4307 3715 4385 consec-ravit,in

329 4400 782 4488 amplexandam
811 4399 1161 4478 religionem
1179 4401 1577 4464 Christianam
1597 4423 1733 4466 sese
1745 4425 1981 4488 compa-
2006 4414 2046 4462 ο
2064 4412 2188 4488 ρυίξ
2210 4398 2390 4488 Ρςέινο
2414 4396 2686 4488 ᾳρυδίοιο
2713 4400 3040 4460 constituta
3070 4405 3154 4459 εει
3173 4486 3182 4488 4
3203 4399 3283 4460 αδ
3297 4399 3465 4488 omni
3491 4395 3718 4488 ρρηιιιρ

327 4497 507 4564 raret,
536 4487 797 4548 dandum
827 4506 960 4550 esse
1007 4488 1182 4550 unius
1208 4490 1347 4549 anni
1393 4493 1673 4570 spatium.
1699 4493 1840 4556 Cum
1867 4487 1978 4557 au-

328 4587 444 4640 tem
471 4576 892 4640 Faustinianus
915 4578 1126 4640 electo
1179 4581 1559 4651 surrexisset,
1615 4581 1688 4642 ab
1724 4583 1794 4644 iis
1825 4604 1980 4664 quie-

322 4669 458 4730 sivit
487 4686 559 4730 an
593 4667 670 4728 sit
697 4667 757 4728 in
781 4666 1108 4729 substantia
1129 4677 1188 4729 et
1230 4667 1460 4729 actibus
1485 4668 1706 4730 bonum
1759 4681 1815 4733 et
1848 4693 1976 4736 ma-

319 4759 468 4821 lum.
499 4757 645 4820 Huic
672 4758 984 4839 quaestioni
1010 4757 1320 4838 respondit
1347 4759 1642 4827 Clemens.
1680 4770 1858 4842 atque
1881 4783 1978 4825 ex-

320 4849 526 4928 positis
554 4849 629 4909 de
654 4848 810 4910 bono
845 4857 903 4908 et
934 4848 1088 4909 malo
1120 4848 1429 4910 stellarum
1463 4859 1710 4931 aspectu
1744 4854 1972 4932 princi-

319 4935 455 5017 piis,
482 4937 754 5018 probavit
786 4938 1010 4999 nullam
1028 4937 1169 4999 inde
1186 4937 1531 5000 hominibus
1554 4939 1781 5018 imponi
1798 4960 1972 5020 posse

319 5026 762 5092 necessitatem.
791 5030 976 5089 l’orro
1001 5036 1200 5089 autem
1231 5047 1363 5088 cum
1389 5029 1515 5090 haec
1550 5030 1830 5111 utrinque
1849 5033 1969 5093 dis-

319 5126 726 5197 ceptarentnr,
786 5120 1021 5196 Petrus,
1082 5127 1350 5181 coactum
1394 5119 1602 5180 videns
1661 5121 1968 5201 populum,

316 5207 602 5288 deinceps
622 5207 1041 5270 deidololatria
1063 5208 1349 5285 falsisque
1361 5208 1608 5270 deorum
1627 5211 1973 5274 numinibus

310 5297 491 5376 jussit
519 5299 832 5379 disputari.
860 5298 1151 5370 Quocirca
1173 5297 1450 5360 Clemens
1471 5298 1766 5377 originem
1793 5301 1974 5362 idolo.

316 5386 504 5449 latriaa
533 5389 771 5470 evolvit,
794 5388 1061 5465 dixitque
1085 5390 1223 5451 vera
1247 5389 1530 5449 falsorum
1556 5389 1806 5450 deorum
1853 5391 1970 5451 cri-

311 5477 498 5554 mina,
529 5477 590 5539 in
625 5479 956 5559 primisque
979 5478 1142 5540 Jovis
1186 5487 1393 5559 stupra
1419 5488 1476 5541 et
1515 5478 1807 5540 adulteria
1833 5499 1968 5540 om-

2063 4486 2382 4548 cathedra.
2411 4487 2680 4565 Denique
2701 4487 3146 4549 Faustiniannm
3170 4486 3468 4566 baptismo
3497 4485 3715 4546 initiari

2065 4574 2491 4656 postulantem,
2527 4576 2758 4652 Petrus,
2793 4578 3014 4639 indicto
3042 4577 3200 4657 plebi
3229 4578 3486 4656 jejunio,
3513 4575 3709 4656 bapti-

2060 4665 2316 4738 zavit,et
2341 4685 2711 4748 qumcnnque
2743 4668 3030 4729 hactenus
3061 4669 3118 4730 ei
3151 4665 3714 4747 contigerant,omni

2065 4757 2283 4834 populo
2320 4757 2592 4836 exposuit

2615 4845 3039 4911 AHTICULUS
3084 4846 3156 4908 Il.

2259 4933 2421 5008 Quid
2451 4943 2682 4998 veteres
2730 4936 2805 4999 de
2835 4938 2929 4999 his
2972 4938 3147 5000 libris
3177 4939 3504 5000 senserint.

2137 5023 2376 5084 Auctori
2406 5025 2653 5104 hujusce
2685 5029 2885 5106 operis
2918 5028 2968 5088 si
2992 5029 3142 5090 fides
3169 5029 3709 5098 habeatur,Roma-

2059 5131 2169 5172 nus
2202 5113 2299 5175 ille
2345 5114 2478 5194 fuit,
2512 5135 2544 5177 e
2575 5116 2824 5180 Cmsaris
2853 5117 3098 5198 familia,
3134 5121 3376 5180 nomine
3408 5117 3710 5195 Clemens,

2057 5201 2153 5263 cui
2187 5212 2355 5283 pater
2405 5203 2849 5287 Faustinianus,
2905 5217 3095 5269 mater
3127 5207 3435 5280 Mathidia,
3497 5208 3713 5268 fratres

2058 5293 2300 5355 Nicetas
2322 5302 2380 5356 et
2406 5296 2640 5376 Aquila,
2669 5297 2800 5376 ipse
2833 5301 3170 5378 praecipuus
3200 5298 3713 5378 charissimusque

2057 5382 2216 5444 Petri
2249 5383 2618 5465 discipulus;
2656 5387 2752 5466 qui
2811 5390 3014 5466 plures
3065 5387 3336 5467 ejusdem
3398 5387 3711 5468 apostolici

2055 5472 2382 5533 conciones
2426 5475 2984 5558 disputationesque
3016 5479 3257 5558 scriptis
3288 5478 3551 5556 tradidit,
3601 5496 3706 5537 va-

311 5565 489 5628 nibus
513 5585 646 5630 esse
692 5568 1028 5649 notissima,
1063 5587 1134 5631 ac
1181 5568 1420 5630 tandem
1452 5570 1776 5630 etiamnum
1810 5577 1968 5632 stare
2051 5562 2302 5641 flosque
2333 5565 2565 5645 redegit
2626 5565 2688 5628 in
2736 5567 2947 5631 libros.
3001 5567 3139 5630 Haec
3165 5569 3268 5631 ille
3301 5576 3460 5631 tanta
3493 5567 3711 5629 ﬁducia

305 5653 476 5733 plura
517 5657 776 5722 ﬁliorum
809 5660 964 5741 ejus,
994 5658 1304 5722 hominum
1337 5659 1544 5742 utique
1569 5659 1964 5738 nequissimo-
2050 5661 2331 5734 tantaque
2355 5657 2800 5720 asseveratione
2822 5657 3172 5734 afﬁrmat,ut
3197 5658 3368 5724 multi
3386 5657 3710 5738 scriptores
