4138 6428
438 288 591 355 1183

1256 290 1317 353 S.
1363 290 1801 359 CLEMENTIS
1847 293 1870 352 1
1919 290 2101 352 ROM.

2150 290 2375 355 PONT.
2421 291 2671 355 OPERA
2712 292 2815 355 DU
2829 292 2972 355 81A.
3659 295 3819 361 1184

432 427 670 499 tingue
686 424 1121 488 tertiodemum
1160 426 1409 505 Trajam'
1437 444 1605 489 anno
1624 428 1813 490 vitam
1836 425 2066 505 ﬁnisse.
2093 420 2368 512 APetrus
2415 424 2791 489 dialecticum
2851 426 3311 509 sopbistamque
3368 427 3453 490 ibi
3510 432 3652 507 agit,
3684 431 3817 512 ipso

437 515 589 577 Hinc
611 514 855 592 colligas
878 514 936 575 in
963 512 1244 576 omnibus
1267 514 1460 577 Photii
1493 516 1807 578 codicibus
1830 516 1986 578 idem
2013 534 2083 577 ac

438 606 494 665 in
527 602 703 665 editis
732 603 951 665 nostris
977 602 1161 665 fuisse
1183 604 1382 684 operis
1409 606 1586 685 hujus
1608 605 1869 668 initium.
1898 608 2081 668 Porro

433 702 634 756 autem
659 694 877 763 nullus.
900 695 981 756 uti
1010 694 1476 775 opinamur,sibi
1494 696 1666 759 facile
1699 693 2084 775 persuadebit

439 784 552 845 hoc
571 782 730 845 idem
755 801 907 862 opus
927 782 1000 845 ab
1019 783 1429 847 eruditissimo
1454 786 1553 848 illo
1587 793 1710 847 viro
1732 787 1916 849 fuisse
1947 784 2081 848 Cle-

440 873 629 937 menti
651 872 1055 954 adjudicatum
1083 892 1100 949 ;
1127 885 1189 935 ut
1214 885 1350 953 pote
1371 876 1472 955 qui
1502 877 1642 938 illud
1666 877 1858 955 ipsum
1880 874 2083 936 absur-

437 963 530 1025 dis
553 964 725 1043 nugis
745 972 804 1025 et
821 962 1180 1025 Arianorum
1206 964 1591 1045 blasphemiis
1612 967 1915 1048 oppletum
1946 981 2083 1027 esse

433 1060 703 1117 testatur.

984 1142 1407 1208 ARTICULUS
1452 1142 1522 1207 V.

432 1276 759 1340 Sententia
787 1282 1191 1338 recentiorum
1223 1285 1543 1339 auctorum
1577 1277 1651 1339 de
1681 1277 1777 1339 his
1803 1276 2001 1352 libris,
2026 1286 2085 1340 et
2163 1276 2427 1386 FN?“
2464 1276 2735 1337 Ῠ¹³⁹⁰Ψ⁵Ῡ
2780 1276 3017 1298 “ww”
3065 1276 3403 1300 “‘W"“"°"
3451 1276 3743 1342 ¹¹¹¹⁶¹’¹.¹““¹
3792 1276 3804 1305 ¹

713 1358 864 1410 ΝΜ
908 1358 984 1410 de
1034 1358 1246 1410 “me”,
1276 1359 1357 1410 si,
1384 1358 1790 1410 “mimmnm
2067 1356 2077 1366 -
2215 1343 2432 1406 emque
2462 1345 2520 1386 in
2552 1334 2673 1387 toto
2704 1325 2810 1387 illo
2838 1344 3021 1405 opere
3048 1327 3238 1390 nullas
3271 1328 3804 1410 deprehendimus,

713 1358 864 1436 quid
908 1358 984 1417 de
1034 1358 1246 1419 iisdem
1276 1359 1357 1420 sit
1384 1358 1792 1421 sentiendum.

516 1491 723 1568 Neque
754 1507 892 1552 vero
933 1491 1287 1572 scriptorum
1332 1487 1733 1551 recentiorum
1767 1493 2077 1555 sententiae

436 1580 633 1639 minus
660 1598 835 1655 quam
888 1580 1288 1661 antiquiorum
1320 1598 1353 1640 a
1384 1598 1449 1641 se
1482 1580 1733 1641 invicem
1782 1581 2077 1644 dissident

2167 511 2413 576 Simone
2436 516 2605 594 Mago
2638 516 2814 595 longe
2831 517 3392 591 subtiliorem?Quid
3425 537 3565 582 vero
3590 522 3665 583 de
3683 511 3817 601 ejus

2167 606 2393 666 ratione
2427 604 2681 679 vivendi,
2706 624 2885 668 mane
2914 607 3223 685 surgendi,
3248 608 3682 688 disputationes
3719 614 3816 674 in-

2169 694 2451 783 stituendi
2482 706 2543 758 et
2570 696 2908 770 ordinandi,
2937 696 2995 757 in
3030 696 3207 759 urbes
3229 698 3814 783 iugredieudi,atque

2166 782 2239 845 ab
2263 784 2336 846 iis
2364 786 2462 865 qui
2494 784 2773 866 baptizati
2797 806 2911 848 non
2943 797 3134 867 erant,
3160 806 3296 851 sese
3327 790 3668 870 separandi,
3692 782 3814 854 dici

2168 875 2400 955 potest?
2422 877 2633 938 Nonne
2646 876 2772 938 haec
2796 876 2997 939 omnia
3024 878 3224 957 operis
3246 878 3422 957 hujus
3442 881 3813 960 suppositio-

2165 983 2301 1026 nem
2322 965 2629 1029 evidenter
2655 969 2945 1045 arguuut?
2966 966 3114 1041 Quid
3140 968 3334 1031 adhuc
3360 970 3542 1049 magis
3571 970 3811 1033 fabulo-

2161 1074 2291 1115 sum
2325 1074 2502 1133 quam
2538 1075 2608 1117 ea
2638 1056 2958 1137 disputatio
2996 1077 3110 1137 qua
3141 1058 3357 1139 singuli
3389 1060 3666 1140 apostoli,
3700 1080 3810 1123 suo

2160 1146 2378 1225 quique
2435 1145 2677 1220 ordine,
2742 1155 2950 1207 contra
3007 1148 3315 1229 Caipham,
3376 1150 3803 1227 Samaritanus,

2165 1235 2427 1310 Scribas,
2468 1236 2735 1316 aliosque
2780 1236 3017 1298 Judaos
3065 1236 3403 1300 decertasse
3451 1240 3754 1319 ﬁnguntur
3785 1248 3814 1305 ‘t

2164 1417 2298 1495 ejus
2325 1416 2424 1477 cui
2464 1414 2805 1497 ascribitur,
2838 1417 3118 1479 nimirum
3176 1416 3502 1480 Clementis
3555 1421 3809 1482 Romani

2159 1504 2479 1585 pontificis,
2512 1505 2911 1585 apostolorum
2947 1506 3249 1586 discipuli,
3286 1515 3457 1569 notas
3490 1509 3810 1591 nullosque

2158 1596 2559 1656 characteres.
2592 1595 2760 1667 Quod
2793 1596 3034 1676 quidem
3063 1616 3133 1658 ex
3164 1597 3290 1657 sola
3320 1616 3494 1677 quam
3528 1599 3809 1661 dedimus

427 1687 750 1767 εςουηιιιυθ
774 1670 1137 1767 ᾂίεοοΐάεξηιε
1173 1669 1422 1767 Ουίάᾶιξι
1454 1670 1613 1767 ﬁlim
1642 1689 1675 1731 ἃ
1706 1670 1905 1767 Rufini
1939 1673 2071 1752 ορί-
2100 1713 2135 1761 Β
2159 1685 2337 1763 hujus
2365 1686 2561 1764 operis
2581 1669 3080 1766 analysi'cuilibet
3110 1706 3280 1767 aequo
3306 1669 3508 1750 rerum
3540 1690 3802 1751 aestima-

430 1756 607 1819 nione
639 1780 755 1820 non
784 1761 960 1837 longe
1006 1760 1250 1832 abeunt,
1287 1769 1348 1821 ut
1383 1761 1732 1822 Lambc-rtus
1784 1760 2071 1823 Gruterus

428 1850 784 1913 Veuradius.
822 1852 923 1929 qui
953 1850 1028 1911 de
1060 1852 1151 1911 his
1182 1850 1355 1911 libris
1385 1851 1470 1913 sic
1499 1852 1681 1913 sentit
1708 1874 1719 1909 :
1756 1851 2069 1927 Quantum

426 1940 503 2001 ad
524 1938 1016 2020 Recognitionum
1056 1942 1572 2003 Clementinarum
1604 1940 1798 2003 libros
1821 1942 2061 2021 attinet,

424 2048 521 2091 eos
544 2047 688 2092 uere
718 2030 1009 2093 Clementi
1016 2040 1216 2093 nostro
1234 2031 2068 2111 uscribo,tametsicorruptos

421 2138 546 2182 esse
568 2138 919 2201 agnas-cam,
942 2128 1007 2183 ut
1027 2122 1255 2183 dicetur
1278 2121 1468 2201 infra.
1497 2121 1570 2184 Et
1592 2130 1753 2182 certe
1775 2121 2063 2197 quasdam

426 2208 525 2291 ille
549 2220 706 2273 notat
730 2212 1167 2291 corruptiones,
1195 2210 1414 2289 quibus
1432 2230 1501 2271 ea
1534 2210 1733 2271 omnia
1763 2211 2067 2291 subjungit

425 2318 558 2379 quas
588 2300 663 2362 de
686 2301 1057 2364 Faustiniani
1080 2301 1274 2363 vultus
1301 2301 1820 2363 trausformatione
1846 2301 2064 2362 ibidem

423 2390 719 2467 leguntur.
757 2391 1006 2463 Quidam
1038 2403 1233 2455 autem
1265 2411 1397 2453 cum
1433 2390 1797 2452 Bellarmiuo
1828 2392 1900 2452 ad
1934 2391 2064 2469 Epi'

425 2479 625 2558 phanii
651 2481 1006 2543 sententiam
1024 2482 1209 2561 magis
1238 2481 1734 2560 inrlinant;atque
1760 2481 2068 2541 hoslibros

421 2568 493 2629 ab
527 2570 820 2632 haereticis
861 2573 1015 2633 fmde
1066 2580 1381 2650 corruptos
1433 2590 1563 2631 esse
1617 2580 1913 2633 asserunt.
1949 2571 2064 2633 Sed

422 2661 798 2722 communior
827 2662 1076 2724 aliorum
1117 2661 1371 2741 hujusce
1413 2659 1693 2738 temporis
1720 2660 2062 2721 criticorum

416 2748 621 2825 opinio
643 2750 1009 2813 Clementem
1036 2750 1322 2812 librorum
1349 2750 1907 2812 illorumauctorem
1934 2769 2066 2812 esse

423 2849 620 2917 negat,
647 2840 1017 2922 affirmatque
1049 2842 1184 2902 illos
1231 2841 1303 2902 ab
1351 2840 1548 2920 aliquo
1580 2840 1830 2901 secundi
1862 2840 2063 2901 saeculi

420 2930 712 3008 scriptore
745 2932 928 2993 fuisse
979 2932 1351 3012 depravatos,
1385 2947 1609 3009 eosque
1640 2930 1901 3010 repletos
1934 2948 2065 2991 esse

2158 1775 2273 1837 tori
2312 1774 2484 1837 facile
2519 1775 2887 1855 probabitur.

2700 1865 3125 1931 ARTICUI.US
3172 1868 3269 1942 Vl,

2152 1956 2314 2019 Num
2346 1956 2582 2036 aliquid
2612 1974 2651 2017 a
2689 1956 2995 2018 Clemente
3023 1958 3369 2036 profectum
3402 1959 3499 2020 Itis
3531 1959 3598 2019 in
3631 1959 3807 2022 libris

2233 2043 2495 2116 supersit
2525 2059 2536 2098 :
2565 2044 2619 2099 et
2645 2039 2780 2116 quis
2800 2055 3013 2100 eorum
3041 2047 3276 2119 auctor,
3299 2057 3371 2100 ac
3401 2056 3517 2118 quo
3544 2048 3807 2119 tempore

2234 2122 2358 2180 sint
2387 2120 2625 2196 scripti.

2237 2209 2481 2288 Verum,
2511 2208 2763 2287 inquies,
2792 2206 3021 2270 nihilne
3045 2209 3203 2288 quod
3236 2208 3308 2270 ab
3342 2209 3473 2287 ipso
3498 2208 3806 2272 Clemente

2154 2299 2481 2376 profectum
2512 2300 2741 2371 sit,toto
2769 2299 2828 2358 in
2860 2317 3041 2377 opere
3064 2299 3364 2379 reliquum
3399 2309 3486 2357 est
3510 2299 3805 2379 amplius?

2149 2388 2226 2451 Ut
2257 2389 2388 2449 huic
2417 2389 2733 2465 quaestioni
2797 2390 2898 2450 ﬁat
2950 2390 3114 2467 satis,
3148 2387 3581 2451 animadvertas
3623 2389 3801 2453 velim

2152 2497 2219 2539 ex
2256 2478 2329 2539 iis
2359 2498 2491 2558 qua)
2522 2479 2870 2558 protulimus
2895 2479 3190 2540 rationum
3228 2478 3546 2541 momentis
3577 2479 3799 2559 colligi,

2151 2587 2317 2631 eosa
2351 2587 2491 2629 vero
2522 2569 2694 2647 longe
2747 2569 3034 2630 aberrare
3094 2569 3192 2649 qui
3252 2568 3567 2629 maximam
3625 2567 3804 2650 hujus

2152 2659 2351 2738 operis
2384 2668 2637 2739 partem,
2676 2658 2871 2739 iisque
2916 2667 3141 2720 tantum
3198 2677 3331 2739 quae
3382 2657 3799 2720 haereticorum

2154 2750 2436 2830 pravitate
2467 2750 2701 2830 adjecta
2743 2757 2903 2824 sunt,
2939 2748 3231 2829 exceptis,
3268 2747 3563 2811 Clementi
3597 2758 3800 2811 nostro

2149 2840 2609 2920 adjudicandam
2643 2857 2774 2904 esse
2805 2840 3201 2903 arbitrantur.

2230 2929 2311 2991 De
2344 2930 2654 3010 Epiphanii
2686 2938 2884 2992 autem
2947 2930 3271 3001 sententia,
3306 2948 3440 3010 qua:
3489 2930 3793 2993 haereticos

418 3004 863 3101 fabu-lis,nugis,
890 3004 1159 3095 somn-iis,
1188 3004 1544 3091 mendaciis,
1568 3004 1744 3100 atque
1775 3004 2124 3080 sermoni.C
2152 3039 2332 3098 pauca
2358 3004 2533 3080 his-in
2566 3019 2756 3093 libris,
2782 3038 2814 3081 a
2835 3018 3145 3082 Clemente
3168 3004 3430 3099 scriptis,
3458 3020 3676 3083 intacta
3692 3038 3793 3081 re—

418 3108 531 3171 bus
552 3110 1172 3192 disputationibusque
1201 3108 1440 3191 ineptis,
1468 3109 1742 3170 absurdis
1764 3118 1819 3170 et
1843 3109 2065 3169 ridicu-

421 3198 493 3259 lis
523 3220 538 3274 ;
563 3219 632 3261 ac
655 3202 917 3279 denique
944 3202 1000 3261 in
1027 3202 1099 3262 iis
1119 3200 1375 3281 reperiri
1408 3200 1801 3278 fragmentum
1822 3218 1888 3259 ex
1910 3198 2063 3260 libro

414 3290 776 3353 Bardesanis
810 3292 962 3372 Syri.
1000 3292 1283 3353 adversus
1331 3288 1593 3370 Abydam
1655 3298 2061 3351 astronomum

413 3379 595 3462 edito,
632 3381 875 3444 totidem
915 3382 1107 3443 verbis
1140 3380 1505 3457 trausCriptu
1528 3400 1603 3440 ιη,
1639 3380 2059 3457 Fragmentum

412 3480 609 3532 autem
638 3470 785 3532 illud
808 3472 882 3533 ab
905 3472 996 3533 his
1025 3470 1227 3532 verbis
1245 3468 1558 3549 incipit“:
1588 3469 1854 3549 Denique
1875 3469 2064 3549 primi

409 3558 608 3641 Seres,
642 3566 751 3640 qui
778 3562 962 3624 initio
992 3561 1156 3623 orbis
1187 3569 1390 3640 terrae,
1425 3570 1539 3621 etc.

491 3646 623 3710 Jam
655 3669 793 3711 vero
829 3650 903 3712 de
929 3651 1020 3713 his
1042 3650 1212 3712 libris
1235 3650 1375 3731 quid
1406 3648 1817 3718 sentiendum,
1846 3648 1936 3709 vel
1961 3653 2056 3709 cui

410 3739 679 3819 opinioni
702 3739 1127 3802 adhaerendum
1154 3740 1252 3812 sit,
1278 3741 1611 3819 sirogetur,
1632 3737 1901 3799 dicemus
1924 3738 2055 3800 illos

410 3847 481 3891 eo
501 3828 699 3908 modo,
732 3848 846 3910 quo
871 3849 1051 3899 nunc,
1088 3839 1145 3891 et
1176 3848 1207 3890 a
1239 3837 1324 3889 tot
1352 3830 1587 3891 saeculis
1617 3835 2055 3908 repraesentan-

408 3929 524 3995 tur,
560 3917 638 3980 ab
666 3912 974 3982 Clemente
1034 3923 1310 3983 Romano
1370 3918 1667 3999 profectos
1726 3936 1845 3979 non
1896 3936 2049 3979 esse.

402 4008 644 4071 Constat
661 4009 821 4070 enim
841 4028 1213 4091 quaecunque
1236 4009 1310 4070 de
1341 4008 1671 4070 mutatione
1684 4008 1875 4068 vultus
1896 4006 2015 4068 Fau
2032 4042 2047 4055 ο

410 4098 679 4173 stiniani,
716 4106 774 4160 et
804 4107 1008 4180 postea
1038 4099 1120 4161 ibi
1176 4108 1519 4171 narrantur,
1550 4096 1795 4158 omnino
1851 4096 2055 4158 fictitia

410 4207 563 4258 esse,
598 4198 657 4249 et
685 4197 896 4267 aperte
924 4188 1091 4251 falsa.
1127 4190 1199 4251 Et
1243 4208 1384 4250 vero
1436 4189 1524 4251 vel
1577 4189 1705 4251 sola
1744 4186 2054 4248 mendacia

2151 3111 2394 3189 liquisse
2427 3109 2791 3189 pronuntiat,
2826 3110 2973 3171 certi
3003 3108 3228 3189 aliquid
3274 3109 3527 3172 definire
3557 3110 3797 3172 difficile

2150 3209 2264 3260 est.
2297 3197 2442 3261 Cum
2474 3198 2633 3260 enim
2696 3199 2963 3279 epistolaa
3019 3197 3236 3279 quibus
3293 3199 3572 3263 Clemens
3601 3200 3677 3261 de
3708 3200 3799 3260 sui

2148 3288 2348 3368 aperis
2376 3287 2526 3349 facta
2554 3287 2628 3349 ab
2663 3288 2965 3350 hmreticis
3012 3287 3400 3368 corruptione
3457 3306 3799 3365 conquere-

2150 3378 2341 3458 batur,
2373 3377 2444 3438 ad
2480 3396 2587 3438 nos
2646 3377 3056 3458 pervenerint,
3094 3377 3360 3439 divinare
3413 3377 3620 3454 utique
3674 3396 3796 3439 non

2148 3486 2459 3548 possumus
2480 3486 2611 3546 quae
2632 3467 2752 3529 sint
2775 3466 2878 3529 illa
2900 3484 3085 3547 pauca
3108 3486 3246 3544 qum
3272 3466 3534 3529 haeretici
3559 3465 3795 3545 integra

2137 3557 2527 3637 reliquerunt.
2561 3556 2935 3637 Quapropter
2962 3555 3074 3619 nisi
3102 3575 3169 3618 ea
3206 3575 3394 3636 pauca
3426 3555 3586 3619 clare
3615 3554 3790 3636 sigil-

2138 3646 2423 3726 latimque
2445 3646 2956 3720 demonstrentur,
2984 3645 3155 3707 nobis
3188 3645 3421 3708 facilius
3452 3645 3792 3725 persuade~

2140 3738 2299 3800 bitur
2327 3736 2472 3797 nihil
2506 3736 2565 3797 in
2599 3744 2717 3797 toto
2764 3753 2948 3815 opere
2990 3754 3227 3810 sanum,
3258 3736 3362 3798 sed
3395 3735 3594 3797 omnia
3645 3753 3792 3798 cor-

2136 3835 2310 3907 rupta
2337 3844 2472 3889 esse
2502 3838 2562 3887 et
2592 3825 2933 3906 depravata.
2964 3824 3257 3889 Caeterum
3324 3826 3373 3888 si
3416 3823 3794 3905 Epiphanius

2141 3935 2324 3999 pauca
2354 3915 2623 3997 quaedam
2682 3934 2793 3978 suo
2852 3923 3122 3997 tempore
3171 3916 3406 3980 sincera
3438 3923 3496 3976 et
3524 3917 3789 3995 genuina

2137 4005 2633 4088 compererit,ille
2653 4004 2715 4066 in
2740 4005 2992 4082 alios,ab
3020 4004 3226 4086 iis,qui
3244 4022 3408 4067 nunc
3429 4012 3789 4083 supersunt,

2138 4096 2374 4160 codices
2396 4096 2835 4176 manuscriptos
2857 4095 3140 4159 incidisse
3166 4094 3319 4157 haud
3353 4092 3662 4157 immerito
3704 4095 3789 4155 vi-

2140 4189 2336 4251 detur.

409 4297 539 4359 quae
558 4276 730 4340 Petro
751 4281 1151 4359 apostolorum
1171 4278 1424 4359 principi
1448 4278 1664 4339 ibidem
1683 4277 2044 4356 tribuuntur,
2074 4292 2115 4342 D
2216 4282 2397 4342 Porro
2428 4284 2625 4338 autem
2653 4277 2921 4354 quamvis
2953 4276 3237 4357 auctoris,
3264 4293 3298 4337 a
3321 4292 3437 4356 quo
3465 4292 3619 4352 opus
3643 4273 3782 4335 illud

409 4368 469 4429 id
498 4368 897 4430 invictissime
928 4369 1361 4432 demonstrant.
1397 4369 1605 4449 Neque
1634 4368 1807 4429 etiam
1841 4376 2057 4429 caetera

409 4458 632 4528 omnia,
670 4458 878 4537 quaein
912 4459 1144 4536 reliquo
1176 4478 1357 4539 opere
1387 4459 1664 4538 legimus,
1701 4456 1884 4534 magis
1916 4454 2053 4518 Cle-

410 4548 592 4608 menti
626 4547 1022 4627 adjudicanda
1055 4549 1225 4610 nobis
1274 4549 1567 4610 videntur.
1604 4549 1751 4610 Nam
1787 4547 1901 4606 iter
1928 4545 2054 4607 Ma-

407 4636 634 4718 thidiai,
670 4636 946 4718 illiusque
977 4657 1109 4699 cum
1137 4640 1275 4700 filiis
1323 4638 1448 4700 suis
1477 4639 1686 4700 Niceta
1740 4645 1797 4696 et
1840 4635 2055 4716 Aquila

408 4728 800 4809 naufragium,
831 4728 914 4789 illi
944 4728 1183 4790 tandem
1224 4728 1447 4790 fortuiti
1495 4745 1806 4807 occursus,
1840 4726 2054 4806 quibus

406 4817 803 4879 seseinvicem
819 4837 887 4880 ac
903 4827 1128 4897 patrem
1146 4838 1318 4879 suum
1348 4817 1798 4882 Faustinianum
1817 4816 2049 4896 ipsum-

405 4928 518 4989 que
545 4906 907 4972 Clementem
942 4908 1253 4986 agnovisse
1278 4907 1761 4988 feruntur,plane
1786 4905 2053 4968 fabulosa

406 5006 464 5060 et
492 4998 675 5075 gratis
706 4999 842 5060 ficta
875 5008 1033 5061 sunt.
1067 4998 1180 5061 Fac
1210 5006 1406 5060 tamen
1438 5018 1506 5060 ea
1536 5016 1670 5060 esse
1698 4996 2006 5058 verissima
2036 5016 2051 5071 ;

405 5086 544 5167 quid
576 5096 770 5150 autem
823 5090 1010 5166 magis
1068 5106 1100 5150 a
1161 5086 1681 5150 verisimilitudine
1741 5085 2047 5158 abhorret,

405 5195 579 5257 quam
613 5176 789 5238 verba
823 5186 881 5237 et
912 5195 1220 5239 sermones
1267 5198 1417 5255 quos
1447 5181 1655 5241 Petrus
1697 5175 1770 5236 ad
1820 5193 1959 5235 suos
1991 5182 2045 5234 et

399 5265 472 5327 ad
511 5267 790 5345 populum
845 5265 1126 5329 habuisse
1185 5268 1580 5348 perhibetur?
1614 5266 1799 5340 Quam
1852 5263 2048 5325 multa;

400 5355 589 5429 enim,
612 5357 770 5418 Dens
792 5354 968 5431 bone,
1002 5356 1081 5417 ibi
1106 5365 1427 5420 occurrunt
1452 5375 1637 5434 nugae.
1668 5355 1931 5435 ineptia),
1955 5352 2045 5413 fa-

403 5442 558 5505 bula;
581 5443 596 5503 l
621 5463 797 5520 quam
829 5446 1012 5509 multa
1040 5445 1685 5526 pueriliaperridicula
1707 5455 1765 5507 et
1796 5442 2041 5509 insulsa!

399 5552 580 5613 quam
615 5532 785 5594 multi
815 5550 1052 5596 errores
1080 5542 1257 5615 atque
1285 5534 1645 5597 mendacia?
1675 5553 1851 5617 quam
1888 5532 2047 5594 belle

473 5737 528 5782 σε
557 5739 729 5822 Apud
759 5737 981 5807 Eused.
1004 5739 1111 5808 lib.
1136 5757 1193 5805 vi
1224 5741 1429 5824 Prasp.
1466 5745 1746 5826 evanget.

2139 4376 2482 4446 corruptum
2518 4368 2758 4447 prodiit,
2797 4384 3015 4430 nomen
3072 4367 3359 4428 hactenus
3411 4364 3784 4442 incognitum

2140 4468 2317 4540 atque
2340 4459 2778 4537 incompertum
2806 4456 3154 4536 fuerit,quia
3185 4464 3383 4517 tamen
3410 4454 3554 4516 illud
3582 4455 3791 4516 Crrece

2143 4550 2397 4632 primum
2428 4547 2931 4627 composuit,eum
2957 4548 3227 4607 Graecum
3256 4543 3575 4632 quemdam
3601 4544 3790 4603 homi-

2141 4630 2278 4701 nem
2306 4637 2488 4699 fuisse
2512 4654 2652 4697 vero
2675 4645 2835 4697 certe
2862 4643 2953 4697 est
2996 4651 3275 4714 perquam
3304 4630 3696 4693 simillimum.
3734 4634 3789 4693 l-s

2143 4746 2316 4810 porro
2348 4726 2702 4789 dialecticus
2750 4725 2859 4786 fuit
2910 4724 3366 4804 disputatorque
3430 4720 3787 4797 acerrimus,

2135 4818 2236 4899 qui
2267 4816 2459 4877 varias
2484 4814 2982 4894 philosophorum
3013 4811 3353 4891 opiniones,
3376 4810 3788 4891 astrologiam,

2137 4905 2576 4988 mythologiam,
2603 4922 2815 4966 omnes
2838 4920 3204 4983 paganorum
3233 4899 3464 4961 fabulas
3493 4899 3788 4977 allegori-

2135 5014 2356 5077 casque
2386 5013 2587 5057 earum
2637 4993 3190 5073 interpretationes,
3222 5009 3291 5052 ac
3322 4989 3514 5052 varias
3545 4988 3784 5051 tandem

2134 5087 2433 5149 variorum
2466 5084 2817 5166 populorum
2846 5078 3783 5161 leges,mores,consuetudines-

2131 5196 2248 5259 que
2280 5174 2550 5255 apprime
2602 5174 2879 5236 callebat.
2915 5172 3032 5235 Sed
3094 5171 3197 5232 ille
3247 5168 3663 5259 haereticorum
3714 5187 3788 5231 ac

2132 5258 2432 5349 praecipue
2462 5263 2871 5326 Ebionitarum
2906 5262 3212 5325 erroribus
3233 5259 3479 5320 omnino
3510 5258 3787 5320 addictus

2131 5372 2279 5430 erat,
2304 5364 2480 5434 atque
2520 5371 2623 5415 eos
2657 5353 2715 5413 in
2757 5354 2883 5414 suis
2904 5349 3422 5415 lucubrationibus
3455 5348 3689 5411 facilius
3721 5356 3786 5409 ut

2132 5446 2500 5527 propinaret,
2528 5443 2768 5506 easdem
2806 5443 3072 5506 ementio
3099 5439 3445 5515 Clementis,
3473 5437 3780 5518 apostolo-

2130 5555 2259 5599 rum
2294 5532 2594 5614 discipuli,
2634 5551 2844 5614 magno
2890 5531 3132 5594 nomine
3167 5529 3413 5603 inscribi
3448 5527 3654 5591 voluit.
