4138 6426
362 326 513 392 1185

1448 324 2085 391 RECOGNITIONES.
2137 359 2207 369 ——
2254 320 2651 387 PROCEMIA.

3582 320 3737 384 1186

438 461 709 542 Denique
738 480 856 541 quo
893 470 1163 542 tempore
1186 460 1431 524 eosdem
1465 460 1601 522 illos
1624 460 1809 523 libros
1830 461 1891 522 in
1910 460 1997 521 lu-
2018 472 2054 519 Α
2080 456 2152 517 iis
2176 456 2277 535 qui
2306 456 2441 518 illos
2472 456 2751 528 citarunt,
2777 455 2922 515 varii
2972 454 3129 515 tituli
3162 456 3569 533 praeﬁguntur.
3599 442 3734 516 Ali-

349 569 479 613 cem
511 551 642 630 ipse
675 550 966 625 emiserit,
1002 550 1175 632 paulo
1220 550 1543 632 proclivius
1589 559 1679 612 est
1728 550 1981 612 deﬁnire

348 639 571 704 Verum
607 644 911 702 enimvero
938 660 1074 702 cum
1101 641 1402 718 Origenes
1456 657 1577 702 non
1625 640 1818 702 solum
1870 640 2007 702 illos

352 730 648 805 citaverit,
682 728 787 792 sed
822 729 1061 810 longum
1104 731 1279 792 etiam
1309 751 1377 793 ex
1440 730 1515 791 iis
1566 730 2007 812 transcripserit

352 820 775 899 fragmentum,
810 829 1041 882 constat
1066 821 1312 883 eosdem
1374 821 1634 901 Origene
1688 823 1820 902 ipso
1874 838 2006 883 esse

352 909 749 991 antiquiores.
781 908 911 972 Non
944 919 1169 973 temere
1195 911 1372 990 igitur
1401 910 1485 971 illi
1512 911 1776 973 secundo
1808 909 2009 972 Eccle-

357 998 462 1060 sia
491 999 707 1085 saculo
740 999 799 1060 in
848 999 1060 1079 vulgus
1118 1000 1413 1080 prodiisse
1471 998 1775 1063 dicuntur.
1838 998 2005 1072 Quod

360 1087 598 1168 quidem
632 1088 775 1150 inde
803 1108 1010 1151 rursus
1040 1089 1390 1152 conﬁrmari
1421 1096 1638 1171 potest,
1665 1089 1819 1170 quod
1857 1091 2004 1151 Bar-

361 1177 616 1241 desanes
657 1178 836 1260 Syrus
887 1179 1047 1241 aliud
1098 1198 1358 1262 quoque,
1392 1180 1483 1242 uti
1531 1179 1811 1257 diximus,
1846 1180 2004 1259 frag-

359 1278 625 1329 mentum
658 1288 777 1331 non
823 1270 1016 1331 minus
1066 1270 1467 1351 prolixum,in
1520 1288 1692 1331 suum
1723 1270 2005 1331 adversus

356 1358 723 1421 Marcionem
768 1359 989 1422 librum
1045 1359 1365 1422 transtulit.
1429 1358 1574 1422 Nam
1633 1358 2004 1422 Bardesanes

351 1448 455 1510 ille
486 1448 647 1512 hunc
673 1449 952 1512 eumdem
986 1450 1205 1512 librum
1238 1449 1348 1511 sub
1380 1447 1608 1512 Soteris
1631 1449 1998 1530 pontiﬁcatu,

353 1536 524 1617 paulo
556 1548 688 1618 post
712 1540 1045 1602 secundum
1091 1539 1373 1601 saeculum
1426 1539 1693 1601 medium
1742 1538 2003 1601 Antonio

349 1627 698 1706 imperatori
731 1631 1113 1710 nuncupavit.
1144 1627 1276 1692 Jam
1305 1647 1449 1709 ergo
1473 1627 1805 1708 pervulgati
1834 1636 2007 1689 erant

350 1716 440 1780 illi
466 1719 967 1799 Recognllionum
991 1718 1500 1781 Clementinarum
1531 1718 1694 1780 libri.

879 1807 1311 1873 ARTICULUS
1356 1807 1482 1871 νιι.

356 1897 520 1962 Num
542 1899 608 1967 hi
633 1898 785 1962 libri
802 1898 882 1961 ad
904 1900 1256 1981 nos,quales
1273 1901 1349 1963 ab
1367 1908 1613 1963 auctore
1633 1898 2003 1981 prodierunt

437 1948 881 2063 ἓὲι-’ὖὲτὶἓῖἒὶιῖῖ
900 1948 1342 2045 ἇῖἇῖἷόἧῖιῖ
1367 1948 1698 2054 ὐῗίὶῖὶᾶιὲξ
1716 1948 2004 2045 ῐῡὶἷὶεῗὲἱ

438 2060 827 2126 «titionibus.

439 2152 732 2219 Caeterum
754 2151 814 2213 hi
840 2149 1317 2231 libri,quamtum
1328 2149 1413 2212 vis
1433 2148 1757 2212 adulterini
1779 2149 2003 2213 fuerint

354 2249 413 2303 et
447 2240 739 2323 corrupti,
768 2241 841 2303 ad
894 2259 1006 2302 nos
1050 2248 1247 2302 tamen
1280 2240 1484 2322 quales
1513 2240 1585 2303 ab
1617 2249 1863 2302 auctore
1891 2257 2000 2302 suo

350 2330 554 2413 scripti
573 2330 805 2393 fuerant
828 2349 948 2393 non
972 2330 1493 2411 pervenere.Nulli
1513 2328 1814 2411 siquidem
1839 2348 1998 2392 nunc

350 2430 671 2484 occurrunt
693 2440 902 2483 eorum
922 2420 1113 2484 Graeci
1141 2420 1382 2483 codices
1412 2420 1823 2502 manuscripti,
1849 2438 1998 2501 quos

354 2529 461 2573 suo
488 2519 759 2593 tempore
781 2513 1130 2593 frequentes
1150 2509 1337 2593 fuisse
1361 2510 1609 2593 Ruﬁnus
1634 2510 2000 2593 Photiusque

356 2591 721 2655 testantur63
746 2614 760 2657 :
782 2591 968 2654 solam
996 2591 1289 2653 habemus
1308 2591 1491 2671 hujus
1510 2591 1708 2672 operis
1728 2591 2001 2654 Latinam

2089 548 2326 626 quando
2354 546 2513 608 enim
2551 545 2874 607 Clementis
2901 544 3279 624 Rea-agnitio,
3317 544 3403 604 vel
3435 542 3739 625 Recogni~

2096 640 2309 706 tiones,
2351 637 2667 695 Clementis
2710 634 3143 702 ltinerarium,
3184 635 3341 693 liber
3374 633 3739 695 Itinerarius

2092 725 2495 785 Prw/tientia“
2512 726 2561 784 is
2582 724 3107 803 Petri,Clemenlis
3126 722 3415 801 gesta,vel
3435 724 3732 801 Historia,

2093 824 2194 874 aut
2226 815 2548 883 Chronica,
2580 813 2669 872 vel
2704 812 3020 884 Narratio,
3043 810 3359 888 aliquando
3392 829 3531 871 vero
3571 812 3734 872 Petri

2098 901 2458 974 Perioili,vel
2497 902 2928 974 Circuitusyel
2961 902 3392 974 Ilinerurium,
3420 900 3510 961 vel
3544 903 3730 963 Actus

2088 991 2489 1072 appellantur.
2524 990 2568 1051 li
2604 1010 2779 1076 porro
2824 1008 2893 1051 ex
2943 990 3179 1051 duobus
3213 1008 3356 1053 mss.
3389 1008 3526 1051 cum
3560 992 3737 1052 variis

2088 1076 2452 1142 summorum
2487 1081 2879 1161 quorumdam
2916 1080 3259 1159 pontiﬁcum
3295 1080 3589 1159 epistolis.
3625 1100 3731 1141 cu-

2087 1179 2254 1231 rante
2273 1170 2502 1233 Joanne
2527 1171 2836 1242 Sichardo,
2862 1187 3019 1229 anno
3043 1169 3198 1231 1526
3227 1169 3377 1249 typis
3401 1170 3544 1231 editi
3569 1184 3727 1233 snnt.

2088 1258 2294 1321 Postea
2340 1259 2685 1320 Lambertus
2741 1257 3036 1321 Gruterus
3094 1258 3426 1319 Veuratlius
3486 1260 3729 1321 eosdem

2087 1368 2296 1409 rursus
2341 1348 2489 1427 typis
2546 1349 2806 1419 excudit,
2839 1356 3020 1426 atque
3079 1347 3139 1407 in
3197 1348 3286 1407 eis
3338 1347 3608 1427 quaedam
3672 1368 3737 1410 se

2088 1439 2438 1499 emendasse
2470 1437 2745 1497 afﬁrmat.
2781 1438 3001 1497 Verum
3026 1454 3160 1496 cum
3188 1435 3288 1497 ille
3310 1437 3415 1497 has
3444 1440 3734 1499 emenda—

2090 1527 2281 1587 tiones
2318 1545 2433 1586 non
2468 1544 2537 1586 ex
2572 1525 3003 1604 manuscriptis
3045 1544 3109 1586 se
3168 1525 3443 1587 hausisse
3492 1527 3734 1599 dixerit,

2088 1635 2191 1677 eas
2227 1624 2354 1677 suis
2386 1616 2668 1676 duntaxat
2695 1614 3058 1695 conjecturis
3092 1615 3329 1676 videtur
3356 1615 3541 1678 fuisse
3570 1633 3738 1678 asse-

2088 1716 2281 1768 cutus.
2320 1704 2400 1765 Ex
2435 1706 2543 1766 hac
2575 1714 2770 1766 tamen
2804 1704 3066 1767 editione
3092 1704 3153 1767 in
3184 1704 3558 1768 Bibliotheca
3576 1705 3739 1785 Lug-

2088 1797 2344 1858 dunensi
2369 1795 2427 1856 hi
2456 1794 2592 1855 libri
2624 1813 2834 1857 rursus
2863 1794 3069 1855 emissi
3101 1803 3238 1856 sunt
3264 1795 3320 1855 in
3365 1796 3581 1859 lucem.
3617 1798 3733 1859 Co-

2092 1885 2331 1947 telerius
2349 1894 2546 1945 autem
2572 1883 2706 1945 illos
2731 1901 2868 1945 cum
2889 1883 3178 1963 operibus
3198 1881 3573 1965 Patrum,qui
3589 1893 3739 1948 tem-

2091 1974 2335 2056 poribus
2392 1972 2738 2052 apostolicis
2788 1973 3144 2040 ﬁoruerunt,
3186 1971 3479 2053 publicari
3530 1977 3734 2051 voluit,

2088 2066 2360 2145 hancque
2393 2063 2717 2125 editionem
2748 2080 2864 2143 ope
2908 2081 3009 2124 sex
3065 2080 3208 2123 mss.
3258 2062 3558 2139 codicum,
3587 2067 3735 2128 Sor-

2088 2153 2259 2215 bonaa
2284 2153 2593 2228 nimirum,
2619 2150 2929 2227 Thuaneo,
2958 2151 3121 2215 Petri
3152 2151 3508 2230 Candelerii,
3527 2154 3732 2237 Regis,

2086 2246 2247 2308 Petri
2283 2244 2480 2317 Petiti,
2517 2251 2576 2305 et
2627 2242 3081 2306 Carmelitarum
3121 2242 3622 2307 Discalceatorum
3668 2264 3735 2309 se

2081 2334 2405 2396 adornasse
2440 2332 2809 2395 testiﬁcatur.
2844 2333 3046 2395 Alium
3092 2341 3381 2412 praeterea
3430 2333 3727 2411 codicem,

2080 2432 2217 2485 ante
2248 2441 2440 2484 annos
2470 2421 2921 2503 quadringintos
2941 2431 3348 2499 exaratum,ex
3375 2422 3736 2487 bibliotheca

2082 2512 2423 2575 Colbertina
2456 2530 2639 2593 penes
2668 2529 2779 2573 nos
2810 2510 3146 2573 habuimus.

2598 2598 2869 2663 ARTICU
2881 2598 3020 2664 LUS
3065 2599 3214 2663 VIII.

361 2683 699 2745 versionem
733 2683 968 2757 Ruﬁni,
997 2682 1095 2762 qui
1122 2681 1347 2761 plures.
1368 2690 1430 2742 ut
1455 2681 1819 2756 monuimus,
1843 2682 2007 2744 10008
2095 2692 2176 2754 De
2205 2696 2398 2754 variis
2429 2697 2496 2753 in
2525 2690 2634 2753 hos
2663 2690 2850 2752 libros
2882 2692 3047 2753 notis
3074 2701 3131 2752 et
3180 2690 3728 2769 obseruationibus,

355 2790 420 2835 se
470 2773 771 2849 omisisse,
794 2791 906 2834 nec
956 2772 1158 2832 Latine
1189 2771 1443 2833 reddere
1465 2770 1717 2832 voluisse
1746 2770 2007 2850 ingenue
2211 2782 2266 2835 el
2295 2774 2369 2835 de
2391 2774 2540 2835 aliis
2571 2772 2750 2834 libris
2783 2772 2857 2832 ab
2884 2771 3083 2833 eodem
3123 2779 3372 2833 auctore
3398 2774 3604 2837 editis.

359 2862 671 2926 confessus
701 2870 811 2924 est.
838 2860 909 2924 Et
925 2879 990 2924 re
1013 2861 1254 2942 quidem
1284 2879 1423 2923 vera
1450 2861 1781 2925 Cotelerius
1815 2861 1873 2922 in
1901 2880 2007 2925 sua
2171 2864 2462 2925 Gruterus
2484 2861 2754 2942 quaedam
2787 2861 2846 2922 in
2878 2861 2986 2923 hos
3015 2861 3203 2923 libros
3257 2862 3446 2923 edidit
3476 2865 3732 2940 scholia,

354 2953 567 3014 horum
593 2951 879 3014 librorum
904 2951 1165 3013 editione
1188 2950 1466 3012 extribus
1491 2950 2002 3032 mss.Sorbonico,
2088 2970 2220 3033 quae
2242 2970 2355 3014 nec
2382 2951 2577 3029 magni
2600 2958 2742 3013 sunt
2765 2950 3196 3031 momenti,uec
3220 2951 3419 3014 multa;
3444 2954 3725 3016 utilitatis.

353 3041 662 3119 Thuaneo,
697 3051 756 3104 et
782 3039 1218 3105 Candeleriano
1264 3039 1530 3104 restituit
1579 3041 2064 3120 fragmentum,c
2088 3044 2158 3103 Al
2185 3041 2517 3106 Cotelerius
2544 3040 2849 3102 doctiores
2875 3040 3261 3121 utilioresque
3301 3045 3359 3102 in
3407 3041 3517 3104 hos
3547 3043 3735 3104 libros

351 3132 506 3213 quod
532 3132 679 3194 illud
708 3131 903 3213 ipsum
962 3148 1101 3194 esse
1144 3136 1333 3211 putat,
1361 3149 1478 3211 quo
1525 3140 1735 3193 auctor
1766 3140 1993 3208 noster,
2087 3132 2326 3212 scripsit
2356 3138 2526 3192 notas
2582 3137 2642 3190 et
2702 3130 3174 3210 observationes,
3207 3128 3423 3210 quibus
3471 3132 3735 3195 auctoris

350 3230 497 3283 teste
528 3222 769 3298 Ruﬁno,
793 3223 866 3284 de
885 3222 1159 3303 ingenito
1181 3221 1304 3282 Deo
1325 3221 1646 3301 genimque
1668 3221 1952 3283 disseruit
1979 3242 1994 3296 ;
2082 3230 2275 3283 textus
2288 3220 2603 3298 corrigitur
2616 3227 2674 3281 et
2691 3220 3217 3282 enodatur.Monet
3230 3230 3426 3283 tamen
3439 3223 3729 3301 majorem

350 3319 530 3389 atque
561 3312 699 3374 ideo
723 3312 879 3393 quod
905 3310 1145 3374 Arianis
1175 3311 1419 3387 faveret,
1445 3313 1521 3372 ab
1546 3311 1758 3373 eodem
1778 3309 1995 3373 Ruﬁno
2078 3309 2571 3387 Recognitiouum
2600 3318 2866 3387 partem,
2893 3310 3051 3388 quod
3079 3312 3158 3370 ad
3185 3309 3482 3372 humanas
3529 3316 3733 3391 potius

352 3401 427 3463 de
450 3402 744 3464 industria
776 3402 969 3463 fuerat
991 3401 1477 3483 praetermissum.
1504 3402 1802 3464 Praeterea
1824 3399 1873 3461 si
1905 3401 1998 3462 ei-
2080 3398 2437 3478 disciplinas
2457 3406 2740 3479 spectent,
2768 3416 2952 3477 quam
2978 3398 3056 3459 ad
3078 3397 3637 3477 theologiammolis
3657 3404 3732 3463 il-

355 3490 491 3553 dem
519 3490 734 3555 Ruﬁno
773 3492 1108 3571 Photioque
1139 3490 1292 3553 ﬁdes
1334 3489 1641 3567 habeatur,
1668 3490 1729 3551 hi
1760 3488 1896 3552 libri
1924 3488 1998 3551 ab
2085 3487 2409 3550 lustratum
2423 3506 2488 3550 se
2516 3506 2639 3550 non
2663 3491 2867 3551 ivisse.
2905 3489 3035 3550 Non
3076 3507 3289 3567 paucas
3320 3491 3600 3553 tamenin
3634 3510 3732 3554 res

360 3582 749 3644 Eunomiauis
771 3590 829 3644 et
850 3581 1475 3664 Arianis,primigenio
1492 3580 1729 3643 illitum
1754 3589 2001 3643 auctore
2088 3577 2535 3659 philosophicas
2576 3578 2764 3639 edidit
2786 3577 3357 3641 animadversiones.
3379 3580 3589 3661 Neque
3619 3582 3728 3643 foro

360 3672 535 3751 longe
575 3672 1030 3754 posterioribus,
1063 3671 1365 3753 depravati
1407 3678 1546 3733 sunt
1577 3680 1633 3733 et
1663 3670 1999 3733 adulterati.
2088 3684 2191 3727 san
2224 3665 2342 3727 alia
2373 3666 2543 3746 plura
2591 3665 2665 3727 ab
2697 3684 2769 3727 eo
2803 3664 3116 3754 observata
3160 3665 3487 3729 lectoribus
3537 3670 3736 3731 minus

438 3753 809 3844 Quapropter
837 3762 1107 3842 quamvis
1138 3762 1321 3824 iidem
1366 3759 1508 3823 libri
1557 3762 1830 3824 maximae
1885 3761 2005 3823 sint
2087 3756 2584 3836 essentjucunda
2614 3766 2674 3817 et
2718 3756 2910 3835 utilia,
2943 3753 2991 3816 si
3035 3773 3069 3816 a
3113 3756 3415 3837 proposito
3476 3759 3734 3821 auctoris

357 3852 747 3934 antiquitatis,
781 3853 972 3916 cautis
1004 3862 1201 3916 tamen
1243 3851 1767 3934 prudentibnsque
1814 3851 2003 3916 oculis
2087 3854 2246 3934 textu
2278 3846 2471 3907 rarius
2507 3845 2947 3924 digrederetur.

353 3932 590 4025 legendi
622 3953 781 4019 sunt,
816 3945 1039 4026 quippe
1070 3943 1172 4087 qui
1204 3932 1279 4007 ab
1329 3941 1404 4004 iis
1438 3943 1538 4024 qui
1589 3932 1829 4005 errores
1857 3958 2000 4004 suos
2168 3932 2360 4000 Unum
2385 3936 2478 3997 his
2500 3936 2781 3998 omnibus
2801 3934 3170 4010 addendum,
3194 3947 3732 4017 nempeanetorem

353 4043 589 4087 uuoauo
612 4025 850 4087 tandem
877 4024 1053 4086 modo
1116 4023 1994 4087 isseminaretentabant.variis
2078 4034 2375 4087 nostrum.
2413 4025 2461 4086 si
2494 4025 2674 4087 ﬁdem
2706 4027 2963 4087 aliquam
2998 4035 3318 4087 mereatur.
3354 4027 3556 4087 plures
3585 4027 3732 4087 alios

346 4023 589 4107 quoquo
612 4023 851 4101 tandem
877 4023 1053 4086 modo
1074 4023 1994 4099 disseminaretentabant,variis
2078 4034 2375 4098 nostrum,
2413 4025 2461 4086 si
2494 4025 2674 4088 ﬁdem
2706 4027 2963 4107 aliquam
2998 4035 3318 4099 mereatur,
3354 4027 3556 4106 plures
3585 4027 3735 4091 alios

346 4116 722 4198 temporibus
798 4116 1071 4197 nequiter
1133 4118 1393 4196 corrupti
1448 4112 1689 4175 fuerint.
1745 4116 1997 4175 Possunt
2079 4114 2240 4178 exiis
2266 4134 2398 4197 quae
2430 4134 2464 4177 a
2493 4114 2669 4179 Petro
2702 4115 2980 4177 audierat
3010 4116 3198 4178 libros
3225 4114 3578 4177 confecisse.
3612 4117 3736 4179 Hos

346 4212 546 4268 tamen
566 4202 1022 4283 aliquibus,non
1052 4204 1299 4266 omnino
1324 4202 1993 4283 imprudentibus,non-
2026 4274 2062 4284 _
2082 4213 2282 4267 autem
2309 4203 2412 4265 ille
2433 4218 2715 4267 accurate
2734 4212 3048 4267 enumerat
3070 4202 3203 4283 (lib,
3231 4223 3272 4275 ι,
3295 4220 3380 4279 ιιι,
3407 4204 3487 4284 v),
3518 4204 3733 4270 librum

351 4296 504 4356 nihil
555 4274 822 4357 utilitatis
875 4274 1104 4356 idcirco
1152 4274 1430 4374 adferre;
1447 4292 1606 4373 quod
1648 4274 2002 4381 Christianis
2024 4274 2066 4323 θ
2088 4294 2179 4357 De
2199 4312 2348 4357 vero
2375 4294 2705 4375 PrOphela,
2734 4294 2948 4357 librum
2980 4295 3069 4358 De
3082 4274 3503 4374 prae/initiatis
3536 4298 3738 4371 Dei,et

350 4384 657 4462 religionis
679 4384 952 4463 apol0gia
975 4380 1094 4467 sint
1124 4389 1186 4455 et
1214 4382 1506 4461 defensio,
1531 4400 1650 4463 qua
1670 4379 1886 4442 fabulae
1901 4398 2007 4461 pa-
2088 4384 2297 4447 decem
2319 4384 2470 4447 alios
2488 4386 2565 4447 ab
2588 4385 2792 4464 editis,
2815 4384 3317 4462 Recogm’tionum
3344 4384 3557 4461 libros,
3591 4406 3735 4468 quo-

355 4489 639 4551 ganorum
653 4469 1646 4551 ,idolol'atria,cultusquefalsorum
1661 4468 2001 4549 numinum,
2088 4491 2222 4535 rum
2247 4474 2477 4553 singula
2491 4475 2709 4553 promit
2729 4473 3257 4555 argumentazalios
3277 4485 3475 4538 autem
3498 4475 3736 4541 libellos

356 4569 536 4640 atque
561 4578 771 4625 eorum
789 4560 894 4639 qui
913 4561 1090 4624 astris
1109 4558 1501 4622 inﬂuentibus
1519 4557 1759 4622 fatalem
1775 4558 2004 4622 homini
2088 4581 2159 4625 ex
2190 4562 2354 4643 Petri
2384 4565 2457 4626 ad
2490 4564 2929 4645 discipulorum
2968 4582 3211 4627 suorum
3242 4564 3602 4647 interrogata
3628 4586 3733 4631 re-

360 4651 777 4715 necessitatem
807 4650 1033 4733 imponi
1056 4649 1292 4732 dicunt,
1316 4665 1554 4712 errores
1575 4648 2003 4728 impugnantur
2086 4656 2323 4733 sponsis
2343 4653 2706 4735 compositos
2750 4652 2959 4716 Utrum
2985 4662 3183 4717 tamen
3209 4655 3271 4717 hi
3294 4654 3435 4717 libri
3455 4656 3517 4720 in
3535 4658 3732 4721 lucem

358 4751 417 4805 et
448 4741 858 4806 destruuutur.
885 4742 1012 4805 Nec
1040 4739 1218 4804 etiam
1242 4738 1488 4802 inutiles
1508 4737 1755 4800 omnino
1774 4736 1849 4798 iis
1866 4754 2004 4799 esse

351 4838 636 4912 poterunt
665 4831 769 4912 qui
798 4831 989 4893 varias
1016 4822 1508 4915 philosophorum
1536 4818 1874 4909 opiniones,
1908 4844 2003 4888 va-

349 4921 475 4983 rios
503 4921 877 4985 diversorum
909 4921 1261 5004 populorum
1285 4936 1484 4981 mores
1507 4915 2004 4981 consuetudines-

353 5028 471 5092 que
529 5019 711 5093 atque
772 5011 1125 5092 allegoricus
1180 5009 1513 5079 fabularum
1575 5006 2001 5088 explicationes

348 5102 646 5165 voluerint
672 5100 1007 5167 addiscere.
1298 5096 1303 5101 ’
1526 5164 1539 5173 _

433 5191 542 5256 His
571 5191 742 5285 libris
774 5196 839 5279 et
889 5190 954 5281 in
1002 5187 1425 5283 manqscripti;
1468 5185 1802 5283 codicibus,
1837 5194 1898 5250 et
1925 5186 2000 5251 ab

436 5415 492 5464 ⁸³
520 5421 588 5485 In
615 5419 914 5487 Bibllollt.
946 5418 1080 5483 cod.
1117 5423 1231 5483 112
1251 5428 1312 5484 et
1340 5419 1481 5486 H3.
1574 5465 1581 5471 -

2084 4741 2408 4823 aliquando
2432 4743 2639 4805 emissi
2696 4742 2917 4806 fuerint
2971 4744 3065 4807 vel
3124 4762 3274 4806 vana
3325 4749 3732 4810 tantummodo

2086 4831 2395 4920 mendacis
2407 4832 2715 4914 scriptoris
2744 4834 3141 4895 ostentatione
3164 4834 3298 4895 ﬁcte
3320 4834 3733 4920 fallaciterque

2085 4919 2489 4996 venditentur,
2513 4921 2576 4982 in
2599 4921 2844 4984 dubium
2872 4923 3086 4985 merito
3118 4926 3386 4987 revovari
3410 4919 3733 5005 potest.At

2084 5008 2136 5071 si
2158 5008 2478 5090 aliquando
2502 5011 2853 5092 prodierunt
2871 5011 2933 5074 in
2954 5011 3285 5093 publicum,
3310 5014 3368 5076 hi
3396 5033 3513 5077 non
3538 5017 3736 5082 minus

2084 5116 2261 5190 quam
2291 5098 2381 5159 illi
2411 5100 2487 5161 de
2513 5101 2732 5183 quibus
2788 5103 3076 5165 hactenus
3105 5103 3554 5185 disputavimus,
3587 5127 3730 5190 sup-

2085 5188 2267 5270 positi
2299 5198 2437 5252 sunt
2467 5197 2527 5257 et
2550 5192 2900 5257 adulterini.
2962 5272 2965 5273 ν
