4138 6416
343 281 501 348 1189

1432 277 2065 343 RECOGNITIONES.
2116 309 2190 322 -—
2237 272 2632 339 PROCEMIA.

3567 274 3725 340 1190

343 410 445 476 Ill.
487 413 763 475 Censura
796 411 1034 475 Getasii
1056 428 1240 493 papa
1259 412 1333 473 de
1368 410 1926 493 Recognltionibus.
1960 408 2179 488 Operis
2198 410 2488 488 pretium.
2515 410 2741 470 Auctor
2772 407 3135 470 catholicus.
3159 409 3415 487 Aliquot
3432 412 3728 474 recentio-

422 511 559 555 rum
577 493 921 573 judicium.

342 572 444 635 IV.
478 572 944 655 Recognitimtes

424 656 641 716 Latine
668 655 983 717 convertit.

976 573 1214 635 Graecas
1240 577 1381 653 post
1410 588 1627 634 earum
1657 569 2151 649 translationem,
2192 587 2230 629 a
2265 568 2531 632 Paulino
2579 567 2817 631 Nolano
2846 566 3083 646 frustra
3103 537 3434 653 tentatum,
3469 572 3727 649 Ruﬁnus

343 734 417 798 V.
447 732 691 815 Rogatu
718 740 940 797 sanctae
970 732 1227 813 Salviae,
1250 731 1466 812 Ruﬁni
1487 733 1762 813 praefecti
1784 735 2076 811 pratorio
2107 728 2354 805 sororis,
2390 748 2546 811 opus
2575 730 2964 811 aggreditur,
2998 729 3158 809 quod
3212 732 3555 796 Gaudentio
3589 736 3725 797 Bri-

425 821 615 879 πίαηο
644 816 918 895 episcopo
938 820 1273 894 nuncupat.

344 894 442 959 VI.
493 889 1085 975 Verus'prw/ationis
1109 889 1444 975 auctor,_et
1469 891 2323 975 Recognttionuntinterpres,
2361 889 2649 975 Ruﬁnus.

346 974 468 1039 Vll.
503 971 877 1039 Bellarmini
905 974 1068 1038 locus
1098 976 1264 1037 circa
1299 971 1639 1036 Clementis
1664 971 2131 1053 Recognt'tiones
2155 974 2543 1052 expendatur.
2618 1028 2619 1031 η

348 1055 500 1122 VIII.
535 1059 622 1120 De
651 1055 908 1136 epistola
938 1055 1443 1137 Recognitionum
1463 1052 1647 1117 libris
1679 1050 1942 1116 adnexa.
1971 1050 2184 1133 Operis
2215 1050 2398 1115 editio
2429 1052 2727 1133 quomodo
2758 1053 3081 1116 adornata.

430 1388 649 1453 l.Libri
674 1390 1177 1471 Recognitionum
1191 1388 1374 1451 alium
1400 1387 1623 1468 planea
1645 1397 1850 1451 sancto
1872 1388 2001 1452 Cle—
2022 1396 2062 1444 Α
2086 1386 2205 1448 lem
2224 1387 2363 1447 illuc
2378 1405 2514 1447 eum
2535 1406 2645 1448 con
2658 1387 2882 1448 volasse
2900 1386 3730 1463 animadvertitHuetiusﬂSl.

350 1486 573 1554 mente,
612 1487 747 1560 post
794 1478 1037 1542 Petrum
1088 1481 1262 1541 tertio
1310 1477 1402 1541 vel
1448 1486 1659 1555 quarto
1712 1481 2002 1543 Romanae

351 1569 637 1632 Ecclesiae
657 1569 1361 1650 pontiﬁce,architectum
1386 1568 1848 1631 habuerunt.Ad
1874 1569 2002 1649 ejus

349 1667 580 1721 aetatem
614 1659 773 1740 quod
806 1659 1044 1734 attinet,
1065 1676 1201 1720 eum
1222 1666 1359 1720 ante
1379 1656 1701 1737 Origenem
1727 1657 2003 1720 floruisse

349 1748 411 1810 in
430 1758 740 1830 comperto
768 1758 877 1811 est.
905 1748 1198 1828 Origenes
1220 1748 1515 1830 enim,qui
1537 1749 1648 1810 sub
1668 1747 2003 1827 Elagababo

350 1839 569 1901 ﬂorere
602 1839 804 1919 coepit,
843 1840 1074 1921 primus
1110 1840 1380 1900 omnium
1414 1838 1755 1901 testimonia
1776 1858 1848 1900 ex
1876 1837 2005 1915 illo,

352 1935 638 2010 tanquam
669 1930 963 2009 scriptore
979 1929 1110 2010 jam
1137 1936 1301 2009 noto,
1330 1936 1387 1990 et
1419 1927 1744 1991 Clementis
1771 1928 2012 1989 nomine

352 2020 600 2103 quidem
624 2020 934 2095 distincto,
962 2018 1150 2081 semel
1168 2026 1347 2100 atque
1370 2019 1584 2080 iterum
1610 2018 1830 2100 promit
1847 2018 1975 2099 (‘18)
1992 2056 2005 2071 ο

353 2108 757 2183 Quamobrem
779 2108 1137 2172 Clementini
1161 2109 1364 2190 operis
1388 2107 1601 2170 artifex
1623 2106 1883 2185 Origene
1898 2107 2005 2186 ju-

356 2200 491 2262 nior
519 2199 634 2261 dici
671 2218 789 2261 non
821 2207 1044 2280 potest,
1080 2199 1185 2260 sed
1219 2198 1391 2278 paulo
1432 2198 1675 2274 senior;
1704 2198 1863 2279 quod
1901 2197 1999 2257 ni-

362 2291 578 2351 mirum
598 2289 671 2350 ad
696 2297 931 2369 tempus
953 2288 1302 2368 scriptionis
1331 2289 1777 2368 pertinet.Ante
1793 2286 2001 2366 Orige-

362 2397 525 2455 nem,
562 2396 665 2438 seu
698 2379 942 2441 tertium
968 2378 1190 2440 Christi
1224 2378 1467 2438 Domini
1492 2378 1798 2451 saeculum,
1828 2393 2006 2437 nemo

361 2486 622 2549 unquam
656 2466 1127 2548 Recognitiones
1157 2467 1438 2547 laudavit,
1467 2486 1644 2527 nemo
1675 2465 2005 2527 Clementi-

363 2576 574 2621 norum
633 2557 1002 2619 mentionem
1055 2556 1218 2619 fecit.
1254 2556 1416 2619 Libri
1465 2564 1768 2619 auctorem
1829 2554 2006 2617 tertio

2083 1477 2256 1538 Prius
2288 1476 2565 1556 Origenis
2591 1477 2712 1538 iter
2752 1478 2810 1537 in
2866 1477 3272 1550 Palaestinam,
3307 1477 3408 1538 ubi
3441 1479 3730 1540 Caesareae

2085 1566 2295 1646 pedem
2325 1566 2807 1644 ﬁxit,sanctoque
2831 1566 3167 1630 Alexandro
3185 1565 3726 1648 Hierosolymorum

2087 1656 2367 1735 episcopo
2417 1656 2699 1730 innotuit,
2733 1656 2807 1717 ab
2860 1658 3074 1718 Huetio
3119 1656 3382 1736 illigatur
3417 1675 3575 1719 anno
3609 1660 3729 1721 Do-

2089 1743 2235 1804 mini
2259 1746 2400 1807 245.
2430 1746 2514 1806 Ex
2542 1748 2651 1806 hoc
2684 1746 2928 1821 itinere,
2960 1754 3091 1831 post
3116 1764 3335 1807 caesum
3370 1745 3731 1810 Caracallam

2089 1852 2247 1895 anno
2263 1832 2404 1905 217,
2430 1832 2723 1913 Origenes
2743 1833 3177 1915 Hierosolymis
3199 1835 3610 1898 Alexandriam
3634 1856 3731 1899 re-

2095 1922 2234 1999 dux,
2272 1942 2473 1984 secum
2519 1926 2976 2004 Recognitiones
3026 1924 3231 1987 tulisse
3280 1926 3571 1989 dicendus
3618 1938 3733 2004 est,

2095 2015 2254 2074 unde
2284 2014 2411 2094 ipse
2436 2013 2668 2075 illarum
2712 2016 3040 2077 sententias
3094 2015 3219 2076 suis
3277 2015 3736 2080 Commentariis

2089 2102 2404 2165 admiscuit
2428 2123 2443 2178 ;
2467 2122 2721 2181 quorum
2744 2113 2876 2166 octo
2902 2105 3131 2184 priores
3157 2114 3351 2166 tomos
3371 2106 3430 2166 in
3453 2105 3734 2171 Genesim

2086 2191 2380 2255 Eusebius
2410 2211 2478 2253 ex
2511 2201 2671 2254 tomo
2706 2213 2911 2255 eorum
2947 2213 3105 2255 nono
3132 2193 3398 2256 ostendit
3431 2194 3555 2276 (26)
3590 2197 3699 2258 Ale
3720 2232 3736 2243 -

2087 2282 2352 2345 xandrim
2400 2282 2581 2346 fuisse
2631 2285 3026 2365 conscriptos,
3059 2292 3120 2344 et
3154 2283 3397 2365 quidem
3436 2290 3574 2365 post
3602 2284 3737 2349 Ori-

2088 2372 2260 2452 genis
2286 2374 2399 2433 iter
2431 2373 2570 2435 illud
2608 2374 2867 2454 primum
2899 2375 2959 2436 in
2990 2375 3389 2438 Palaestinam.
3432 2377 3731 2455 Recogni-

2090 2466 2282 2526 tiones
2312 2482 2449 2524 vero
2481 2464 2541 2525 in
2586 2463 2902 2526 Palaestina
2931 2466 3344 2545 concinnatas,
3381 2483 3516 2527 cum
3548 2467 3731 2530 Blon-

2091 2552 2246 2613 dello
2282 2553 2452 2613 facile
2485 2553 2807 2628 credimus,
2828 2555 3307 2635 quandoquidem
3339 2556 3398 2617 in
3420 2556 3537 2618 illis
3564 2557 3737 2621 thro-

359 2648 603 2711 demum
626 2647 843 2710 Christi
862 2646 1081 2709 saeculo
1103 2646 1471 2722 vixisse,duo
1494 2644 2067 2725 produnt.Unum,'B
2090 2661 2202 2704 nus
2229 2642 2804 2722 Hierosolymitanae
2828 2644 3116 2707 Ecclesia:
3139 2664 3318 2726 supra
3365 2656 3611 2709 caeteros
3641 2666 3737 2709 ex-

356 2739 512 2820 quod
549 2756 618 2800 ex
651 2736 1014 2799 Bardesanis
1054 2737 1186 2816 Syri
1235 2737 1469 2816 dialogo
1525 2739 1615 2798 De
1644 2738 1771 2815 fato
1800 2744 2005 2798 contra

357 2828 608 2902 Abidam
639 2827 1031 2906 astrologum,
1056 2827 1330 2889 laciniam
1356 2826 1509 2888 bene
1540 2826 1776 2905 longam
1811 2824 2003 2887 sulfu—

358 2927 546 2997 ratus,
583 2935 748 2979 suam
782 2918 941 2984 fecit.
977 2917 1268 2992 Alterum,
1304 2916 1463 2996 quod
1496 2916 1570 2977 de
1610 2916 1847 2979 civitate
1878 2918 2003 2977 Ro-

360 3026 559 3089 mana,
593 3008 873 3069 universo
917 3008 1048 3069 orbi
1082 3008 1404 3080 dominata,
1440 3024 1559 3067 non
1607 3007 1866 3069 obscure
1912 3006 2004 3066 lo-

363 3108 600 3177 quatur.
631 3098 807 3178 Atqui
839 3098 1209 3160 Bardesanes
1242 3096 1352 3157 sub
1375 3095 1447 3158 M.
1476 3096 1721 3159 Aurelio
1743 3099 2006 3174 Augusto

366 3189 742 3251 ﬂoruitcirca
771 3206 992 3249 annum
1022 3190 1161 3262 171,
1189 3188 1285 3247 cui
1311 3187 1620 3263 Dialogum
1651 3204 1822 3247 suum
1849 3204 2003 3247 nun-

365 3278 620 3358 cupavit.
654 3278 960 3341 Caracalla
998 3295 1139 3338 vero
1168 3276 1331 3337 circa
1375 3294 1595 3336 annum
1627 3274 1768 3356 215,
1797 3286 2009 3355 gentes

365 3369 632 3429 Romano
660 3369 914 3447 imperio
944 3367 1267 3446 subjectus,
1304 3365 1686 3446 propriisque
1715 3373 1890 3426 antea
1917 3367 2006 3427 Ie-

361 3457 534 3539 gibus
556 3459 780 3539 usas,in
806 3454 987 3520 Urbis
1015 3474 1221 3519 rerum
1252 3454 1509 3516 dominas
1526 3455 1686 3534 jura,
1711 3454 2006 3516 constitu-

364 3549 525 3611 tione
556 3548 737 3622 edita,
766 3547 994 3628 primus
1012 3546 1280 3608 omnium
1300 3544 1553 3607 transire
1577 3544 1774 3624 jussit.
1800 3544 1883 3606 Ex
1916 3545 2008 3606 his

366 3638 765 3719 perspicimus
794 3645 1165 3718 quantopere
1199 3635 1499 3710 fallantur,
1519 3639 1619 3715 qui
1650 3633 2006 3697 Clementini

364 3726 684 3808 scriptoris
716 3734 948 3789 aetatem
993 3726 1210 3790 saeculo
1236 3724 1285 3788 II
1315 3723 1611 3806 praeﬁnire
1667 3724 2004 3788 voluerunt.

363 3814 587 3890 Horum
618 3835 833 3897 agmen
881 3817 1049 3879 ducit
1075 3814 1421 3879 Blondellus
1449 3814 1571 3895 (19,
1607 3816 1706 3877 cui
1733 3832 2008 3879 accesse-

368 3915 506 3971 runt
527 3906 866 3977 Cetelerius
878 3907 1013 3989 (20)
1040 3916 1098 3971 et
1121 3906 1373 3985 Grabius
1393 3905 1482 3980 (21
1498 3905 1517 3987 )
1532 3906 1797 3969 .Cunctis
1817 3914 2041 3968 tamen.

2091 2733 2338 2796 tollitur.

2168 2824 2396 2885 Cmteru
2408 2841 2460 2884 m
2482 2823 2648 2903 operi
2662 2842 2731 2885 ex
2746 2830 3095 2903 argumento
3112 2841 3218 2885 vox
3231 2822 3738 2904 Recognitionum

2087 2914 2705 2992 adhaesitltecognitio
2721 2912 3035 2988 enim,sive
3048 2914 3318 2993 Agnitio,
3330 2932 3397 2975 ex
3413 2915 3737 2979 Aristotele

2088 3003 2147 3062 in
2169 3006 2307 3063 Arte
2333 3003 2601 3083 Poetica,
2631 3003 2985 3082 oritur,cum
3015 3003 3292 3065 homines
3325 3005 3465 3065 olim
3489 3005 3646 3068 inter
3672 3025 3739 3069 se

2089 3091 2592 3170 conjunctissimi,
2630 3092 2868 3153 tandem
2904 3092 3122 3153 multos
3155 3102 3283 3171 post
3324 3112 3497 3155 casus
3526 3094 3588 3155 in
3613 3104 3734 3157 tra-

2090 3181 2302 3259 goediis
2332 3190 2390 3242 et
2421 3181 2734 3242 comoediis
2784 3200 2847 3242 se
2895 3191 3098 3242 mutuo
3130 3201 3242 3242 nec
3273 3184 3515 3263 opinato
3545 3204 3733 3262 agno-

2092 3269 2379 3333 scunt.lta
2408 3271 2578 3350 plane
2601 3271 2662 3331 in
2691 3271 2801 3333 hac
2822 3270 3401 3350 pseudo-Clementis
3423 3292 3733 3336 commen-

2089 3370 2315 3422 tatione
2348 3361 2755 3441 Faustiniano,
2782 3360 3085 3422 Mathidiae
3115 3380 3181 3422 ac
3216 3361 3376 3442 ﬁliis,
3416 3364 3738 3443 Clementi,

2088 3448 2304 3512 Fausto
2335 3460 2395 3512 et
2423 3449 2707 3512 Faustino
2740 3451 3047 3529 contingit.
3084 3449 3291 3531 Itaque
3342 3471 3480 3514 cum
3512 3454 3739 3517 inscri~

2092 3539 2316 3621 ptione,
2352 3540 2601 3602 formam
2634 3540 2811 3601 etiam
2853 3541 3146 3619 poeticam
3195 3560 3346 3621 opus
3394 3544 3725 3625 accepisse,

2088 3646 2228 3691 vero
2264 3646 2550 3709 perquam
2584 3629 2781 3690 simile
2813 3630 2876 3689 lit
2900 3628 3205 3692 Dodwello
3243 3630 3392 3711 (2⁸1).

2170 3718 2278 3783 ΙΙΙ.
2314 3718 2588 3783 Gelasius
2610 3719 2878 3800 pontifex
2940 3719 3001 3780 in
3058 3723 3312 3783 Decreto
3357 3722 3644 3805 genuino,
3670 3742 3740 3787 ex

2091 3810 2412 3872 veterrimo
2445 3809 2652 3872 codice
2682 3807 2997 3886 Vaticano,
3032 3809 3172 3872 olim
3202 3829 3239 3873 a
3270 3830 3368 3874 me
3398 3813 3559 3876 edito
3590 3815 3739 3895 (28),

2099 3902 2253 3963 hanc
2283 3918 2599 3962 censuram
2633 3901 2708 3962 de
2756 3899 3345 3981 Recognitionibusa
3368 3902 3581 3968 Ruﬁno
3605 3925 3746 3968 con-

362 3997 435 4061 δά
459 3999 614 4061 hanc
638 3999 911 4061 eamdem
944 3996 1301 4061 sententiam
1334 3996 1647 4077 praaiverat
1665 3996 1865 4059 Sixtus
1893 3998 2009 4061 Se-
2028 3999 2071 4052 C
2095 3991 2281 4053 versis
2340 3990 2781 4069 pronuntiavit:
2834 3990 3263 4069 Itinerariam,
3296 3995 3544 4056 nomine
3578 3997 3749 4058 Petri

360 4089 569 4151 nensis
609 4087 757 4169 (22).

394 4246 401 4262 ι
434 4177 846 4242 II.Dodwellus
856 4185 1203 4258 compactae
1217 4175 2015 4260 censetRecognitiones(23)

362 4268 526 4332 inter.
540 4286 684 4337 anu.
706 4285 843 4330 m
863 4267 1123 4346 vulgaris
1144 4266 1263 4330 218
1280 4266 1504 4329 et231.
1528 4265 1744 4328 Verius
1769 4266 2018 4329 dixisset

362 4356 520 4418 inter
540 4375 685 4419 ann.
714 4357 823 4419 211
857 4363 918 4417 et
939 4357 1081 4419 217.
1106 4355 1342 4418 Etenim
1367 4372 1529 4433 anno
1561 4354 1673 4417 211
1706 4356 1872 4418 solus
1895 4356 2016 4417 im-

363 4461 575 4523 perare
634 4445 816 4524 cmpit
868 4444 1198 4524 Caracalla,
1232 4460 1421 4519 novat,
1456 4461 1632 4524 quam
1683 4444 1827 4519 dixi,
1866 4463 2017 4507 con-

363 4532 695 4597 stitutionis
710 4532 1012 4613 auctor,in
1036 4532 1542 4612 Recognitionutn
1560 4531 1729 4593 libris
1742 4532 2016 4596 laudatae.
2038 4562 2043 4567 ι

361 4622 734 4691 Morseodem
760 4636 921 4685 anno
945 4620 1412 4699 217,Caracalla
1440 4619 1758 4685 occiditur.
1785 4623 1891 4687 His
1918 4641 2023 4686 re-

362 4712 608 4795 pellitur
628 4714 924 4775 maximus
952 4712 1115 4776 Petri
1146 4710 1354 4774 Allixii
1388 4712 1609 4793 lapsus,
1629 4712 1844 4773 aientis
1874 4714 2023 4794 (24),

359 4800 988 4885 pseudo-Clementem
1009 4800 1226 4863 vixisse
1240 4818 1364 4864 non
1382 4801 1488 4863 diu
1504 4806 1640 4863 ante
1652 4800 2021 4881 Sulpicium.

360 4900 496 4954 ante
518 4908 698 4973 quem
727 4901 926 4954 tamen
950 4894 1022 4955 Cc
1043 4910 1232 4954 annos
1257 4890 1422 4953 vixit.
1454 4886 1766 4972 Origenes,
1793 4892 2019 4970 primus

357 4978 892 5060 Recognitionum
927 5000 1150 5064 praeco,
1184 4980 1511 5044 Caracallai
1564 4981 1714 5063 iram
1757 4982 2012 5061 fugiens,

357 5070 729 5135 Alexandria
761 5071 823 5133 in
856 5062 1217 5134 Palestinam
1253 5070 1447 5151 primo
1477 5062 1753 5133 seceSsit.
1777 5072 1883 5134 Bis
1905 5090 2015 5135 au-

440 5204 574 5298 (18)
593 5202 894 5298 Origenm
911 5213 1058 5298 tom.
1083 5222 1147 5298 tu
1182 5206 1523 5298 Comment.
1545 5210 1646 5298 ίηΔ
1662 5212 1910 5289 Genes.,
1937 5217 2014 5280 ad

360 5286 493 5366 cap.
517 5301 562 5360 ι,
592 5288 708 5366 14;
731 5286 794 5348 in
816 5286 1126 5354 Philocal'.
1150 5306 1287 5371 cap.
1310 5288 1482 5366 22,θι
1511 5289 1570 5353 in
1597 5286 2013 5363 Comment.ad

361 5364 577 5432 Matth.
608 5384 777 5432 xum.
823 5368 885 5429 6.

609 5415 946 5557 silibet,
977 5448 1313 5551 Prolegom.
1372 5451 1446 5514 ad
1503 5452 1991 5534 pseudo-Isidor.

452 5540 501 5593 tt.
576 5528 636 5593 9.
674 5538 737 5593 et
762 5527 1014 5593 Censur.
1049 5526 1240 5593 Entst.
1270 5531 1299 5591 1
1338 5530 1554 5593 Clem..
1588 5551 1726 5593 nan.
1756 5536 1856 5593 28-

367 5530 501 5608 Μ.
537 5530 636 5605 59,
674 5530 1014 5593 θιοϐεηειιτλ
1046 5530 1299 5621 _Epist.1
1338 5530 1527 5619 Clem:
1588 5551 1726 5616 pag.
1756 5536 1856 5602 28.
2006 5530 2018 5539 .

366 5605 571 5748 4812.0)
593 5610 863 5718 ‘Goteler.
924 5610 1123 5717 Judvtc.
1180 5618 1256 5672 de
1306 5611 1465 5675 libr.‘
1507 5583 1851 5703 ἀκρωνία
1886 5640 2018 5702 με,

455 5742 579 5855 (2'3)
610 5766 1223 5855 _G_rtib:§plct'l.‘tom.
1258 5772 1303 5850 Ι,
1336 5752 1467 5855 pag.
1514 5768 1794 5842 277-279
1871 5792 1882 5807 ‘

449 5848 571 5927 (22)
606 5849 757 5914 Sixt.
791 5848 964 5933 Seh.,
999 5854 1167 5917 Bibl.
1196 5848 1303 5920 lib.
1328 5848 1393 5919 it.

2093 4084 2379 4166 apostoli,
2409 4083 2568 4163 quod
2597 4080 2946 4165 appellatur
2979 4084 3176 4145 sancti
3215 4082 3560 4162 Clementis,
3594 4106 3746 4169 apo-

2097 4173 2415 4256 cryphu‘m.
2449 4172 2658 4235 Nullus
2691 4172 2810 4253 hic,
2844 4180 2907 4234 ut
2946 4173 3007 4233 in
3071 4174 3301 4235 caneris
3354 4177 3743 4253 editionibus,

2102 4265 2391 4327 librorum
2422 4280 2706 4323 numerus
2728 4261 3081 4342 explicatur,
3103 4262 3240 4344 quia
3273 4264 3322 4324 is
3355 4265 3652 4344 pendebat
3674 4285 3745 4329 ex

2100 4354 2345 4416 arbitrio
2397 4351 2806 4414 librariorum.
2838 4352 3135 4425 Gelasius,
3165 4356 3361 4415 sancti
3421 4357 3747 4420 Clementis

2101 4462 2252 4526 opus
2271 4441 2512 4524 quidem
2541 4441 2873 4522 appellari,
2906 4460 3027 4503 non
3060 4458 3207 4518 esse,
3232 4441 3415 4519 dixit;
3442 4450 3619 4527 eique
3649 4464 3752 4527 pu-

2105 4533 2323 4595 blicam
2356 4532 2672 4593 lectionem
2705 4538 2766 4592 et
2798 4530 3151 4593 canonicam
3198 4537 3611 4597 auctoritatem
3636 4554 3744 4597 vo-

2106 4622 2317 4686 cabulo
2339 4620 2670 4701 apocryphi
2699 4618 3392 4701 abjudicavit.Gelasium
3415 4624 3477 4685 in
3494 4625 3748 4688 concilio

2111 4715 2381 4776 Romano
2409 4728 2521 4772 Lxx
2557 4708 2976 4790 episcoporum
3022 4711 3109 4771 sic
3158 4710 3576 4794 deﬁnientem,
3609 4714 3748 4778 Cle-

2114 4800 2412 4864 mentinas
2458 4800 2907 4877 Recognitt'ones
2948 4818 2981 4861 a
3034 4801 3250 4864 Ruﬁno
3297 4802 3611 4864 translatas
3640 4805 3750 4866 sub

2104 4890 2348 4953 nomine
2402 4888 2727 4951 Itinerarii
2775 4888 3095 4965 indicasse,
3125 4889 3278 4951 haud
3334 4890 3748 4957 dubitandum.

2100 4984 2236 5046 Non
2267 4978 2404 5040 ideo
2441 4986 2641 5040 tamen
2676 4978 2902 5058 privata
2922 4978 3245 5041 auctoritas
3275 4980 3429 5060 apud
3464 4981 3753 5061 plurimos

2103 5068 2389 5135 Ecclesiae
2418 5066 2646 5131 Latinae
2668 5068 2999 5148 scriptores
3025 5068 3146 5131 illis
3175 5068 3395 5133 defuit.
3419 5071 3508 5133 De
3531 5071 3759 5139 Grecis

2184 5215 2317 5363 $23)
2350 5214 2590 5296 Dodw.,
2658 5218 2909 5285 Dissert.
2973 5235 3029 5282 v1
3083 5220 3155 5282 in
3212 5208 3479 5299 Iren.,'§
3510 5237 3592 5301 xi,
3621 5237 3754 5301 pag.

2099 5300 2314 5461 “(32.4)
2339 5376 2545 5456 Allix.,
2578 5380 2779 5443 Diatr.
2804 5380 2877 5444 de
2899 5386 3118 5446 ann.et
3135 5397 3336 5449 mens.
3359 5380 3551 5445 natat.
3576 5377 3756 5456 Dom,

2002 5509 2019 5539 τ
2106 5478 2241 5544 ρειεε
2273 5478 2335 5525 δ·

2161 5536 2527 5628 (25)-Ηυθῑ.
2562 5538 2926 5623 Origenian.
2985 5542 3090 5608 lib.
3125 5561 3170 5625 1,
3219 5544 3395 5626 capit.
3424 5542 3491 5626 2,
3519 5542 3583 5628 4,
3614 5543 3645 5625 §
3672 5559 3757 5623 vr,

2109 5623 2603 5789 pilitiliﬁuseba
2640 5706 2794 5770 Hist.
2830 5706 2998 5789 εισι,
3022 5705 3133 5789 lib.
3167 5722 3262 5786 Vl,
3283 5726 3419 5789 cap.
3455 5706 3555 5769 19.
3598 5718 3599 5721 γ

2190 5781 2308 5868 (27)
2341 5781 2580 5867 Dodw.,
2613 5789 2662 5847 ι.
2684 5798 2770 5862 ’c.,
2808 5788 3107 5868 pagJM.
3359 5781 3378 5789 ’
3441 5852 3445 5859 .

2188 5864 2309 5947 (28)
2347 5864 2600 5931 Fontan.
2632 5864 3133 5949 Antiq'qfﬂort"
3170 5886 3341 5950 pagg.
3373 5864 3671 5933 317-331.

2159 5774 2171 5789 Α
2188 5776 2189 5779 η
