4138 6422
350 398 511 464 1209
1576 410 2012 473 RECOGNITIt

2108 405 2213 472 ΗΜ
2258 414 2405 475 LIB.
2458 415 2506 476 Ι.
3587 420 3745 486 1210

348 540 639 614 vixero,et
654 541 987 607 secundum
1004 542 1429 611 nonnullorum
1452 547 1785 612 sententias
1810 545 1995 630 philo-
2020 548 2061 601 Α
2082 545 2192 607 sim
2232 545 2293 608 in
2326 547 2579 629 imperio
2610 547 2838 613 Tiberii
2868 551 3137 629 Caesaris,
3173 554 3345 617 initio
3373 574 3443 619 ex
3474 554 3744 622 Orientis

349 632 698 727 sophorum,
733 631 1280 727 [vriphlegethqnti
1309 635 1609 727 fluvio_vel
1636 636 1908 718 Tartaro,
1943 642 2007 698 ut
2092 635 2358 727 partibus
2387 647 2647 720 sumpto,
2679 642 2945 722 pervenit
2976 642 3049 704 ad
3083 663 3214 726 nos,
3250 653 3307 707 et
3351 664 3459 727 per
3511 647 3745 727 singula

351 720 721 818 Sisyphnset
748 720 988 818 Tityus,_
999 732 1147 818 etut
1175 723 1340 818 Ixion
1373 743 1442 818 a_c
1494 725 1780 790 Tantalus
1838 736 2008 791 aater-
2091 726 2540 818 convalescens,
2573 720 2787 793 veluta
2822 731 2944 794 Deo
2978 732 3171 796 bonus
3200 720 3468 818 'quidam
3502 720 3745 801 nuntius

355 812 446 873 nis
472 811 532 873 in
564 811 799 907 inferno
818 812 1129 907 suppliciis
1146 815 1366 907 tradar.
1392 814 1465 878 Et
1485 833 1698 880 rursus
1723 818 1868 881 mihi
1893 818 2007 898 ipsi
2094 813 2337 907 missus,
2355 817 2696 882 universum
2720 821 2991 902 replebat
3021 811 3264 906 orbem,
3281 844 3390 888 nec
3412 826 3747 907 patiebatur

350 901 787 994 respondebam
821 919 837 966 :
866 904 987 994 Sed
1010 904 1137 971 haec
1181 905 1395 969 fabula;
1442 913 1602 983 sunt,
1654 919 1757 971 aut,
1815 910 1866 971 si
1924 911 2006 972 ita
2092 902 2351 967 divinam
2373 910 2734 971 voluntatem
2759 901 3262 994 silentiotegi(7)'.
3289 901 3747 979 Diffundebatur

355 1000 467 1067 est,
491 990 759 1089 inrebus
780 992 978 1056 dubiis
1010 1000 1249 1075 praestat
1275 995 1371 1089 pie
1388 996 1609 1063 vivere.
1644 998 1763 1089 sed
1783 999 2001 1063 iterum
2087 1010 2228 1089 ergo
2256 1014 2375 1089 per
2398 997 2633 1089 singula
2662 1000 2815 1081 loca,
2843 990 3228 1078 annuntians,
3254 1006 3410 1086 quod
3435 1014 3592 1069 esset
3614 1007 3748 1089 qui-

352 1079 705 1175 reputabam
738 1101 998 1175 mecum,
1033 1086 1333 1167 quomodo
1356 1105 1592 1167 possem
1627 1088 1740 1152 sub
1772 1090 2002 1153 incerto
2087 1083 2223 1175 dam
2254 1086 2311 1146 in
2343 1085 2569 1156 Iudaea,
2606 1090 2711 1165 qui
2743 1079 2981 1173 sumpto
3016 1111 3050 1154 a
3085 1079 3358 1175 tempdre
3381 1096 3545 1159 veris
3564 1079 3743 1159 exor-

346 1172 596 1252 justitim
617 1172 885 1254 praemio,
915 1193 950 1237 a
976 1175 1202 1256 peccati
1236 1194 1331 1238 me
1362 1177 1612 1241 libidine
1641 1181 1950 1243 continere
1973 1181 2005 1242 ?

354 1262 608 1324 Maxime
636 1280 774 1324 cum
804 1264 1003 1338 etiam,
1028 1284 1163 1342 quae
1195 1266 1273 1330 sit
1302 1267 1434 1347 ipsa
1457 1268 1865 1352 justitia,quaa
1886 1274 2011 1335 Deo

354 1352 605 1432 placeat,
638 1352 793 1432 apud
828 1372 923 1415 me
950 1353 1243 1417 habeatur
1272 1356 1594 1434 incertum,
1637 1368 1699 1423 et
1733 1378 1931 1441 neque
1961 1361 2012 1425 si

351 1442 706 1504 immortalis
732 1443 811 1505 sit
839 1442 1062 1519 anima,
1094 1463 1161 1507 ac
1193 1445 1292 1525 sit,
1325 1466 1457 1528 qua:
1504 1448 1731 1528 aliquid
1766 1469 2011 1532 sperare

353 1537 560 1614 possit,
596 1550 938 1611 agnoscam,
991 1552 1187 1616 neque
1217 1536 1360 1613 quid
1415 1538 1565 1603 certi
1615 1539 1880 1604 futurum
1936 1541 2012 1604 sit

353 1623 645 1712 noverim.
678 1622 801 1686 Nec
833 1631 1031 1688 tamen
1088 1627 1405 1706 quiescere
1462 1629 1537 1692 ab
1598 1632 2011 1712 hujuscemodi

354 1711 815 1792 cogitationibus
840 1731 1107 1796 possum.

434 1801 691 1894 V_._Quid
733 1804 911 1884 igitur
938 1806 1150 1869 faciam
1172 1807 1205 1869 ?
1230 1809 1553 1891 Egyptum
1578 1820 1800 1891 petam,
1833 1822 2014 1894 atque

2088 1174 2188 1236 dio
2206 1175 2307 1256 (8),
2329 1192 2574 1269 regnum
2591 1178 2697 1241 Dei
2721 1174 3591 1263 evangelizaretludaais,idque
3610 1205 3747 1269 per-

2095 1273 2374 1345 cepturos
2419 1267 2645 1332 diceret
2677 1288 2805 1352 eos,
2838 1272 2941 1349 qui
2967 1273 3389 1338 mandatorum
3421 1267 3664 1338 suorum
3688 1284 3748 1339 et

2096 1352 2381 1447 doctrinae
2399 1356 2671 1422 instituta
2700 1372 3057 1424 servassent.
3081 1361 3369 1426 Utautem
3395 1383 3595 1427 sermo
3616 1366 3747 1447 ejus

2096 1444 2213 1536 fide
2242 1444 2476 1525 dignus,
2513 1465 2581 1510 ac
2613 1449 2943 1514 divinitatis
2976 1452 3188 1532 plenus
3214 1473 3348 1516 esse
3370 1444 3744 1536 crederetur,

2095 1532 2342 1624 virtutes
2387 1536 2623 1619 multas,
2662 1540 2913 1617 etsigna
2943 1560 3010 1604 ac
3038 1543 3303 1624 prodigia
3327 1545 3477 1608 mira
3506 1532 3751 1608 efﬁcere

2086 1622 2364 1702 jussione
2395 1626 2521 1689 sola
2544 1627 2878 1706 dicebatur,
2906 1632 2987 1693 ita
3012 1622 3095 1707 ut,
3125 1622 3405 1715 tan-quam
3430 1654 3464 1697 a
3487 1634 3610 1698 Deo
3643 1654 3751 1715 po-

2098 1720 2366 1775 testatem
2388 1715 2634 1790 habens,
2652 1718 2869 1781 surdos
2889 1719 3114 1783 faceret
3131 1723 3345 1787 audire
3365 1732 3424 1786 et
3445 1743 3633 1787 ctecos
3653 1724 3747 1785 vi-

2098 1802 2267 1879 dere,
2300 1805 2545 1868 claudos
2575 1807 2856 1889 erigeret,
2882 1818 3060 1889 atque
3080 1830 3317 1875 omnem
3340 1812 3749 1876 infirmitatem

354 1890 437 1955 ibi
455 1891 881 1985 Ahierophantis
904 1896 995 1959 vel
1032 1898 1340 1979 prophetis
1354 1890 1478 1977 qui
1511 1890 1701 1982 adytis
1725 1890 2009 1982 primunt,
2038 1919 2074 1969 Β
2095 1902 2462 1985 cunctosque
2484 1897 2789 1960 daemones
2816 1917 2885 1962 ex
2917 1901 3265 1965 hominibus
3295 1904 3603 1985 effugaret,
3637 1903 3747 1967 sed

352 1983 578 2074 amicus
594 1984 842 2062 efﬁciar,
867 1988 1196 2067 etpecunia
1218 1989 1291 2051 ab
1311 1990 1398 2052 eis
1426 1989 1739 2053 invitatum
1766 2009 2013 2074 magum

355 2073 664 2156 precabor,
703 2083 768 2137 ut
796 2076 1009 2139 educat
1040 2078 1187 2140 mihi
1213 2079 1473 2141 animam
1502 2078 1578 2143 de
1606 2073 1890 2163 infernis,
1910 2101 2017 2163 per

354 2181 485 2225 eam
519 2183 693 2246 quam
727 2170 1197 2231 necromantiam
1227 2176 1460 2246 vocant,
1499 2177 1779 2252 tanquam
1811 2172 1887 2235 de
1909 2172 2017 2235 ali-

353 2272 471 2335 quo
502 2257 739 2333 negotio
753 2257 1075 2322 consulere
1096 2259 1387 2341 cupienti.
1416 2260 1562 2325 Mihi
1586 2280 1724 2323 vero
1749 2263 1879 2325 haec
1902 2262 2016 2326 erit

351 2345 706 2407 consultatio
741 2363 755 2409 :
792 2346 841 2408 si
863 2347 1220 2411 immortalis
1240 2356 1331 2412 est
1360 2349 1584 2413 anima.
1608 2348 1887 2414 Probatio
1910 2371 2015 2414 au~

349 2438 470 2495 tem
497 2435 736 2511 animae,
769 2436 927 2519 quod
948 2438 1306 2502 immortalis
1330 2439 1430 2512 sit,
1464 2458 1583 2503 non
1616 2458 1685 2503 ex
1737 2459 1809 2504 eo
1855 2441 2013 2524 quod

352 2526 637 2609 loquitur,
669 2525 784 2588 erit
805 2526 953 2588 mihi
984 2536 1171 2601 certa,
1200 2529 1288 2591 vel
1318 2547 1388 2592 ex
1412 2547 1484 2593 eo
1501 2530 1659 2612 quod
1680 2530 1887 2602 audio,
1909 2532 2012 2594 sed

352 2637 423 2681 ex
454 2636 526 2679 eo
559 2615 715 2698 quod
732 2615 903 2678 video
933 2638 949 2693 ;
982 2619 1245 2680 utoculis
1270 2619 1421 2682 meis
1443 2638 1699 2683 cernens
1722 2638 2017 2693 eam,cer-

352 2706 641 2769 tissimam
673 2704 749 2766 de
778 2705 1008 2787 reliquo
1025 2707 1493 2771 immortalitatis
1507 2709 1641 2791 ejus
1657 2709 2015 2772 sententiam

354 2806 617 2859 teneam.
650 2798 865 2875 Neque
894 2796 1057 2857 enim
1081 2797 1236 2859 ultra
1265 2798 1483 2878 poterit
1501 2798 1810 2861 veritatem
1832 2799 2012 2880 visus,

354 2885 676 2949 verborum
708 2882 940 2947 fallacia
964 2893 1023 2948 et
1052 2886 1278 2949 auditio
1314 2888 1545 2950 incerta
1584 2888 1855 2950 turbare.
1891 2891 2015 2949 Ve-

354 2985 690 3039 rumtamen
704 2974 857 3036 hanc
879 2975 1065 3056 ipsam
1103 2975 1596 3039 deliberationem
1623 2995 1814 3039 meam
1840 2979 2014 3039 retuli

355 3066 428 3128 ad
462 3062 780 3146 quemdam
804 3063 1157 3126 familiarem
1193 3082 1393 3128 meum
1431 3065 1876 3146 philosophum,
1913 3058 2015 3147 qui

359 3153 503 3215 mihi
535 3152 850 3215 consilium
876 3152 1063 3226 dedit,
1103 3171 1179 3215 ne
1204 3154 1317 3217 hoc
1338 3153 1535 3216 facere
1560 3154 2015 3218 auderem.Sive

2097 1993 2157 2048 et
2189 1984 2420 2076 oblatos
2449 1985 3194 2068 sibimortuossuscitaret,
3218 1994 3487 2075 leprosos
3508 1984 3748 2076 qquue

2098 2074 2335 2165 eminus
2356 2075 2571 2138 videns
2603 2088 2862 2157 curaret,
2888 2090 2945 2144 et
2963 2081 3111 2144 nihil
3135 2074 3379 2147 omnino
3404 2074 3749 2165 esset,quod

2098 2165 2151 2227 ei
2177 2164 2548 2247 impossibile
2566 2167 3034 2235 videreturlizec
3056 2182 3114 2235 et
3135 2173 3345 2236 horum
3365 2164 3584 2236 similia
3606 2164 3749 2254 pro-

2097 2257 2613 2347 cessutemporis,
2668 2259 2897 2322 crebris
2919 2262 3046 2341 jam
3079 2282 3199 2326 non
3249 2263 3612 2347 rumoribus,
3643 2264 3751 2326 sed

2099 2344 2435 2436 manifestis
2450 2347 2892 2428 quodammodo
2909 2353 3354 2416 adventantium
3374 2373 3443 2416 ex
3469 2344 3748 2436 illispar-

2099 2435 2258 2497 tibus
2301 2437 2523 2499 nuntiis
2557 2438 2968 2519 firmabantur,
3006 2450 3065 2505 et
3109 2442 3239 2525 ipsa
3287 2444 3411 2525 jam
3464 2462 3570 2524 per
3613 2435 3750 2505 dies

2100 2525 2370 2602 singulos
2397 2526 2484 2588 rei
2517 2528 2734 2590 veritas
2769 2532 3130 2610 patescebat.

2183 2613 2303 2678 VII.
2335 2616 2605 2698 Denique
2638 2618 2698 2679 in
2730 2622 2878 2682 urbe
2904 2639 3010 2702 per
3032 2622 3160 2684 loca
3180 2631 3509 2685 conventus
3541 2623 3669 2686 fieri
3694 2633 3755 2685 et

2105 2707 2175 2769 de
2197 2706 2311 2768 hoc
2339 2724 2622 2769 sermone
2650 2710 2912 2786 tractari,
2948 2720 3127 2793 atque
3151 2714 3212 2775 in
3243 2713 3637 2776 admiratione
3657 2730 3756 2776 res

2100 2795 2308 2859 haberi
2342 2797 2541 2879 cmpit,
2579 2798 2852 2867 quisnam
2888 2804 2936 2863 is
2958 2806 3245 2885 esset,qui
3274 2804 3757 2885 apparuerit,vel

2100 2886 2239 2969 quid
2274 2886 2466 2948 nuntii
2488 2906 2522 2950 a
2552 2886 2673 2951 Deo
2698 2890 3041 2955 hominibus
3066 2894 3409 2967 detulisset;
3437 2893 3629 2957 donec
3645 2893 3755 2955 sub

2101 2976 2312 3037 eodem
2344 2994 2499 3038 anno
2518 2977 2610 3039 vir
2643 2978 2882 3061 quidam
2914 2993 3108 3044 astans
3139 2985 3198 3045 in
3231 2983 3399 3046 urbis
3430 2984 3560 3046 loco
3593 2983 3757 3046 cele-

2100 3064 2388 3140 berrimo,
2426 3066 2822 3146 proclamaret
2850 3071 2922 3133 ad
2959 3072 3266 3153 populum,
3304 3072 3759 3137 dicenszAudite

2101 3172 2220 3230 me,
2254 3174 2287 3215 ο
2320 3154 2480 3216 cives
2504 3159 2759 3220 Romani
2788 3178 2802 3235 ;
2833 3159 3017 3223 Filius
3045 3161 3152 3225 Dei
3178 3162 3348 3225 adest
3399 3163 3459 3224 in
3492 3162 3758 3242 partibus

356 3244 541 3324 enim,
575 3243 789 3324 inquit,
815 3242 1087 3305 evocanti
1113 3261 1282 3322 mago
1310 3261 1427 3305 non
1452 3243 1696 3305 obediat
1719 3243 2012 3319 anima,tu
2034 3251 2074 3302 C
2096 3244 2338 3319 Judaew,
2374 3249 2734 3326 promittens
2778 3250 3057 3313 omnibus
3082 3251 3415 3315 volentibus
3436 3252 3644 3315 audire
3665 3270 3755 3325 se,

358 3343 486 3413 post
515 3333 642 3395 haec
668 3341 945 3412 tanquam
995 3331 1140 3393 nihil
1174 3350 1306 3394 esse
1339 3341 1553 3412 putans
1581 3340 1711 3412 post
1734 3341 2010 3414 mortem,

356 3422 794 3503 desperabilius
838 3422 1020 3495 vives,
1050 3421 1272 3503 quippe
1294 3423 1396 3503 qui
1420 3433 1478 3484 et
1508 3422 1716 3483 illicita
1742 3431 2012 3485 tentave-

353 3513 457 3575 ris.
494 3511 556 3575 Si
586 3530 725 3573 vero
758 3519 819 3573 et
846 3511 1073 3589 aliquid
1106 3512 1185 3573 ἰιιὶ
1209 3511 1420 3574 videre
1450 3511 1559 3573 tibi
1593 3512 1748 3573 visus
1800 3512 2010 3582 fueris,

353 3618 486 3682 qua;
511 3601 618 3663 tibi
644 3601 989 3679 religio,aut
1009 3620 1145 3679 qua:
1168 3603 1354 3682 pietas
1385 3618 1458 3663 ex
1498 3602 1718 3664 illicitis
1748 3602 2016 3664 tradetur

357 3699 415 3752 et
445 3690 643 3770 impiis
672 3696 701 3753 ?
731 3689 988 3752 Exosum
1025 3708 1280 3771 namque
1304 3690 1605 3755 Divinitati
1633 3690 2014 3771 hujuscemo-

356 3781 416 3843 di
449 3780 752 3858 negotium
784 3780 1007 3852 ferunt,
1062 3788 1119 3843 et
1149 3781 1452 3843 adversari
1512 3780 1698 3843 Deum
1767 3782 1857 3843 his
1908 3780 2011 3861 qui

354 3869 584 3932 animas
616 3876 747 3949 post
774 3868 1210 3933 absolutionem
1243 3888 1561 3951 corporum
1595 3879 1826 3932 vexant.
1890 3869 2011 3949 Ego

358 3978 514 4036 vero,
554 3959 647 4021 his
679 3959 920 4035 auditis,
956 3962 1176 4041 pigrior
1202 3960 1443 4042 quidem
1471 3978 1602 4023 sum
1644 3960 1915 4022 redditus
1937 3961 2007 4021 ad

354 4050 467 4113 hoc
498 4049 654 4130 quod
693 4050 1002 4131 parabam,
1040 4070 1152 4113 nec
1178 4063 1375 4113 tamen
1436 4068 1866 4133 usquequaque
1918 4068 2021 4121 aut

354 4138 721 4203 desiderium
748 4157 975 4219 ponere
1006 4149 1299 4220 poteram,
1333 4149 1433 4202 aut
1465 4140 1792 4201 molestiam
1847 4140 2013 4219 cogi-

356 4228 598 4290 tationis
627 4227 913 4307 abjicere.

436 4315 538 4378 Vl.
567 4316 636 4377 Et
662 4334 738 4378 ne
771 4317 948 4394 longa
976 4324 1108 4377 utar
1132 4318 1637 4393 narratione,cum
1664 4317 1758 4379 his
1781 4336 1890 4397 ego
1909 4337 2017 4380 co-

356 4403 661 4478 gitationis
682 4420 831 4464 mea:
852 4403 1094 4465 aestibus
1113 4407 1203 4484 agi
1214 4416 1392 4483 tarer,
1403 4406 1558 4467 fama
1580 4406 1849 4487 quaedam
1872 4425 2018 4468 sen-

2098 3334 2273 3395 vitam
2307 3344 2616 3418 mternam,
2649 3338 2697 3398 si
2720 3342 2854 3419 quis
2878 3348 3071 3404 tamen
3103 3342 3532 3420 (9)5ecundnm
3559 3342 3758 3403 volun-

2096 3430 2278 3483 tatem
2304 3424 2453 3503 ejus,
2482 3441 2514 3488 a
2548 3444 2666 3505 quo
2702 3427 2920 3490 missus
2950 3440 3042 3492 est
3070 3430 3177 3493 Dei
3201 3431 3592 3505 Patris,actus
3617 3447 3757 3496 suos

2098 3510 2835 3596 direxerit.Propterquod
2861 3520 3279 3583 convertimini
3305 3539 3339 3581 a
3362 3519 3534 3583 malis
3554 3519 3627 3580 ad
3656 3519 3758 3581 bo-

2099 3604 2682 3683 na,atemporalihus
2699 3607 2769 3667 ad
2804 3612 3382 3688 aeterna.Agnoscite
3415 3629 3600 3673 unum
3626 3628 3760 3671 esse

2096 3692 2286 3779 Deum
2320 3693 2773 3779 cmliterrzeque
2794 3700 3178 3779 rectorem,in
3203 3701 3374 3779 cujus
3390 3700 3568 3779 justls
3587 3716 3763 3778 aspe-

2096 3772 2291 3834 ctibus
2324 3792 2425 3834 vos
2458 3772 2990 3854 injusti'mundum
3025 3780 3157 3859 ejus
3188 3772 3498 3843 habitatis.
3534 3772 3675 3843 Sed
3711 3784 3765 3845 si

2094 3864 2507 3926 convertimini
2523 3868 2923 3929 etsecumlum
2943 3869 3307 3932 voluntatem
3329 3872 3462 3949 ejus
3481 3869 3756 3950 agitis,ad

2095 3952 2359 4014 futurum
2393 3955 2677 4017 saeculum
2705 3958 3014 4021 venientes
3046 3967 3104 4020 et
3131 3960 3336 4023 asterni
3362 3958 3761 4038 ell'ecti,inef-

2102 4041 2382 4105 fabilibus
2412 4044 2544 4124 ejus
2581 4044 2753 4109 bonis
2784 4066 2851 4110 ac
2885 4049 3148 4130 praemiis
3174 4050 3586 4129 perfruemini.
3619 4048 3763 4111 Erat

2102 4142 2298 4195 autem
2331 4132 2419 4194 vir
2449 4134 2586 4209 iste,
2618 4137 2721 4217 qui
2746 4138 2867 4199 haec
2892 4139 3246 4219 loquebatur
3274 4138 3346 4199 ad
3371 4140 3765 4218 populum,ex

2102 4221 2366 4287 Orientis
2390 4224 2681 4305 partibus,
2736 4230 2977 4289 natione
3010 4227 3295 4291 Hebraeus
3327 4228 3481 4309 (l0),
3521 4228 3765 4289 nomine

2105 4312 2408 4377 Barnabas
2441 4316 2541 4396 qui
2566 4333 2631 4375 se
2650 4315 2828 4377 etiam
2858 4336 3041 4379 unum
3058 4336 3126 4380 ex
3151 4336 3283 4398 ejus
3306 4317 3614 4396 discipulis
3634 4319 3691 4395 (l
3710 4319 3764 4393 l)

2106 4421 2240 4466 esse
2258 4404 2519 4479 dicebat,
2543 4404 2916 4488 missumque
2938 4407 3013 4468 ob
3037 4409 3169 4481 hoc,
3192 4416 3251 4470 ut
3278 4408 3403 4469 haec
3429 4406 3766 4470 volentibus

1683 4538 2093 4607 COTELERII
2139 4540 2393 4608 NOTAE.

442 4673 532 4753 (7)
566 4671 729 4752 Tegi.
764 4674 829 4736 In
860 4670 1153 4747 Frecull‘o,
1223 4681 1453 4756 tegere,
1487 4672 1645 4755 quod
1702 4675 2029 4755 respondet
2052 4683 2092 4733 ι)
2114 4683 2231 4736 tem
2264 4672 2761 4757 Aleranidrinum,
2793 4675 3113 4737 Eusebium
3139 4689 3198 4737 et
3222 4677 3640 4757 Epiphanium.
3670 4675 3767 4738 Sic

356 4755 564 4819 Graeco
594 4758 803 4832 στέγειν
820 4804 831 4815 .

437 4835 777 4917 (_8)Sumpto
794 4852 848 4917 of
862 4842 1127 4917 tempore
1148 4838 1309 4917 veris
1321 4835 1599 4917 emordio.
1620 4837 2025 4917 Martyrologi-

354 4914 805 4997 umHieronymi
820 4914 1517 4997 dictum:K_alend.Maii.
1532 4914 2027 4997 lnitiunipraedi-

357 4998 621 5061 curionis
634 4994 878 5059 Dumini
892 4994 1229 5058 nostrilesu
1257 4994 2015 5060 Christi.Wandalbertus:

398 5078 603 5170 Maias
620 5075 1058 5170 prirnasacrat
1090 5078 1316 5170 Christi
1338 5077 1980 5170 doctrina-Kalendas.

435 5160 526 5237 (9)
555 5157 630 5220 Si
650 5159 792 5238 quis
825 5165 1049 5237 tamen,
1083 5166 1201 5238 etc.
1223 5158 1549 5221 Freculfus:
1571 5159 1766 5238 Siqui
1790 5166 2018 5233 tamen,

359 5247 418 5302 et
442 5237 822 5302 diremerint.
852 5237 1357 5317 quemadmodum
1418 5242 1478 5300 in
1533 5237 1763 5303 Graeco.
1827 5238 2022 5303 Simili

360 5321 538 5382 modo
573 5326 776 5398 postea
807 5335 878 5380 ac
927 5320 1206 5398 praemiis
1247 5318 1414 5381 abest
1474 5339 1509 5381 a
1557 5320 1830 5383 Freculfo
1882 5327 1941 5383 et
1990 5340 2022 5382 a

359 5400 605 5465 Graecis.
658 5399 925 5463 Notanda
953 5417 1201 5478 quoque
1224 5401 1381 5482 varia
1410 5399 1586 5482 lectio
1616 5402 1883 5482 docendi
1913 5419 2019 5482 pro

359 5482 645 5545 dicendi:
728 5488 785 5540 et
842 5491 1099 5555 utraque
1152 5480 1514 5542 conferenda
1599 5501 1734 5543 cum
1796 5480 2020 5545 Graecis

363 5562 676 5641 Epitomes
698 5577 768 5621 ac
801 5557 1333 5641 Clemenlinorugn.

446 5640 565 5720 (10)
604 5641 863 5704 Natione
896 5640 1203 5722 ﬂeamus.
1241 5639 1574 5722 Barnabam
1630 5640 1903 5722 Cyprium
1934 5641 2021 5702 fa-

361 5719 906 5803 ci_unt_Interpretes
929 5719 1185 5803 ad_Ac_t_.
1215 5737 1295 5795 tv,
1333 5720 1432 5800 36,
1468 5719 1727 5783 necnon'
1764 5722 2016 5803 Epipha-

365 5799 501 5882 nius
525 5798 735 5882 haeresi
771 5802 872 5876 30,
901 5819 931 5860 c
988 5801 1088 5875 25,
1111 5798 1515 5882 Hieronymus
1542 5804 1603 5882 in
1626 5798 1927 5881 Catalogo,
1964 5811 2023 5864 et

362 5880 703 5943 Alexander
754 5882 1075 5943 monachus
1106 5881 1166 5942 in
1211 5880 1501 5945 Encomio
1533 5881 1597 5946 S.
1627 5880 1935 5946 Barnabas.

440 5961 499 6041 (ι
516 5960 568 6035 1)
604 5958 798 6025 Unum
828 5977 911 6024 ea:
935 5962 1067 6042 ejus
1088 5962 1422 6044 discipulis.
1453 5965 1537 6027 Ita
1559 5963 1715 6045 apud
1738 5963 2019 6029 Clemen-

2109 4772 2349 4835 quoque
2380 4753 2437 4813 in
2466 4753 2769 4835 Chronico
2799 4765 3006 4817 vocato
3055 4753 3511 4834 Alexandrino,
3574 4758 3767 4819 Doro-

2111 4832 2235 4896 thei
2254 4832 2554 4912 ‘SynOpsi,
2591 4842 2649 4896 et
2670 4834 3048 4899 Daudatione
3071 4837 3432 4900 Alexandri.
3469 4832 3586 4899 Sed
3612 4837 3771 4899 Beda

2113 4922 2307 4998 negat,
2346 4913 2588 4998 infirmo
2611 4916 2795 4998 nixus
2827 4916 3238 4979 fundamento.
3274 4918 3526 4989 Mirum,
3549 4916 3766 4998 inquit,

2112 4993 2563 5079 Retractatione
2608 4996 2666 5079 in
2719 5000 2870 5061 Acta
2919 4999 3347 5079 apostolorum,
3411 4998 3481 5058 ad
3515 4993 3649 5079 cap:
3708 4999 3766 5065 4.

2106 5075 2405 5159 quomodo
2429 5074 2591 5137 hunc
2616 5074 2988 5159 Barnabam',
3022 5080 3131 5158 qui
3148 5087 3353 5159 postea
3396 5096 3539 5159 cum,
3582 5074 3772 5139 Paulo

2104 5157 2379 5239 gentium
2410 5162 2491 5239 est
2517 5155 2835 5220 ordinatus
2855 5155 3187 5239 apustbtus,
3224 5178 3295 5221 ac
3354 5166 3490 5238 post
3520 5158 3773 5239 longum

2105 5237 2745 5318 ejusicontubermum
2796 5237 3059 5318 Cyprum
3115 5237 3302 5318 unde,
3336 5237 3505 5301 artus
3542 5237 3766 5316 fuerat.

2102 5317 2548 5395 praedicaturus
2580 5320 2790 5395 rediit,
2821 5317 3121 5384 Eusebius
3152 5321 3218 5382 in
3257 5317 3524 5382 Historia
3568 5320 3767 5381 eccle-

2105 5397 2368 5480 siastica,
2390 5396 2460 5480 de
2480 5416 2733 5480 numero
2759 5418 2889 5462 esse
2908 5417 3017 5463 Lxx
3044 5400 3491 5480 discipulorum
3523 5399 3777 5461 Domini

2105 5476 2457 5560 Saluatoris
2488 5479 2864 5560 arbitratur,
2897 5499 3035 5542 cum
3070 5476 3387 5559 mani/este
3422 5480 3647 5542 scribat
3697 5481 3768 5543 Β.

2108 5558 2304 5619 Lucas
2331 5574 2462 5618 eum
2493 5568 2623 5637 post
2652 5558 3068 5623 ascensionem
3102 5558 3350 5623 Domini
3378 5562 3458 5622 ad
3494 5564 3771 5637 discipu-

2108 5638 2297 5699 latum
2329 5640 2732 5716 apostolorum
2766 5642 3000 5703 venisse
3034 5659 3047 5705 :
3084 5643 3207 5704 nisi
3243 5644 3405 5720 forte
3432 5639 3772 5720 putandum

2106 5726 2218 5794 est,
2244 5736 2380 5803 eum
2398 5721 2573 5799 prius
2596 5721 2686 5782 ita
2714 5721 3149 5803 discipulatum
3180 5722 3418 5784 Christi
3473 5729 3769 5803 secutum,

2104 5808 2170 5860 ut
2190 5798 2444 5882 necdum
2469 5798 2919 5865 renuntiaverit
2944 5804 3220 5865 omnibus
3241 5820 3378 5882 quce
3399 5798 3766 5881 possidebat,

2107 5879 2269 5964 quod
2298 5886 2505 5964 utrum
2522 5885 2890 5964 evangelica:
2908 5884 3204 5949 doctrina
3222 5879 3600 5964 convenerit,
3629 5883 3729 5946 cui
3741 5879 3770 5933 4

2106 5965 2199 6023 vis
2215 5960 2520 6041 facillime
2546 5960 2740 6043 patet.
