4138 6430
380 368 529 434 1211
1182 374 1242 437 S.
1289 375 1728 437 CLEMENTIS
1769 372 1788 435 I
1840 377 2013 438 ROM.

2104 378 2291 440 'ONT.
2336 379 2584 441 OPERA
2628 372 2885 439 DUBIA.
3612 376 3766 443 1212

376 506 691 569 indicaret.
716 507 943 581 Quibus
964 526 1072 586 ego
1096 507 1339 584 auditis,
1362 526 1498 571 cum
1513 509 1742 591 reliqua
1761 510 2027 573 multitu-
2047 517 2085 564 Α
2111 509 2490 588 omnipotens
2527 505 2842 570 abscondit
2880 524 2915 568 ι
2944 505 3112 567 vobis
3161 507 3516 570 voluntatem
3569 528 3763 585 suam,

380 594 521 657 dine
551 596 718 678 sequi
750 616 884 671 eum
909 601 1059 681 ccepi
1096 608 1155 660 et
1186 596 1417 677 audire,
1442 616 1571 678 qua;
1591 598 2027 664 diceret.Intel-
2111 616 2260 679 quos
2291 598 2592 678 agnitione
2612 596 2704 659 sui
2745 594 3019 677 praevidit
3050 594 3350 675 indignos,
3384 597 3539 660 sicut
3571 616 3639 661 ex
3672 600 3771 662 his

374 684 627 761 ligebam
660 704 804 749 sane
834 687 990 769 quod
1026 686 1173 749 nihil
1207 687 1535 750 dialecticas
1577 689 1718 750 artis
1776 701 1934 753 esset
1964 691 2025 753 in

376 775 641 849 homine,
677 777 779 838 sed
804 777 1157 857 simpliciter
1173 785 1231 840 et
1254 778 1476 857 absque
1503 778 1625 840 ullo
1657 778 1895 842 dicendi
1927 782 2024 843 [υς

374 883 466 949 co,
502 885 632 946 quae
663 866 929 929 audisset
955 887 991 929 a
1021 867 1172 931 Filio
1233 868 1335 929 Dei
1382 869 1472 929 vel
1504 868 1769 944 vidisset,
1828 889 2018 951 expo-

374 964 567 1018 neret.
605 958 981 1019 Assertioues
1012 958 1172 1020 enim
1201 976 1337 1019 suas
1387 978 1502 1019 non
1536 969 2018 1037 argumentorum

374 1044 585 1107 virtute
619 1047 943 1122 muniebat,
978 1048 1082 1111 sed
1132 1048 1449 1110 verborum
1516 1057 1571 1109 et
1631 1048 2018 1125 mirabilium,

373 1152 505 1214 quas
534 1136 942 1212 annuntiabat,
979 1146 1160 1201 testes
1194 1139 1410 1199 multos
1442 1157 1512 1199 ex
1544 1139 1669 1221 ipso
1689 1141 1865 1201 etiam
1898 1140 2019 1202 cir-

373 1231 708 1285 cumstante
740 1225 981 1306 populo,
1019 1226 1404 1307 producebat.

454 1310 601 1375 VIII.
638 1312 859 1377 Verum
892 1316 1171 1398 quoniam
1204 1317 1275 1377 ad
1300 1333 1395 1391 ea,
1430 1335 1565 1393 quae
1594 1318 1829 1379 sincere
1852 1318 2023 1380 dice-

374 1400 614 1484 bantur,
645 1402 1184 1468 libenterannuere
1207 1407 1462 1487 populus
1494 1414 1552 1467 et
1586 1408 1865 1487 amplecti
1893 1427 2022 1470 ser-

374 1508 612 1553 monem
633 1495 963 1574 simplicem
1010 1496 1210 1575 coepit,
1250 1495 1431 1576 hiqui
1452 1494 1565 1557 sibi
1598 1496 1824 1559 eruditi
1854 1497 2023 1560 vide-

372 1579 593 1643 bantur
610 1583 704 1643 vel
722 1583 1083 1665 philosophi,
1098 1584 1298 1646 ridere
1323 1585 1625 1647 hominem
1650 1605 1718 1648 ac
1732 1604 2023 1666 spernere

370 1688 631 1750 erepere,
668 1682 723 1733 et
756 1674 1231 1754 syllogismorum
1261 1674 1319 1735 in
1352 1693 1488 1736 eum
1515 1675 1845 1738 tendiculas
1867 1678 2021 1740 velut

312 1796 315 1807 ι
369 1760 733 1824 validissima
765 1782 929 1825 arma
962 1765 1253 1843 proferre.
1280 1766 1353 1827 At
1371 1765 1793 1827 illeinterritus
1815 1776 1872 1828 et
1894 1769 2020 1829 vel-

2109 706 2243 764 qum
2261 706 2423 750 nunc
2442 686 2854 767 agitis,sanum
2881 686 3251 766 sapientibus
3266 686 3458 766 palam
3478 695 3593 753 est.
3616 691 3766 752 Nam

2108 795 2242 839 cum
2268 776 2518 839 videatis
2537 775 2953 857 praedicatores
2974 775 3295 837 voluntatis
3310 775 3765 853 Deiadvenisse,

2106 867 2245 947 quia
2275 866 2497 928 nullam
2525 885 2725 929 sermo
2758 883 2966 928 eorum
2982 884 3143 945 gram
3154 867 3385 929 maticze
3400 867 3544 929 artis
3560 869 3767 933 scien-

2107 955 2245 1017 tiam
2280 957 2612 1037 protitetur,
2632 955 2736 1017 sed
2774 955 3213 1035 simplicicibus
3234 966 3292 1019 et
3315 956 3601 1037 impolitis
3631 956 3767 1023 ser-

2106 1044 2383 1108 monibus
2428 1046 2735 1127 perferuut
2768 1045 2841 1108 ad
2865 1063 2966 1108 vos
3003 1044 3202 1107 divina
3256 1046 3555 1127 mandata,
3592 1048 3673 1110 ita
3704 1049 3769 1110 ut

2108 1154 2319 1197 omnes
2336 1135 2439 1215 qui
2471 1134 2921 1214 audiunt,sequi
2948 1135 3178 1215 possint
3199 1140 3261 1198 et
3283 1135 3618 1215 intelligere
3634 1156 3771 1218 qua

2108 1224 2630 1301 dicuntur;ridetis
2644 1223 3073 1287 salutisvestraa
3092 1225 3397 1287 ministros
3416 1234 3476 1289 et
3496 1227 3765 1301 nuntios,

2108 1314 2453 1393 ignorantes
2478 1314 2619 1397 quia
2640 1320 2853 1389 vestra,
2883 1313 2985 1395 qui
3016 1313 3183 1377 vobis
3202 1315 3375 1396 periti
3397 1327 3459 1379 et
3479 1316 3769 1398 eloquen-

2111 1412 2198 1466 tes
2224 1404 2536 1482 videmini,
2568 1404 2991 1467 condemnatio
3018 1405 3292 1486 est,quod
3314 1405 3473 1486 apud
3497 1415 3767 1487 agrestes

2108 1502 2167 1555 et
2200 1493 2483 1557 barbaros
2515 1494 2767 1557 habetur
2798 1494 3061 1557 veritatis
3080 1495 3325 1574 agnitio.
3356 1497 3502 1570 Quas
3520 1516 3659 1559 cum
3689 1499 3767 1562 ad

2106 1602 2209 1645 vos
2239 1583 2571 1666 advenerit,
2604 1603 2715 1646 nec
2748 1584 2916 1666 quasi
2951 1586 3183 1664 h05pita
3233 1586 3579 1666 suscipitur,
3630 1606 3769 1669 quae

2108 1674 2218 1734 nisi
2252 1674 2707 1754 intemperantia
2728 1686 2922 1737 vestra
2948 1684 3006 1735 et
3035 1674 3224 1738 libido
3250 1675 3592 1758 obsisteret,
3616 1678 3764 1741 civis

2109 1784 2242 1830 esse
2273 1776 2330 1829 et
2361 1768 2681 1829 vernacula
2703 1767 3014 1829 debuisset
3049 1788 3064 1843 ;
3092 1776 3153 1828 ut
3185 1786 3255 1829 ex
3284 1769 3376 1831 his
3402 1770 3757 1850 arguamini,

367 1855 436 1941 ut
473 1850 868 1914 deliramenta
897 1854 1159 1933 argutias
1190 1873 1397 1916 ecruiu
1422 1857 1752 1936 ducens,ne
1774 1875 2021 1937 respon-
2046 1881 2082 1930 Β
2105 1856 2260 1937 quod
2292 1876 2408 1918 non
2442 1856 2707 1919 veritatis
2738 1857 2914 1919 amici
2937 1865 2996 1919 et
3020 1856 3386 1938 philosophi,
3410 1860 3519 1921 sed
3537 1861 3767 1941 jactan-

368 1938 539 2001 sioue
569 1942 811 2017 quidem
845 1943 1059 2022 dignos
1083 1943 1530 2023 judicabat,sed
1554 1964 1622 2006 ea
1642 1966 1773 2026 quae
1796 1966 2017 2028 propo-

366 2037 586 2099 suerat,
617 2033 1062 2112 essequebatur
1094 2036 1448 2116 intrepidus.
1486 2034 1756 2115 Denique
1783 2057 1917 2099 cum
1939 2038 2021 2098 lo-

368 2121 571 2196 quenti
606 2121 660 2183 ei
693 2123 930 2202 quidam
967 2126 1402 2205 proposuisset,
1424 2145 1530 2186 cur
1560 2127 1636 2187 ita
1660 2126 1846 2188 factus
1865 2137 2021 2189 esset

367 2209 535 2269 culex
574 2212 716 2285 (22),
756 2222 814 2272 ut
848 2233 983 2275 cum
1017 2216 1331 2277 sitanimal
1359 2218 1657 2293 exiguum,
1686 2226 1742 2277 et
1772 2236 1873 2277 sex
1908 2218 2016 2277 lia-

368 2298 500 2359 beat
533 2304 737 2378 pedes,
771 2303 1022 2383 insuper
1051 2306 1268 2368 additae
1292 2306 1409 2365 sint
1440 2306 1493 2365 ei
1520 2306 2019 2385 etalae,elepban-

368 2400 463 2449 tus
494 2408 631 2451 vero
659 2411 791 2451 cum
808 2394 882 2453 sit
901 2394 1159 2455 immane
1177 2396 1395 2456 animal
1424 2414 1617 2473 neque
1637 2396 1759 2456 alas
1782 2396 2015 2468 habeat,

246 2525 261 2537 .
364 2487 617 2557 quatuor
650 2489 873 2543 tantum
900 2484 1081 2563 pedes
1111 2486 1429 2546 babeatrad
1458 2486 1578 2546 hzec
1606 2486 1704 2547 ille
1732 2506 1805 2547 ne
1826 2489 2002 2567 respi-

358 2570 523 2629 ciens
552 2572 818 2653 quidem,
854 2592 1199 2634 sermonem
1234 2594 1426 2641 suum,
1458 2595 1634 2655 quem
1673 2576 2017 2654 importuna

360 2661 685 2739 propositio
711 2665 1135 2745 interruperat,
1162 2668 1504 2727 continuata
1526 2667 1860 2727 intentione
1887 2686 2018 2744 per-

354 2748 586 2824 agebat,
626 2750 733 2813 hac
754 2754 878 2813 sola
910 2755 1317 2816 admonitione
1339 2774 1441 2834 per
1464 2756 1725 2834 singulas
1751 2776 2016 2837 quasque

358 2840 825 2921 interruptiones
854 2844 1055 2904 addita
1094 2866 1105 2907 :
1156 2846 1273 2907 Nos
1298 2848 1425 2925 ejus
1449 2847 1547 2925 qui
1579 2846 1738 2907 misit
1764 2866 1869 2907 nos
1892 2866 2017 2908 ver-

359 2926 430 2987 ba
459 2928 729 3010 factaque
751 2933 1047 2994 mirabilia
1079 2935 1437 2996 auuuntiare
1471 2936 1639 2997 vobis
1668 2938 1723 2997 in
1773 2938 1987 2997 manda

358 3018 432 3081 tis
458 3019 1078 3105 habemus,ﬁdemque
1101 3044 1305 3087 eorum
1334 3047 1463 3106 quae
1488 3026 1762 3106 dicimus,
1796 3047 1910 3087 non
1943 3046 2015 3089 ex

357 3112 723 3199 argumentis
752 3122 879 3173 arte
913 3116 1200 3195 qmesitis,
1237 3116 1340 3177 sed
1372 3137 1440 3177 ex
1496 3116 1657 3177 vobis
1690 3117 1834 3197 ipsis
1871 3136 2013 3199 pro-

356 3198 550 3259 ductis
566 3201 816 3263 testibus
841 3187 1224 3267 conﬁrmare.
1248 3208 1517 3285 Agnosco
1538 3206 1696 3269 enim
1715 3187 2015 3287 plurimos
2035 3187 2075 3237 ο

354 3296 545 3351 astare
577 3290 635 3351 in
671 3294 866 3354 medio
888 3304 1146 3357 vestrum
1165 3316 1234 3358 ex
1262 3297 1531 3377 bis,quos
1560 3316 1676 3357 una
1701 3297 2013 3359 nobiscum

360 3380 606 3467 memini
633 3384 872 3445 audisse
893 3404 1027 3462 quae
1048 3386 1412 3467 audivimus,
1438 3399 1492 3445 et
1525 3386 1745 3447 vidisse
1771 3405 1901 3467 quae
1923 3386 2012 3448 vi-

358 3466 577 3531 dimus.
604 3468 691 3534 Sit
721 3483 917 3535 autem
949 3476 1007 3535 in
1046 3487 1239 3539 vestra
1272 3486 1579 3557 potestate,
1616 3477 1706 3538 vel
1744 3466 2017 3557 recipere

356 3576 487 3637 qua:
516 3565 962 3637 annuntiamus,
982 3566 1068 3627 vel
1091 3569 1529 3646 spernere.Nos
1548 3568 1707 3629 enim
1734 3570 1897 3647 quod
1923 3586 2013 3629 ex-

357 3649 563 3727 pedire
586 3652 755 3712 vobis
785 3656 1077 3735 novimus,
1114 3666 1314 3718 tacere
1347 3676 1464 3718 non
1498 3674 1841 3737 possumus,
1878 3655 2017 3737 quia

356 3738 554 3813 nobis,
590 3741 639 3801 si
672 3751 1001 3821 taceamus,
1028 3746 1311 3805 damnum
1342 3756 1456 3825 est,
1488 3746 1653 3806 vobis
1684 3766 1847 3819 vero,
1882 3766 2017 3823 quae

353 3829 632 3909 dicimus,
663 3831 711 3891 si
748 3852 862 3893 non
896 3835 1221 3915 recipiatis,
1248 3836 1568 3915 pernicies.
1594 3836 1708 3899 Sed
1736 3846 1791 3896 ut
1817 3838 2015 3900 stultis

355 3922 857 4001 propositionibus
889 3926 1098 3987 vestris
1130 3928 1496 4006 respondere
1544 3927 1824 4007 periacile
1870 3947 2011 4005 pos-

353 4013 488 4086 sim,
510 4014 560 4074 si
585 4015 854 4078 veritatis
875 4018 1180 4081 discenda:
1206 4039 1382 4081 causa
1402 4020 1983 4099 quaereretis,doculi

355 4102 442 4163 cis
465 4103 597 4167 dico
620 4117 795 4186 atque
831 4109 1166 4187 elephantis
1199 4110 1539 4171 differentia
1572 4130 1587 4182 ;
1620 4111 1724 4172 sed
1766 4128 1923 4171 nunc
1944 4113 2021 4172 de

356 4196 643 4258 creaturis
662 4198 865 4259 dicere
888 4200 1057 4259 vobis
1080 4200 1307 4279 aliquid
1333 4200 1657 4260 absurdum
1686 4210 1796 4279 est,
1831 4219 2019 4259 ruma

354 4285 517 4345 vobis
550 4288 680 4361 ipse
713 4288 978 4349 omnium
1005 4288 1253 4351 Creator
1283 4300 1340 4351 et
1367 4290 1653 4352 Conditor
1688 4290 2014 4367 ignoretur.

434 4372 532 4439 IX.
566 4375 701 4437 Hrec
728 4386 924 4438 autem
958 4398 1090 4439 cum
1118 4379 1392 4453 dixisset,
1426 4380 1587 4441 velut
1614 4398 1681 4440 ex
1717 4398 1833 4439 uno
1866 4397 2015 4441 con-

2107 1946 2201 2007 tiae
2224 1956 2571 2022 sectatores,
2592 1956 2650 2009 et
2680 1948 2971 2029 vaniloqui
2995 1948 3160 2022 estis,
3184 1949 3286 2028 qui
3309 1949 3616 2011 veritatem
3644 1969 3762 2011 non

2107 2035 2164 2097 iu
2228 2036 2605 2117 simplicibus
2650 2037 2867 2117 verbis,
2904 2038 3007 2099 sed
3061 2039 3117 2098 in
3156 2038 3403 2099 versutis
3434 2048 3495 2100 et
3527 2040 3765 2102 callidis

2104 2125 2348 2187 creditis
2375 2125 2669 2206 habitare,
2698 2137 2755 2188 et
2780 2127 3243 2189 innumerabilia
3274 2128 3593 2190 verborum
3620 2149 3760 2209 pro-

2104 2215 2294 2290 fertis,
2330 2216 2504 2277 unius
2535 2217 2703 2278 verbi
2740 2234 3113 2297 nequaquam
3155 2217 3343 2296 pretio
3381 2218 3755 2297 pensitanda.

2104 2305 2255 2379 Quid
2290 2324 2431 2383 ergo
2460 2307 2675 2384 putatis
2706 2310 2970 2367 futurum
2996 2308 3070 2368 de
3122 2308 3310 2374 vobis.
3345 2326 3446 2368 vos
3477 2326 3510 2368 ο
3564 2310 3768 2371 omnis

2106 2395 2279 2457 turba
2316 2394 2679 2471 Grzncorum,
2702 2397 2750 2456 si
2776 2397 3188 2476 eritjudicium
3220 2396 3511 2470 Dei,sicut
3539 2399 3649 2460 iste
3666 2400 3763 2461 di-

2102 2482 2239 2545 cit?
2290 2484 2407 2546 Sed
2459 2505 2642 2565 nunc,
2690 2486 3037 2547 omittentes
3073 2487 3273 2547 ridere
3319 2488 3377 2548 iu
3434 2489 3762 2567 perniciem

2101 2574 2284 2634 vestri
2318 2575 2508 2634 virum
2542 2575 2725 2653 hunc,
2778 2576 3138 2653 respondeat
3190 2577 3334 2637 mihi
3380 2579 3481 2653 qui
3540 2578 3660 2640 vult
3694 2598 3767 2642 ex

2100 2662 2284 2732 vobis,
2317 2664 2596 2742 quoniam
2620 2665 2863 2741 quidem
2882 2666 3013 2725 solo
3043 2664 3250 2725 latratu
3271 2676 3462 2727 vestro
3485 2666 3764 2731 obturba‘

2106 2754 2177 2812 tis
2207 2755 2382 2813 etiam
2410 2771 2617 2814 eorum
2652 2774 2855 2828 aures,
2900 2756 2997 2835 qui
3057 2756 3201 2817 salvi
3232 2775 3367 2819 esse
3416 2758 3643 2837 volunt,
3704 2773 3768 2821 et

2105 2850 2334 2903 mentes
2369 2862 2499 2923 quae
2531 2844 2601 2903 ad
2640 2844 2819 2904 fidem
2856 2855 3074 2923 parata:
3094 2854 3255 2919 sunt,
3287 2846 3363 2907 ad
3392 2847 3769 2911 inﬁdelitatis

2102 2932 2335 3011 lapsum
2372 2933 2577 2993 vestris
2599 2931 3121 2994 obturbationibus
3146 2934 3483 2996 declinatis:
3511 2956 3641 3016 quae
3668 2957 3765 2999 vo-

2104 3021 2194 3082 bis
2226 3022 2339 3083 erit
2372 3041 2633 3102 unquam
2690 3024 2892 3103 venia,
2920 3024 3023 3103 qui
3082 3025 3418 3087 Divinitatis
3462 3033 3760 3103 nuntium,

2104 3111 2546 3189 promittentem
2584 3112 2756 3174 uobis
2790 3114 3154 3189 agnitionem
3185 3114 3313 3193 Dei,
3349 3116 3557 3177 ridetis
3588 3127 3646 3178 et
3680 3120 3766 3179 in—

2094 3200 2274 3281 juriis
2294 3202 2577 3264 atﬁcitis‘.’
2606 3222 2784 3279 quem
2815 3204 3019 3283 utique
3044 3204 3276 3264 etiamsi
3305 3205 3450 3266 nihil
3499 3207 3769 3269 veritatis

2101 3292 2362 3365 all‘erret,
2401 3310 2504 3371 pro
2545 3295 2671 3372 ipso
2710 3302 2909 3355 tamen
2946 3293 3327 3371 benignitatis
3349 3312 3489 3375 erga
3509 3314 3609 3357 vos
3632 3316 3764 3377 pro-

2104 3382 2316 3461 posito,
2352 3392 2582 3460 gratum
2612 3393 3044 3464 acceptumque
3079 3382 3298 3446 habere
3346 3385 3675 3449 deberetis.

2182 3473 2259 3534 Χ.
2293 3470 2429 3533 Haec
2454 3482 2512 3534 et
2540 3473 2631 3533 his
2649 3473 2867 3533 similia
2885 3492 3018 3534 cum
3038 3476 3765 3556 prosequerenplurimus

2099 3562 2344 3622 astantis
2375 3563 2571 3643 populi
2594 3562 2867 3624 fremitus
2888 3564 3469 3644 concitabatur,dum
3494 3567 3597 3628 alii
3631 3568 3748 3630 vel-

2102 3661 2161 3711 ut
2192 3671 2330 3730 erga
2358 3653 2654 3729 hospitem
2696 3654 3081 3715 miseratione
3112 3664 3765 3729 moverentur,tneum-

2098 3761 2214 3822 que
2229 3761 2570 3803 sermonem
2592 3752 2653 3803 ut
2674 3754 3112 3824 consequenter
3127 3742 3389 3805 habitum
3414 3744 3764 3825 probarent,

2096 3833 2197 3894 alii
2226 3833 2560 3911 petulantes
2583 3843 2641 3892 et
2665 3834 2891 3907 stolidi,
2920 3834 2978 3894 in
3016 3852 3109 3894 me
3132 3854 3370 3915 quoque
3414 3838 3661 3916 pariter,
3698 3847 3761 3899 ut

2098 3922 2156 3981 in
2192 3921 2539 3983 Barnabaui,
2578 3922 2855 3983 eﬂ‘reuati
2877 3924 3063 3984 animi
3088 3924 3462 3985 iracundiam
3488 3928 3761 3989 concita-

2097 4022 2250 4073 rent.
2282 4014 2395 4073 Sed
2423 4030 2555 4073 cum
2584 4014 2652 4073 ad
2674 4031 2982 4091 vesperam
3001 4014 3123 4093 jam
3142 4014 3474 4075 declinaret
3494 4014 3752 4096 dies,ap-

2101 4104 2399 4181 prehensa
2417 4101 2701 4164 Barnabas
2726 4104 2993 4183 dextera,
3011 4102 3415 4165 obluctantem
3442 4105 3577 4166 licet
3592 4122 3749 4183 eum,

2098 4193 2169 4251 ad
2202 4211 2390 4252 meam
2429 4200 2624 4251 tamen
2656 4192 2877 4252 adduxi
2904 4194 3176 4272 domum,
3205 4203 3383 4273 atque
3408 4194 3487 4255 ibi
3513 4210 3747 4253 manere

2100 4282 2233 4352 feci,
2273 4302 2346 4342 ne
2379 4283 2517 4357 quis
2561 4283 2712 4342 forte
2758 4302 2826 4343 ex
2875 4282 3123 4344 indocili
3159 4284 3333 4361 vulgo
3380 4283 3654 4362 injiceret
3699 4284 3751 4344 ei

2104 4391 2335 4435 manus.
2371 4372 2770 4451 Aliquantulis
2805 4373 2983 4451 igitur
3013 4373 3227 4435 diebus
3261 4391 3376 4434 una
3404 4374 3603 4451 positi,
3636 4372 3747 4433 dis-

353 4482 557 4534 sensu,
580 4466 1027 4547 indisciplinato
1053 4488 1154 4531 ore
1177 4488 1385 4531 omnes
1414 4469 1591 4531 simul
1625 4469 1811 4531 risum
1837 4468 2016 4531 dede-
2042 4473 2340 4540 Dserente
2372 4480 2441 4522 eo
2491 4460 2761 4545 [paucis],
2790 4481 3135 4524 sermonem
3180 4463 3446 4524 veritatis
3502 4462 3761 4525 libenter

350 4572 437 4628 re,
474 4556 745 4618 incutere
769 4558 823 4618 ei
841 4560 1258 4620 verecundiam
1273 4580 1341 4621 ac
1362 4559 1663 4620 silentium
1698 4558 2008 4638 imponere

350 4645 945 4725 cupientes,barbaru
958 4668 1132 4729 mque
1154 4658 1210 4711 et
1234 4650 1427 4711 minus
1445 4668 1606 4710 suum
1631 4650 1846 4711 mentis
1869 4668 2003 4710 eum

351 4735 778 4799 acclamantes.
806 4737 926 4816 Ego
949 4758 1083 4801 vero
1109 4759 1242 4800 cum
1266 4741 1387 4801 haec
1415 4740 1495 4800 ita
1519 4739 1644 4799 fieri
1667 4758 2002 4817 cernerem,

348 4826 475 4889 zelo
507 4827 761 4905 quodam
809 4831 1012 4892 nescio
1033 4830 1191 4891 unde
1216 4831 1578 4910 repletus,ac
1603 4829 1881 4907 religioso
1918 4828 2006 4888 fu.

350 4934 486 4978 rore
517 4935 867 4991 succensus,
892 4920 1070 4981 silere
1102 4939 1218 4981 non
1250 4921 1437 5001 potui,
1460 4920 1563 4980 sed
1591 4938 1730 4981 cum
1749 4919 1911 4980 omni
1937 4920 2007 4979 Ii-

348 5006 577 5068 bertate
600 5008 1022 5087 proclamans:
1082 5010 1435 5073 Rectissime
1496 5012 1673 5084 Deus,
1740 5010 2007 5090 inquam,

2100 4553 2412 4615 audiebam
2446 4575 2459 4629 ;
2494 4552 2741 4630 urgebat
2766 4561 2960 4615 tamen
2989 4553 3443 4634 profectionem,
3469 4552 3679 4614 dicens
3696 4571 3761 4615 se

2095 4644 2256 4706 diem
2290 4643 2502 4705 festqu
2529 4643 2839 4720 religionis
2863 4662 3009 4722 sua},
3038 4643 3141 4719 qui
3168 4642 3533 4723 immineret,
3559 4642 3758 4703 omni-

2098 4734 2290 4794 modis
2312 4733 2465 4811 apud
2499 4733 2763 4792 Judaeum
2799 4732 3270 4803 celebraturum,
3309 4732 3513 4811 ibique
3546 4731 3623 4793 de
3657 4750 3759 4793 re-

2095 4824 2261 4903 liquo
2294 4841 2430 4883 cum
2467 4825 2590 4882 suis
2618 4822 2849 4883 civibus
2879 4839 2947 4883 ac
2966 4822 3247 4883 fratribus
3276 4839 3759 4902 permansurum,

2094 4912 2404 4974 evidenter
2437 4912 2710 4973 indicans
2738 4912 2974 4992 injuriae
3004 4929 3070 4973 se
3100 4911 3350 4973 horrore
3386 4912 3757 4989 perculsum.

2176 5006 2283 5067 XI.
2318 5002 2591 5079 Denique
2623 5021 2758 5062 cum
2794 5020 2897 5080 ego
2926 5001 3213 5063 dicerem:
3249 5001 3334 5063 Tu
3363 5000 3507 5062 mihi
3532 5011 3755 5064 tantum

1688 5166 2098 5235 COTELERII
2146 5165 2404 5231 NOTAE.

426 5329 556 5411 (19)
589 5330 716 5391 Cur
747 5333 835 5411 ita
863 5331 1068 5409 factus
1096 5330 1859 5411 essetculetﬂierouymus
1885 5331 1923 5395 Ι.
1954 5348 1997 5395 ι.

346 5409 643 5493 atloersus
680 5409 1143 5492 I'etagimtos,7:
1177 5413 1507 5493 Elephanti
1538 5409 2001 5481 tonloemotis,et

343 5489 602 5572 grypch
627 5492 689 5550 in
712 5508 822 5572 sua
846 5489 1151 5570 gravitate
1169 5489 1522 5564 causentur,
1559 5508 1674 5554 cur
1695 5496 2005 5572 quaternis

342 5569 596 5653 pedibus
623 5569 904 5653 invectam
918 5590 1009 5645 ,ευ
1020 5592 1082 5633 γη
1110 5594 1323 5635 must
1344 5569 1774 5653 pulicesquekl
1792 5580 2005 5634 (ωεστ-ιι

345 5650 697 5735 bujusmodt'
728 5655 1071 5735 dirimuntur
1097 5656 1202 5714 sub
1221 5653 1488 5735 penullis
1511 5650 1682 5715 senos
1696 5656 1873 5735 pedes
1896 5655 1969 5713 ha
1997 5684 2002 5690 -

346 5730 524 5792 beant
550 5751 567 5804 ;
603 5739 659 5793 et
691 5731 883 5809 aliqui
911 5730 1238 5797 vermiculi’
1259 5737 1409 5812 sint,
1434 5730 1744 5813 quitanti's
1761 5734 2011 5815 pedibus

2081 5333 2451 5400 scuteaut,ut
2476 5326 2957 5391 innumerabiles
2975 5324 3161 5387 simul
3186 5329 3383 5386 motus
3401 5322 3577 5386 nulla
3595 5324 3762 5386 acies

2083 5405 2571 5489 comprehendat.
2612 5407 2682 5469 Et
2713 5424 2775 5470 Ill
2828 5414 3036 5469 contra
3094 5404 3413 5489 Ruﬁnum,
3466 5405 3505 5489 8
3542 5425 3555 5467 :
3593 5405 3762 5483 Ergo

2088 5486 2223 5554 nisi
2242 5490 2349 5553 tibi
2379 5488 2675 5549 rationem
2704 5489 3042 5559 reddidero,
3066 5504 3255 5566 quare
3282 5486 3576 5562 formica,
3597 5502 3758 5565 par-

2092 5591 2229 5633 tum
2259 5570 2493 5630 animal
2523 5577 2580 5649 et
2610 5576 2927 5649 punctum,
2948 5572 3143 5649 utita
3186 5566 3415 5638 dicam,
3449 5568 3755 5649 corporis,

2092 5670 2198 5714 30.1:
2226 5651 2399 5729 pedes
2432 5646 2648 5712 habent
2680 5673 2702 5721 ;
2734 5669 2865 5712 cum
2899 5646 3274 5727 elephantus,
3339 5652 3513 5709 tanta
3542 5648 3757 5720 moles,

2095 5739 2358 5817 quatuor
2390 5730 2639 5811 pedibus
2683 5732 2944 5797 incedat.

3810 1875 3877 2043 \
