4138 6476
289 366 446 463 i213

1511 359 2161 423 BECOGNITIONUM
2204 357 2345 421 LIB.
2399 362 2448 421 Ι.

3524 362 3686 424 1214

285 497 756 581 ejusviri,quem
780 492 1550 583 apparuissedicis,expone
1574 491 1931 568 doctrinam,
1959 500 1995 548 Α
2102 493 2258 555 XIII.
2294 491 2368 554 At
2404 490 2872 583 benignissimus
2896 496 3136 583 Petrus,
3171 493 3371 556 audito
3418 495 3686 583 nomine,

287 597 344 652 et
364 606 473 669 ego
507 586 656 648 meis
676 582 1057 648 sermonibus
1086 590 1188 643 tua
1211 582 1366 644 dicta
1397 599 1933 663 componens,om-
2019 598 2344 642 accurrens
2377 582 2646 661 protinus
2677 581 2915 644 inhaesit
2951 582 3174 644 osculis
3233 584 3404 663 meis,
3455 593 3513 646 et
3556 581 3687 665 post

285 678 608 761 nipotentis
634 676 742 739 Dei
776 692 1022 750 regnum
1046 672 1464 754 justitiamque
1491 670 1846 752 praedicabo,
1879 679 1937 733 et

285 776 418 851 post
439 769 566 830 haec
595 771 644 828 si
679 764 959 839 volueris,
990 764 1165 825 etiam
1192 761 1481 842 navigabo
1513 770 1730 837 tecum,
1763 761 1937 823 valde

283 859 441 922 enim
462 856 662 918 videre
687 855 862 935 cupio
886 853 1174 927 Iudaeam,
1203 851 1504 914 vobiscum
1522 851 1789 913 fortassis
1809 869 1942 931 per-

283 957 461 1030 petuo
495 962 947 1028 permansurus.
988 943 1075 1004 Ad
1115 944 1236 1005 haec
1269 943 1370 1003 ille
1407 963 1420 999 :
1456 941 1568 1021 Tu,
1631 941 1844 1023 inquit,
1889 942 1939 1003 si

282 1038 524 1120 quidem
555 1036 758 1097 videre
785 1035 870 1095 vis
897 1032 1144 1112 patriam
1178 1032 1787 1111 nostram,etdiscere
1807 1050 1940 1109 quae

281 1127 614 1200 desideras,
635 1126 757 1204 jam
785 1142 946 1185 nunc
971 1139 1203 1186 mecum
1229 1121 1454 1201 pariter
1471 1123 1697 1200 naviga;
1729 1123 1779 1182 si
1798 1139 1937 1183 vero

285 1225 338 1279 te
368 1216 590 1298 aliquid
624 1223 807 1294 tenet,
842 1213 1015 1292 signa
1044 1212 1146 1273 tibi
1182 1211 1564 1274 habitationis
1587 1218 1808 1272 nostra)
1838 1213 1940 1272 de-

281 1307 638 1389 relinquam,
670 1314 732 1365 ut
753 1323 886 1365 cum
913 1302 1116 1364 venire
1141 1301 1700 1376 volueris,invenire
1723 1302 1896 1362 nosfa
1917 1336 1939 1349 -

280 1398 393 1460 cile
427 1397 645 1477 possis;
664 1413 771 1472 ego
797 1394 956 1456 enim
984 1393 1243 1454 crastino
1265 1391 1384 1455 iter
1403 1391 1936 1470 aggrediar.Quem

279 1486 382 1549 ubi
415 1484 786 1546 immobilem
814 1482 955 1562 vidi,
990 1481 1278 1543 descendi
1310 1499 1445 1542 cum
1483 1482 1613 1561 ipso
1637 1499 1828 1563 usque
1863 1481 1938 1543 ad

279 1585 538 1658 portum,
571 1592 640 1635 ac
667 1573 986 1652 diligenter
1006 1570 1079 1632 ab
1111 1589 1180 1632 eo
1202 1571 1394 1650 signa,
1424 1589 1554 1650 quae
1576 1571 1942 1652 dixerat,ha-

2022 669 2152 730 haec
2177 689 2310 731 cum
2348 672 2566 732 sedere
2588 691 2682 731 me
2718 671 2982 746 fecisset,
3019 671 3121 733 ait:
3145 673 3304 734 Bene
3327 672 3518 736 fecisti
3544 693 3689 754 prae-

1991 787 1994 789 λ
2023 758 2351 822 dicatorem
2382 761 2650 822 veritatis
2665 762 2922 842 hospitio
2939 762 3575 843 recipereBarnabam,
3589 764 3683 824 ni-

2025 847 2107 910 hil
2141 849 2362 911 veritus
2383 851 2587 931 populi
2613 851 2968 914 insanientis
2993 853 3282 928 furorem;
3311 852 3520 914 beatus
3538 855 3683 916 eris.

2023 942 2191 1005 Sicut
2224 945 2384 1005 enim
2415 949 2477 1008 tu
2511 945 2767 1024 legatum
2798 946 3062 1008 veritatis
3100 947 3260 1008 omni
3316 948 3545 1010 honore
3589 948 3686 1008 di-

2022 1052 2202 1112 gnum
2219 1034 2547 1109 duxisti,ita
2571 1044 2626 1097 te
2645 1055 2886 1116 quoque
2909 1037 3388 1117 peregrinantem
3414 1046 3472 1100 et
3491 1039 3688 1118 hospi-

2026 1131 2141 1185 tem
2165 1125 2382 1186 veritas
2423 1127 2552 1206 ipsa
2598 1128 2902 1206 suscipiet,
2939 1136 2996 1188 et
3019 1128 3205 1188 civem
3243 1129 3494 1209 propriae
3521 1130 3687 1191 urbis

2025 1214 2306 1290 ascribet,
2343 1225 2400 1276 et
2428 1225 2563 1278 tunc
2596 1216 2702 1278 tibi
2737 1218 2849 1278 erit
2876 1217 3156 1295 gaudium
3193 1236 3491 1297 magnum,
3527 1219 3686 1300 quod

2024 1306 2293 1383 exiguam
2311 1324 2472 1368 nunc
2486 1306 2564 1366 im
2575 1307 2837 1386 partiens
2852 1309 3096 1384 gratiam
3110 1315 3486 1381 ,zeternorum
3505 1307 3687 1368 bono.

2021 1410 2154 1454 rum
2192 1394 2382 1457 haeres
2414 1396 2724 1458 scriberis.
2757 1395 2925 1458 Nunc
2951 1415 3095 1474 ergo
3121 1415 3194 1457 ne
3225 1395 3463 1458 labores
3493 1416 3685 1477 expo-

2025 1500 2170 1543 nere
2205 1483 2352 1544 mihi
2377 1487 2640 1545 animum
2666 1497 2830 1546 tuum
2860 1505 2875 1562 ;
2906 1495 3120 1552 cuncta
3153 1487 3313 1548 enim
3348 1487 3423 1549 de
3455 1495 3508 1549 te
3536 1487 3689 1550 etde

2027 1571 2297 1634 moribus
2323 1574 2436 1634 tuis
2458 1574 2763 1636 Barnabas
2787 1575 2950 1637 ﬁdeli
2968 1593 3253 1638 sermone
3272 1575 3692 1658 edocuit,quo-

278 1664 582 1728 bitationis
611 1663 840 1743 accepi,
879 1662 1088 1724 dicens
1115 1660 1344 1740 ei:quia
1363 1661 1478 1721 nisi
1502 1661 1938 1742 aliquantulum
2026 1661 2172 1723 tidie
2191 1680 2343 1742 pene
2366 1669 2422 1724 et
2443 1663 2862 1727 indesinenter
2883 1665 3176 1727 bonorum
3202 1677 3437 1728 tuorum
3461 1685 3690 1729 memo-

284 1757 554 1836 pecuniae
584 1753 926 1816 necessario
962 1752 1104 1812 mihi
1131 1759 1291 1815 esset
1313 1770 1346 1812 a
1376 1750 1746 1813 debitoribus
1768 1769 1941 1831 repo-
2023 1749 2171 1812 riam
2197 1752 2576 1832 repetens.Et
2599 1763 2661 1816 ut
2693 1754 2794 1815 tibi
2823 1754 3388 1836 breviter,tanquam
3415 1756 3688 1818 unanimi

276 1846 590 1926 scendum,
623 1844 770 1906 nihil
803 1843 1048 1904 omnino
1071 1842 1402 1922 ditl‘errem,
1431 1841 1718 1904 velociter
1740 1851 1936 1903 tamen
1964 1842 1999 1892 Β
2017 1840 2140 1919 jam
2160 1842 2552 1920 amico,quod
2579 1843 2640 1904 in
2665 1860 2730 1908 re
2752 1853 2841 1906 est
2861 1844 3389 1920 deﬁniam,sinibil
3413 1854 3504 1909 est
3525 1846 3687 1928 quod

275 1936 560 2017 inseqnar
588 1936 706 1999 iter
731 1943 916 1995 tuum.
953 1937 1098 1997 Cum
1131 1933 1259 1994 haec
1291 1932 1598 2008 dixissem,
1624 1951 1938 1994 commen-

278 2025 413 2086 dato
444 2044 514 2086 eo
535 2023 820 2086 attentius
849 2023 967 2102 his,
993 2023 1092 2104 qui
1123 2022 1250 2083 navi
1285 2029 1604 2103 praeerant,
1629 2039 1938 2100 regressus

279 2133 407 2175 sum
427 2114 630 2178 tristis.
665 2112 930 2176 Habebat
955 2114 1116 2173 enim
1142 2110 1592 2187 mgrecordatio
1617 2120 1940 2174 consuetu-

278 2205 436 2267 diuis
459 2205 596 2266 boni
630 2203 881 2284 hospitis
915 2213 971 2264 et
994 2202 1201 2284 optimi
1232 2201 1431 2265 amici.

358 2295 480 2358 XII.
513 2295 733 2356 Diebus
760 2302 958 2358 autem
995 2294 1198 2373 paucis
1225 2300 1586 2367 remoratus,
1615 2301 1671 2354 et
1698 2292 1784 2354 his
1805 2313 1935 2374 quae

203 2415 207 2424 ι
278 2385 655 2449 debebantur
685 2403 753 2445 ex
806 2391 968 2463 parte
1031 2383 1229 2463 aliqua
1281 2383 1604 2462 proﬂigatis
1659 2382 1934 2461 (plurima

276 2476 434 2538 enim
463 2475 779 2537 festinandi
811 2473 1005 2534 studio
1032 2472 1288 2552 neglexi,
1314 2491 1392 2534 ne
1422 2491 1455 2533 a
1479 2474 1781 2553 proposito
1813 2474 1931 2533 im-

277 2567 567 2649 pedirer),
605 2565 902 2644 enavigavi
928 2563 1211 2625 continuo
1272 2563 1330 2622 in
1390 2562 1681 2644 Judaeam,
1717 2573 1774 2624 et
1805 2566 1939 2643 post

278 2657 406 2720 dies
429 2655 772 2737 quindecim
806 2653 1608 2734 CaesareamStratonis,qu:e
1635 2661 1724 2715 est
1748 2653 1939 2716 Palze-

2028 1939 2085 1991 te
2108 1930 2416 2012 impediat,
2453 1933 2569 1994 iter
2597 1934 3064 2016 agenobiscum,
3099 1942 3157 1996 et
3178 1935 3317 2000 audi
3347 1955 3689 1998 sermonem

2021 2021 2310 2096 veritatis,
2342 2041 2520 2103 quem
2567 2023 2826 2085 habituri
2852 2043 3060 2086 sumus
3091 2043 3198 2105 per
3248 2025 3377 2087 loca
3425 2025 3684 2106 singula,

2025 2129 2338 2192 usquequo
2371 2112 2443 2173 ad
2473 2113 2657 2194 ipsam
2679 2113 2852 2174 nobis
2872 2115 3344 2194 perveniendum
3378 2117 3454 2177 sit
3477 2116 3684 2178 urbem

2021 2197 2271 2261 Romam
2311 2221 2327 2277 ;
2360 2211 2420 2264 et
2452 2222 2612 2264 nunc
2644 2211 2703 2263 tu
2737 2204 2786 2264 si
2813 2204 2956 2284 quid
2983 2203 3314 2278 desideras,
3349 2204 3550 2270 dicito.

2097 2289 2259 2353 XIV.
2281 2290 2546 2373 Cumque
2566 2293 2618 2354 ei
2641 2294 3230 2373 exposuissem.quid
3256 2295 3328 2355 ab
3356 2295 3529 2356 initio
3558 2313 3689 2375 ιιι-οι

2019 2383 2191 2465 positi
2213 2385 2590 2464 gesserim,et
2619 2385 2920 2465 quomodo
2947 2406 3052 2466 per
3071 2390 3278 2449 inanes
3302 2389 3524 2450 effusus
3549 2388 3658 2449 sim

2019 2475 2379 2554 quaestiones
2430 2475 2511 2552 [et
2544 2475 2642 2536 illa
2669 2477 3031 2556 omniaquae
3058 2478 3185 2551 tibi,
3215 2478 3457 2541 domino
3480 2479 3560 2539 mi
3580 2477 3685 2542 Ja-

2022 2562 2194 2650 cobe,
2234 2563 2292 2624 in
2315 2564 2626 2645 principiis
2649 2566 2921 2644 iudicavi,
2953 2568 3037 2628 uti
3078 2587 3152 2629 ne
3185 2569 3394 2629 eadem
3419 2578 3683 2650 repetam
3776 2617 3781 2623 .

2019 2649 2118 2730 5‘],
2157 2653 2415 2715 libenter
2439 2655 2709 2733 promisi,
2747 2675 2881 2716 cum
2905 2657 3033 2737 ipso
3067 2677 3161 2719 me
3195 2658 3307 2719 iter
3357 2649 3629 2719 acturum
3670 2679 3686 2735 ;

279 2747 449 2808 stinae
473 2746 616 2808 urbs
642 2745 922 2818 maxima,
949 2743 1238 2823 appulsus
1282 2761 1436 2805 sum.
1490 2746 1759 2824 Cumque
1811 2753 1939 2811 navi
2024 2743 2136 2804 hoc
2169 2751 2256 2804 est
2275 2744 2460 2822 enim,
2487 2745 2604 2825 aio,
2638 2747 2793 2826 quod
2821 2746 3214 2826 cupidissime
3238 2747 3683 2828 exspectabam.

283 2832 1945 2917 egressus,hospitiumquaererem,rumorepopulicom-
2028 2834 2450 2897 Verumtamen
2485 2837 2647 2914 prius
2680 2835 2826 2896 mihi
2859 2837 3031 2914 cupio
3068 2837 3367 2898 rationem
3418 2836 3685 2898 veritatis

282 2928 411 3008 peri
447 2927 605 3009 quod
635 2923 847 2987 Petrus
880 2923 1145 3005 quidam,
1169 2922 1327 2983 illius
1358 2923 1457 3002 qui
1507 2922 1567 2982 in
1600 2923 1800 2984 Judeea
1831 2942 1940 3003 ap-
2027 2923 2265 3002 exponi,
2305 2933 2363 2983 ut
2394 2925 2602 3004 sciam,
2641 2925 2690 2985 si
2724 2924 3007 2996 mortalis,
3063 2945 3139 2987 an
3199 2927 3552 2988 immortalis
3612 2926 3690 2987 sit

281 3017 501 3097 paruit,
537 3025 596 3077 et
627 3017 796 3095 signa
825 3014 1010 3075 multa
1040 3031 1107 3074 ac
1141 3012 1405 3092 prodigia
1455 3011 1739 3073 divinitus
1775 3025 1944 3092 gesta
2028 3012 2252 3094 anima,
2292 3021 2350 3073 et
2381 3015 2430 3073 si
2482 3014 2863 3095 immortalis,
2902 3024 3100 3078 utrum
3136 3035 3242 3097 pro
3275 3017 3366 3076 his
3410 3035 3543 3096 quze
3591 3015 3689 3077 hic

281 3108 439 3169 inter
469 3105 745 3168 homines
775 3103 1058 3183 ostendit,
1097 3101 1431 3178 discipulus
1456 3101 1938 3180 probatissiinus,
2028 3101 2172 3182 agit,
2196 3102 2450 3163 ducatur
2492 3102 2895 3182 adjudicium.
2934 3103 3048 3168 Sed
3085 3114 3145 3167 et
3180 3124 3312 3185 quae
3335 3105 3410 3166 sit
3433 3105 3686 3186 justitia,

283 3197 540 3258 crastino
573 3214 709 3258 cum
745 3193 988 3257 Simone
1019 3192 1274 3273 quodam
1329 3191 1700 3254 Samaritana
1742 3211 1810 3252 ex
1837 3211 1938 3253 ca-
1962 3215 2002 3266 ε
2028 3210 2162 3267 quae
2193 3191 2318 3253 Deo
2353 3193 2602 3271 placeat,
2638 3193 2795 3255 scire
2839 3193 3138 3257 desidero.
3185 3194 3336 3255 Tum
3373 3204 3686 3274 praeterea,

279 3286 457 3350 stello
505 3285 842 3350 Gethonum
877 3283 1028 3363 (l3),
1065 3281 1377 3343 habiturus
1428 3290 1588 3342 esset
1622 3281 1938 3343 verborum

278 3379 799 3454 quaestionumque
832 3382 1160 3435 certamen.
1207 3369 1434 3443 Quibus
1452 3389 1563 3450 ego
1583 3371 1826 3445 auditis,
1854 3390 1942 3432 ro-

276 3466 484 3546 gabam
506 3463 902 3528 demonstrari
929 3461 1072 3523 mihi
1091 3462 1223 3540 ejus
1249 3460 1596 3540 hospitium;
1623 3460 1778 3540 quod
1805 3480 1939 3522 cum

276 3555 663 3638 reperissem,
698 3563 874 3635 atque
896 3561 1031 3614 ante
1063 3551 1221 3612 fores
1251 3550 1680 3623 constitissem,
1707 3551 1942 3630 iugere-

279 3646 412 3709 bam
438 3646 714 3727 janitori,
741 3645 1014 3726 quisnam
1047 3659 1242 3703 essem
1264 3649 1444 3721 atque
1466 3641 1627 3701 unde
1650 3641 1939 3703 adventa-

277 3754 405 3798 rem
431 3758 454 3808 ;
479 3743 536 3796 et
556 3753 698 3796 ecce
728 3733 1029 3795 Barnabas
1055 3730 1408 3810 procedens,
1439 3730 1634 3791 statim
1661 3741 1724 3791 ut
1751 3750 1844 3793 me
1865 3733 1943 3792 vi.

279 3826 387 3902 dit,
404 3825 467 3888 in
485 3825 832 3904 complexus
856 3841 1020 3885 meos
1039 3822 1323 3895 cucurrit,
1347 3821 1558 3899 gaudio
1583 3821 1940 3902 lacrymans,

277 3925 458 3997 atque
487 3914 929 3996 apprehensum
954 3933 1049 3974 me
1081 3930 1256 3972 manu
1287 3911 1704 3972 introducebat
1725 3913 1796 3973 ad
1820 3911 1939 3974 Pe-

279 4014 456 4069 trum.
495 4005 683 4079 Quem
710 4023 843 4066 cum
870 4004 1013 4065 mihi
1041 4003 1279 4063 eminus
1302 3998 1807 4064 ostendissetzﬂic
1827 4011 1938 4084 est,

276 4095 490 4177 inquit,
522 4100 751 4176 Petrus,
779 4113 957 4176 quem
985 4093 1090 4156 tibi
1121 4093 1445 4154 maximum
1472 4109 1605 4152 esse
1629 4093 1688 4152 in
1714 4092 1817 4153 Dei
1849 4112 1940 4153 sa-

279 4185 503 4265 pientia
533 4187 827 4257 dicebam,
856 4185 1074 4265 cuique
1114 4183 1188 4243 de
1222 4191 1277 4243 te
1310 4200 1517 4243 rursus
1546 4181 1679 4243 sine
1731 4202 1936 4244 cessa-

282 4276 441 4338 tione
465 4277 697 4339 locutus
729 4296 884 4338 sum.
922 4274 1242 4354 Ingredere
1268 4272 1749 4352 igiturtanquam
1784 4272 1938 4334 bene

283 4368 340 4428 ei
375 4366 669 4443 cognitus.
701 4366 914 4427 Omnia
947 4366 1104 4425 enim
1138 4380 1270 4441 quae
1295 4363 1353 4420 in
1389 4369 1442 4421 te
1465 4370 1602 4422 sunt
1630 4360 1806 4441 bona,
1834 4381 1936 4423 ve-

277 4454 516 4514 rissime
547 4454 860 4534 comperit,
897 4461 955 4514 et
987 4451 1340 4529 religiosum
1370 4449 1737 4528 propositum
1770 4459 1935 4512 tuum

2025 3281 2299 3344 sifactus
2353 3290 2440 3343 est
2475 3283 2758 3362 mundus,
2817 3284 2906 3346 vel
2960 3301 3142 3364 quare
3202 3284 3410 3363 factus,
3473 3294 3576 3344 aut
3636 3284 3684 3344 si

2025 3369 2348 3431 solvendus
2399 3381 2511 3446 est,
2556 3390 2628 3432 an
2679 3372 2739 3433 in
2773 3373 2988 3434 melius
3018 3374 3419 3449 reuovandus,
3477 3381 3579 3435 aut
3635 3374 3684 3434 si

2028 3460 2272 3524 omnino
2309 3469 2439 3540 post
2467 3461 2591 3522 hac
2620 3480 2738 3523 non
2771 3463 2883 3524 erit
2912 3463 3194 3537 mundus,
3224 3472 3280 3524 et
3311 3481 3388 3524 ne
3421 3480 3527 3542 per
3557 3464 3683 3524 sin-

2028 3551 2166 3628 gula
2201 3550 2574 3630 progrediar,
2601 3551 2727 3613 haec
2754 3561 2931 3632 atque
2967 3553 3178 3614 horum
3241 3553 3457 3614 similia
3508 3563 3572 3613 ut
3620 3571 3685 3614 se

2026 3640 2307 3720 habeant,
2342 3641 2576 3704 disciire
2609 3660 2703 3702 me
2734 3643 2884 3704 velle
2924 3643 3230 3724 respondi.
3270 3642 3355 3705 Ad
3390 3643 3515 3704 haec
3567 3642 3683 3704 Pe-

2028 3739 2153 3791 trus
2191 3730 2529 3811 :Breviter,
2563 3731 2778 3813 inquit,
2843 3732 2970 3808 tibi,
3031 3754 3065 3795 o
3123 3733 3424 3804 Clemens,
3480 3750 3682 3795 rerum

2028 3821 2340 3882 scientiam
2376 3821 2628 3901 tradam,
2663 3831 2720 3882 et
2750 3824 3017 3886 ausculta
3043 3825 3167 3904 jam
3203 3842 3386 3885 nunc.

2108 3909 2232 3973 XV.
2260 3909 2548 3973 Voluntas
2595 3913 2702 3974 Dei
2729 3921 2786 3974 et
2817 3914 3134 3975 consilium
3196 3914 3366 3975 latuit
3413 3911 3686 3974 homines

2025 4000 2232 4062 multis
2264 4018 2332 4062 ex
2365 4002 2584 4062 causis.
2625 4002 2827 4064 Primo
2861 4004 3102 4084 quidem
3161 4023 3264 4083 pro
3315 4002 3687 4064 institutione

2027 4091 2316 4169 mala,pro
2345 4091 2757 4152 sodalitatibus
2781 4093 3086 4172 pessimis,
3115 4111 3219 4171 pro
3252 4091 3688 4153 consuetudine

2024 4198 2309 4260 nequam,
2347 4198 2451 4260 pro
2477 4181 2794 4260 colloquiis
2827 4200 2942 4242 non
2977 4181 3173 4262 bonis,
3239 4200 3346 4261 pro
3399 4198 3686 4260 praesum-

2023 4269 2326 4349 ptiouibus
2357 4271 2550 4331 minus
2567 4271 2748 4331 rectis
2771 4270 2847 4343 6⁵,
2888 4289 2993 4348 pro
3019 4272 3132 4344 his,
3169 4273 3435 4351 inquam,
3489 4269 3687 4330 omni-

2019 4358 2155 4434 bus,
2183 4360 2438 4439 primum
2466 4379 2658 4430 error,
2681 4360 2899 4420 deinde
2926 4368 3458 4440 contemptus,tum
3479 4359 3692 4419 inlide-

2021 4448 2156 4511 litas
2179 4458 2236 4510 et
2267 4450 2488 4510 malitia
2511 4451 2562 4529 (1
2580 4450 2661 4522 4),
2692 4449 2932 4510 avaritia
2958 4469 3195 4531 quoque
3221 4459 3278 4511 et
3301 4449 3690 4528 vanajactan-

279 4540 597 4619 diligenter
628 4543 886 4623 agnovit,
919 4561 989 4604 ex
1019 4560 1136 4622 quo
1157 4549 1213 4600 et
1237 4557 1469 4599 summo
1486 4538 1786 4600 desiderio
1809 4542 1930 4620 agi-
1961 4536 2000 4587 ο
2025 4541 2124 4616 tia,
2153 4541 2392 4619 aliaque
2422 4543 2516 4603 bis
2541 4542 2760 4602 similia
2793 4543 2967 4616 mala,
3006 4544 3164 4605 velut
3195 4544 3391 4603 fumus
3441 4540 3682 4622 quidam

278 4638 371 4694 tur
400 4632 641 4695 videndi
674 4643 749 4696 te.
810 4631 983 4696 Unde
1037 4647 1317 4707 magnum
1373 4628 1426 4687 ei
1495 4627 1674 4688 hodie
1723 4649 1938 4691 munus

279 4722 429 4783 meis
465 4730 520 4785 te
555 4723 834 4785 manibus
868 4722 1052 4783 offero
1089 4737 1104 4796 ;
1139 4717 1437 4798 simulque
1465 4716 1662 4778 oblato
1687 4737 1804 4796 me,
1831 4721 1931 4789 ait;

275 4809 384 4874 Hic
415 4819 506 4875 est
535 4812 837 4890 Clemens,
873 4812 1070 4874 Petre.

2025 4632 2374 4710 immensus,
2414 4632 2753 4692 universam
2782 4629 3024 4691 domum
3045 4633 3231 4711 hujus
3257 4631 3460 4692 mundi
3493 4631 3685 4711 reple—

2020 4719 2121 4793 vit,
2159 4730 2219 4783 et
2250 4721 2656 4782 habitantibus
2690 4721 3049 4781 intrinserus
3081 4721 3362 4784 intuendi
3395 4721 3683 4783 Condito-

2019 4828 2144 4871 rem
2167 4829 2365 4886 suum,
2389 4820 2693 4890 aspectum
2719 4808 2972 4871 liberum
3002 4831 3118 4874 non
3143 4811 3535 4891 dedit,neque
3556 4829 3687 4891 quae

331 5046 420 5107 Ν
448 5056 592 5129 Quae
623 5057 794 5118 uncis
819 5052 1191 5126 inclusimus,
1226 5050 1438 5112 desunt
1473 5047 1535 5110 in
1569 5057 1824 5190 utroque
1859 5050 2034 5115 codd.
2071 5052 2260 5129 Lipss.
2297 5059 2356 5112 et
2386 5051 2443 5111 in
2477 5050 2830 5131 quibusdam
2879 5051 3035 5116 aliis.
3120 5052 3184 5104 65
3223 5052 3411 5116 Codd.
3482 5051 3673 5131 Lipss.

331 5137 371 5190 is
401 5146 657 5190 nergunt
683 5156 812 5190 can_
851 5153 978 5190 seri.
1015 5131 1319 5190 vocabulis
1355 5151 1366 5190 :
1400 5127 1722 5190 Imuossibi
1749 5147 1779 5190 e
1806 5149 1944 5190 eruo
1971 5131 2045 5190 de
2075 5133 2250 5190 rebus
2281 5131 2537 5190 divinis.
2573 5139 2718 5190 etc.;
2752 5131 2981 5190 reliaua
3011 5133 3247 5190 desunt.

1704 5148 1719 5190 ι

276 5137 371 5202 his
401 5127 657 5219 pergunt
683 5156 814 5218 cap.
851 5153 978 5216 seq.
1015 5131 1319 5198 vocabulis
1355 5151 1366 5194 :
1400 5127 1698 5211 Impossib

1749 5147 1779 5191 θ
1806 5149 1944 5211 ergo
1971 5131 2045 5195 de
2075 5133 2250 5194 rebus
2281 5131 2537 5208 divinis,
2573 5139 2718 5208 etc.;
2752 5131 2981 5213 reliqua
3011 5133 3247 5196 desunt.

1627 5308 1824 5374 COTE
1834 5309 2032 5373 LERII
2080 5308 2334 5374 NOTAE.

361 5477 477 5551 (l3t
513 5477 622 5540 Ex
649 5476 890 5540 castello
917 5475 1284 5540 Gethonum.
1322 5471 1405 5533 De
1466 5471 1705 5532 nomine
1760 5471 1937 5550 hujus

279 5556 607 5620 viciGrzeco
624 5557 965 5620 diximusad
989 5552 1714 5617 ConstitutionesLatinaa
1735 5562 1935 5612 autem

281 5639 687 5713 expressionis
719 5639 1034 5699 varietates
1056 5634 1285 5697 videbis
1318 5635 1437 5708 hic,
1476 5643 1532 5695 et
1557 5631 1711 5713 infra
1742 5643 1936 5713 capite

282 5712 491 5797 7,libri
513 5717 808 5791 u.Quibus
831 5718 986 5780 adde
1007 5717 1180 5778 aliam
1211 5715 1461 5780 Freculti
1494 5712 1721 5797 to‘m.l_I,
1749 5712 1857 5776 lib.
1892 5732 1932 5790 ι,

283 5793 415 5878 cap.
451 5796 554 5875 20,
582 5799 674 5861 De
696 5803 853 5877 vico,
879 5798 1092 5882 inquit,
1121 5799 1227 5879 qui
1256 5797 1492 5859 dicitur
1514 5793 1750 5859 Gut/to.
1786 5799 1934 5858 (Jor-

2020 5483 2199 5553 rupte
2229 5472 2385 5553 apud
2423 5472 2833 5549 Pliilastrium,
2871 5473 2932 5535 in
2964 5469 3228 5553 Simone:
3258 5473 3344 5535 De
3375 5472 3524 5536 villa
3549 5489 3684 5553 qua:

2020 5562 2103 5614 est
2127 5552 2370 5614 Citheus
2414 5555 2691 5618 vocitata.
2719 5554 2897 5615 Porro
2930 5550 3204 5614 scribere
3236 5563 3468 5631 praestat
3528 5550 3686 5632 peri

2022 5633 2114 5696 vel
2145 5652 2196 5712 c,
2227 5651 2402 5713 quam
2433 5652 2536 5713 per
2565 5654 2601 5713 y
2639 5655 2653 5707 ;
2687 5644 2745 5696 et
2777 5652 2883 5714 per
2908 5653 2944 5692 ιι·
2974 5651 3280 5714 quamiper
3312 5653 3377 5696 η.

2105 5711 2223 5794 (14)
2248 5711 2405 5776 Tum
2435 5711 2853 5793 infidelitas—ct
2879 5711 3116 5776 malitia
3141 5713 3389 5778 Rufinus
3421 5711 3674 5791 legebat,

2019 5796 2279 5876 πονηρία,
2325 5813 2443 5856 non
2475 5798 2690 5876 πορνεία
2703 5843 2714 5858 .
