4138 6432
446 404 597 467 1215

1269 412 1328 473 S.
1376 412 1814 475 CLEMENTIS
1858 414 1881 473 Ι
1930 412 2108 473 ROM.
2159 412 2383 474 PONT.
2428 414 2673 475 OPERA
2726 414 2981 477 DUBIA.

3673 412 3832 479 1216

439 542 495 604 ei
533 551 738 607 essent
768 544 985 624 placita
1020 544 1394 627 pervideudi.
1446 547 1601 622 Quid
1644 548 1825 628 igitur
1874 548 1969 612 his
1997 548 2097 630 qui
2117 552 2158 602 Δ
2179 564 2311 627 qua;
2339 546 2411 608 ad
2443 546 2786 609 melocutus
2806 548 2985 628 est,in
3010 546 3835 628 ordinemredigensdibrum

439 642 579 695 sunt
607 632 973 699 intrinsecus
1001 636 1282 699 convenit
1308 637 1335 698 ?
1366 638 1479 698 nisi
1514 646 1577 699 ut
1596 656 1665 700 ex
1688 637 1916 701 intimis
1940 658 2096 719 prat-

437 724 663 787 eordiis
686 724 946 787 clamore
985 726 1240 807 prolato,
1268 727 1557 789 auxilium
1614 729 1892 792 invocent
1942 732 2090 808 ejus,

439 830 619 893 quem
665 814 857 876 solum
894 816 1107 879 domus
1138 816 1298 878 fumo
1333 818 1562 899 repleta
1596 838 1713 880 non
1756 820 2001 895 claudit,
2035 828 2101 883 ut

437 903 731 965 accedens
788 905 1016 984 aperiat
1042 907 1288 984 januam
1322 906 1560 975 domus.
1595 928 1714 988 quo
1759 909 1939 990 possit
2001 909 2099 970 l'u-

441 1011 573 1053 mus
598 993 838 1075 quidem
871 996 972 1074 qui
1004 997 1365 1059 intrinsecus
1395 997 1668 1070 habetur,
1701 999 1958 1071 excludi,
1994 999 2099 1061 lux

440 1101 579 1145 vero
607 1083 754 1145 solis
782 1104 919 1163 quae
950 1085 1327 1151 extrinsecus
1356 1087 1728 1167 resplendet,
1763 1087 1987 1151 induci.

523 1171 675 1237 XVI.
706 1173 872 1237 Hunc
892 1194 1032 1255 ergo
1052 1178 1149 1256 qui
1174 1176 1245 1238 ad
1268 1177 1559 1239 auxilium
1580 1176 1820 1258 domus,
1843 1179 2100 1258 caligine

445 1262 881 1344 ignorantize,et
916 1266 1194 1327 vitiorum
1226 1266 1383 1329 t‘umo
1410 1267 1675 1345 repletae,
1713 1270 2102 1349 perquiritur,

444 1353 611 1414 illum
647 1372 782 1415 esse
803 1354 1079 1425 dicimus,
1124 1356 1221 1438 qui
1248 1357 1584 1437 appellatur
1642 1376 1814 1419 verus
1839 1359 2102 1439 prophe-

446 1452 502 1505 ta
535 1444 685 1526 (15),
714 1447 821 1523 qui
852 1447 1017 1508 solus
1048 1447 1387 1510 illuminare
1408 1448 1643 1511 animas
1671 1448 1978 1511 hominum
2000 1468 2101 1530 po-

445 1542 584 1609 test,
608 1536 686 1597 ita
705 1546 763 1598 ut
794 1537 981 1599 oculis
1014 1538 1138 1599 suis
1169 1538 1318 1601 viam
1346 1538 1557 1601 salutis
1590 1539 1901 1601 evidenter
1924 1538 2105 1620 inspi-

444 1625 623 1687 ciant.
659 1626 853 1689 Aliter
870 1628 1421 1710 enimimpossibile
1447 1638 1558 1709 est,
1586 1630 1661 1691 de
1686 1630 1866 1692 rebus
1888 1628 2105 1691 divinis

445 1714 804 1797 aeternisque
835 1736 1222 1795 cognoscere,
1257 1720 1373 1780 nisi
1397 1721 1497 1800 qui
1534 1719 1605 1781 ab
1639 1719 1749 1781 isto
1780 1736 1923 1781 vero
1975 1738 2105 1800 pro-

449 1806 624 1883 pheta
640 1806 941 1888 didicerit;
966 1806 1022 1851 ⁸ο
1048 1808 1192 1887 quia
1212 1809 1369 1872 sicut
1388 1812 1515 1890 ipse
1539 1809 1715 1888 paqu
1734 1817 1870 1870 ante
1888 1828 2109 1871 memo-

2181 636 2257 697 de
2286 654 2424 698 vero
2449 636 2736 717 propheta
2757 636 3115 718 conscripsi,
3149 656 3409 719 eumque
3434 637 3510 701 de
3532 636 3834 712 Cassarea,

2181 725 2253 786 ad
2277 732 2358 802 te,
2394 728 2522 806 ipso
2536 726 2813 805 jubente,
2841 726 3164 790 transmisi.
3204 726 3445 792 Dicebat
3478 727 3640 789 enim
3662 747 3841 791 man-

2184 814 2385 876 datum
2421 833 2486 877 se
2517 815 2824 895 accepisse
2852 816 2959 878 abs
2995 827 3072 898 te,
3107 824 3170 879 ut
3200 835 3307 899 per
3327 817 3597 896 singulos
3616 836 3836 893 annos,

2183 904 2233 966 si
2264 923 2381 986 qua
2411 914 2608 967 essent
2642 923 2675 967 ι
2708 924 2770 967 se
2803 906 2959 967 dicta
2987 916 3295 988 gestaqse,
3330 908 3403 968 ad
3439 916 3496 969 te
3536 906 3847 988 descripta

2186 996 2618 1057 transmitteret
2639 994 2714 1056 6⁷.
2748 997 2986 1059 Interea
3016 995 3185 1059 initio
3201 997 3498 1059 sermonis
3514 997 3631 1077 sui,
3655 1016 3841 1076 quem

2186 1083 2375 1163 prima
2405 1083 2502 1144 die
2524 1083 2729 1146 habuit
2754 1083 2824 1145 ad
2853 1103 2947 1145 me
2964 1084 3040 1146 de
3061 1102 3199 1147 vero
3223 1085 3519 1167 propheta
3535 1095 3594 1147 et
3611 1085 3688 1149 de
3703 1087 3846 1149 aliis

2186 1172 2483 1252 plurimis,
2522 1192 2658 1235 cum
2696 1192 2789 1236 me
2819 1174 3191 1236 instruxisset
3221 1175 3590 1256 plenissime,
3612 1175 3847 1240 addidit

2189 1262 2365 1323 etiam
2394 1263 2519 1325 haec
2548 1282 2562 1327 :
2590 1262 2761 1335 Vide,
2789 1264 3001 1343 inquit,
3037 1264 3112 1325 de
3141 1264 3399 1344 reliquo,
3440 1273 3499 1327 et
3557 1266 3842 1329 iuteresto

2186 1351 2536 1414 tractatibus
2560 1352 2710 1414 meis
2744 1375 2760 1426 ;
2793 1372 2960 1433 quos,
2992 1355 3039 1414 si
3071 1354 3307 1435 quando
3326 1355 3651 1417 necessitas
3680 1363 3841 1417 attu-

2189 1442 2349 1517 lerit,
2380 1441 2612 1504 habebo
2635 1462 2769 1503 cum
2809 1444 2903 1504 his
2934 1443 3037 1521 qui
3061 1443 3480 1507 contradicunt
3508 1466 3523 1521 ;
3558 1445 3845 1507 adversus

2187 1550 2335 1615 quos
2364 1532 2699 1614 diSputans,
2724 1534 2898 1596 etiam
2932 1536 2977 1595 si
3005 1535 3158 1595 forte
3188 1534 3439 1596 inferior
3461 1535 3620 1597 visus
3642 1536 3845 1606 fuero,

2192 1641 2308 1684 non
2342 1622 2618 1686 verebor.
2646 1642 2720 1685 ne
2742 1622 2896 1687 forte
2929 1632 2987 1685 tu
3021 1624 3096 1685 de
3119 1624 3232 1694 his,
3259 1642 3393 1701 qua;
3415 1624 3522 1687 tibi
3544 1643 3688 1687 ame
3708 1633 3852 1686 sunt

2191 1711 2425 1784 tradita,
2456 1715 2516 1775 in
2558 1712 2807 1775 dubium
2842 1714 3066 1789 venias,
3112 1714 3251 1795 quia
3283 1714 3516 1777 etiamsi
3547 1733 3656 1794 ego
3689 1714 3849 1776 visus

2193 1805 2357 1864 fuero
2383 1804 2680 1883 superari,
2716 1823 2832 1865 non
2859 1813 3055 1866 tamen
3082 1804 3306 1865 idcirco
3331 1813 3389 1865 et
3414 1823 3503 1875 ea,
3523 1824 3659 1885 qua;
3677 1804 3852 1866 nobis

446 1894 641 1966 rabas.
668 1896 817 1958 ﬁdes
839 1916 1040 1960 rerum
1074 1918 1512 1982 causarumque
1532 1902 1987 1979 sententiae,pro
2012 1900 2106 1960 in-
2137 1922 2170 1971 Β
2193 1910 2370 1955 verus
2397 1894 2687 1975 propheta
2714 1894 2978 1968 tradidit,
3010 1894 3244 1955 inﬁrma
3272 1893 3632 1955 videbuntur
3661 1893 3854 1976 Spero

445 1984 640 2064 geniis
672 1988 857 2067 magis
885 1987 1334 2051 defendentium
1374 1991 1809 2070 ponderantur.
1849 1989 2015 2051 Unde
2046 1998 2106 2051 et

444 2075 656 2137 eadem
694 2094 873 2139 causa
898 2098 1051 2139 nunc
1076 2080 1263 2159 justa,
1300 2099 1457 2142 nunc
1492 2089 1729 2162 putatur
1754 2081 1997 2161 injusta,
2046 2088 2105 2141 et

447 2164 604 2245 quod
634 2166 810 2227 modo
847 2186 1050 2230 verum
1086 2169 1424 2247 videbatur,
1479 2171 1725 2233 alterius
1773 2169 2105 2232 assertione

445 2254 661 2316 falsum
695 2254 948 2319 videtur.
987 2258 1103 2320 Ista
1134 2259 1208 2322 de
1238 2279 1419 2323 causa
1452 2261 1761 2340 religionis
1794 2280 1862 2321 ac
1908 2260 2102 2340 pieta-

444 2344 519 2405 tis
552 2344 700 2407 ﬁdes
731 2347 853 2408 veri
878 2350 1189 2430 prephetie
1214 2350 1592 2431 praesentiam
1654 2350 1984 2432 postulavit,
2039 2357 2105 2412 ut

446 2434 575 2514 ipse
610 2434 784 2497 nobis
805 2436 1032 2499 diceret
1054 2438 1129 2501 de
1160 2440 1433 2519 singulis,
1459 2449 1630 2521 prout
1654 2459 1718 2502 se
1740 2440 1866 2520 ipsa
1889 2440 2105 2501 veritas

451 2522 649 2605 habet,
686 2535 746 2588 et
776 2526 1021 2590 doceret
1070 2530 1369 2609 quomodo
1402 2539 1675 2611 oporteat
1720 2531 1794 2592 de
1854 2529 2104 2609 singulis

448 2612 639 2674 credi.
679 2615 749 2676 Et
779 2616 914 2677 ideo
946 2625 1084 2679 ante
1116 2620 1317 2680 omnia
1350 2620 1527 2682 ﬁdem
1577 2620 1904 2700 prophetae,
1940 2620 2103 2681 omni

452 2722 586 2763 cum
614 2706 1047 2769 examinatione
1063 2715 1295 2788 oportet
1324 2710 1595 2789 probari;
1632 2729 1808 2790 quem
1837 2729 1970 2771 cum
1995 2730 2102 2771 co-

449 2795 724 2872 gnoveris
745 2813 882 2857 vere
904 2816 1035 2857 esse
1057 2800 1513 2877 pr0phetam,de
1540 2800 1772 2880 reliquo
1806 2809 2021 2861 cuncta
2050 2802 2102 2860 ei

448 2882 658 2945 credas
689 2895 1061 2966 oportet,nec
1097 2887 1247 2949 ultra
1267 2888 1572 2951 discutere
1592 2908 1727 2951 eum
1752 2907 1856 2968 per
1873 2889 2107 2968 singula

452 2973 884 3051 quaedocuerit,
911 2977 1014 3037 sed
1040 2977 1262 3040 habere
1284 2978 1451 3039 ﬁrma
1469 2987 1525 3039 et
1546 2986 1755 3040 Sancta
1781 2996 1913 3057 quae
1937 2978 2103 3047 dicit,

453 3080 702 3143 quaeque
719 3067 984 3143 quamvis
1010 3066 1125 3128 ﬁde
1151 3067 1371 3148 suscipi
1405 3068 1737 3141 videantur,
1767 3068 2108 3129 antehabita

451 3161 648 3213 tamen
680 3154 1032 3235 probatione
1063 3158 1417 3219 creduntur.
1453 3159 1600 3221 Cum
1636 3157 1794 3219 enim
1816 3158 2003 3220 semel
2036 3178 2106 3220 ex

448 3241 619 3303 initio
654 3246 959 3325 propheta:
991 3249 1203 3309 veritas
1223 3249 1558 3312 examinata
1584 3248 2106 3319 constiterit,reli-

2192 1991 2387 2045 tamen
2420 1984 2578 2065 quod
2607 2002 2716 2045 nec
2741 1984 2800 2044 in
2855 1983 3362 2064 disputationibus
3392 2002 3776 2064 superemur,
3802 1984 3854 2045 si

2190 2073 2366 2135 modo
2398 2074 2783 2136 rationabiles
2817 2074 2938 2135 sint
2966 2073 3270 2137 auditores
3292 2074 3541 2136 etamici
3563 2074 3847 2151 veritatis,

2186 2164 2288 2242 qui
2323 2164 2667 2226 discernere
2700 2164 2935 2226 valeant
2963 2164 3071 2225 vim
3099 2165 3484 2245 speciemque
3505 2163 3846 2243 verborum,

2189 2263 2244 2315 et
2274 2272 2601 2334 agnoscere
2635 2255 2732 2333 qui
2764 2273 2965 2318 sermo
2998 2273 3064 2315 ex
3097 2263 3226 2316 arte
3256 2254 3582 2334 sophistica
3621 2253 3839 2327 veniat,

2189 2362 2305 2404 non
2338 2343 2645 2406 veritatem
2679 2344 3020 2427 continens,
3047 2344 3151 2406 sed
3180 2344 3500 2423 imaginem
3543 2342 3836 2419 veritatis,

2188 2442 2245 2496 et
2276 2434 2376 2513 qui
2408 2434 2481 2495 sit
2513 2434 2613 2513 qui
2664 2434 3023 2514 simpliciter
3054 2452 3125 2495 ac
3176 2434 3307 2496 sine
3364 2434 3498 2495 fuco
3547 2434 3836 2513 prolatus,

2189 2543 2426 2585 omnem
2454 2525 2567 2585 vim
2604 2544 2720 2587 non
2746 2525 2805 2586 in
2837 2524 3039 2605 specie
3070 2532 3129 2586 et
3156 2533 3391 2598 ornatu,
3426 2524 3533 2585 sed
3566 2525 3625 2585 in
3679 2526 3841 2585 veri-

2191 2624 2307 2676 tate
2350 2624 2405 2676 et
2435 2615 2665 2676 ratione
2702 2615 3020 2695 possideat.

2268 2705 2470 2769 XVIII.
2498 2706 2584 2769 Ad
2623 2707 2746 2767 haec
2771 2725 2921 2781 ego:
2957 2703 3384 2785 Omnipotenti,
3413 2705 3684 2781 inquam,
3726 2706 3849 2765 Deo

2188 2796 2404 2874 gratias
2424 2815 2553 2877 ago,
2581 2796 2721 2873 quia
2745 2803 2806 2856 ut
2829 2794 3187 2874 desideraci,
3216 2794 3545 2857 instructus
3566 2812 3721 2856 sum.
3740 2795 3853 2855 Ve-

2190 2896 2527 2947 rumtamen
2551 2886 2621 2945 de
2651 2904 2743 2946 me
2768 2886 2827 2945 in
2855 2894 3078 2946 tantum
3131 2902 3264 2946 esse
3316 2883 3502 2945 debes
3563 2899 3843 2959 securus,

2190 2977 2344 3057 quod
2360 2977 2435 3038 de
2466 2977 2558 3038 his
2581 2996 2710 3057 quas
2725 2976 2906 3037 didici
2924 2976 3029 3037 abs
3045 2975 3190 3048 te,in
3217 2975 3465 3036 dubium
3493 2974 3698 3035 venire
3721 2991 3839 3035 non

2193 3069 2438 3147 possim,
2474 3075 2534 3127 ut
2556 3068 2603 3128 si
2637 3074 2698 3126 tu
2729 3067 2855 3146 ipse
2881 3065 3026 3127 velis
3057 3064 3376 3145 aliquando
3399 3062 3574 3125 ﬁdem
3597 3078 3789 3124 meam
3818 3081 3853 3124 ι

2192 3175 2328 3218 vero
2366 3157 2655 3237 propheta
2690 3156 3035 3225 transferre,
3063 3152 3309 3215 omnino
3342 3172 3461 3214 non
3499 3152 3734 3231 possis;
3772 3154 3853 3213 ita

2194 3248 2369 3329 pleno
2402 3248 2612 3328 spiritu
2650 3246 2837 3313 hausi,
2864 3264 2996 3326 quae
3023 3244 3337 3306 tradidisti.
3374 3242 3445 3304 Et
3476 3260 3551 3303 ne
3610 3240 3855 3321 putes68

449 3350 563 3411 qua
586 3332 824 3395 demum
851 3336 963 3396 ﬁde
984 3338 1281 3399 audienda
1300 3348 1437 3400 sunt
1464 3348 1518 3399 et
1542 3340 1943 3419 tenenda,qua
1968 3358 2103 3401 eum
2125 3366 2165 3415 ε
2194 3357 2471 3417 magnum
2503 3337 2605 3398 tibi
2634 3356 2726 3397 me
2748 3336 2968 3417 aliquid
3001 3335 3294 3415 polliceri,
3324 3332 3484 3414 quod
3502 3331 3575 3392 ab
3601 3332 3708 3394 hac
3731 3330 3848 3392 ﬁde

450 3422 758 3485 doctorem
785 3428 1048 3489 veritatis
1067 3430 1332 3509 essejam
1350 3439 1594 3491 constat.
1609 3430 1673 3491 Et
1700 3430 1853 3490 sicut
1876 3439 2102 3491 certum

2195 3446 2403 3504 negem
2442 3445 2535 3487 me
2566 3445 2739 3507 posse
2774 3424 3109 3498 transferri,
3140 3432 3368 3486 certum
3398 3430 3488 3482 est
3534 3421 3691 3500 apud
3728 3439 3845 3495 me,

448 3519 558 3587 θεῖ,
610 3525 822 3575 cuncta
875 3519 1206 3579 secundum
1270 3520 1532 3582 veritatis
1588 3520 1856 3600 regulam
1915 3512 2106 3582 teneri
2191 3519 2329 3598 quia
2362 3518 2699 3598 quicunque
2728 3516 3035 3576 hominum
3073 3515 3223 3575 hanc
3265 3513 3339 3573 de
3390 3528 3527 3574 vero
3562 3510 3856 3590 propheta

451 3611 750 3679 oportere,
786 3625 920 3681 qua:
943 3608 1013 3668 ad
1040 3608 1296 3670 divinam
1326 3609 1640 3671 scientiam
1701 3619 1991 3689 spectant,
2028 3610 2108 3672 ita
2191 3604 3108 3688 acceperitrationem,dubitare
3132 3604 3283 3665 ultra
3303 3603 3377 3663 de
3401 3600 3649 3663 veritate
3665 3600 3847 3661 nulla-

454 3692 851 3755 indubitatum
910 3706 1021 3777 est,
1077 3717 1110 3758 a
1145 3698 1305 3759 nullo
1349 3699 1464 3760 alio
1502 3700 1612 3760 nisi
1671 3699 1742 3761 ab
1794 3700 1924 3780 ipso
1983 3701 2107 3761 solo
2197 3690 3853 3778 tcnuspoterit.Etideoconﬁdodehocdivinodogmate

451 3781 592 3842 sciri
629 3802 825 3863 posse,
862 3786 1015 3865 quod
1065 3807 1267 3850 verum
1306 3800 1414 3852 cst.

534 3870 717 3935 XVII.
756 3876 824 3936 Et
847 3876 940 3937 his
964 3877 1157 3957 dictis,
1190 3886 1313 3940 tam
1344 3880 1485 3940 mihi
1507 3888 1710 3957 aperte
1736 3888 1793 3939 et
1819 3888 1932 3940 tam
1959 3879 2109 3940 dilu-

451 3961 607 4041 cide,
640 3966 773 4043 quis
803 3965 914 4027 iste
940 3976 1098 4029 esset
1132 3971 1444 4048 propheta,
1472 3979 1529 4029 et
1553 3968 1851 4047 quomodo
1878 3969 2109 4030 inveni-

452 4059 638 4132 retur,
672 4055 962 4134 exposuit,
1000 4066 1060 4117 ut
1092 4076 1199 4135 ego
1232 4058 1373 4119 mihi
1399 4066 1537 4119 ante
1568 4058 1770 4117 oculos
1798 4057 2112 4139 liahere,et

456 4159 630 4203 manu
684 4154 1059 4209 contrectare
1098 4149 1331 4208 viderer
1376 4146 1778 4227 probationes,
1842 4166 1986 4226 quas
2034 4148 2109 4209 de

454 4233 800 4309 prophetica
831 4235 1075 4297 veritate
1110 4239 1461 4317 protulerat,
1488 4237 1829 4317 ingentique
1863 4247 2108 4316 stupore

450 4320 769 4399 deﬁgerer,
794 4326 1091 4402 quomodo
1125 4346 1194 4387 ea
1225 4346 1357 4405 qua;
1379 4346 1589 4387 omnes
1621 4339 1918 4406 quaerunt,
1972 4338 2109 4389 ante

452 4412 657 4472 oculos
690 4413 877 4492 posita
909 4418 1106 4477 nullus
1162 4417 1339 4477 videt.
1399 4415 1564 4479 Unde
1590 4416 1845 4495 jubente
1894 4436 1988 4493 eo,
2040 4437 2110 4481 ea

2194 3790 2424 3853 caelitus
2457 3789 2728 3867 deﬁnito,
2759 3789 2814 3848 in
2844 3806 2959 3865 quo
2986 3785 3179 3845 munis
3201 3802 3301 3843 ars
3328 3781 3570 3842 malitias
3594 3798 3851 3859 supera-

2194 3891 2307 3941 tur.
2345 3880 2644 3942 Adversus
2669 3877 3037 3957 prophetiam
3070 3874 3289 3934 ctenim
3356 3889 3550 3951 neque
3576 3887 3672 3931 ars
3731 3870 3851 3932 ulla

2194 3982 2348 4032 stare
2373 3970 2648 4047 suﬁiciet,
2671 3986 2863 4048 neque
2877 3966 3311 4045 suphismatum
3336 3961 3854 4042 syllogismorum-

2195 4082 2309 4141 que
2342 4059 2643 4122 ver~utiae.
2677 4060 2792 4117 Sed
2818 4057 3014 4117 omnis
3040 4054 3141 4135 qui
3173 4053 3430 4114 audierit
3453 4052 3527 4112 de
3553 4068 3689 4141 vero
3710 4067 3857 4141 pro-

2197 4138 2651 4231 pheta,necesse
2675 4156 2839 4209 estut
2860 4146 3058 4207 statim
3077 4144 3439 4235 desiderium
3464 4139 3647 4235 capiat
3664 4138 3854 4235 ipsius

2192 4226 2477 4311 veritatis,
2514 4259 2622 4299 nec
2648 4238 2799 4298 ultva
2846 4236 2954 4295 sub
2987 4234 3303 4295 occasione
3356 4231 3478 4291 veri
3508 4226 3849 4309 qumrendi,

2193 4332 2461 4392 diversos
2485 4328 2743 4409 patietur
2757 4343 2989 4387 errores
3008 4372 3017 4383 .
3033 4327 3282 4404 Propter
3299 4323 3453 4402 quod
3468 4316 3726 4409 ,domine
3746 4316 3848 4389 ini,

2194 4444 2226 4483 ο
2276 4406 2643 4493 Ι)οιι’θ,ἠυ1ο
2676 4417 2757 4477 sis
2785 4416 2935 4477 ultra
2966 4414 3282 4486 sollicitus,
3324 4421 3601 4491 tanquam
3651 4406 3726 4467 de
3779 4422 3852 4466 eo

537 4571 601 4621 66
632 4572 773 4647 Quae
801 4585 1133 4656 sequuntur
1162 4594 1351 4653 usque
1374 4577 1445 4636 ad
1475 4577 1651 4660 ﬁnem
1686 4577 1865 4660 hujus
1888 4595 1993 4657 cap
2033 4628 2046 4649 ,
2081 4583 2295 4646 desunt
2319 4583 2378 4643 in
2412 4594 2659 4660 utroque
2692 4578 2867 4639 codd.
2905 4578 3096 4655 Lipss.
3181 4572 3235 4660 67
3268 4570 3622 4660 Vocabula:
3680 4566 3849 4660 Unde

441 4653 691 4735 jubente
718 4673 785 4746 eo
810 4653 1347 4746 T'lransmitteret
1384 4676 1500 4717 non
1536 4653 1812 4734 leguntur
1844 4659 1899 4717 in
1929 4653 2064 4722 cod.
2102 4666 2295 4746 Lipss.
2379 4663 2442 4712 68
2474 4653 2644 4722 Etim
2672 4667 2841 4739 putes
2880 4692 2947 4703 ——
2978 4653 3297 4736 perveniat
3320 4654 3537 4714 desunt
3570 4653 3628 4709 in
3685 4657 3849 4709 utro-

1833 4815 2232 4887 COTELERII
2276 4824 2528 4889 NOT/E.

453 4753 571 4813 quc
623 4736 798 4797 codd.
830 4737 1025 4818 Lipss.

535 4981 657 5057 (155
671 4978 1153 5060 Quiappellatur
1168 5000 1345 5043 verus
1359 4978 1936 5060 proiihelquCutio
1958 5002 2121 5045 usur-

458 5072 589 5139 pata
611 5063 854 5140 quidem
887 5059 963 5122 ab
992 5062 1311 5123 Ambrosio
1337 5059 1397 5121 in
1430 5059 1648 5140 psolm.
1699 5077 1892 5137 cxvm,
1930 5062 2027 5130 63,
2067 5074 2124 5125 et

457 5142 531 5201 ab
556 5150 794 5203 auctore
828 5142 1424 5205 Coimnentariorum
1454 5140 2119 5206 inLamentionchere-

457 5228 596 5284 mia:
616 5221 1216 5313 apudilierouymum
1245 5223 1316 5313 ad
1340 5222 1473 5313 n.9,
1504 5220 1745 5313 merito;
1768 5220 1986 5311 Verum
2005 5244 2113 5313 su-

460 5299 667 5382 specta’
698 5304 755 5362 in
780 5302 870 5361 his
900 5299 1095 5381 libris,
1128 5310 1184 5364 in
1217 5299 1473 5380 epistola
1494 5301 1563 5360 ad
1587 5299 1966 5382 Jac_obum,in
1995 5306 2123 5367 Cle-

461 5380 840 5455 mentinis,ut
863 5392 919 5441 et
947 5380 1264 5463 Propheta,
1295 5394 1473 5462 atque
1498 5380 2120 5463 Pi'imhctuueritatis;

458 5463 597 5542 quia
629 5472 777 5523 teste
800 5460 1158 5541 Epiphanio,
1185 5460 1396 5526 haeresi
1422 5463 1523 5534 30,
1550 5461 1814 5521 Eliionmi
1840 5460 2120 5526 I’criodoé

459 5562 589 5605 rum
610 5544 769 5604 Petri
800 5542 1307 5605 Clementinarum
1334 5542 2125 5621 interpolaturesﬁhristum

464 5625 838 5708 prophetam,
873 5634 932 5681 et
966 5626 1315 5708 prophetam
1342 5622 1605 5708 veritatis
1628 5622 1933 5700 appellare
1964 5627 2126 5687 sole-

463 5704 625 5780 bant;
648 5704 816 5783 quasi
853 5721 1081 5764 merum
1103 5707 1431 5770 hominem;
1454 5706 1625 5783 juxta
1656 5708 2125 5783 argumentatio-

463 5723 625 5780 nant;
693 5723 816 5765 uast
853 5723 1081 5764 merum
1103 5723 1431 5770 nominem;
1454 5723 1625 5783 JUXla
1656 5723 2124 5777 argumentatio-

462 5804 597 5851 nem
633 5723 945 5863 'iiheodoti,
985 5785 1039 5843 in
1101 5787 1313 5845 eodem
1354 5784 1685 5863 Epiphanio
1750 5781 1966 5845 haeresi
2022 5787 2124 5862 54,

462 5868 696 5946 num,3,
718 5863 1076 5945 Hebraeique
1094 5866 1154 5925 in
1182 5865 1349 5946 Nilo,
1378 5865 1480 5946 lib.
1504 5882 1541 5936 I,
1562 5863 1784 5946 epist;_l
1803 5863 1967 5946 ‘27,et
1991 5868 2111 5946 opi-

464 5945 706 6015 nionem
740 5942 1102 6008 Essenorum
1126 5944 1282 6024 apud
1308 5942 1895 6006 Philastrium.Unde
1914 5942 2129 6010 auctor

2210 4989 2429 5051 Grmcae
2452 4982 2753 5063 Epitomes
2777 4980 2886 5063 ista
2909 4980 3129 5063 omisit,
3154 4977 3451 5041 Catholica
3482 4991 3618 5033 vero
3645 4968 3866 5063 substi-

2209 5067 2337 5130 tuit.
2377 5058 2569 5144 Atque
2601 5082 2667 5124 ex
2698 5060 2823 5144 istis
2847 5060 3164 5138 castigabis
3191 5075 3481 5144 errorem,
3520 5058 3865 5144 seu__potips

2211 5132 2598 5225 ignorantiam
2635 5146 2740 5225 hac
2757 5132 3067 5225 in_pa_rt'e,
3127 5138 3370 5225 Davidis
3397 5132 3868 5225 Blondell'i..viri

2206 5210 2351 5291 aiias
2374 5224 2724 5294 doctissimi,
2754 5210 3282 5305 inProlvgomenis
3303 5218 3375 5305 ad
3400 5210 3868 5305 pseudo-Isido-

2212 5290 2343 5369 rum
2359 5361 2365 5375 τ
2392 5326 2522 5385 cap.
2548 5306 2640 5379 11,
2680 5290 2734 5385 pr.
2763 5304 2860 5365 56.
2889 5290 3159 5385 Denique
3179 5304 3293 5385 huc
3312 5290 3510 5385 facere
3525 5294 3757 5356 videtur
3774 5290 3868 5385 [υ-

2210 5408 2315 5448 rus
2347 5374 2902 5465 eorriiptu's'lsidori
2937 5384 3016 5444 lib
3064 5374 3171 5465 'vtu
3205 5380 3563 5465 Originum,
3610 5392 3743 5451 cap.
3780 5374 3815 5433 5
3848 5391 3863 5433 :

2211 5470 2262 5531 Ιί
2273 5471 2514 5531 biom‘tce
2531 5461 2626 5528 ’σὴ
2639 5466 2852 5547 ristum
2878 5481 2988 5543 per
3002 5464 3355 5547 prophetam
3372 5461 3593 5547 solum,
3610 5469 3870 5547 .vempt,

2212 5554 2380 5625 ius/ii
2390 5567 2442 5609 m
2458 5553 2677 5629 putant
2694 5531 2899 5625 επεσῑὺ
2912 5562 2962 5604 m
2975 5593 2989 5625 ,
3002 5531 3124 5629 nisi
3138 5535 3667 5629 doceretH‘istoria.
3688 5531 3872 5595 eccle-

2212 5617 2517 5690 siasticae
2551 5617 2764 5688 Iiutin'o
2793 5617 2986 5695 versa,
3008 5624 3118 5701 legi
3153 5622 3397 5697 debere,
3423 5617 3727 5701 Christum
3746 5628 3876 5692 per

2212 5710 2539 5790 profectum
2570 5712 2788 5790 solum,
2823 5710 3019 5790 uirum
3042 5696 3509 5790 iustumputont
3564 5696 3868 5775 effectum,

2214 5781 2527 5869 quomodo
2557 5788 2731 5869 etiam
2757 5781 3000 5869 quidam,
3027 5794 3253 5869 veteres
3278 5781 3413 5869 libri
3436 5796 3555 5839 mss
3572 5790 3871 5869 ._a.pocry-_

2216 5857 2327 5951 pha
2360 5867 2625 5951 Epistola
2653 5857 2888 5951 Lentuli
2926 5886 2941 5939 ;
2988 5866 3049 5951 in
3090 5857 3685 5951 Orthodosographis
3712 5876 3725 5916 :
3753 5857 3866 5934 qui

2210 5943 2438 6015 dicitur
2458 5970 2496 6027 pa
2528 5949 2809 6028 gentibus
2825 5945 3122 6026 propheta
3153 5943 3459 6007 veritatis.
