4138 6450
306 249 451 314 12H
1533 242 1963 308 RECOGNITIt

2047 246 2170 305 TUM
2225 246 2363 305 LIB.
2417 246 2466 308 Ι.
3532 238 3684 301 1218

300 382 405 466 qui
436 382 662 446 nesciat
692 381 831 463 quid
864 381 1183 462 acceperit,
1212 389 1270 443 et
1302 388 1589 461 quantum
1640 380 1751 442 sibi
1782 399 1951 443 com-
1976 389 2011 436 A
2037 388 2095 439 et
2124 397 2153 437 a
2183 397 2319 458 quo,
2358 388 2415 440 et
2441 396 2547 458 per
2578 395 2753 456 quem
2781 377 2866 437 vel
2894 386 3137 457 propter
3158 393 3360 456 quem;
3390 384 3587 438 utrum
3613 376 3685 437 ab

303 473 559 534 missum
595 472 670 532 sit
699 470 964 532 muneris
998 492 1013 541 ;
1050 478 1246 531 certus
1287 476 1438 546 esto,
1471 470 1625 548 quod
1659 470 1871 531 scienti
1903 478 1961 530 et
2042 488 2181 537 uno,
2218 487 2288 528 an
2322 487 2354 528 τι
2389 468 2645 537 duobus,
2682 486 2754 527 an
2790 485 2823 526 a
2848 467 3046 526 multis
3078 483 3363 544 accepere
3405 467 3689 529 substan-c

308 561 663 640 intelligenti
695 562 941 638 gratiam
992 559 1320 640 contulisti,
1375 578 1483 621 nec
1519 559 1686 620 facile
1720 577 1956 639 possum
2042 559 2221 629 tiam;
2256 566 2527 620 etutrum
2562 576 2629 618 ex
2667 556 2845 617 nullis
2867 556 3296 632 substantibus,
3332 576 3402 616 an
3464 574 3535 617 ex
3583 556 3688 616 ali-

304 652 528 732 decipi,
564 669 669 731 pro
698 651 1129 731 eoquod,qua3
1179 649 1283 710 diu
1344 649 1783 729 desiderabam,
1843 649 1961 710 cito
2042 648 2259 727 quibus
2290 659 2524 727 sumpta
2558 656 2697 725 s.nt,
2751 656 2808 705 et
2832 647 3166 718 adornata;
3231 656 3349 706 tum
3390 648 3437 706 si
3489 646 3688 726 aliqua

302 742 511 803 videor
538 742 807 819 adeptus.
850 738 1049 801 Potest
1078 740 1237 801 enim
1285 738 1416 800 ﬁeri
1457 747 1519 799 ut
1548 739 1700 800 alius
1730 738 1963 799 deside-

300 850 443 894 rans
468 830 587 892 cito
608 829 995 910 adipiscatur,
1016 829 1168 892 alius
1196 847 1307 891 nec
1333 830 1501 890 tarde
1524 828 1596 889 ad
1621 829 1962 890 desiderata

304 921 635 1002 perveniat.

233 1008 242 1015 ’
385 1011 541 1073 XIX.
577 1010 647 1073 Et
677 1013 912 1085 Petrus,
941 1010 1031 1071 his
1064 1028 1097 1071 a
1124 1028 1218 1071 me
1248 1009 1469 1071 auditis
1505 1029 1517 1072 :
1555 1008 1787 1072 Gratias
1819 1026 1955 1087 ago,

306 1103 523 1182 inquit,
556 1105 678 1164 Deo
714 1118 869 1175 meo,
898 1109 958 1162 et
990 1119 1095 1180 pro
1125 1100 1313 1161 salute
1359 1110 1475 1179 tua,
1525 1108 1583 1160 et
1614 1117 1720 1179 pro
1750 1098 1961 1175 requie

306 1210 441 1253 mea
470 1212 487 1266 ;
521 1191 687 1252 valde
721 1190 881 1252 enim
916 1189 1205 1263 delector,
1241 1189 1381 1270 quia
1405 1189 1773 1251 intellexisse
1798 1197 1853 1249 te
1880 1187 1963 1247 vi-

309 1282 446 1356 deo,
474 1289 693 1363 quanta
718 1280 794 1340 sit
824 1280 1055 1340 virtutis
1088 1280 1456 1361 propheticae
1502 1280 1867 1356 magnitudo,
1903 1287 1961 1340 et

309 1372 470 1451 quia,
510 1380 573 1432 ut
603 1371 713 1450 ais,
747 1388 855 1430 nec
883 1372 933 1431 si
965 1388 1073 1447 ego
1100 1370 1229 1451 ipse
1260 1370 1522 1449 cupiam,
1557 1369 1715 1451 quod
1749 1369 1906 1431 absit
1944 1373 1955 1426 ε

311 1449 516 1531 potero
553 1462 611 1512 te
642 1458 1037 1512 transvertere
1060 1450 1120 1511 in
1151 1450 1328 1512 aliam
1363 1450 1568 1511 ﬁdem.
1606 1449 1686 1510 Ex
1706 1451 1819 1511 hoc
1833 1451 1959 1529 jam

312 1542 667 1622 incipeesse
699 1541 1038 1621 nobiscum,
1092 1550 1150 1601 et
1210 1540 1469 1601 crastina
1525 1541 1621 1602 die
1673 1542 1961 1602 interesto

312 1629 819 1712 disputationibus
853 1631 1071 1691 nostris
1102 1650 1118 1711 ;
1147 1630 1259 1690 erit
1290 1630 1450 1691 enim
1480 1629 1627 1690 mihi
1657 1638 1960 1691 certamen

2039 737 2225 798 virtus
2258 751 2347 798 est
2378 738 2434 798 iu
2470 737 2796 811 altissimis,
2827 747 2927 797 aut
2960 736 3017 795 in
3052 736 3300 797 infernis
3336 754 3351 812 ;
3381 736 3429 796 si
3455 744 3542 797 est
3572 738 3686 797 ali-

2040 828 2181 906 quid
2219 828 2429 888 melius
2453 827 2753 897 omnibus,
2787 825 3447 905 antcunctisinferius;
3481 826 3529 887 si
3554 837 3691 888 sunt

2042 918 2219 997 aliqui
2256 925 2472 992 :uotus,
2504 927 2605 977 aut
2642 916 2786 975 nulli
2817 936 2831 991 ;
2857 915 2905 974 si
2927 916 3046 976 haec
3066 934 3195 994 quae
3219 916 3694 987 videntur,erant

2044 1025 2303 1086 semper,
2340 1015 2392 1067 et
2428 1018 2603 1065 erunt
2633 1026 2649 1078 ;
2679 1004 2727 1064 si
2753 1006 3030 1065 exstitere
3057 1005 3218 1064 nullo
3267 1015 3573 1085 operante,
3638 1014 3695 1067 et

2045 1098 2204 1157 nullo
2234 1096 2499 1157 solvente
2533 1094 2897 1156 dilabeutur.
2926 1094 3010 1160 Si,
3047 1094 3315 1175 inquam,
3351 1114 3417 1157 ex
3455 1097 3543 1157 his
3575 1098 3693 1158 ini-

2046 1188 2187 1246 tium
2220 1186 2514 1266 accepvrit
2547 1185 2891 1264 diSputatio,
2929 1192 3063 1262 puto
3100 1184 3254 1262 quod
3287 1203 3353 1244 ea
3380 1204 3515 1261 quae
3542 1206 3698 1266 quae-

2045 1286 2276 1355 rentur,
2312 1274 2583 1351 diligenti
2616 1274 3056 1334 exnminatione
3089 1274 3356 1334 discussa
3380 1274 3548 1336 facile
3581 1279 3694 1336 cla-

2043 1376 2302 1427 rescant.
2338 1363 2480 1426 Cum
2516 1372 2710 1423 autem
2776 1364 2901 1423 haec
2933 1363 3275 1435 claruerint,
3311 1382 3515 1425 eorum
3572 1384 3702 1445 qua:

2045 1455 2461 1533 sequvnturjn
2492 1462 2767 1532 promptu
2790 1454 3129 1533 reperietur
3149 1453 3385 1530 agnitio.
3416 1455 3536 1532 Ego
3560 1455 3702 1535 quid

2047 1546 2337 1605 senserim
2378 1544 2588 1622 protuli
2619 1566 2632 1615 ς
2669 1543 2811 1623 quid
2845 1542 3021 1603 etiam
3056 1542 3159 1603 tibi
3191 1542 3479 1623 videatur,
3533 1544 3698 1605 indi-

2049 1655 2185 1697 care
2217 1655 2291 1695 ne
2325 1634 2539 1713 pigeat.

312 1708 448 1783 cum
483 1722 728 1784 Simone
759 1722 949 1797 Mago.
975 1708 1243 1796 Cumque
1267 1720 1391 1780 lucc
1415 1718 1962 1798 dixisset,secessit,
1991 1708 2027 1758 Β
2133 1723 2291 1787 XXI.
2321 1708 2411 1786 ﬁll
2442 1724 2567 1784 haec
2594 1724 2826 1785 Petrus:
2890 1722 3014 1797 Dic,
3052 1722 3260 1803 inquit,
3333 1724 3569 1786 interim
3622 1724 3710 1788 Si-

312 1822 375 1871 ut
405 1810 603 1872 cibum
638 1819 877 1889 caperet
901 1828 1037 1871 cum
1056 1808 1178 1870 suis
1196 1808 1445 1889 (16),me
1464 1820 1666 1869 autem
1693 1825 1965 1870 seorsum

312 1904 465 1964 vesci
489 1903 692 1981 jussit.
732 1902 805 1963 Et
836 1910 969 1981 post
1000 1900 1198 1962 cibum
1251 1918 1385 1962 cum
1440 1900 1673 1962 Iaudem
1708 1901 1971 1962 dedisset

315 1995 438 2057 Deo
476 2001 535 2055 et
548 1993 767 2071 gratias
787 1991 1029 2070 egisset,
1059 1991 1234 2053 etiam
1252 1991 1430 2070 hujus
1450 1990 1641 2071 ipsius
1663 1990 1798 2052 facti
1824 1990 1969 2052 mihi

316 2083 579 2145 reddidit
601 2082 922 2164 rationem,
951 2089 1011 2143 et
1038 2081 1287 2152 addidit,
1319 2080 1549 2145 dicens:
1583 2082 1693 2143 Det
1723 2080 1828 2142 tibi
1848 2083 1970 2143 Do-

2055 1816 2240 1889 moni,
2278 1814 2449 1877 faciat
2484 1822 2543 1873 ut
2575 1812 2739 1891 libet,
2767 1819 2967 1872 certus
3012 1812 3193 1891 quod,
3254 1812 3450 1875 divina
3496 1812 3704 1877 Provi-

2054 1906 2250 1966 dentia
2275 1904 2584 1983 largiente,
2613 1919 2855 1981 semper
2891 1920 2999 1962 nos
3047 1900 3310 1962 inveniet
3343 1913 3597 1983 paratos.
3638 1907 3709 1968 Et

2056 1995 2374 2056 Zacchueus
2404 1992 2644 2070 quidem
2681 2009 2812 2071 quae
2856 1991 3156 2071 audierat,
3190 2009 3463 2069 egressus
3485 2004 3572 2055 est
3606 1994 3702 2057 Si-

2058 2084 2216 2145 moni
2263 2082 2560 2143 nuntiare.
2596 2079 2809 2142 Petrus
2840 2098 2979 2141 vero
3011 2083 3344 2159 respiciens
3373 2083 3444 2144 ad
3483 2103 3613 2164 nos,
3648 2094 3710 2146 et

319 2174 516 2234 minus
546 2172 852 2253 exaequari
882 2171 1056 2233 nobis
1088 2171 1147 2232 in
1210 2170 1513 2244 omnibus,
1568 2181 1631 2232 ut
1686 2178 1970 2252 percepto
2057 2174 2397 2251 intelligens
2427 2172 2830 2235 contristatum
2854 2188 2946 2231 me
2979 2189 3111 2231 esse
3144 2189 3250 2251 pro
3272 2172 3557 2235 dilatione
3578 2192 3703 2235 cer-

318 2262 675 2343 baptismate
709 2262 908 2343 possis
949 2260 1023 2323 ad
1081 2260 1356 2322 eamdem
1405 2259 1716 2322 uobiscum
1749 2278 1969 2322 conve-
2058 2263 2319 2335 taminis,
2355 2264 2437 2323 ait
2473 2285 2486 2325 :
2523 2262 2629 2335 Qui
2684 2260 2873 2321 credit
2930 2260 3144 2321 summi
3191 2258 3299 2321 Dei
3349 2264 3713 2343 providentia

321 2355 449 2414 nire
475 2371 772 2414 mensam.
810 2354 883 2415 Et
912 2352 1008 2414 bis
1040 2350 1237 2426 dictis,
1273 2351 1589 2432 quiescere
1622 2370 1717 2413 me
1744 2351 1922 2429 jussit
1958 2369 1975 2422 ;
2061 2353 2396 2434 dispensari
2426 2351 2739 2430 mundum,
2764 2369 2880 2410 non
2906 2348 3106 2423 debet,
3132 2370 3166 2411 ο
3190 2351 3386 2413 amice
3407 2352 3710 2426 Clemens,

315 2441 439 2521 jam
472 2442 628 2503 enim
656 2443 729 2503 ad
762 2459 1037 2503 somnum
1072 2448 1129 2502 et
1159 2447 1368 2503 natura
1410 2442 1703 2522 corporis,
1738 2449 1797 2503 et
1826 2442 1978 2503 ratio
2061 2445 2136 2505 de
2167 2442 2418 2521 singulis
2447 2460 2579 2523 quae
2606 2458 2842 2521 quoquo
2882 2439 3057 2499 modo
3080 2440 3715 2523 accidunt,aspernan-

326 2532 610 2612 temporis
636 2532 815 2593 invita
826 2535 942 2595 bat.
2064 2542 2154 2593 ter
2168 2533 2465 2613 accipere,
2493 2538 2691 2593 certus
2710 2528 2866 2610 quod
2882 2528 3113 2608 justitia
3132 2530 3264 2605 Dei,
3280 2531 3456 2593 etiam
3476 2552 3566 2608 ea,
3585 2553 3716 2615 quae

406 2621 537 2687 XX.
576 2624 821 2685 Postera
840 2639 983 2683 vero
1004 2620 1102 2682 die
1116 2622 1436 2683 matutinus
1457 2620 1528 2683 ad
1552 2639 1661 2683 nos
1684 2620 1981 2699 ingredie-
2066 2626 2369 2699 superﬂua
2398 2620 2674 2682 videntur
2702 2627 2805 2680 aut
2829 2619 3148 2680 contraria.
3164 2620 3224 2681 in
3243 2639 3601 2704 unoquoque
3620 2644 3719 2687 nc-

326 2712 860 2791 baturZacchaaus,
884 2720 944 2772 et
972 2729 1107 2772 cum
1127 2711 1456 2792 salutassei,
1496 2712 1665 2773 aitad
1689 2714 1978 2775 Petrum:
2065 2715 2223 2790 gotio
2258 2721 2591 2792 Opportune
2642 2709 2800 2770 exitu
2855 2710 3335 2791 competentique
3390 2712 3715 2792 dispensat,

325 2800 1119 2866 Diﬁ‘ertSimoncertaminis
1139 2801 1298 2862 diem
1319 2800 1379 2862 in
1405 2801 1781 2864 undecimam
1808 2819 1982 2864 men-
2070 2802 2369 2883 praecipue
2400 2811 2599 2863 tamen
2633 2818 2774 2880 erga
2804 2818 2907 2861 eos
2934 2798 3039 2880 qui
3070 2818 3204 2861 eum
3236 2801 3587 2865 familiarius
3609 2823 3714 2865 co-

327 2894 412 2956 sis
470 2893 806 2973 praesentis,
838 2909 970 2972 quae
1003 2899 1094 2952 est
1151 2899 1281 2971 post
1332 2900 1561 2972 septem
1611 2892 1762 2956 dies.
1819 2892 1984 2955 Tunc
2070 2897 2195 2953 Iunt
2227 2914 2243 2965 ;
2278 2900 2336 2952 et
2358 2892 2492 2953 ideo
2523 2889 2578 2933 7°
2598 2890 2697 2971 qui
2755 2890 2828 2950 de
2861 2889 2977 2965 his,
3011 2899 3073 2950 ut
3105 2888 3247 2964 dixi,
3282 2900 3479 2954 certus
3522 2904 3635 2967 est,
3665 2895 3717 2955 si

328 2983 489 3046 enim
514 2982 698 3061 magis
730 2998 980 3042 vacuum
1008 2980 1125 3041 sibi
1156 2980 1526 3060 disceptandi
1560 2991 1798 3062 tempus
1830 2981 2045 3068 afﬁr-C
2068 2982 2210 3063 quid
2235 2982 2470 3045 eveniat
2506 2988 2713 3041 contra
2749 2980 3129 3056 sententiam,
3153 2979 3313 3040 novit
3335 2998 3442 3061 pro
3463 3000 3534 3043 eo
3569 3002 3718 3045 mm-

330 3071 595 3135 mat.Sed
612 3080 670 3133 et
689 3070 832 3132 mihi
847 3070 1087 3131 videtur
1100 3069 1650 3150 comperendinatio
1665 3070 1796 3151 ejus
1808 3073 1983 3135 etiam
2068 3092 2267 3134 rorem
2287 3074 2361 3133 de
2378 3070 2595 3132 animis
2611 3070 2937 3151 expellere,
2959 3069 3189 3132 meliori
3206 3072 3503 3133 sententia
3524 3074 3719 3135 inani-

334 3161 506 3224 nobis
562 3179 696 3224 esse
745 3158 1109 3235 necessaria,
1144 3167 1209 3220 ut
1234 3159 1435 3240 plures
1466 3162 1849 3242 conveniant,
1884 3162 1983 3245 qui
2067 3163 2284 3223 festum
2324 3162 2575 3241 habens,
2601 3160 2760 3239 quod
2782 3158 3227 3238 dispensatione
3252 3159 3719 3236 bouiDei,etiam

334 3252 753 3330 disputationis
777 3258 995 3311 nostrae
1017 3250 1106 3310 vel
1128 3248 1436 3312 auditores
1451 3251 1544 3312 vel
1556 3251 1796 3330 judices
1818 3254 1981 3317 ﬁant.
2071 3253 2226 3333 quod
2263 3252 2630 3312 contrarium
2657 3256 2921 3327 putatur,
2950 3247 3280 3309 rertaturin
3308 3249 3544 3313 melius.
3572 3251 3719 3314 Pro-

337 3345 759 3405 Verumtamen
791 3344 839 3402 si
861 3339 1168 3421 probabile
1195 3339 1299 3403 tibi
1320 3339 1577 3416 videtur,
1606 3341 1766 3405 inter
1783 3360 1982 3405 moras
2069 3350 2201 3422 pter
2232 3341 2415 3421 quod,
2450 3361 2484 3401 ο
2518 3337 3171 3417 Clemens,etiamuunc
3195 3358 3312 3399 non
3339 3350 3393 3400 te
3419 3341 3729 3403 contristet

335 3452 428 3509 ea,
453 3451 585 3513 quae
614 3433 675 3493 in
706 3429 1167 3493 controversiam
1200 3430 1405 3492 venire
1441 3449 1614 3512 posse
1643 3432 1978 3515 opinamur,
2067 3429 2217 3508 Magi
2248 3429 2638 3493 Simonisista
2660 3427 2890 3489 dilatio.
2920 3427 3110 3489 Credo
3137 3429 3292 3488 enim
3322 3429 3479 3509 quod
3508 3431 3728 3511 perDei

336 3524 495 3586 inter
518 3521 917 3601 nosmetipsos
936 3522 1104 3599 prius
1135 3519 1543 3601 discutiamus,
1581 3522 1981 3604 etunusquis-
2069 3518 2498 3603 providentiam
2532 3527 2764 3596 gestum
2813 3517 2886 3577 sit
2918 3517 2992 3579 ad
3045 3517 3362 3580 utilitatem
3426 3528 3610 3604 tuam,
3667 3534 3729 3585 ut

338 3633 453 3695 que
477 3621 913 3693 nostrum,cum
930 3627 1063 3691 quae
1086 3611 1477 3691 proponenda
1495 3611 1615 3673 sint
1636 3620 1694 3673 et
1716 3630 1847 3693 quae
1867 3631 1996 3676 res-
2077 3610 2297 3693 possim
2328 3609 2434 3673 tibi
2465 3609 2761 3671 rationem
2789 3607 2930 3668 ﬁdei
2964 3616 3203 3689 nostrae,
3232 3608 3289 3669 in
3327 3609 3434 3674 hac
3494 3622 3723 3692 septem

340 3700 1225 3786 pondenda,cognoverit,apud
1239 3702 1626 3782 semetipsum
1644 3711 1989 3783 pertractet,
2077 3704 2306 3767 dierum
2321 3698 2982 3781 comperendinatione.
3003 3698 3229 3781 absque
3253 3701 3455 3783 aliquo
3477 3706 3729 3786 strepitu

341 3795 392 3856 si
416 3802 581 3856 recte
603 3811 669 3855 se
692 3792 970 3873 habeant,
1007 3800 1109 3854 aut
1137 3792 1187 3852 si
1209 3792 1480 3855 invenire
1505 3794 1720 3874 poterit
1766 3794 1991 3875 aliquid
2078 3791 2469 3875 perordinem
2494 3799 2935 3869 consequenter
2956 3807 3254 3869 exponere
3271 3794 3601 3857 secundum
3618 3802 3733 3857 trao

340 3883 717 3947 adversarius
739 3882 900 3961 quod
920 3880 1187 3962 objiciat,
1221 3890 1322 3944 aut
1343 3902 1461 3963 quo
1480 3882 1712 3966 objecta
1738 3886 1993 3948 frustre-
2080 3882 2367 3945 ditionem
2398 3879 2446 3922 ’πί
2472 3879 2595 3941 veri
2614 3880 2940 3959 prophetae,
2966 3878 3067 3959 qui
3092 3879 3255 3941 solus
3287 3882 3563 3961 scit,quaa
3584 3884 3736 3946 facta

343 3984 459 4037 tur.
492 3975 559 4036 Si
586 3991 725 4035 vero
755 3990 824 4034 ex
848 3973 1012 4034 omni
1053 3973 1261 4054 latere,
1314 3992 1448 4055 quae
1476 3992 1510 4036 a
1541 3973 1716 4037 nobis
1746 3975 2003 4040 dicenda
2087 3982 2244 4042 sunt.
2293 3979 2357 4032 ut
2388 3971 2541 4033 facta
2563 3971 2707 4044 sint,
2734 3978 2793 4029 et
2821 3986 2954 4049 quae
2984 3969 3146 4043 ﬁant,
3175 3980 3237 4031 ut
3266 3972 3431 4047 ﬁant,
3482 3992 3737 4055 quaeque

348 4064 948 4142 sunt,c|aruerite53e
973 4062 1222 4144 munita,
1248 4064 1328 4125 ita
1366 4065 1611 4126 demum
1634 4067 2004 4130 conﬁdenter
2087 4071 2282 4142 erunt,
2343 4070 2405 4123 ut
2461 4068 2638 4123 erunt
2675 4080 2691 4135 ;
2751 4077 2882 4139 quae
2924 4066 3120 4120 tamen
3155 4062 3464 4123 manifeste
3490 4064 3733 4140 quidem

349 4153 948 4234 queestionisineatur
965 4152 1699 4235 entordium.thuidem"9
1722 4175 1853 4219 mea
1875 4157 2002 4220 haec
2084 4154 2394 4216 dicta.non
2417 4160 2615 4213 tamen
2638 4150 2950 4211 manileste
2966 4150 3189 4230 scripta
3221 4153 3447 4227 sunt,in
3483 4161 3733 4229 tantum,

349 4256 439 4309 est
468 4243 787 4316 sententia,
821 4241 978 4323 quod
1012 4252 1153 4306 ante
1186 4243 1389 4305 omnia
1425 4245 1652 4324 requiri
1702 4255 1995 4326 Oporteat,
2025 4236 2065 4285 ί)
2085 4253 2148 4305 ut
2177 4262 2312 4306 cum
2343 4242 2641 4320 leguntur,
2673 4239 2924 4318 intelligi
2942 4239 3073 4301 sine
3094 4241 3432 4319 expositore
3455 4262 3571 4304 nou
3592 4261 3733 4323 pos—-

351 4334 491 4415 quid
523 4334 600 4395 sit
630 4332 896 4393 omnium
950 4331 1232 4409 primum,
1294 4332 1510 4412 quidve
1559 4333 1996 4410 immediatum,
2083 4336 2204 4395 sint
2240 4342 2482 4413 propter
2511 4339 2821 4410 peccatum
2847 4330 3733 4411 quodcoadolevithominibus,

350 4420 511 4500 quod
542 4418 723 4480 etiam
751 4433 992 4478 causam
1008 4434 1142 4479 esse
1160 4420 1428 4482 omnium
1452 4439 1586 4501 quas
1610 4422 1998 4498 sunt,docen-
2082 4423 2240 4485 sicut
2261 4421 2540 4503 superius
2562 4419 2846 4482 diximus.
2881 4416 3112 4481 Idcirco
3138 4420 3317 4499 igitur
3336 4422 3741 4502 explanabun-

353 4508 496 4569 dum
527 4515 620 4569 est
651 4522 667 4581 ;
700 4504 920 4568 deinde
940 4515 1156 4569 cuncta
1184 4524 1315 4589 qua
1339 4519 1501 4590 sunt,
1551 4514 1597 4571 si
1629 4510 1781 4574 facta
1836 4520 1997 4587 sunt,
2086 4521 2181 4574 tur
2216 4511 2317 4573 tibi
2351 4529 2456 4591 per
2486 4527 2583 4572 me
2615 4509 2836 4585 omnia,
2865 4516 2931 4570 ut
2954 4508 3017 4570 in
3047 4509 3140 4572 his
3168 4530 3299 4592 quae
3328 4519 3548 4595 scripta
3577 4522 3738 4591 sunt,

434 4666 501 4719 α)
529 4666 618 4753 Et
641 4666 883 4753 quidem
911 4702 990 4753 Τ
1020 4668 1359 4753 reperjetur
1387 4671 1624 4753 aguitz’o
1654 4689 1774 4753 non
1806 4671 2083 4752 leguntur
2126 4674 2185 4734 in
2216 4678 2482 4753 utroque_
2501 4669 2679 4733 codd.
2700 4668 2937 4753 ALipps.
2984 4668 3069 4753 _7_°
3098 4671 3179 4735 Et
3208 4674 3497 4739 idco—iu
3525 4677 3746 4740 melius

357 4747 575 4813 desunt
602 4747 671 4812 in
696 4748 873 4812 codd.
907 4747 1101 4833 Lipssl
1185 4749 1234 4793 ¹⁷¹
1265 4747 1608 4815 Secundum
1643 4747 2422 4835 traditionem—agnoscds
2451 4750 2669 4811 desunt
2696 4750 2761 4810 in
2783 4747 2964 4813 codd.
2984 4748 3172 4832 Lipss.

1688 4889 2093 4958 COTELERII
2137 4889 2393 4956 ΝΟΤᾸΕ.

446 5048 882 5135 (κῆᾃξοεεξει,
916 5049 1216 5135 utcibuns
1237 5060 1484 5135 caperet
1540 5069 1676 5135 cum
1714 5054 1861 5119 suis.
1897 5062 2013 5118 etc.
2100 5072 2236 5117 cum
2270 5052 2658 5135 Constantino
2716 5052 3083 5135 imperatore
3130 5051 3397 5135 nondum
3437 5051 3749 5135 baptizato

360 5130 736 5216 Passimbic,
769 5131 945 5216 Apud
962 5130 1357 5196 Athanasium
1386 5132 2017 5216 Libdevirginitate,
2103 5135 2370 5215 epulatos
2396 5134 2581 5197 tuisse
2641 5130 2820 5197 testis
2856 5141 2947 5196 est
2996 5132 3114 5216 ﬁde
3162 5134 3379 5216 dignus
3434 5130 3755 5216 Eusebius,

361 5229 422 5296 p.
475 5212 630 5277 1052
661 5230 680 5275 .'
715 5212 842 5296 Ἔὰῦ
886 5212 942 5271 δὲ
974 5216 1158 5292 εὗρεθῇ
1201 5215 1595 5296 κατηχουμένη
1654 5212 1963 5296 ἐν’τραπέζπ

2105 5212 2375 5296 quamvis
2433 5216 2489 5277 ei
2521 5217 2672 5278 nolit
2702 5216 2952 5277 credere
3006 5212 3384 5295 Nicephorus
3455 5212 3761 5279 Callistus.

360 5294 440 5369 μὴ
507 5294 877 5378 συνξυχέσθω-
919 5296 1055 5372 μετὰ
1113 5302 1222 5378 τῷν
1250 5294 1477 5375 πιστῶν,
1512 5295 1628 5378 οὐδὲ
1660 5297 1738 5378 μὴ
1764 5294 1963 5378 Αᾷιαθίσς

2105 5294 2222 5378 Sed
2250 5306 2311 5359 et
2336 5296 2663 5378 Christiani
2698 5296 2871 5358 multi
2900 5314 3020 5358 non
3049 5294 3199 5358 adeo
3228 5314 3261 5357 a
3294 5298 3544 5378 paganis
3595 5297 3760 5378 refu-

360 5389 559 5456 φαγετν
577 5373 910 5458 τὸν-ξψωμρν
943 5398 1037 5458 ceu
1081 5373 1201 5458 per:
1237 5378 1426 5445 αὐτῆς.
1450 5373 1884 5458 Capitularium
1912 5377 1963 5439 li]

2103 5377 2365 5458 giebant.
2399 5376 2572 5441 Unde
2602 5377 2878 5441 Nonnam
2911 5386 3163 5458 matrem
3190 5373 3356 5440 suam
3375 5373 3584 5441 laudat
3609 5375 3760 5441 Gre-

359 5455 618 5538 vn,cap.
666 5456 933 5540 92εᾼΝοη
967 5455 1151 5520 liceat
1180 5455 1686 5540 baptizatt'sfcum
1734 5458 2021 5540 catechu-
2104 5455 2307 5539 gorius
2351 5460 2784 5540 Nazianzenus,
2817 5459 2976 5540 quod
3019 5457 3221 5520 cibum
3279 5478 3411 5540 eum
3466 5458 3760 5521 idolorum

361 5538 997 5621 (uenis_manducare,
1020 5554 1127 5600 nec
1158 5538 1429 5621 osculum
1471 5539 1561 5601 eis
1585 5540 1766 5617 dare,
1797 5539 1891 5603 vel
1917 5559 2030 5604 ave
2112 5538 2444 5621 Cultoribus
2487 5538 2869 5621 communem
2932 5557 3240 5617 nunquam
3302 5539 3602 5621 habuerit,
3650 5557 3760 5601 nec

364 5612 495 5708 ξιμε
538 5618 742 5708 dicere
770 5640 784 5685 :
814 5626 1042 5701 quanto
1071 5612 2032 5708 magis__c_umng_a:c_ominunicatis
2112 5620 2619 5708 gentilisfeminee
2662 5618 2937 5708 manibus
2998 5612 3267 5683 dextram
3324 5612 3620 5702 injecerit,
3659 5629 3759 5682 aut

364 5693 442 5757 ab
473 5693 905 5780 episeopo,dut
934 5717 1071 5764 cum
1100 5693 1433 5781 gentilibus
1451 5699 1814 5784 YEpiscopos
1827 5712 2029 5769 tamen
2115 5693 2280 5764 labra
2303 5702 2484 5765 labris
2510 5701 2843 5766 miscuerit.
