4138 6420
450 335 603 401 I235

1278 343 1339 404 s.
1384 329 1826 409 CLEMENTIS
1868 349 1891 408 1
1937 345 2121 407 non.
2170 305 2412 404 pom.‘
2443 344 2692 407 OPERA
2735 343 2990 407 DUBIA.

3675 281 3827 402 I236

444 490 583 536 eum
614 473 880 555 dixisset,
914 493 1031 537 non
1063 475 1434 538 dubitaretur
1463 485 1523 537 et
1553 480 1905 557 prophetam
1943 493 2080 540 eum
2106 481 2143 527 Α
2169 471 2229 533 bi
2261 491 2399 535 vero
2427 475 2533 552 qui
2558 474 2704 537 nihil
2738 473 2814 536 de
2845 474 2976 555 ipso
2999 474 3240 555 penitus
3271 470 3608 548 audierant,
3629 477 3691 531 et
3711 487 3818 531 ve-

444 560 652 637 fuisse,
684 563 916 626 etiamsi
973 566 1257 645 scriptum
1311 585 1428 627 non
1479 576 1642 629 esset
1699 568 1758 629 in
1809 572 1937 647 lege
1967 589 1981 630 ;
2014 570 2096 646 ita

445 672 577 715 cum
608 664 837 716 certum
878 655 955 716 sit
998 674 1133 716 eum
1169 657 1520 736 prophetam
1571 654 1781 737 fuisse,
1812 657 2091 719 similiter

448 753 677 806 certum
707 752 801 805 est
831 752 891 805 et
919 745 1074 824 quod
1109 752 1323 806 unctus
1346 745 1444 816 sit,
1469 747 1608 826 quia
1626 748 1758 810 sine
1789 758 2089 826 unguento

448 834 805 913 prophetare
837 853 956 896 non
988 845 1242 914 poterat.
1270 834 1490 897 Verum
1524 837 1636 898 hoc
1673 837 1858 916 magis
1889 837 2092 900 dicere

449 931 506 985 te
533 923 820 1003 oportuit,
844 925 889 984 si
921 924 1186 986 chrisma
1214 934 1345 984 arte
1395 924 1755 1006 myropolica
1802 927 2094 1007 composi-

447 1020 570 1074 tum
598 1021 688 1076 est
713 1016 790 1076 ab
848 1016 1074 1089 Aaron,
1103 1013 1402 1094 quomodo
1465 1015 1691 1092 primus
1739 1017 1917 1077 homo
1963 1035 2091 1093 per-

447 1102 589 1182 ungi
622 1103 808 1182 potuit
837 1115 1141 1183 unguento
1189 1112 1352 1175 ante,
1383 1105 1834 1183 compositionis
1863 1105 2091 1168 artibus

449 1192 714 1254 nondum
749 1192 1054 1273 repertis?
1081 1192 1150 1255 Et
1180 1211 1288 1272 ego
1322 1194 1643 1273 respondi:
1677 1193 1807 1256 Non
1843 1215 1937 1257 me
1971 1205 2058 1257 tra

449 1283 653 1356 ducas,
689 1283 907 1363 Petro;
942 1301 1063 1344 non
1089 1282 1248 1344 enim
1282 1283 1357 1345 de
1403 1292 1709 1362 unguento
1762 1286 2092 1366 composito

453 1382 512 1435 et
542 1375 857 1455 temporali
888 1375 1020 1435 oleo
1065 1374 1300 1452 loquor,
1331 1374 1434 1435 sed
1487 1374 1565 1435 de
1604 1375 1705 1436 illo
1751 1377 2004 1456 simplici
2035 1387 2093 1438 et

451 1471 705 1534 mterno,
739 1462 896 1543 quod
958 1481 993 1524 a
1053 1461 1173 1523 Deo
1225 1463 1440 1524 factum
1499 1481 1634 1525 esse
1693 1464 1970 1529 docuisti.
2019 1465 2091 1525 ad

446 1553 621 1632 cujus
679 1551 1136 1613 similitudinem
1195 1552 1348 1613 istud
1412 1556 1809 1633 compositum
1864 1573 1997 1616 esse
2023 1555 2095 1617 ab

450 1639 794 1703 hominibus
817 1641 989 1705 dicis.

528 1729 784 1795 XLVIII.
813 1729 883 1793 Et
914 1733 1121 1792 Petrus
1157 1733 1228 1794 ad
1283 1734 1430 1812 haec,
1467 1739 1531 1794 ut
1561 1733 1894 1807 tidebatur,
1931 1736 2093 1796 indi-

2175 563 2337 625 nisse
2361 564 2638 643 credunt,
2665 573 2725 627 et
2748 575 3065 628 venturum
3099 569 3364 643 sperant.
3397 559 3466 622 Et
3496 559 3573 620 ita
3605 559 3663 619 in
3695 578 3831 620 om-

2178 654 2353 714 nibus
2379 655 2688 734 prophetia
2727 654 2918 716 tidelis
2949 651 3252 733 apparuit,
3283 668 3416 731 qua;
3450 649 3598 710 dixit
3630 649 3825 728 ipsum

2178 760 2310 804 esse
2333 747 2836 824 exSpectationem
2869 743 3159 823 gentium.
3189 739 3549 803 Erraverunt
3571 756 3712 817 ergo
3732 737 3831 801 Ju-

2179 831 2292 893 dtei
2313 833 2390 894 de
2423 835 2618 912 primo
2642 832 2879 894 Domini
2911 832 3166 893 adventu
3196 854 3211 904 ',
3238 839 3297 891 et
3321 829 3478 889 inter
3512 847 3619 888 nos
3650 835 3830 908 atque

2176 920 2341 1002 ipsos
2371 921 2446 984 de
2475 923 2590 984 hoc
2618 931 2708 984 est
2729 923 2858 985 solo
2882 921 3218 983 dissidium.
3255 922 3405 982 Nam
3440 917 3596 999 quod
3630 926 3836 978 ventu-

2175 1028 2279 1073 rus
2307 1012 2384 1074 sit
2412 1009 2706 1082 Christus.
2740 1020 2960 1074 norunt
2985 1011 3162 1073 etiam
3208 1009 3322 1090 ipsi
3353 1019 3413 1068 et
3443 1014 3830 1088 exspectant;

2177 1098 2331 1180 quod
2365 1109 2562 1161 autem
2598 1101 2724 1181 jam
2758 1102 2989 1162 venerit
3021 1101 3078 1160 in
3111 1097 3446 1160 humilitate
3481 1095 3574 1158 hic
3601 1095 3701 1176 qui
3734 1093 3832 1156 di-

2177 1189 2331 1250 citur
2353 1189 2548 1264 Iesus,
2577 1190 2871 1268 ignorant.
2894 1191 2965 1254 Et
2989 1191 3050 1250 in
3081 1189 3195 1250 hoc
3227 1185 3482 1247 maxime
3508 1184 3637 1264 ejus
3669 1202 3827 1244 con-

2178 1277 2446 1339 firmatur
2475 1279 2786 1360 adventus,
2821 1279 2977 1360 quod
3012 1277 3068 1341 ei
3114 1295 3231 1338 non
3283 1292 3494 1337 omnes
3541 1271 3726 1335 cretlu
3745 1282 3830 1335 nt.

2259 1367 2353 1431 LI.
2385 1366 2556 1430 Hunc
2591 1388 2731 1449 ergo
2765 1371 2923 1434 Deus
2962 1365 3282 1431 destinavit
3323 1365 3380 1425 in
3429 1363 3546 1425 line
3598 1360 3830 1440 mundi,

2181 1459 2320 1538 quia
2345 1458 2726 1538 impossibile
2755 1468 2882 1520 erat
2905 1457 3245 1520 mortalium
3283 1453 3437 1515 male
3465 1451 3701 1533 purgari
3725 1468 3832 1530 per

2181 1548 2628 1628 alium,integra
2654 1551 2940 1611 duntaxat
2969 1556 3363 1628 permanente
3389 1539 3633 1605 humani
3657 1558 3833 1628 gene-

2183 1637 2266 1698 ris
2295 1623 2589 1717 creatura,
2625 1638 2738 1698 ltoc
2789 1646 2882 1698 est
2922 1623 3080 1698 salva
3108 1632 3344 1696 arbitrii
3378 1623 3833 1717 libertate._IIoc

2180 1727 2359 1804 igitur
2393 1735 2543 1788 statu
2578 1715 2864 1788 incolumi
2917 1735 3248 1793 reservato,
3285 1722 3534 1783 invitare
3567 1715 3730 1777 venit
3758 1715 3830 1776 ad

445 1836 679 1902 gnans:
710 1819 864 1892 Quid
912 1831 1105 1900 putas,
1142 1804 1439 1884 Clemens.
1472 1821 1610 1902 quia
1641 1841 1850 1885 omnes
1885 1804 2094 1886 omnia
2122 1840 2155 1887 Β
2179 1833 2429 1906 regnum
2450 1818 2646 1897 justos
2673 1834 2946 1898 quosque
2977 1826 3034 1906 et
3060 1833 3166 1906 eos
3195 1813 3299 1890 qui
3336 1810 3572 1906 placere
3597 1804 3839 1906 siut-luo-

446 1893 585 1971 ante
618 1919 855 1991 tempus
884 1893 1042 1972 scire
1071 1893 1386 1992 possumus
1417 1911 1449 1971 ?
1482 1893 1598 1974 Sed
1647 1931 1804 1974 nunc
1856 1914 1934 1975 uti
1968 1933 2041 1975 ne
2071 1933 2104 1976 a
2188 1893 2324 1966 runt
2346 1905 2426 1978 ei,
2454 1893 2672 1987 quibus
2696 1893 2862 1967 bona
2883 1903 3206 1968 ineffabilia
3241 1896 3592 1992 prteparavit
3617 1904 3676 1992 e_t
3698 1893 3836 1956 Hie-

461 1984 767 2081 propositu
796 1984 1086 2062 sermone
1103 2001 1480 2076 recedamus,
1505 2001 1651 2063 alias
1674 2001 1776 2063 tibi
1797 2020 1933 2064 cum
1970 2023 2102 2084 pro-

2188 1996 2445 2057 rusalem
2463 1984 2756 2057 civitatem
2773 1996 3242 2074 cmlestem,qua3
3255 2011 3322 2052 su
3334 2007 3436 2071 per
3451 1984 3834 2085 splendorem

449 2077 647 2154 fectus
677 2096 814 2150 tuus
845 2090 1194 2152 manifestus
1245 2090 1449 2172 fuerit,
1481 2091 1556 2152 de
1589 2092 1683 2152 his
1708 2077 1981 2172 apertius.
2003 2113 2101 2155 ex-
2188 2086 2332 2146 solis
2363 2085 2616 2166 fulgebit
2661 2093 2717 2147 in
2770 2084 3136 2147 habitatione
3176 2089 3542 2144 sanctorum.
3575 2077 3836 2172 ligustos

453 2177 947 2260 ponemus.Tunc
963 2190 1161 2241 autem
1185 2163 1484 2252 unguento
1502 2163 1833 2262 composito
1853 2203 2103 2263 perunc-
2188 2193 2328 2236 vero
2359 2185 2417 2266 et
2447 2163 2687 2258 impios,
2712 2185 2772 2239 et
2793 2176 2891 2254 «tui
2921 2193 3026 2255 pro
3051 2173 3236 2266 nihilo
3263 2172 3591 2266 habuerunt
3617 2163 3830 2236 Deum.

447 2258 542 2330 tus
573 2271 832 2350 pontifex
857 2269 945 2331 vel
969 2269 1281 2350 propheta,
1303 2269 1411 2333 Dei
1435 2271 1620 2331 altare
1638 2258 2014 2334 succendens
2038 2276 2098 2336 in
2184 2265 2686 2357 commissamque
2721 2266 2835 2327 sibi
2867 2267 3043 2357 vitam
3077 2265 3315 2357 diversa
3341 2258 3412 2320 ad
3439 2258 3662 2357 ξιίξὲίυῖξ
3692 2271 3832 2314 εοη⁰

453 2344 614 2420 omni
640 2359 862 2449 mundo
884 2344 1462 2424 cla—rus'habebatur.
1489 2357 1606 2423 Sed
1627 2370 1758 2442 post
1779 2363 1974 2424 Aaron
1999 2366 2098 2444 qui
2185 2355 2471 2449 ιιιιςΐυηι,
2495 2375 2562 2417 ac
2588 2344 3053 2449 tempu5_opel"_i5
3075 2353 3239 2449 Iusti,
3259 2347 3610 2449 eiff'l‘cl‘ium
3637 2344 3835 2449 regem

454 2449 714 2531 pontifex
733 2448 864 2521 fuit,
888 2450 1042 2512 alius
1061 2467 1130 2510 ex
1153 2451 1320 2530 aquis
1341 2431 1690 2524 assumitur,
1716 2471 1835 2513 non
1861 2431 2096 2535 Moysen
2183 2431 2461 2521 malitiae.
2481 2431 2965 2526 competentibus
2991 2431 3256 2526 ipsisque
3288 2437 3484 2518 dignis
3509 2431 3833 2535 ultionibus

453 2523 612 2611 dico,
648 2539 756 2601 sed
793 2537 959 2600 illum
994 2541 1092 2618 qui
1122 2539 1181 2601 in
1207 2523 1387 2615 aquis
1419 2539 1696 2620 baptismi
1726 2541 1911 2605 Filius
1927 2523 2106 2609 a'Deo

2195 2535 2408 2597 tradet.
2445 2523 2667 2598 Ctetera
2697 2554 2836 2597 vero
2871 2523 3113 2615 quae'ibi
3156 2539 3447 2612 gerentur
3496 2523 3744 2610 proferri
3775 2532 3828 2620 et

453 2628 794 2708 appellatus
832 2636 924 2689 est
948 2616 1026 2689 9°.
1056 2630 1231 2690 Iesus
1288 2616 1546 2709 namque
1604 2637 1717 2705 est,
1751 2634 1851 2712 qui
1907 2635 2102 2714 ignem
2191 2625 2618 2714 eloqui,neque
2639 2625 2866 2704 angelis
2884 2643 3080 2706 neque
3102 2620 3448 2714 hominibus
3469 2619 3554 2714 fas
3578 2631 3698 2695 est;
3725 2616 3830 2679 sed

445 2717 616 2780 illum
647 2735 824 2799 quem
848 2717 1215 2780 accendebat
1246 2708 1509 2799 pontifex
1545 2738 1650 2800 pro
1679 2708 1964 2805 pec-catis,
1998 2745 2101 2789 re-
2187 2713 2301 2805 hoc
2327 2723 2551 2776 tantum
2574 2715 2731 2777 scire
2754 2734 2861 2776 nos
2893 2714 3133 2805 sufﬁcit,
3158 2712 3316 2805 quod
3343 2708 3518 2771 bonis
3550 2720 3830 2776 zeternam

446 2808 654 2870 stinxit
682 2826 788 2887 per
808 2807 1089 2888 baptismi
1112 2807 1464 2886 gratiam;ex
1486 2828 1602 2885 quo
1627 2809 1786 2871 enim
1809 2811 1905 2874 hic
1925 2802 2102 2894 appa-
2187 2802 2481 2865 bonorum
2517 2805 2958 2885 possessionem
2990 2803 3259 2867 conferet
3288 2802 3465 2894 Deus.

445 2897 588 2990 ruit.
609 2898 863 2990 cessavit
893 2897 1181 2990 chrisma,
1210 2899 1518 2990 perquod
1553 2900 1930 2978 pontificatus
2266 2894 2528 2990 LII.‘IIis
2557 2895 2631 2957 ab
2664 2915 2762 2990 eo
2789 2897 2963 2959 dictis
3013 2915 3120 2990 ego
3162 2890 3451 2990 respondi
3478 2912 3502 2990 ε.
3523 2889 3580 2951 Si
3606 2893 3832 2990 _Chris_ti

449 2985 722 3061 bebatur,
757 2986 846 3049 vel
897 2987 1233 3069 prophetia,
1262 2987 1350 3048 vel
1379 3005 1653 3066 regnum.
1956 2981 1970 2984 ’
2183 3003 2366 3064 regno
2394 2984 2673 3048 fruentur
2703 2987 2790 3066 hi,
2826 3005 2982 3066 quos
3017 2986 3213 3066 justos
3239 2981 3535 3069 invenerit
3566 2981 3694 3059 ejus
3719 2985 3829 3042 ad-

525 3073 722 3140 XLIX.
747 3067 917 3139 IIunc
951 3077 1134 3157 igitur
1163 3067 1507 3139 adfuturum
1544 3078 1813 3159 praedixit
1842 3082 2094 3164 Moyses,
2183 3083 2414 3149 νθηῑυε,
2440 3093 2583 3154 ergo
2609 3078 2708 3156 qui
2727 3087 2864 3138 ante
2886 3077 3204 3164 adventum
3229 3073 3360 3152 eius
3381 3067 3644 3132 defuncti
3667 3083 3828 3144 sunt.

447 3166 548 3249 qui
573 3168 764 3246 legem
795 3167 900 3232 Dei
926 3167 1273 3228 hominibus
1295 3167 1571 3249 tradidit;
1594 3168 1696 3229 sed
1714 3177 1768 3231 et
1787 3162 2098 3237 alius'ante
2126 3245 2152 3249 _
2181 3183 2368 3244 regno
2399 3167 2638 3245 penitus
2673 3165 3011 3229 carebunt?
3040 3162 3188 3225 Tum
3228 3165 3435 3226 Petrus
3461 3184 3473 3227 :
3504 3165 3675 3245 Cogis
3711 3173 3829 3235 me.

445 3245 668 3337 ipsum,
700 3257 851 3318 sicut
883 3255 989 3317 tibi
1021 3264 1080 3318 et
1127 3265 1265 3318 ante
1313 3257 1437 3336 jam
1495 3245 1736 3321 tradidi.
1775 3259 1908 3340 Ipse
1954 3245 2155 3341 ergoC
2181 3254 2394 3334 inquit.
2435 3273 2470 3316 o
2505 3254 2805 3336 Clemens,
2839 3255 3040 3335 aliqua
3079 3255 3153 3317 de
3204 3254 3604 3317 inefl‘abilibus
3636 3253 3835 3336 publi-

446 3343 724 3408 indicavit
760 3364 898 3408 eum
955 3355 1267 3408 venturum
1303 3346 1492 3426 primo
1546 3347 1786 3428 quidem
1843 3352 2095 3415 adventu
2182 3361 2343 3407 care.
2382 3348 2817 3409 Verumtamen
2849 3345 3242 3427 quoadusque
3275 3344 3528 3424 proferri
3560 3345 3720 3424 licet,
3756 3342 3838 3404 fa-

449 3434 761 3516 humilem,
785 3435 1052 3498 secundo
1083 3453 1221 3498 vero
1243 3436 1591 3515 gloriosum.
1624 3437 1693 3498 Et
1718 3442 1944 3517 primus
1969 3445 2097 3523 qui-
2181 3453 2322 3497 cere
2347 3452 2467 3496 non
2493 3434 2742 3515 pigebit.
2767 3435 3065 3509 Christus,
3091 3433 3196 3513 qui
3226 3433 3299 3494 ab
3320 3433 3491 3523 initio
3518 3445 3573 3495 et
3596 3451 3839 3514 semper

447 3524 583 3588 dem
603 3526 722 3602 jam
755 3524 1040 3606 impletus
1069 3534 1184 3607 est,
1214 3545 1348 3588 cum
1387 3528 1550 3588 venit
1585 3537 1642 3589 et
1672 3528 1897 3611 docuit,
1924 3522 2090 3612 ει)...
2185 3533 2334 3596 erat,
2364 3541 2472 3604 per
2492 3523 2758 3602 singulas
2778 3542 3046 3606 quasque
3065 3522 3486 3602 generationes
3511 3523 3840 3605 piis,laten-

447 3613 560 3675 dex
583 3615 851 3675 omnium
870 3613 1177 3694 judicatus
1204 3624 1318 3688 est,
1343 3633 1411 3677 ac
1439 3627 1798 3697 peremptus.
1822 3618 2099 3683 Secundo
2186 3622 2279 3675 ter
2300 3614 2708 3695 Iicet,semper
2730 3622 2930 3676 tamen
2955 3613 3284 3692 aderat,ltis
3308 3614 3629 3692 praecipue,
3653 3631 3686 3673 a
3710 3613 3839 3693 qui-

447 3719 590 3764 veru
613 3701 868 3765 adventu
894 3703 1273 3782 judicaturus
1304 3705 1600 3786 adveniet,
1628 3715 1687 3767 et
1717 3701 1930 3787 impios
1959 3714 2099 3788 qui-
2189 3704 2297 3763 bus
2322 3703 3154 3786 exspectabatur,quibusque
3177 3703 3524 3784 frequenter
3539 3703 3835 3783 apparuit.

455 3791 591 3853 dem
632 3791 1088 3874 condemnabit,
1121 3794 1250 3874 pios
1281 3812 1421 3856 vero
1445 3797 1502 3855 in
1539 3797 1903 3858 consortium
1936 3805 2100 3880 regni
2190 3792 2307 3854 Sed
2342 3811 2458 3853 non
2491 3801 2617 3855 erat
2641 3801 2900 3876 tempus,
2927 3803 2988 3855 ut
3011 3801 3151 3854 tunc
3175 3792 3456 3854 resolutis
3485 3791 3838 3874 corporibus

451 3880 924 3964 societatemque
947 3883 1440 3964 suscipiet.Fides
1464 3902 1604 3947 vero
1628 3888 1958 3950 secundiad
1970 3909 2097 3950 ven-
2190 3883 2362 3944 ﬁeret
2393 3885 2758 3946 resurrectio
2786 3905 2801 3965 ;
2831 3883 2931 3946 sed
2957 3883 3082 3944 haec
3114 3881 3299 3960 magis
3321 3882 3724 3944 remuneratio
3748 3883 3836 3942 vi-

455 3980 549 4032 tus
579 3979 809 4033 constat
835 3989 904 4034 ex
939 3977 1159 4052 primo.
1184 3972 1498 4054 Prophetas
1523 3975 1682 4036 enim
1703 3976 1778 4036 de
1807 3979 1998 4057 primo
2024 3982 2103 4042 to.
2188 3971 2444 4033 debatur
2473 3990 2506 4032 a
2538 3971 2686 4052 Deo,
2716 3984 2782 4035 ut
2813 3973 2913 4051 qui
2947 3971 3316 4032 inveniretur
3348 3971 3573 4052 justus,
3612 3971 3837 4034 diutius

450 4061 570 4121 cuti
598 4068 759 4134 sunt,
791 4069 850 4122 et
883 4061 1186 4142 praecipue
1215 4060 1401 4126 Jacob
1453 4071 1511 4124 et
1559 4065 2103 4144 Moysesmonnulli
2188 4070 2572 4140 permaneret
2596 4061 2654 4120 in
2678 4078 2952 4141 corpore,
2979 4070 3282 4141 autcerte,
3311 4060 3466 4122 sicut
3487 4060 3561 4122 de
3578 4059 3832 4138 quodam

451 4155 650 4211 tamen
675 4149 853 4211 etiam
910 4150 987 4211 de
1023 4150 1312 4212 secundo.
1347 4149 1463 4213 Sed
1498 4151 1938 4232 magnificentia
1962 4175 2083 4236 pro-
2179 4151 2344 4229 justo
2378 4147 2689 4210 evidenter
2737 4150 2992 4212 refertur
3040 4151 3099 4210 in
3155 4150 3370 4213 litteris
3420 4149 3564 4227 legis
3595 4148 3638 4222 ‘,
3671 4151 3829 4226 quod

456 4237 673 4318 phetite
701 4237 762 4299 in
793 4239 907 4300 hoc
949 4239 1205 4302 maxime
1257 4240 1706 4321 comprobatur,
1743 4245 1901 4322 quod
1956 4247 2100 4306 nihil
2190 4239 2563 4300 transtulerit
2593 4257 2728 4300 eum
2763 4239 2943 4303 Deus.
2972 4240 3168 4303 Simili
3201 4239 3477 4320 exemplo
3495 4238 3670 4301 etiam
3693 4254 3827 4298 cum

448 4327 778 4389 secundum
810 4331 1300 4410 consequentiam
1343 4348 1546 4391 rerum
1580 4331 1656 4390 de
1687 4330 1896 4393 futuris
1927 4334 2099 4394 dixe-
2185 4327 2419 4390 caeteris
2447 4338 2676 4406 gestum
2704 4339 2795 4392 est
2825 4330 2927 4411 qui
2961 4334 3090 4408 ejus
3119 4331 3405 4392 voluntati
3460 4328 3828 4407 placuerunt,

449 4425 636 4492 runt;
692 4418 913 4497 alioqui
971 4419 1298 4481 aestimasse
1359 4421 1558 4500 potius
1616 4421 1920 4500 sapientes
1966 4425 2098 4500 viri,
2186 4428 2249 4480 ut
2274 4419 2345 4479 ad
2382 4419 2722 4498 paradisum
2779 4421 3043 4483 translati
3094 4430 3408 4483 serventur
3436 4419 3508 4480 ad
3560 4434 3833 4497 regnum,

451 4507 608 4586 quod
642 4523 843 4568 rerum
876 4510 1304 4590 consequentia
1346 4509 1688 4581 dictaverat,
1725 4511 2099 4575 viderentur.
2126 4529 2165 4577 ο
2186 4525 2392 4570 eorum
2426 4527 2564 4570 vero
2584 4511 2684 4591 qui
2710 4531 2825 4573 non
2859 4511 2931 4574 ad
2965 4511 3264 4591 integrum
3310 4517 3562 4590 potuere
3593 4507 3836 4586 explere

532 4593 798 4684 μοιωά
829 4607 1023 4659 autem
1059 4599 1215 4675 dico,
1245 4598 1359 4660 tale
1389 4608 1475 4660 est
1503 4621 1515 4662 :
1544 4597 1842 4662 Christum
1876 4603 2096 4684 suscipi
2183 4600 2739 4679 normamjustitize,
2763 4602 2869 4664 sed
2903 4602 3133 4683 aliquas
3157 4601 3214 4662 in
3249 4617 3354 4661 sua
3389 4613 3570 4659 carne
3604 4596 3837 4660 malitias

451 4700 485 4744 a
508 4683 730 4773 .ludaais
759 4688 830 4746 ad
864 4704 1016 4764 quos
1039 4697 1301 4765 venerat,
1337 4696 1395 4750 et
1424 4687 1588 4750 credi
1624 4689 1698 4762 ei,
1734 4692 1833 4772 qui
1859 4683 2096 4773 exepec-
2184 4689 2471 4767 reliquias
2503 4691 2797 4764 habuere,
2825 4710 3076 4772 corpora
3096 4691 3333 4772 quidem
3367 4685 3831 4763 resolverentur,

446 4771 682 4835 tabatur
710 4774 782 4835 ad
816 4776 1067 4839 salutem
1103 4779 1305 4859 populi
1363 4780 1698 4840 secundum
1754 4771 2101 4845 traditiones
2181 4782 2396 4847 anima;
2415 4803 2555 4846 vero
2579 4771 2963 4846 servarentur
2987 4782 3046 4842 in
3075 4771 3249 4843 bonis
3270 4781 3539 4862 laetisque
3561 4777 3829 4856 regioni-

449 4870 1092 4947 patrum,consequens
1114 4875 1478 4948 erat,gentes
1509 4884 1652 4930 vero
1678 4869 1904 4934 alienas
1928 4876 2002 4933 ab
2027 4892 2098 4935 eo

447 4951 600 5029 fore,
632 4953 848 5034 quibus
899 4974 1093 5036 neque
1154 4956 1512 5038 promissum
1562 4959 1887 5040 quidquam
1923 4963 1997 5023 de
2029 4983 2098 5022 eo

449 5060 644 5123 neque
673 5051 1094 5108 annuntiatum
1129 5046 1344 5121 fuerat,
1373 5049 1491 5108 imo
1513 5047 1734 5127 quibus
1753 5069 1828 5113 ne
1860 5054 2102 5114 nomine

450 5130 692 5222 quidem
724 5134 851 5216 ipso
880 5135 1207 5218 aliquando
1239 5136 1602 5200 innotuerat.
1639 5142 1709 5201 Et
1741 5148 1934 5202 tamen
1958 5160 2096 5222 pro-

447 5219 885 5301 'phetm,contra
901 5224 1177 5286 ordinem
1193 5233 1251 5287 et
1263 5233 1754 5306 consequentiam
1778 5219 1982 5291 rerum
2007 5231 2096 5291 di-

450 5325 600 5373 xere
631 5327 766 5372 eum
795 5315 1298 5394 exspectationem
1326 5313 1591 5392 gentium
1616 5314 1718 5396 ‘00,
1753 5326 1810 5378 et
1845 5338 1958 5379 non
1988 5318 2099 5382 Ju-

451 5397 715 5461 dteorum
756 5400 1044 5466 futurum.
1077 5406 1168 5467 Ita
1192 5401 1454 5484 denique
1477 5413 1534 5464 et
1553 5414 1789 5485 gestum
1817 5417 1926 5471 est.
1953 5409 2096 5471 Cum

453 5487 613 5549 enim
642 5489 1004 5568 venisset,ab
1021 5492 1112 5554 his
1132 5493 1232 5575 qui
1265 5511 1402 5556 eum
1438 5501 1785 5576 exspectare
1813 5497 2097 5560 videban-

455 5584 554 5640 tur
569 5595 638 5641 ex
668 5579 984 5646 traditione
997 5583 1571 5664 majorum,omnino
1590 5586 1831 5666 agnitus
1843 5607 1962 5650 non
1985 5597 2094 5662 est;

2185 4875 2318 4949 bus,
2346 4882 2411 4938 ut
2444 4876 2501 4935 in
2536 4871 2978 4934 resurrectione
3011 4880 3405 4951 mortuorum,
3428 4892 3564 4934 cum
3594 4888 3700 4935 sua
3730 4889 3827 4931 re—

2184 4964 2482 5044 ceperint,
2519 4962 2647 5041 ipsa
2699 4963 2823 5041 jam
2885 4959 3254 5022 resolutione
3306 4965 3558 5040 purgati,
3593 4982 3697 5044 pro
3747 4960 3837 5022 bis

2187 5073 2318 5135 quae
2352 5055 2504 5116 bene
2537 5057 2870 5130 gesserant,
2897 5059 3117 5111 aeterna
3141 5051 3486 5115 haereditate
3511 5052 3831 5133 potiantur.

2186 5143 2258 5206 Et
2280 5144 2416 5205 ideo
2444 5141 2600 5204 beati
2630 5149 2770 5201 sunt
2799 5157 3009 5200 omnes
3044 5139 3144 5220 qui
3169 5157 3418 5218 regnum
3451 5141 3671 5204 Clu-isti
3701 5140 3834 5202 fue-

2189 5233 2310 5294 rint
2336 5231 2560 5313 adepti,
2597 5230 2735 5310 quia
2765 5247 2881 5290 non
2933 5229 3127 5290 solum
3189 5228 3408 5293 inferni
3455 5249 3658 5312 poenas
3687 5229 3836 5292 effu-

2184 5322 2480 5403 gient,sed
2502 5329 2558 5382 et
2580 5318 3065 5403 incorruptibiles
3097 5320 3557 5400 permanebunt,
3581 5329 3639 5384 et
3660 5318 3834 5399 primi

2188 5415 2374 5476 Deum
2409 5409 2653 5472 l’atredl'
2681 5409 2992 5489 videbunt,
3025 5416 3198 5490 atque
3238 5409 3396 5471 inter
3426 5411 3648 5493 primos
3679 5409 3831 5489 apud

2186 5501 2310 5563 Deu
2332 5521 2370 5561 τι
2402 5500 2645 5562 honoris
2676 5498 2950 5561 ordinem
2991 5512 3463 5581 consequentur.

2267 5590 2414 5655 LIII.
2445 5592 2698 5670 Propter
2718 5587 2874 5670 quod
2905 5607 3023 5651 non
3051 5589 3299 5651 minima
3322 5589 3397 5650 de
3420 5587 3652 5652 Christo
3679 5609 3832 5670 quaa-

499 5708 510 5715 .
532 5747 598 5800 99
624 5749 835 5816 Matth,
870 5767 954 5825 ιη,
987 5751 1082 5819 17,
1169 5759 1246 5808 ιοο
1275 5741 1611 5837 GenJux,
1656 5756 1748 5822 10.
1841 5760 1856 5790 ⁴
1888 5760 2041 5824 Gen.
2073 5776 2138 5841 ν,
2171 5761 2278 5826 2’s.
