4138 6426
349 291 493 357 1241

1584 289 2222 355 RECOGNITIONUM
2272 291 2415 354 LIB.
2461 288 2510 351 l.

3597 292 3755 355 ιειιε

344 426 557 511 stclus,
596 444 844 489 monere
862 427 1143 508 populum
1168 428 1368 507 capit,
1402 443 1480 489 ne
1527 424 1666 486 odio
1714 422 2066 486 haberentA
2090 430 2477 511 mortuorum,
2515 422 2841 486 Samaritas
2868 425 2945 485 de
2978 424 3431 486 consecratione
3457 425 3753 489 Hierusa-

346 517 550 581 Iesum
587 534 786 593 neque
816 515 1673 598 hlaSphetnarenteum.Multo
1691 513 1849 575 enim
1872 529 2003 573 esse

342 605 591 685 rectius,
634 606 816 667 etiam
879 606 1173 686 ignoranti
1236 604 1325 665 vel
1373 603 1669 665 dubitanti
1714 602 1789 665 de
1835 601 2001 673 .lesu,

343 713 546 759 amare
582 713 717 757 eum
742 714 919 777 quam
946 694 1465 759 odisse.Charitati
1494 692 1652 755 enim
1683 691 1840 755 Deus
1864 706 2007 771 prce-

344 784 529 847 mium
566 785 793 864 posuit,
828 784 987 846 odiis
1018 802 1277 865 paruam.
1312 783 1438 847 Hoc
1468 783 1660 864 ipsum
1692 782 1878 855 enim,
1913 780 2008 841 in-

342 875 490 953 quit,
524 875 682 953 quod
712 874 1034 938 Judaicum
1068 893 1286 953 corpus
1343 873 1667 955 assumpsit
1737 880 1795 933 et
1854 872 2011 933 inter

338 961 576 1027 Judmos
608 974 779 1026 natus
813 973 925 1033 est.
959 984 1077 1046 quo
1110 964 1284 1025 modo
1344 982 1464 1025 non
1509 960 1789 1024 erunibus
1841 959 2009 1021 vobis

341 1052 641 1115 incentiva
672 1053 767 1115 sui
789 1054 1015 1115 amoris
1047 1052 1350 1115 incussit?
1386 1052 1523 1115 Ilaec
1554 1061 1612 1115 et
1661 1052 1754 1116 his
1788 1049 2008 1113 similia

342 1161 474 1205 cum
504 1152 864 1221 perorasset,
898 1143 1140 1207 dicendi
1173 1144 1351 1205 ﬁnem
1386 1143 1547 1204 tecit.

419 1229 564 1293 LXI.
601 1231 769 1293 Tunc
797 1231 1049 1312 Caiphas
1077 1232 1410 1292 doctrinam
1434 1233 1578 1294 Jesu
1609 1231 1853 1310 culpare
1880 1237 2004 1290 ten-

341 1319 520 1382 tabat.
552 1322 758 1383 dicens
777 1340 912 1382 eum
931 1339 1029 1383 res
1049 1339 1228 1382 vanas
1253 1322 1511 1381 locutum
1551 1341 1565 1381 :
1604 1319 1811 1382 beatos
1842 1319 2001 1381 enim

341 1428 636 1491 pauperes
666 1411 816 1473 dixit
845 1410 872 1453 ⁷
903 1459 921 1483 ,
946 1420 1005 1472 et
1030 1417 1300 1472 terrenas
1332 1410 1461 1472 fore
1487 1411 2005 1472 remunerationes

341 1499 640 1581 promisit,
676 1521 744 1564 ac
772 1520 1069 1563 summam
1098 1500 1367 1562 muneris
1398 1502 1456 1563 in
1495 1505 1734 1563 terrena
1757 1496 2007 1561 hairedi-

342 1597 457 1651 tate
476 1590 1083 1672 constituit,cibisque
1106 1608 1174 1655 ac
1193 1600 1329 1671 potu
1354 1608 1458 1651 eos
1472 1590 1570 1670 qui
1581 1588 1869 1669 justitiam
1884 1605 2008 1648 ser-

338 1677 828 1760 varint,pro:nisit
853 1699 986 1742 esse
1005 1679 1452 1749 saturandosmt
1473 1680 1564 1741 his
1584 1677 1802 1741 similia
1822 1676 2006 1739 multa

2090 509 2235 589 lem,
2263 531 2377 573 non
2413 521 2610 574 tamen
2673 512 2930 593 ingressi
2961 513 3258 575 civitatem
3292 512 3584 591 ipsorum,
3645 513 3751 576 sed

2090 600 2328 680 publice
2358 602 2756 683 disputantes,
2782 603 3020 666 Scribas
3052 622 3189 665 vero
3221 614 3280 665 et
3314 603 3646 666 Pharisreos
3673 604 3753 667 de

2087 708 2276 770 regno
2298 691 2610 773 cmlorum,
2637 693 2967 774 discipulos
2994 694 3263 761 Joannis.
3303 714 3377 755 ne
3403 692 3750 756 scandalum

2092 789 2433 859 paterentur
2454 780 2511 842 in
2534 779 2787 862 Joanne,
2813 801 3052 844 omnem
3082 800 3226 844 vero
3252 784 3565 863 pepulum,
3611 783 3755 864 quia

2086 867 2260 931 Jesus
2291 881 2382 933 est
2414 870 2684 934 Christus
2742 882 3028 936 aeternus.
3082 873 3167 934 All
3216 874 3490 935 ultimum
3551 881 3748 935 autem

2093 957 2297 1019 monui
2326 976 2450 1030 eos,
2488 968 2552 1021 ut
2576 962 2920 1042 priusquam
2955 961 3458 1043 progrederemur
3488 961 3558 1023 ad
3593 979 3748 1041 gon-

2092 1053 2181 1107 tes
2214 1048 2534 1126 pmdicare
2556 1050 2644 1111 eis
2673 1052 3034 1129 agnitionem
3070 1052 3176 1114 Dei
3224 1050 3441 1127 Patris,
3489 1052 3600 1132 ipsi
3647 1069 3748 1114 re—

2086 1137 2555 1200 conciliarentur
2570 1143 2693 1203 Deo
2709 1140 3102 1220 suscipientes
3130 1142 3341 1204 Filium
3368 1142 3519 1220 ejus.
3550 1140 3752 1204 Aliter

2088 1226 2247 1287 enim
2285 1229 2444 1290 nullo
2478 1230 2654 1291 modo
2684 1249 2788 1292 eos
2817 1232 3051 1293 ostendi
3110 1249 3284 1311 posse
3342 1231 3578 1308 salvari,
3637 1229 3751 1292 nisi

2091 1334 2197 1395 per
2224 1319 2410 1379 sancti
2433 1319 2689 1400 Spiritus
2719 1321 2967 1399 gratiam
2992 1319 3569 1383 trinzeinvocatiouis
3590 1318 3747 1381 dilui

2093 1404 2447 1486 baptismate
2504 1418 2912 1490 properarent,
2968 1421 3026 1471 et
3067 1410 3496 1472 Eucharistiam
3530 1407 3750 1471 Christi

2094 1496 2327 1560 Domini
2358 1509 2667 1561 sumerent
2696 1498 2725 1542 3
2756 1547 2772 1571 ,
2808 1499 2903 1563 cui
2940 1499 3075 1573 soli,
3110 1500 3187 1562 de
3220 1500 3311 1562 his
3358 1518 3491 1577 qum
3548 1498 3751 1561 docuit

2091 1586 2338 1649 credere
2368 1588 2683 1660 deberent,
2720 1590 2899 1653 utsic
2922 1598 3204 1652 aeternam
3240 1590 3490 1652 salutem
3535 1607 3746 1651 conse-

2090 1676 2189 1755 qui
2225 1688 2624 1752 mererentur,
2658 1679 2833 1742 aliter
2881 1698 3018 1741 vero
3076 1679 3452 1761 impOSsibile
3503 1697 3748 1759 prorsus

340 1767 619 1831 docuisse
638 1769 1137 1849 deprehenditur.
1191 1768 1303 1831 Cui
1336 1767 1598 1831 Thomas
1629 1767 2002 1851 respondens
2026 1795 2063 1846 Β
2090 1782 2225 1826 esse
2251 1767 2627 1829 reconciliari
2652 1787 2755 1831 eos
2786 1768 2932 1851 Deo,
2966 1769 3142 1830 etiam
3176 1768 3227 1829 si
3260 1769 3421 1830 mille
3446 1769 3501 1829 ei
3527 1786 3661 1829 aras
3689 1775 3749 1830 et

340 1858 528 1936 arguit
550 1877 687 1920 eum
704 1860 919 1921 frustra
944 1869 1320 1938 causantem,
1348 1858 1841 1940 ostoudens,quia
1866 1875 2003 1939 pro-

344 1947 535 2027 phetaé
567 1950 779 2029 magis,
804 1948 1026 2028 quibus
1050 1948 1224 2011 etiam
1252 1949 1380 2027 ipse
1409 1948 1625 2022 credit,
1653 1949 1730 2010 ita
1774 1947 2003 2009 docue-

340 2037 477 2118 rint,
512 2056 623 2100 nec
659 2048 856 2101 tamen
888 2037 1191 2121 quomodo
1216 2046 1398 2101 erunt
1427 2037 1550 2101 hinc
1574 2048 1673 2100 aut
1701 2034 2002 2120 quomodo

340 2126 768 2207 percipientur,
784 2120 1222 2194 ostenderintJ
1232 2146 1369 2189 esus
1382 2143 1523 2188 vero
1542 2120 2000 2205 qualiteraccipi

339 2216 463 2278 haec
496 2216 776 2298 debeant,
809 2218 1335 2281 demonstraverit.
1361 2217 1435 2280 Et
1464 2236 1597 2278 cum
1648 2218 1775 2280 hinc
1817 2225 1997 2299 atque

339 2305 430 2367 bis
461 2306 682 2369 similia
706 2307 877 2387 plura
910 2308 1183 2383 dixisset,
1212 2306 1379 2369 siluit
1403 2308 1582 2370 etiam
1614 2304 1897 2369 Thomas.

416 2393 588 2460 LXII.
623 2399 763 2460 Post
790 2397 915 2459 haec
946 2416 1187 2460 rursum
1220 2396 1476 2475 Caiphas
1510 2415 1605 2459 me
1648 2397 1909 2475 intuens,
1945 2410 2006 2464 et

337 2504 497 2548 nunc
522 2495 584 2548 ut
611 2506 885 2567 monens,
922 2506 1081 2549 nunc
1113 2506 1254 2549 vero
1284 2497 1347 2549 ut
1405 2486 1681 2565 culpans,
1734 2487 1996 2574 dicebat,

334 2591 578 2639 cessare
594 2594 688 2636 me
701 2576 927 2638 debere
952 2576 1027 2637 de
1049 2576 1283 2657 reliquo
1310 2595 1343 2638 a
1364 2576 1789 2658 praadicatione
1806 2576 2004 2639 Chris~

339 2664 380 2725 ti
410 2667 575 2746 Jesu,
609 2684 685 2729 ne
706 2665 765 2727 in
789 2665 1115 2746 perniciem
1145 2667 1263 2729 mei
1288 2668 1401 2729 hoc
1425 2685 1852 2747 agerem,ueve
1877 2666 2004 2744 ipse

333 2771 539 2820 errore
564 2754 849 2836 deceptus
886 2755 1038 2819 alios
1056 2776 1295 2838 quoque
1336 2776 1468 2820 meo
1500 2775 1708 2820 errore
1739 2756 1996 2836 decipe~

334 2863 487 2909 rem.
513 2842 664 2909 Tum
692 2855 979 2927 pmterea
1002 2846 1285 2925 arguebat
1311 2866 1404 2910 me
1430 2846 1801 2919 temeritatis,
1838 2845 1994 2927 quod

332 2953 466 2997 cum
493 2952 689 2997 essem
712 2934 841 3017 ipse
864 2934 1472 3019 imperitus,piscator
1494 2946 1553 3002 et
1571 2936 1999 3016 rusticus,ofﬁ-

332 3025 486 3086 cium
515 3023 717 3087 subire
739 3025 1004 3087 doctoris
1024 3027 1483 3090 auderemJIzec
1509 3040 1567 3089 et
1590 3027 1707 3090 alia
1726 3026 1893 3107 plura
1912 3025 2004 3086 his

334 3112 550 3213 similia
580 3114 829 3213 dicenti,
847 3134 972 3213 .ego
1000 3134 1239 3197 quoque
1265 3120 1322 3213 in
1348 3116 1675 3213 h_:_ec_verba
1691 3113 1998 3213 respondi:
2021 3159 2065 3213 ο

338 3202 476 3265 Mihi
505 3204 747 3284 quidem
782 3204 979 3266 minus
1002 3224 1138 3267 esse
1162 3205 1518 3287 periculi,si,
1542 3213 1605 3267 ut
1628 3206 1762 3285 ipse
1779 3204 2004 3267 ait.iste

338 3310 454 3354 non
480 3292 559 3357 sit
583 3294 883 3369 Christus,
919 3294 1059 3374 quia
1089 3295 1397 3359 doctorem
1426 3295 1575 3374 legis
1613 3294 1947 3375 receperim
1983 3316 2001 3372 ;

336 3382 447 3461 ipsi
478 3400 614 3444 vero
648 3382 860 3462 ingens
908 3402 1044 3447 esse
1093 3384 1444 3456 discrimen,
1495 3385 1547 3447 si
1601 3384 1695 3447 hic
1753 3385 1879 3465 ipse
1929 3384 2006 3449 sit

332 3470 628 3552 Christus,
654 3474 806 3535 sicut
837 3482 892 3536 et
924 3485 1091 3538 certe
1121 3484 1233 3537 est.
1294 3473 1414 3554 Ego
1446 3476 1604 3536 eiiim
1641 3474 1822 3537 credo
1864 3474 2004 3537 huic

333 3561 435 3642 qui
460 3562 737 3642 apparuit
768 3585 783 3637 ;
821 3563 949 3643 ipse
979 3572 1176 3626 autem
1210 3564 1308 3627 cui
1339 3564 1439 3626 alii
1465 3565 1644 3628 ﬁdem
1676 3582 1916 3629 servare
1938 3582 2006 3625 se

333 3652 545 3728 credit,
581 3652 681 3733 qui
710 3652 910 3714 nullus
934 3652 1260 3735 apparuit?
1290 3653 1352 3718 Si
1378 3672 1517 3717 vero
1550 3664 1608 3718 et
1661 3654 1870 3729 idiota,
1942 3662 2007 3717 ut

333 3740 445 3820 ais,
469 3750 527 3801 et
556 3739 875 3821 imperitus
904 3761 972 3805 ac
992 3744 1250 3823 piscator
1275 3753 1332 3806 et
1354 3745 1636 3816 rusticus,
1670 3762 1850 3825 super
1874 3764 2004 3826 pre-

333 3827 600 3909 sbyteros
630 3830 1307 3913 sapientesintelligam,
1363 3834 1476 3895 hoc
1535 3832 1665 3904 tibi,
1723 3836 1990 3915 inquam,

336 3919 524 3999 magis
557 3929 780 3981 metum
811 3920 991 3985 debet
1022 3922 1480 3988 incutere.Nam
1497 3923 1546 3985 si
1561 3942 1632 3987 ex
1652 3924 1994 3987 eruditione

332 4008 531 4091 aliqua
560 4008 873 4092 disputans
904 4011 1238 4075 obtinerem
1263 4032 1363 4075 vos
1394 4014 1692 4094 sapientes
1714 4023 1772 4076 et
1794 4014 1995 4077 erudi-

334 4108 449 4173 tos,
484 4098 787 4163 videretur
806 4100 1011 4182 utique
1035 4105 1307 4166 doctrina
1332 4104 1442 4166 hoc
1467 4103 1611 4166 mihi
1637 4104 1795 4184 longi
1832 4113 1989 4167 tem-

331 4190 496 4272 poris
516 4198 575 4249 et
604 4208 722 4251 non
750 4189 965 4253 divina:
988 4192 1219 4254 virtutis
1242 4194 1433 4271 gratia
1460 4194 1808 4261 contulisse.
1839 4213 1996 4256 nunc

330 4285 529 4361 autem
565 4297 728 4355 cum,
758 4287 822 4339 ut
852 4280 1001 4350 dixi,
1064 4300 1173 4342 nos
1224 4282 1482 4362 imperiti
1533 4302 1635 4343 vos
1691 4283 1992 4361 sapientes

330 4366 821 4429 convincimuset
861 4385 1237 4445 superamus,
1292 4370 1390 4433 cui
1449 4390 1689 4432 sensum
1748 4372 1989 4433 habenti

2085 1853 2294 1917 altaria
2316 1857 2478 1920 mille
2510 1860 2901 1923 succendunt.

2088 1997 2095 2006 .
2168 1942 2367 2008 LXIV.
2402 1948 2524 2009 Nos
2544 1949 2731 2023 enim,
2776 1948 3043 2030 inquam,
3078 1966 3183 2028 pro
3228 1958 3395 2010 certo
3441 1944 3745 2027 comperi-

2088 2053 2241 2111 mus,
2277 2037 2435 2114 quod
2484 2055 2664 2118 super
2693 2038 3004 2101 sacriﬁciis
3066 2056 3198 2119 qum
3256 2035 3503 2117 oﬁ‘ertis,
3556 2035 3745 2096 multo

2090 2125 2276 2205 magis
2326 2139 2709 2207 ειειειιθωιιιτ
2760 2128 2936 2201 Deus,
2992 2128 3419 2191 sacriﬁciorum
3475 2135 3745 2206 tempore

2081 2212 2362 2277 duntaxat
2379 2218 2637 2298 expleto.
2665 2219 2736 2281 Et
2760 2219 2901 2299 quia
2923 2237 3025 2279 vos
3050 2237 3167 2279 non
3187 2216 3361 2279 vultis
3383 2232 3737 2295 agnoscere,

2086 2321 2397 2367 emensum
2434 2325 2568 2369 esse
2585 2309 2710 2387 jam
2747 2320 2985 2390 tempus
3016 2306 3240 2370 hostias
3298 2302 3615 2385 otl'ereudi,
3668 2304 3744 2367 ub

2086 2393 2200 2455 hoc
2229 2394 2574 2458 destruetur
2598 2406 2656 2459 et
2682 2399 2964 2478 templum
2989 2398 3137 2476 (49).
3176 2406 3233 2459 et
3252 2394 3616 2459 abominatio
3642 2392 3748 2454 de-

2084 2481 2395 2545 solationis
2426 2497 2720 2551 statuetur
2741 2486 2801 2548 in
2826 2488 2957 2548 loco
2980 2496 3185 2548 sancto
3213 2484 3241 2529 9
3273 2530 3290 2560 ,
3317 2493 3375 2545 et
3394 2493 3535 2544 tunc
3558 2480 3721 2559 genti

2090 2570 2199 2633 bus
2240 2570 2625 2653 Evangeliqu
2711 2576 3137 2654 prasdicabitur
3196 2575 3271 2637 ad
3332 2569 3743 2636 tesﬁmonium

2087 2661 2288 2729 vestri.
2316 2672 2377 2724 ut
2407 2683 2475 2725 ex
2500 2665 2738 2727 illorum
2772 2667 2888 2729 ﬁde
2916 2676 3108 2728 vestra
3133 2663 3452 2727 inﬁdelitas
3500 2660 3743 2741 judice-

2090 2758 2201 2811 tur.
2228 2749 2441 2816 Omnis
2463 2757 2684 2817 etenim
2712 2760 2973 2820 mundus
2990 2755 3245 2819 diversis
3264 2750 3637 2834 temporibus
3659 2748 3750 2809 di-

2082 2858 2283 2904 versas
2328 2845 2562 2907 malitia:
2591 2846 2975 2923 aegritudines
3003 2847 3242 2928 patitur,
3273 2846 3361 2908 vel
3399 2861 3509 2923 per
3528 2856 3743 2905 omnes

2084 2933 2567 3016 generaliter,vel
2598 2954 2705 3015 per
2732 2936 3000 3017 singulos
3019 2954 3287 3018 quosque
3302 2934 3665 3016 specialiter,
3686 2937 3748 2990 et

2088 3020 2226 3083 i.leo
2249 3022 2478 3103 indiget
2508 3026 2765 3107 medico,
2800 3027 2901 3109 qui
2938 3046 3073 3089 eum
3109 3027 3305 3088 visitet
3350 3026 3426 3085 ad
3456 3023 3739 3086 salutem.

2090 3108 2209 3173 Nos
2230 3130 2370 3192 ergo
2390 3124 2786 3196 protestamur
2816 3108 3003 3188 vobis,
3039 3126 3098 3178 et
3121 3114 3278 3196 quod
3337 3128 3741 3193 unumquem-

2087 3219 2205 3282 que
2231 3213 2489 3266 vestrum
2524 3205 2692 3267 latuit
2725 3209 3090 3268 nuntiamus.
3125 3203 3401 3268 Vestrum
3455 3211 3547 3264 est
3587 3200 3742 3263 deli-

2087 3289 2321 3363 berare,
2354 3294 2495 3372 quid
2530 3296 2808 3377 expediat
2828 3296 3013 3358 vobis.

2167 3380 2337 3445 LXV.
2373 3381 2476 3445 "IS
2497 3402 2531 3446 a
2556 3403 2647 3445 me
2670 3385 3167 3465 dictis,ingemuit
3195 3384 3392 3447 omnis
3422 3380 3743 3445 multitudo

2087 3474 2492 3548 sacerdotum,
2537 3474 2693 3554 quod
2721 3478 2807 3536 eis
2828 3474 2904 3537 de
2931 3474 3134 3554 templi
3157 3473 3544 3537 subversiono
3586 3490 3741 3553 prai-

2089 3558 2365 3623 dixerim.
2394 3562 2559 3636 Quod
2592 3583 2727 3626 cum
2752 3565 2994 3628 vidisset
3017 3563 3301 3629 Gamaliel
3325 3564 3604 3645 princeps
3628 3582 3740 3643 po-

2091 3651 2208 3730 puli
2243 3652 2368 3732 (qui
2402 3656 2654 3715 latenter
2681 3655 2865 3717 t'rater
2910 3665 3115 3718 noster
3162 3664 3287 3716 erat
3342 3656 3399 3715 iu
3442 3652 3581 3730 ﬁde,
3634 3651 3737 3713 sed

2088 3743 2336 3805 consilio
2356 3752 2558 3807 nostro
2581 3743 2864 3807 intereos
2895 3753 3021 3806 erat
3037 3744 3207 3826 [50]),
3233 3745 3373 3824 quia
3414 3744 3581 3805 valde
3613 3740 3736 3804 Ire-

2090 3843 2321 3894 merent
2344 3834 2964 3912 etingenliadversum
2991 3854 3098 3897 nos
3116 3835 3318 3897 furore
3334 3847 3739 3903 moverentur,

2076 3940 2395 4004 assurgens
2424 3925 2509 3985 ait
2531 3924 2601 3988 m:
2640 3924 2940 3998 Quiescile
2974 3926 3296 4006 paulisper,
3323 3946 3357 3986 ο
3394 3923 3504 3985 viri
3549 3922 3747 3985 Israe-

2077 4013 2343 4086 litm,non
2379 4014 2539 4076 enim
2582 4014 3302 4077 advertitisteutationem
3353 4031 3486 4094 quae
3534 4012 3738 4074 Immi-

2077 4113 2175 4165 net
2200 4103 2389 4177 vobis,
2408 4116 2656 4185 propter
2671 4105 2827 4186 quod
2849 4103 3105 4167 desinite
3122 4104 3194 4165 ab
3214 4104 3557 4166 hominibus
3582 4102 3734 4176 istis,

2079 4202 2138 4254 et
2166 4195 2213 4255 si
2246 4193 2487 4274 quidem
2516 4194 2759 4257 humani
2790 4194 3026 4256 consilii
3048 4192 3318 4274 estquod
3358 4200 3565 4273 agunt,
3617 4191 3738 4255 cito

2077 4283 2357 4356 cessabit,
2389 4285 2438 4345 si
2466 4294 2663 4346 autem
2689 4304 2723 4346 a
2753 4284 2872 4347 Deo
2898 4292 3010 4358 est,
3039 4302 3149 4346 Cur
3168 4284 3297 4345 sine
3317 4302 3495 4344 causa
3522 4301 3736 4363 pecca-

2079 4375 2152 4434 tis
2176 4391 2285 4435 nec
2313 4374 2600 4454 proﬁcitis
2620 4374 2943 4454 quidquam
2975 4379 3003 4437 ’ἰ
3031 4374 3135 4436 Dei
3161 4372 3321 4435 enim
3370 4373 3739 4435 voluntatem

330 4470 451 4514 non
479 4453 669 4534 palam
693 4462 804 4544 est,
836 4455 973 4535 quia
995 4457 1108 4518 hoc
1130 4476 1248 4518 non
1269 4460 1546 4521 humana:
1569 4459 1818 4539 argutias
1838 4480 1989 4541 opus
2014 4446 2055 4498 θ
2075 4462 2207 4544 quis
2234 4446 2428 4544 potest
2448 4446 2939 4544 superaram-Iuno
2957 4481 3123 4542 ergo,
3165 4463 3451 4544 quoniam
3491 4462 3735 4544 quidem

328 4550 441 4633 est,
472 4544 589 4633 sed
612 4543 828 4633 divinae
849 4545 1162 4607 voluntatis
1193 4558 1251 4608 et
1284 4550 1553 4610 muneris
1582 4554 1611 4613 ?
2075 4543 2132 4613 in
2150 4543 2460 4633 vesperam
2489 4543 2921 4632 vei‘giturdies.
2946 4543 3211 4615 crastino
3229 4554 3340 4615 hoc
3370 4543 3585 4633 ipsein
3610 4553 3738 4615 loco

408 4630 611 4697 LXIII.
636 4630 775 4696 Πῶς
803 4635 981 4714 igitur
1000 4636 1195 4698 etalia
1237 4638 1581 4718 hujusmodi
1611 4656 1985 4720 prosequcn-
2072 4630 2451 4705 audientibus
2483 4630 2670 4718 vobis,
2704 4662 2811 4722 ego
2845 4645 2972 4723 ipse
3004 4662 3137 4705 cum
3174 4644 3301 4704 istis
3321 4630 3737 4723 disputabunt

330 4731 442 4797 tes,
474 4736 916 4813 consequenter
963 4728 1269 4805 protestati
1301 4746 1511 4789 sumus
1555 4747 1624 4790 ac
1675 4727 1989 4792 docuimus
2072 4750 2311 4793 omnem
2335 4751 2599 4795 errorem
2627 4733 2817 4813 palam
2834 4751 3100 4813 arguam,
3126 4733 3518 4812 dilucideque
3536 4732 3743 4794 confu-

329 4829 438 4873 nos
463 4812 722 4905 imperiti
747 4822 806 4876 et
839 4814 1189 4905 piscatores,
1239 4818 1586 4879 sacerdotes
1636 4816 1878 4899 quidem
1912 4820 1988 4883 de
2077 4836 2217 4883 tem.
2243 4822 2310 4884 Et
2344 4824 2436 4885 his
2468 4812 2645 4884 dictis
2668 4812 2980 4905 repressus
3012 4812 3323 4885 esteorum
3360 4825 3740 4904 aliquatenus

328 4919 446 4963 uno
477 4902 604 4965 solo
635 4901 757 4966 Deo
782 4904 941 4980 coali,
997 4904 1357 4971 Sadducasos
1407 4908 1484 4971 de
1539 4908 1987 4974 resurrectione
2071 4912 2257 4984 furor,
2295 4932 2364 4973 ea
2396 4914 2690 4993 praecipue
2725 4901 2855 4995 spe,
2890 4917 3044 4995 quod
3071 4914 3169 4976 die
3229 4901 3486 4976 crastina
3516 4914 3739 4975 erroris

403 5076 433 5127 7
466 5076 674 5139 Matth.
705 5096 762 5145 v;
799 5078 942 5144 Luc.
977 5098 1035 5144 χ.
1073 5080 1106 5130 8
1138 5081 1211 5144 Et
1246 5081 1893 5148 euehat—sumerent
1924 5086 1998 5150 de

330 5152 384 5198 ¹⁰
414 5158 550 5221 Act.
582 5172 644 5238 ν,
677 5157 888 5223 35-39.

2089 5087 2223 5150 stin
2246 5086 2423 5151 codd.
2452 5086 2614 5168 Lips.
2650 5091 2701 5151 I.
2763 5088 2777 5137 l
2809 5086 2977 5149 Deut.
3003 5104 3086 5163 ix,
3123 5084 3740 5168 ‘26;Matth.xxiv.,15.

1675 5300 2083 5369 COTELERII
2126 5306 2384 5374 ΝΟΤᾸΕ.

416 5456 540 5539 (49)
581 5456 940 5546 Destruelur
967 5470 1029 5525 et
1054 5466 1361 5546 templum.
1388 5466 1627 5531 Similes
1654 5464 1995 5542 praedictio-

331 5554 439 5628 nos
468 5540 992 5628 complectebatur
1018 5540 1181 5628 alius:
1205 5546 1359 5611 liber
1387 5540 1988 5628 apocryphusLscrip-

333 5625 425 5700 tus
454 5618 529 5679 de
561 5618 983 5700 praedicatione
1025 5622 1183 5686 Petri
1214 5640 1271 5690 et
1303 5618 1467 5691 Pauli
1509 5618 1744 5690 in'urbe
1777 5618 1988 5689 Roma.

329 5696 924 5765 Auctor'Lactantius
955 5702 1061 5765 lib.
1098 5723 1180 5782 iv,
1216 5727 1351 5792 cap.
1387 5712 1490 5771 2|.

2153 5470 2290 5549 (50)
2307 5470 2424 5537 Sed
2439 5471 2697 5535 consilio
2717 5479 2923 5535 nostra
2952 5474 3112 5535 inter
3132 5488 3232 5532 cos
3246 5474 3399 5532 erat.
3411 5468 3739 5549 Vulpinum

2077 5552 2191 5615 hoc
2213 5551 2558 5634 consilium,
2590 5553 2875 5634 apostolis
2898 5553 3211 5634 indignum
3245 5550 3616 5634 est.Decepit
3644 5558 3738 5611 ta-

2079 5651 2213 5696 men
2239 5632 2460 5694 Bedam
2497 5630 3057 5713 petendo-Clemens
3080 5630 3304 5697 Ruﬁni.
3352 5633 3425 5692 At
3478 5648 3595 5691 non
3630 5646 3740 5710 ego

2075 5712 2358 5776 credulus
2389 5713 2530 5774 illis.
