4138 6420
437 275 461 327 4
477 269 594 332 ριθ

1268 290 1330 352 s.
1373 288 1812 359 CLEMENTIS
1855 299 1876 360 ι
1924 301 2110 366 nos.
2159 304 2359 367 PONT
2432 280 2674 369 OPERA
2726 311 2980 375 sum.

3695 290 3846 383 124's

844 421 1180 528 arguendos
1202 435 1534 504 sperarent.
1573 431 1642 494 Et
1664 432 1748 495 sic
1779 452 1915 496 cum
1947 454 2092 513 pace
2114 434 2383 528 Adicere
2409 441 2563 522 quod
2584 443 2822 506 sentitis
2852 447 3145 525 apertius,
3174 467 3281 528 ego
3313 458 3378 510 ut
3404 467 3506 512 vos
3535 452 3710 514 etiam
3735 454 3841 517 bu-

437 499 723 574 p0pulum
751 502 1005 572 dimisit.

518 588 718 656 LXVI.
751 593 871 657 Nos
899 617 1035 661 vero
1067 619 1199 664 cum
1247 607 1618 672 venissemus
1667 611 1739 674 ad
1799 613 2092 678 Jacobum

432 691 724 758 nostrum,
761 688 1113 786 omniaquae
1133 692 1291 756 dicta
1321 707 1606 778 gestaque
1649 701 1883 765 fuerant
1907 725 2092 786 expo-

433 776 668 873 nentes,
692 775 848 856 apud
871 796 1005 840 eum
1032 781 1167 844 cibo
1193 775 1430 867 sumpto
1455 775 1803 866 mansimus,
1824 813 1916 854 om
1929 775 2088 876 ni'po-

431 863 731 962 tentiDeo
757 884 864 962 per
894 875 1078 962 totam
1105 863 1348 936 noctem
1373 863 1810 962 supplicantes,
1832 891 1894 946 ut
1922 863 2088 947 futu-

431 967 512 1012 rae
541 951 957 1032 disputationis
988 978 1192 1025 sermo
1225 951 1617 1031 indubitatam
1680 951 1822 1033 ﬁdeli
1873 985 2092 1039 nostra:

431 1041 774 1136 ostenderet
804 1048 1134 1114 veritatem.
1169 1054 1355 1133 Igitur
1379 1067 1618 1136 postera
1676 1061 1775 1124 die
1829 1062 2090 1128 Jacobus

435 1129 750 1212 episcopus
781 1136 1092 1202 nobiscum
1134 1129 1310 1206 simul
1344 1129 1403 1209 et
1433 1165 1568 1208 cum
1620 1151 1785 1212 omni
1838 1154 2092 1215 ecclesia

435 1221 823 1322 ascendit-ad
877 1229 1187 1322 templum,
1243 1234 1343 1295 ubi
1399 1235 1703 1316 ingentem
1752 1245 2092 1322 reperimus

439 1309 906 1408 multitudinem,
933 1337 966 1380 a
992 1321 1190 1384 medio
1223 1327 1419 1388 noctis
1468 1309 1916 1408 exspectantem
1955 1353 2084 1397 nos.

437 1395 726 1497 Stetimus
755 1423 898 1484 ergo
925 1408 984 1470 in
1019 1409 1410 1493 Iocis,quibus
1426 1423 1487 1479 et
1518 1395 1706 1497 prius,
1729 1395 2082 1485 uteminen-i

435 1490 551 1554 tius
582 1503 802 1560 stantes
820 1499 894 1562 ab
919 1490 1455 1588 universo—populo
1485 1490 2088 1580 cerneremur.Cum-

433 1600 550 1682 que
581 1597 738 1647 esset
768 1607 1068 1654 summum
1121 1596 1424 1660 silentium
1475 1601 1720 1678 factum,
1775 1606 2088 1689 Gamaliel,

433 1673 554 1776 qui,
583 1684 643 1736 ut
671 1694 849 1755 supra
884 1680 1164 1776 diximus,
1199 1696 1421 1751 nostra:
1451 1691 1591 1754 lidei
1637 1673 1785 1766 erat,
1840 1673 2089 1776 dispen:

2173 527 2274 606 jus
2311 532 2623 593 occasione
2648 527 3373 618 timorisabsolvam,juro
3399 539 3562 602 vobis
3586 561 3692 622 per
3713 562 3839 609 om-

2179 616 2551 706 nipotentem
2587 619 2770 684 Deum
2789 630 2848 684 et
2875 622 3168 687 viventem
3189 616 3251 688 in
3271 628 3513 703 saecula,
3535 616 3678 706 quia
3707 633 3837 694 nul.

2179 704 2300 767 lum
2320 708 2655 786 permittam
2675 712 2926 794 injicere
2943 715 3108 777 vobis
3131 704 3680 781 manus.llabentes
3695 739 3836 802 ergo

2178 795 2354 876 hujus
2377 797 2703 887 juramenti
2737 801 2855 863 mei
2887 821 3127 865 omnem
3162 807 3319 868 hunc
3372 808 3657 887 populum
3713 795 3834 874 tes-

2173 893 2316 965 tem,
2351 895 2409 949 et
2439 886 2723 951 idoneum
2753 891 2966 971 pignus
2987 896 3343 957 sacramenti
3376 886 3588 959 nostri
3635 899 3834 964 fmdus

2175 983 2471 1057 tenentes,
2500 977 2723 1070 absque
2749 981 2866 1043 ulla
2887 984 3266 1046 cunctatione
3297 987 3709 1070 unusquisque
3729 1009 3830 1054 ve-

2173 1073 2361 1127 strum
2396 1068 2552 1148 quod
2591 1069 2801 1132 didicit
2827 1073 3112 1152 proferat,
3145 1084 3204 1138 et
3233 1094 3342 1137 nos
3368 1076 3583 1140 fratres
3611 1068 3837 1143 intente

2175 1163 2234 1216 et
2276 1175 2411 1217 cum
2441 1157 2679 1219 silentio
2702 1160 3037 1224 audiamus.

2257 1248 2517 1340 LXVIII.
2557 1249 2694 1313 llaec
2726 1252 2938 1316 dicens
2968 1253 3258 1319 Gamaliel
3287 1277 3402 1320 non
3436 1259 3602 1322 valde
3633 1261 3835 1340 place-

2177 1334 2275 1397 bat
2305 1338 2564 1418 Caiphze,
2599 1350 2678 1414 et,
2715 1352 2778 1403 ut
2828 1343 3162 1416 videbatur,
3218 1357 3562 1426 suspectum
3611 1334 3836 1415 habens

2177 1443 2338 1520 eum,
2375 1428 2500 1508 ipse
2534 1431 2718 1509 magis
2742 1432 3014 1495 inserere
3055 1453 3118 1496 se
3150 1436 3448 1499 subtiliter
3483 1439 3836 1520 disputatio-

2177 1515 2357 1609 nibus
2385 1520 2562 1609 coepit
2596 1541 2620 1609 ;A
2646 1520 2965 1584 subridens
2988 1527 3147 1586 enim
3180 1526 3252 1588 ad
3287 1547 3356 1589 ea
3383 1547 3520 1609 quae
3550 1515 3835 1595 Camaliel

2176 1604 2428 1700 dixerat,
2458 1603 2748 1670 Jacobum
2782 1614 3201 1693 episcoporum
3232 1603 3566 1698 principem
3587 1621 3714 1700 (51)
3740 1639 3837 1683 sa-

2175 1695 2484 1757 cerdotum
2501 1699 2778 1780 princeps
2797 1701 3023 1774 orabat,
3051 1713 3114 1764 ut
3140 1705 3217 1767 de
3253 1695 3486 1768 Christo
3510 1728 3626 1770 non
3651 1695 3836 1773 aliun-

432 1761 831 1872 satione'vero
857 1773 1135 1836 manebat
1160 1776 1320 1838 inter
1341 1779 1521 1859 ipsos,
1552 1787 1684 1843 utsi
1711 1761 1953 1864 quando
1978 1785 2090 1847 ini-
2115 1809 2150 1858 Β
2179 1785 2249 1846 de
2271 1803 2469 1846 sermo
2501 1761 2676 1868 quam
2711 1761 2786 1851 ile
2808 1791 3119 1872 scripturis
3147 1794 3335 1870 ﬁeret,
3363 1804 3426 1858 ut
3451 1798 3830 1864 sciamus.iu-

430 1868 609 1930 quum
634 1853 857 1950 aliquid
889 1861 1205 1927 adversum
1234 1885 1344 1929 nos
1365 1853 1468 1930 aut
1489 1853 1747 1950 impium.
1796 1874 2084 1936 moliren-

429 1945 544 2021 tur,
574 1944 660 2046 vel
685 1944 847 2025 ipsos
880 1953 1132 2016 consilio
1164 1958 1523 2037 reprimeret
1555 1944 1884 2040 prudenter
1919 1975 2088 2046 apta-

431 2036 508 2102 to,
537 2032 626 2093 vel
661 2053 768 2096 nos
797 2032 1299 2108 commoneretut
1329 2057 1429 2110 aut
1478 2032 1696 2113 curare
1745 2061 1846 2113 aut
1895 2032 2087 2116 decli-

435 2136 574 2182 nare
599 2131 1027 2210 possemus;is
1085 2153 1224 2214 ergo
1280 2145 1560 2214 tanquam
1608 2141 1924 2203 adversum
1981 2161 2089 2205 nos

429 2225 636 2307 agens,
670 2215 832 2307 prior
849 2221 1117 2285 omnium
1151 2226 1500 2307 episcopum
1533 2230 1819 2292 Iacobum
1846 2234 2089 2295 intuens

430 2296 542 2361 hoc
570 2305 744 2366 modo
767 2309 1060 2373 allocutus
1094 2296 1236 2378 est':

513 2387 735 2458 LXVII.
761 2397 824 2458 Si
857 2417 966 2479 ego
998 2399 1287 2466 Gamaliel
1315 2425 1510 2488 neque
1527 2409 1889 2472 eruditionis
1913 2430 2084 2486 meai,

431 2495 627 2560 neque
658 2490 986 2579 senectutis
1007 2496 1394 2574 opprobrium
1417 2497 1838 2572 duco,discere
1857 2501 2086 2579 aliquid

428 2584 468 2670 ἦ
495 2572 752 2670 parvulis
784 2586 844 2670 et
871 2579 945 2641 ab
978 2572 1296 2665 imperitis,
1330 2590 1377 2647 si
1409 2589 1549 2670 quid
1569 2587 1720 2650 forte
1743 2600 1831 2651 est
1864 2572 2086 2652 util-ita-

431 2658 504 2760 tis
525 2671 632 2760 aut
661 2667 875 2760 salutis
902 2658 1224 2756 acquirere
1255 2658 1384 2760 (qui
1427 2658 1596 2743 enim
1647 2682 2090 2745 rationabiliter

427 2749 706 2826 vivit,scit
728 2760 866 2852 quia
887 2749 1034 2828 nihil
1056 2777 1146 2828 est
1170 2749 1368 2832 anima
1392 2771 1757 2852 pretiosius).
1787 2773 2088 2852 quomodo

432 2859 548 2902 non
580 2848 860 2943 omnibus
887 2855 1147 2921 amabile
1175 2868 1285 2941 est,
1333 2848 1686 2943 cunctisque
1713 2848 2082 2942 exoptatum,

430 2940 492 3032 ut
512 2950 645 3032 quae
667 2935 898 3016 ignorat
927 2944 1137 3022 discat,
1167 2935 1300 3031 quae
1329 2935 1614 3014 didicerit
1637 2935 1901 3013 doceat?
1936 2935 2086 3014 Ceré

429 3022 1006 3121 tissimumnamque
1023 3022 2087 3121 est,quoquenequeamicitia,neque

2173 1875 2323 1954 quit,
2362 1886 2554 1938 utrum
2588 1879 2760 1941 Iesus
2785 1881 2912 1962 ipse
2937 1882 3014 1944 sit
3045 1883 3342 1960 Christus,
3377 1903 3453 1948 an
3501 1906 3647 1951 non.
3677 1887 3830 1951 Tum

2171 1962 2450 2036 Iacobus,
2483 1968 2700 2048 primo,
2720 1969 3343 2050 inquit,requiramus,
3365 1993 3434 2037 ex
3457 1977 3674 2056 quibus
3687 1980 3835 2041 scri-

2175 2055 2361 2146 pturis
2395 2057 2772 2136 potissimum
2808 2059 3272 2142 disputationem
3307 2055 3511 2127 haberi
3534 2078 3829 2146 oporteat.

2172 2143 2246 2205 At
2290 2145 2389 2206 ille
2421 2146 2509 2206 vix
2537 2146 2858 2229 aliquando
2909 2151 3138 2214 ratione
3168 2153 3297 2234 ipsa
3341 2143 3654 2236 superat-us
3708 2177 3831 2221 res-

2174 2233 2405 2327 pondit,
2431 2253 2500 2297 ex
2537 2236 2666 2327 lege
2689 2238 3058 2327 habendam,
3090 2251 3150 2303 et
3185 2233 3319 2323 post
3347 2233 3461 2306 hoc
3485 2244 3660 2307 etiam
3698 2265 3830 2327 pro-

2174 2322 2486 2402 phetarum
2522 2326 2752 2388 addidit
2787 2329 3178 2400 mentionem,

2254 2411 2462 2507 LXIX.
2497 2415 2604 2476 Cui
2633 2414 2891 2478 Jacobus
2923 2421 3324 2502 nostercmpit
3345 2422 3691 2499 ostendere,
3715 2427 3840 2507 juia

2171 2511 2232 2566 et
2264 2504 2568 2596 propheta;
2594 2524 2722 2586 qua:
2745 2507 2974 2596 dicunt,
3001 2527 3074 2570 ex
3099 2509 3229 2588 lege
3255 2513 3620 2591 sumpserint
3643 2524 3701 2576 et
3720 2504 3838 2596 legi

2173 2595 2566 2654 consonasint
2589 2595 2928 2658 Iocuti.Sed
2959 2607 3015 2658 et
3038 2598 3111 2659 de
3135 2598 3304 2662 libris
3328 2598 3673 2681 Regnorum
3707 2595 3836 2666 dis-

2172 2681 2359 2772 seruit
2386 2682 2607 2761 aliqua,
2646 2685 2967 2765 quomodo,
3003 2697 3063 2748 et
3092 2689 3354 2767 quando,
3379 2698 3438 2750 et
3469 2709 3504 2751 a
3535 2711 3651 2772 quo
3679 2695 3834 2756 scri-

2174 2771 2254 2852 pti
2271 2771 2412 2848 sint,
2439 2784 2496 2834 et
2520 2775 2820 2854 quomodo
2843 2775 2933 2836 eis
2955 2777 3037 2837 uti
3069 2785 3358 2858 oporteat.
3388 2771 3657 2860 Cumque
3679 2791 3737 2843 et
3759 2784 3836 2846 de

2171 2860 2304 2940 lege
2318 2862 2664 2942 plenissime
2689 2865 3078 2944 disputasset,
3100 2883 3171 2930 ac
3184 2866 3420 2946 singula
3440 2887 3572 2950 qum
3595 2868 3836 2932 deChri-

2173 2962 2264 3013 sto
2279 2961 2434 3016 sunt.
2448 2953 2761 3032 purissima
2778 2955 3148 3034 expositione
3172 2957 3513 3036 protulisset
3530 2958 3587 3019 in
3609 2958 3828 3041 lucem,

2172 3041 2432 3102 ostendit
2461 3043 2995 3106 abundantissimis
3019 3045 3638 3128 probationibus,quia
3660 3046 3835 3112 Jesus

431 3112 840 3217 propinquitas
861 3112 1123 3208 generis,
1161 3112 1356 3211 neque
1385 3112 1555 3210 regni
1606 3131 1945 3192 sublimitas
1974 3112 2086 3193 Iio-
2107 3142 2149 3194 c
2174 3142 2258 3194 est
2289 3131 2580 3208 Christus,
2608 3142 2667 3195 et
2701 3135 2759 3194 in
2800 3135 2931 3216 ipso
2992 3112 3267 3198 universa
3324 3155 3453 3217 quae
3476 3112 3573 3198 Ide
3625 3137 3836 3203 humili

430 3200 574 3263 mini
594 3203 782 3301 debet
805 3230 937 3301 esse
969 3200 1290 3296 pretiosior
1319 3200 1670 3282 verit'ate.Et
1687 3239 1791 3282 vos
1812 3239 1955 3301 ergo
1979 3221 2090 3285 fra-

431 3301 577 3391 tres,
613 3295 828 3391 siquid
859 3295 1116 3387 amplius
1138 3309 1348 3386 nostis,
1381 3311 1600 3391 pepqu
1627 3309 1730 3372 Dei
1753 3311 1859 3391 qui
1885 3295 2084 3386 adest,

431 3381 695 3483 itemque
706 3381 991 3483 fratribus
1010 3400 1227 3461 vestris
1251 3381 1522 3480 proferre
1545 3419 1663 3463 non
1690 3381 2086 3483 pig'eat,omni

431 3475 648 3573 populo
681 3477 942 3573 libenter
977 3495 1036 3548 et
1058 3497 1181 3550 tota
1208 3475 1527 3567 conquiete
1555 3475 1706 3573 quae
1746 3475 1949 3552 dicitis
1980 3509 2085 3553 au-

431 3559 654 3661 diente.
683 3565 993 3661 Quomodo
1016 3579 1175 3639 enim
1195 3598 1311 3642 non
1337 3559 1447 3642 hoc
1469 3559 1644 3642 faciat
1669 3581 2087 3661 populus,cnm

435 3649 726 3750 "feiRSlftp
760 3658 1166 3729 videatsvcum
1192 3670 1411 3750 pariter
1426 3670 1619 3731 vellea
1643 3649 1807 3731 v'ob'is
1829 3670 2087 3746 discere,

431 3737 479 3798 si
511 3743 651 3835 quid
683 3744 837 3835 forte
865 3755 1122 3835 amplius
1143 3737 1313 3821 vobis
1344 3760 1630 3822 revelavit
1663 3758 1921 3823 Deus?Si
1947 3779 2088 3823 vero

430 3846 535 3890 vos
559 3830 840 3925 inaliquo
871 3830 1174 3925 indigetis,
1207 3849 1487 3911 similiter
1515 3850 1696 3912 etiam
1729 3867 1829 3910 vos
1854 3868 1888 3910 a
1921 3849 2092 3912 nobis

432 3924 774 4018 nonpigeat
802 3924 1029 4015 doceri,
1083 3947 1144 4000 ut
1175 3956 1315 4017 erga
1365 3948 1682 4018 utramque
1731 3947 1986 4018 partem,
2042 3942 2091 4002 si

431 4007 571 4087 quid
593 4015 786 4094 deest,
835 4007 1162 4108 adimpleat
1206 4007 1645 4100 Dveus.Quod'si
1693 4007 1912 4107 aliquis
1941 4007 2094 4098 forte

429 4117 532 4164 vos
563 4126 719 4176 nunc
750 4119 1032 4181 sollicitat
1062 4129 1280 4200 metus,
1311 4129 1554 4200 propter
1603 4117 1927 4179 nonnullos
1979 4138 2093 4179 no-

429 4202 686 4267 strorum
741 4210 843 4288 qui
903 4208 1304 4290 praejudicatis
1354 4207 1667 4270 adversum
1719 4224 1822 4268 vos
1872 4207 2096 4270 animis

428 4299 696 4370 utuntur,
732 4307 789 4360 et
819 4298 1066 4362 insidias
1097 4315 1304 4361 eorum
1331 4305 1632 4371 verentes,
1686 4315 1804 4358 non
1862 4297 2096 4362 audetis

2176 3221 2306 3301 ejus
2335 3222 2596 3286 adventu
2617 3223 2853 3286 fuerant
2883 3225 3189 3305 prmdicta,
3227 3227 3633 3306 complentur.
3682 3226 3839 3290 Duos

2174 3311 2334 3373 enim
2368 3313 2504 3393 ejus
2537 3314 2857 3393 przedictos
2885 3333 3020 3376 esse
3049 3316 3253 3378 docuit
3296 3315 3616 3395 adventus,
3651 3335 3836 3378 unum

2173 3401 2535 3465 humilitatis
2582 3421 2762 3480 quem
2819 3403 3190 3484 adimplevit,
3241 3404 3425 3466 alium
3484 3405 3690 3483 glorias
3738 3415 3839 3487 qui

2171 3500 2444 3573 speratur
2476 3491 2838 3572 implendus,
2872 3511 3006 3553 cum
3043 3492 3241 3555 veniet
3262 3493 3404 3556 dare
3429 3511 3679 3574 regnum
3700 3513 3839 3559 cre-

2174 3579 2454 3644 dentibus
2477 3579 2536 3641 in
2569 3599 2635 3642 se
2663 3589 2718 3641 et
2747 3581 3122 3643 servantibus
3148 3585 3348 3644 omnia
3370 3601 3503 3663 quae
3527 3587 3835 3665 pracepit.

2173 3669 2440 3750 Cumque
2475 3671 2550 3731 de
2574 3672 2667 3733 his
2720 3671 3027 3733 evidenter
3058 3672 3340 3752 populum
3372 3672 3701 3744 docuisset.
3737 3676 3843 3736 ad-

2175 3759 2350 3821 debat
2372 3759 2550 3821 etiam
2585 3761 2695 3822 hoc
2730 3761 2906 3841 ;quia
2939 3761 3051 3821 nisi
3078 3761 3212 3841 quis
3261 3760 3583 3842 baptizatus
3631 3762 3841 3826 fuisset

2174 3850 2234 3911 in
2267 3868 2416 3929 aqua
2449 3849 2559 3910 sub
2584 3850 2983 3930 appellatione
3015 3851 3184 3912 trinze
3237 3849 3646 3933 beatitudinis,
3679 3853 3838 3916 sicut

2176 3939 2376 4001 docuit
2402 3957 2579 4001 verus
2607 3942 2915 4021 propheta,
2945 3959 3140 4020 neque
3163 3940 3582 4003 remissionem
3607 3942 3839 4024 accipe.

2177 4037 2270 4090 ret
2301 4039 2916 4109 peccatorum,neque
2935 4030 3208 4090 introiret
3233 4030 3291 4091 in
3318 4048 3503 4109 regna
3525 4030 3831 4094 caelorum:

2179 4127 2236 4180 et
2253 4120 2405 4181 hanc
2425 4137 2560 4181 esse
2586 4122 2688 4181 Dei
2717 4118 3018 4200 [ingeniti]
3038 4119 3493 4199 praeﬁnitionem
3517 4137 3626 4179 con
3639 4118 3836 4180 ﬁrma-

2178 4209 2283 4273 vit.
2330 4209 2560 4281 Quibus
2582 4209 2759 4273 etiatn
2789 4210 2840 4253 ¹¹
2875 4211 3000 4271 hinc
3043 4208 3316 4272 addidit:
3372 4207 3570 4272 Nolite
3629 4215 3835 4286 putare

2181 4317 2290 4360 nos
2334 4299 2485 4362 duos
2508 4299 2806 4378 ingenitos
2829 4299 3033 4362 dicere
3052 4297 3220 4373 deos,
3251 4306 3351 4360 aut
3371 4315 3555 4359 unum
3584 4294 3830 4358 divisum

507 4454 556 4542 ιβ
594 4457 897 4542 Vocabula
917 4457 1387 4542 ,Qaibasetiam
1410 4489 1481 4502 —
1508 4457 1583 4520 de
1615 4455 1940 4522 Paracleto
1969 4459 2231 4525 dicimus
2263 4478 2381 4523 non
2416 4459 2703 4540 leguntur
2730 4461 2792 4523 in
2823 4460 2999 4524 codd.
3034 4460 3219 4542 Lips.,
3249 4458 3351 4542 qui
3381 4455 3557 4520 etiam
3588 4475 3713 4520 voc.
3747 4459 3840 4520 in-

428 4537 567 4615 niti,
603 4540 760 4618 quod
795 4541 964 4602 uncis
992 4539 1363 4620 includinus,
1389 4557 1506 4602 non
1541 4549 1897 4619 agnoscunt.

1787 4673 2184 4740 COTELERII
2229 4675 2482 4744 NOTIE.

514 4836 603 4907 (5t
621 4836 638 4915 ')
655 4833 945 4918 Iacobum
965 4841 1388 4918 episcoporum
1417 4838 2084 4918 principemCandele-

430 4917 631 4998 rianus
663 4915 842 4998 etiam
877 4915 1380 4997 codex,.locobum
1407 4917 1943 4998 episcopumgl’ctri
1969 4918 2084 4979 Pe-

430 4994 1134 5090 titi,lacobum_ao.sl_ruin
1156 4994 1680 5090 priiteipentiinl'r‘i
1714 4994 1846 5090 cap,
1858 5000 2083 5077 penult,

428 5076 692 5157 Jacobas
726 5076 1308 5157 archiepiscopiisdn
1338 5077 1589 5139 consilio
1625 5076 1932 5156 Ephesino
1956 5076 2086 5156 par;

435 5165 489 5216 te
511 5156 983 5227 l,c.30:’lzite')3w
1016 5156 1314 5216 ἂπὸττόλοι)
1347 5161 1428 5237 ui
1453 5157 1881 5237 ἆρχιιπισμῖπου
1916 5158 2088 5237 Δίιαά

435 5237 708 5318 Bliotium
745 5238 1036 5311 Biblioth,
1071 5239 1205 5298 eod.
1240 5238 1380 5300 975.
1418 5236 1752 5316 Hesychius
1785 5236 2093 5318 presbyter

434 5316 1125 5396 Hierosolymitanus,tbv
1157 5321 1261 5376 τῶν
1292 5318 1475 5397 ἱερέων
1511 5316 1915 5395 ἡγεμόνχίτὺν
1947 5316 2090 5376 ἄπο-

432 5395 666 5454 στόλοωιι
714 5395 807 5454 ίτὸν
861 5399 1109 5481 ἔξαρχον,
1167 5401 1267 5468 τὴν
1315 5395 1990 5481 ἐὺ-κενθαλρζςγδφρυφήν,
2030 5398 2090 5460 In

432 5477 658 5561 sch_0lio
675 5476 840 5561 Regii
865 5476 1092 5541 codicis
1105 5478 1408 5561 705,quod
1435 5476 1610 5561 posui
1630 5477 2026 5561 initiqnotaru
2039 5498 2089 5539 m

436 5559 490 5619 in
516 5556 866 5630 Barnabam,
903 5562 1109 5637 πρῶ-ος
1143 5556 1716 5640 ἐπίσῆοποςζβηάθγέὶ
1754 5557 2092 5640 Nicephoro

434 5637 537 5699 PP.
568 5639 868 5715 catalogus
914 5640 1385 5702 Patriarcharum
1445 5637 2090 5717 Hiersolymitanorum

435 5720 646 5799 texitur
671 5728 805 5780 ante
832 5722 1127 5798 catalogos
1179 5721 1550 5796 reliquorum
1586 5721 2088 5799 patriarcharum.

2171 4840 2304 4900 laus
2335 4838 2768 4910 Methonensis,
2804 4839 2879 4900 de
2910 4837 3287 4900 Eucharistia
3315 4858 3329 4897 :
3365 4837 3425 4896 Ὀ
3453 4841 3597 4901 Θετος
3645 4835 3836 4894 ’ἰάχωα

2168 4918 2259 4986 ϐυς
2284 4922 2310 4975 ὁ
2354 4927 2446 4977 τοῦ
2499 4920 2712 4983 πρώτου
2742 4921 2828 4974 mi
2864 4917 3102 4996 μεγάλω
3159 4918 3454 4998 ἀρχιερέως
3495 4916 3840 4998 ἆδελφὸςᾼξιαὶ

2169 4998 2444 5079 διάδοχος.
2484 4997 2620 5060 Haec
2649 4999 2713 5088 in
2750 4995 2984 5060 laudem
3020 4995 3265 5088 Jacobi.
3307 4995 3483 5061 Sedis
3528 5015 3667 5088 vero
3694 4995 3841 5088 Ilie-

2174 5069 2594 5160 rosolémiticaa
2627 5078 2883 5160 illlustre
2919 5079 3285 5160 praeconium
3321 5077 3664 5160 suppeditat
3694 5074 3843 5155 Epi—

2176 5155 2606 5247 stola'J‘uSIini
2651 5155 3032 5247 imperatoris
3062 5159 3134 5220 ad
3169 5155 3547 5247 ﬂorinisd'am
3604 5173 3839 5247 papam,

2175 5257 2308 5315 quas
2325 5239 2709 5318 subsequitur
2731 5239 3004 5318 ejusdem
3023 5238 3317 5317 pontiﬁcis
3339 5239 3842 5318 septuagesimam

2217 5330 2479 5398 uartam,
2510 5320 2671 5381 hisce
2697 5321 2932 5410 verbis:
2963 5320 3052 5410 Af]
3079 5320 3526 5410 colligendaiet
3559 5318 3847 5410 adunda-

2217 5339 2479 5398 uartam,
2510 5339 2671 5381 nisce
2697 5339 2932 5379 vernis:
2963 5339 3051 5380 aa
3079 5339 3453 5400 comgenaas
3473 5339 3526 5380 et
3559 5339 3842 5410 aaunan-

2175 5339 2282 5461 gas
2313 5403 2531 5477 ubique
2563 5399 2946 5486 venerabiles
2983 5398 3379 5486 Ecclesias,et
3412 5397 3842 5486 Iliesolymztao

2177 5497 2321 5542 nam
2352 5475 2660 5560 pra’cipue
2683 5483 2823 5569 :_cui
2843 5488 3052 5569 tamen
3076 5480 3138 5558 ll.
3177 5487 3412 5569 tantum
3436 5475 3655 5569 exiget.
3695 5475 3846 5569 edit,

2178 5559 2385 5621 omnes
2401 5559 2664 5637 favorem
2690 5562 3268 5641 impendunt.quasi
3289 5564 3477 5621 matri
3497 5559 3846 5641 Christiani

2177 5644 2466 5715 nominis,
2491 5649 2561 5702 ut
2614 5639 2788 5703 nemo
2835 5641 3058 5703 audeat
3090 5639 3166 5702 ab
3196 5657 3262 5701 eo
3304 5657 3430 5701 sese
3477 5639 3842 5700 discernere.

2186 5719 2418 5802 Yidesis
2451 5722 2808 5802 principium
2846 5719 3127 5800 Epistolas
3157 5720 3486 5782 Clementis
3541 5717 3612 5778 ad
3665 5720 3840 5778 Jaco-

432 5797 682 5881 Buﬁnus
711 5800 1001 5862 Historiae
1030 5797 1445 5881 ecclesiasticas
1485 5797 1728 5881 Eusebii
1757 5818 1792 5881 a
1821 5819 1888 5862 se
1909 5817 2101 5881 versa:
2189 5799 2352 5878 bum,
2390 5797 2806 5881 et'Epito'mes.

435 5879 477 5939 l.
498 5895 563 5959 tt,
584 5898 637 5940 c.
677 5887 697 5941 t
736 5882 1201 5960 :Apostolorum
1232 5876 1895 5958 episcopum.Denique
1917 5877 2096 5941 Nico-
