4138 6480
269 240 419 302 1257

1492 239 1787 303 REGOGN
1797 238 2009 300 ITION
2019 237 2107 300 ES
2154 238 2300 297 LIB.
2352 237 2433 299 Il.

3485 236 3642 302 6258

263 380 355 432 tus
384 370 645 451 sil,quod
674 370 1038 431 immortales
1080 380 1216 431 sunt
1253 371 1467 430 animas
1493 370 1907 448 etjudicantur
1929 381 1968 429 Α
1991 369 2198 430 fideles
2219 369 2543 431 aﬁdelibus
2566 378 2625 430 et
2650 370 2729 449 pii
2754 369 3167 431 discernantur
3181 369 3254 432 ab
3277 372 3640 455 impiis,per'

262 479 365 539 pro
392 461 480 520 his
502 478 631 539 qua:
654 460 963 538 gesserint,
1003 469 1057 521 et
1083 460 1179 539 qui
1199 480 1261 519 se
1289 466 1454 537 putet
1479 477 1541 519 re
1564 460 1691 537 ipsa
1714 458 1911 519 videre

258 568 325 610 ea
357 565 616 629 quantos
644 549 761 609 fide
795 548 1661 628 credimus,quamvis,utdisi,
1685 548 1908 609 illuda-

258 651 351 698 tur
372 658 403 699 a
422 637 1023 717 daamonibus,tamen
1047 639 1371 699 arbitratur
1396 656 1460 697 se
1486 638 1674 714 ipsam
1699 640 1914 698 animae

260 728 457 789 videre
493 725 1170 798 substantiam.Quando
1202 728 1601 807 liic,inquam,
1636 727 1914 787 fatebitur

263 818 347 878 vel
375 818 529 881 male
571 835 634 878 se
681 835 854 893 agere
888 817 947 877 in
985 827 1140 877 tanto
1180 817 1330 876 malo
1360 816 1713 896 positus,vel
1741 815 1912 894 judi-

267 908 519 968 candum
554 925 618 967 se
645 924 748 984 pro
773 906 866 967 his
890 925 1021 985 quae
1052 904 1373 984 egerit,qui
1400 905 1597 965 sciens
1634 905 1734 965 Dei
1760 903 1916 983 judi-

270 996 420 1057 cium
468 994 798 1056 contemnit
843 1003 902 1055 et
963 993 1272 1055 inimicum
1308 1013 1370 1054 se
1405 993 1649 1055 exhibet
1683 996 1827 1071 Deo,
1862 1003 1919 1054 et

272 1084 449 1145 audet
481 1094 593 1143 tam
630 1082 882 1144 nefanda
913 1081 1317 1145 committere?
1343 1081 1511 1146 Unde
1539 1093 1766 1143 certum
1802 1094 1911 1158 est,

272 1173 477 1235 fratres
506 1174 972 1245 mei,nounullos
1008 1170 1233 1233 veritati
1267 1192 1333 1233 ac
1366 1172 1639 1251 religioni
1668 1171 1769 1233 Dei
1798 1191 1913 1231 non

268 1262 403 1325 ideo
429 1264 751 1336 adversari,
785 1263 941 1343 quod
1006 1263 1093 1322 eis
1147 1262 1284 1323 fidei
1344 1263 1496 1323 ratio
1544 1280 1912 1342 nequaquam

266 1365 534 1416 constare
562 1354 886 1424 videatur,s
912 1352 961 1412 -d
996 1360 1131 1433 quia
1156 1362 1257 1413 aut
1290 1353 1587 1413 nimietate
1627 1362 1907 1430 peccato.

264 1460 387 1503 rum
422 1443 691 1519 involuti,
728 1452 828 1504 aut
871 1443 1039 1503 malis
1091 1444 1215 1503 suis
1250 1443 1526 1520 praeventi
1565 1452 1620 1502 et
1676 1451 1910 1501 tumore

264 1534 457 1593 cordis
492 1534 627 1596 elati
667 1542 829 1603 sunt,
884 1532 959 1591 ita
994 1542 1054 1593 ut
1107 1550 1218 1593 nec
1251 1551 1321 1592 ea
1361 1520 1600 1612 quidem
1638 1532 1908 1603 credant,

265 1640 395 1701 quae
436 1622 626 1684 oculis
657 1621 781 1684 suis
810 1639 875 1682 se
902 1621 1104 1681 videre
1131 1621 1518 1682 arbitrantur.

351 1762 768 1827 XVll.Verum
804 1764 1084 1841 quoniam
1110 1762 1370 1842 ingenita
1403 1780 1544 1840 erga
1568 1764 1752 1824 Deum
1779 1781 1913 1822 con-

274 1854 526 1915 ditorem
542 1853 817 1916 sufficere
844 1854 913 1915 ad
952 1854 1202 1914 salutem
1220 1852 1527 1913 videbatur
1543 1851 1774 1912 affectio
1798 1852 1910 1929 his,

275 1942 378 2022 qui
400 1942 717 2020 diligerent
743 1960 899 2002 eum.
938 1942 1135 2003 studet
1165 1941 1445 2001 iniinirus
1471 1944 1619 2001 hanc
1642 1940 1915 2001 affectio-

280 2050 411 2093 nem
438 2040 493 2092 in
521 2031 864 2092 hominibus
897 2041 1325 2111 pervcrtcre,et
1354 2029 1627 2091 inimicos
1648 2046 1751 2092 eos
1784 2028 1917 2089 elli-

273 2139 409 2183 eere
438 2131 614 2201 atque
644 2121 902 2199 ingratos
942 2120 1248 2182 Cunditori
1300 2139 1430 2181 suo.
1483 2117 1694 2180 Testor
1723 2126 1917 2177 autem

273 2211 486 2272 ccelum
514 2229 581 2271 ac
607 2220 847 2281 terram,
883 2210 1039 2291 quod
1066 2209 1116 2270 si
1137 2220 1421 2289 quantum
1455 2208 1618 2286 cupit
1641 2207 1922 2268 inimicus

270 2301 580 2370 desasvire,
619 2304 1070 2380 permitteretur
1092 2298 1269 2359 etiam
1303 2318 1335 2358 a
1367 2301 1508 2376 Deo,
1545 2297 1685 2357 olim
1711 2312 1923 2355 omnes

276 2389 550 2452 homines
576 2389 978 2467 deperissent;
1006 2390 1108 2448 sed
1147 2387 1573 2448 misericordiae
1604 2404 1782 2447 causa
1805 2403 1920 2445 non

277 2479 414 2541 sinit
444 2478 795 2551 Deus.Quod
819 2478 867 2539 si
892 2476 944 2521 ‘3
967 2479 1243 2539 affectum
1270 2495 1441 2537 suum
1469 2476 1743 2537 homines
1772 2493 1921 2535 con-

280 2579 581 2631 verterent
614 2570 687 2630 ad
719 2567 1153 2640 Deum,omues
1174 2567 1303 2629 sine
1327 2566 1507 2628 dubio
1528 2566 1922 2635 salvarentur,

284 2659 459 2720 etiam
492 2658 543 2720 si
568 2677 673 2739 pro
697 2657 997 2738 aliquibus
1020 2657 1258 2718 delictis
1291 2655 1365 2717 ob
1386 2655 1671 2732 justitiam
1706 2655 1923 2732 corripi

283 2749 774 2811 viderentur.Sed
812 2767 968 2809 nunc
994 2747 1231 2827 plurimi
1256 2746 1564 2807 hominum
1595 2743 1822 2805 inimici
1849 2743 1928 2803 ef-

279 2838 416 2901 fecti
448 2847 586 2899 sunt
614 2838 1001 2918 Dei,quorum
1036 2837 1329 2912 malignus
1357 2835 1534 2897 corda
1568 2840 1923 2915 penetravit,

277 2938 331 2989 et
361 2928 641 2990 affectum
693 2946 874 3009 quem
932 2922 1020 2988 eis
1060 2926 1335 2988 conditor
1361 2925 1517 2987 Deus
1563 2925 1924 2994 inseruerat,

276 3028 338 3081 ut
369 3037 509 3095 erga
539 3037 602 3079 se
636 3018 953 3091 haberent,
981 3018 1038 3076 in
1066 3016 1456 3094 semetipsum
1491 3012 1901 3074 deflexitAlio

273 3128 403 3171 rum
432 3125 601 3188 vero,
644 3108 746 3187 qui
778 3108 1213 3183 aliquantulum
1260 3106 1505 3182 vigilare
1554 3104 1925 3175 videbantur,

277 3199 334 3258 ἰιι
370 3196 679 3276 phantasia
739 3196 943 3275 gloriae
999 3206 1056 3255 et
1105 3194 1445 3273 splendoris
1488 3210 1809 3271 apparens,
1874 3198 1931 3249 et

283 3305 493 3362 magna
522 3290 791 3366 quaedam
827 3294 1003 3364 atque
1033 3283 1297 3362 ingentia
1325 3281 1926 3360 repromittens.eva-

281 3375 404 3455 gari
459 3376 850 3437 nihilominus
880 3393 913 3434 a
944 3373 1065 3435 Deo
1096 3390 1232 3432 vero
1287 3380 1547 3431 mentem
1583 3378 1762 3448 atque
1795 3373 1928 3428 ani-

291 3484 449 3527 mum
503 3466 680 3536 fecit;
719 3484 852 3545 quae
907 3472 1104 3523 tamen
1136 3471 1482 3543 perpetrare
1514 3459 1569 3520 ei
1595 3459 1754 3538 justo
1779 3475 1929 3538 qua-

288 3558 423 3619 dam
460 3554 821 3636 permittitur
852 3553 1104 3615 ratione.

366 3684 672 3749 XVlI[.Ad
703 3685 828 3747 haec
863 3683 1075 3765 Aquila
1097 3680 1408 3763 respondit
1436 3698 1450 3740 :
1474 3680 1623 3753 Quid
1658 3697 1797 3758 ergo
1830 3678 1934 3739 de-

287 3777 559 3857 linquunt
589 3775 885 3846 homines,
914 3774 964 3834 si
994 3771 1288 3852 malignus
1313 3770 1741 3832 transformans
1771 3787 1835 3857 se
1869 3766 1928 3828 in

285 3856 665 3948 splendorem
691 3864 840 3926 lucis
856 3863 910 3908 ιθ
929 3863 1152 3942 majora
1172 3860 1537 3941 repromittit
1559 3856 1926 3931 hominibus,

280 3974 461 4036 quam
479 3956 609 4035 ipse
630 3954 902 4016 conditor
925 3955 1111 4016 Deus?
1133 3949 1206 4013 Et
1240 3954 1446 4013 Petrus
1472 3968 1486 4013 :
1513 3948 1682 4023 Puto,
1717 3948 1929 4029 inquit,

284 4048 399 4109 hoc
428 4044 710 4125 injustius
739 4043 887 4106 nihil
917 4059 1070 4114 esse,
1109 4054 1170 4105 et
1217 4049 1509 4121 quatenus
1541 4039 1826 4119 injustam
1860 4036 1935 4098 sit

280 4134 514 4199 audi.Si
539 4134 699 4196 ﬁlius
732 4144 887 4206 tuus,
910 4131 1070 4213 quia
1100 4138 1156 4191 te
1187 4132 1350 4192 omni
1384 4128 1694 4209 diligentia
1726 4126 1934 4188 erudi-

1998 458 2242 518 missum
2258 469 2350 520 est
2373 458 2631 537 maligno
2656 458 2734 519 uti
2761 459 2855 521 his
2871 458 3117 525 artibus.
3131 459 3349 540 quibus
3366 464 3632 541 singulo-

1997 566 2126 606 rum
2152 566 2291 625 erga
2309 565 2508 608 verum
2532 557 2833 625 parentem
2852 547 3179 627 probentur
3198 550 3639 624 affectusQuod

1998 636 2046 695 si
2072 633 2125 678 ρο
2148 656 2282 697 νει-ι·
2306 646 2464 698 esset
2486 635 2704 716 aliquis
2732 637 2881 697 deus
2914 638 3163 710 alienus,
3213 646 3406 701 tamen
3435 641 3509 702 ab
3542 663 3636 716 eo,

1997 727 2099 805 qui
2132 745 2237 786 nos
2262 736 2572 788 creaverat
2604 726 2823 806 quique
2886 725 3054 786 nobis
3086 739 3252 805 pater
3282 738 3334 791 et
3371 733 3643 793 conditor

1998 816 2210 891 fuerat,
2249 826 2566 877 rectumne
2598 826 2743 894 erat,
2772 814 2980 875 relicto
3014 817 3250 895 proprio
3284 820 3537 881 transire
3567 821 3639 883 ad

2000 902 2289 965 alienum?
2321 902 2393 966 Et
2424 905 2638 985 Aquila
2672 922 2685 965 ε
2715 903 2920 965 Absit!
2950 904 3159 984 inquit.
3195 904 3343 967 Tum
3386 906 3636 971 Petrus:

2000 992 2310 1064 Quomodo
2343 1013 2482 1072 ergo
2544 994 2817 1054 dicemus
2870 994 3186 1072 malignum
3238 1015 3370 1057 esse
3400 1002 3639 1060 causam

2004 1084 2227 1161 peccati
2265 1085 2473 1163 nostri,
2507 1103 2640 1144 cum
2677 1085 2787 1145 hoc
2822 1083 3110 1162 permissu
3144 1083 3247 1146 Dei
3281 1086 3399 1157 fiat,
3453 1100 3514 1148 ut
3539 1108 3645 1168 per

1998 1173 2190 1251 ipsum
2220 1171 2550 1251 probentur
2572 1188 2630 1233 et
2666 1172 2720 1232 in
2757 1172 2855 1233 die
2878 1171 3094 1251 judicii
3118 1185 3438 1253 arguantur
3463 1178 3517 1239 h:
3541 1179 3643 1258 qui

2000 1260 2324 1340 majoribus
2357 1261 2893 1337 pollicitationibus
2938 1261 3185 1336 invitati,
3221 1264 3341 1324 veri
3379 1268 3557 1344 patris
3587 1276 3644 1328 et

1996 1350 2321 1410 conditoris
2343 1351 2435 1410 sui
2460 1351 2817 1430 reliquerint
2841 1351 3142 1431 pietatem,
3172 1351 3232 1413 hi
3268 1371 3407 1415 vero
3438 1355 3535 1435 qui
3567 1356 3642 1416 fi-

1996 1443 2129 1501 dem
2165 1451 2223 1500 et
2253 1442 2603 1501 charitatt-m
2632 1441 2857 1521 proprii
2892 1440 3093 1521 patris,
3132 1448 3307 1502 etiam
3337 1460 3472 1505 cum
3509 1463 3648 1525 pau-

2000 1539 2246 1608 pertate,
2285 1530 2333 1589 si
2361 1530 2676 1609 acciderit,
2701 1538 2760 1590 et
2791 1548 2924 1589 cum
2955 1529 3339 1593 tribulatione
3367 1551 3645 1594 servave—

1998 1620 2138 1693 rint,
2167 1618 2335 1679 douis
2367 1619 2708 1681 ccelestibus
2741 1621 2796 1680 in
2831 1638 3011 1697 regno
3042 1620 3172 1698 ejus
3199 1631 3257 1681 et
3288 1622 3645 1685 immortali-

2003 1710 2112 1768 bus
2161 1710 2512 1770 muneribus
2562 1708 2989 1788 perfruantur?
3020 1710 3137 1770 Sed
3173 1710 3295 1771 hzec
3335 1713 3481 1773 alias
3503 1713 3645 1775 dili-

2000 1800 2235 1874 gentius
2288 1817 2680 1877 exponemus.
2743 1797 2894 1869 Quid
2957 1807 3153 1859 autem
3217 1797 3421 1862 Simon
3457 1803 3647 1881 egerit

2004 1896 2131 1965 post
2160 1886 2304 1951 haec.
2342 1889 2498 1948 scire
2529 1887 2726 1966 cupio.

2083 1975 2321 2038 XlX.Et
2351 1975 2558 2038 Niceta
2588 1977 2897 2054 respondit
2932 1998 2944 2035 :
2983 1974 3090 2038 Ubi
3123 1978 3485 2043 intellexisse
3510 2001 3644 2043 eum

2004 2066 2326 2139 sensimus,
2362 2065 2517 2145 quod
2539 2064 2954 2146 deprehensus
2991 2076 3203 2127 esseta
3225 2069 3421 2141 nobis,
3456 2068 3645 2132 callo-

2004 2158 2119 2215 cuti
2147 2155 2299 2215 inter
2333 2176 2438 2215 nos
2461 2156 2535 2215 de
2563 2155 2892 2215 sceleribus
2913 2155 3042 2235 ejus
3059 2155 3409 2236 reliquimus
3431 2178 3566 2223 eum
3591 2171 3651 2223 et

2004 2249 2078 2321 ad
2111 2244 2457 2308 Zaccbzeum
2518 2246 2808 2319 venimus,
2845 2244 2971 2306 haec
3022 2245 3151 2325 ipsa
3182 2247 3257 2318 ei,
3293 2268 3424 2328 qua:
3453 2261 3509 2311 et
3543 2250 3649 2312 tibi

2008 2353 2163 2394 nunc
2197 2334 2569 2415 protulimus,
2600 2334 2958 2396 indicantes.
2994 2338 3070 2397 At
3094 2336 3191 2396 ille
3223 2338 3650 2416 benignissime

2008 2442 2116 2485 nos
2171 2424 2525 2504 suscipiens,
2587 2434 2646 2486 et
2705 2425 2780 2485 de
2840 2424 2955 2484 lide
3009 2426 3245 2486 Domini
3277 2431 3460 2490 nostri
3510 2429 3649 2491 .lesu

2006 2512 2223 2574 Christi
2248 2513 2532 2594 edocens,
2568 2512 2832 2574 fidelium
2890 2532 3136 2575 numero
3162 2517 3429 2580 sociavit.
3464 2518 3650 2580 Cum-

2009 2622 2125 2682 que
2147 2603 2271 2664 hzec
2293 2602 2497 2665 Niceta
2537 2601 2810 2681 dixisset,
2847 2600 3159 2665 Zacchaaus
3179 2603 3277 2684 qui
3312 2609 3488 2685 paulo
3517 2617 3654 2668 ante

2010 2709 2288 2769 egressus
2306 2690 2971 2773 fuerat,ingrediebatur
2989 2692 3217 2756 dicens:
3244 2692 3507 2774 Tempus
3538 2704 3652 2770 est,

2012 2792 2076 2842 ut
2108 2781 2394 2861 procedas
2425 2783 2497 2843 ad
2550 2781 3000 2861 disputandum,
3033 2779 3251 2863 Petie;
3291 2784 3463 2845 turba
3492 2785 3653 2848 enim

2014 2874 2197 2932 multa
2216 2871 2275 2931 in
2297 2872 2451 2933 atrio
2475 2871 2691 2933 domus
2706 2881 3061 2950 congregata
3081 2881 3137 2933 te
3162 2875 3490 2953 opperitur,
3510 2894 3655 2955 quo-

1947 2988 1985 3037 ο
2011 2978 2143 3021 rum
2172 2966 2228 3021 in
2262 2962 2460 3022 medio
2495 2961 2694 3022 multis
2744 2961 2922 3022 fultus
2964 2962 3209 3023 asseclis
3254 2963 3523 3024 consistit
3559 2964 3659 3026 Si-

2017 3069 2176 3111 mun.
2203 3051 2350 3110 Tum
2378 3051 2587 3112 Petrus
2635 3060 2694 3110 ut
2726 3050 2852 3112 haec
2884 3050 3126 3119 audivit.
3157 3053 3445 3113 orationis
3472 3053 3661 3130 gratia

2011 3139 2301 3200 secedere
2327 3157 2422 3199 me
2443 3140 2661 3217 jubens
2688 3140 2977 3218 (nuntium
3007 3140 3165 3199 enim
3190 3159 3351 3200 eram
3384 3142 3602 3201 dilutus
3629 3159 3664 3203 a

2016 3228 2440 3309 peccatisqute
2458 3229 2518 3289 in
2546 3228 2876 3307 ignorantia
2894 3228 3448 3310 commiseram),ait
3472 3230 3543 3290 ad
3573 3249 3667 3291 re-

2014 3317 2253 3397 liquos:
2310 3318 2565 3381 Oremus
2597 3316 2834 3396 fratres,
2892 3328 2952 3377 ut
3010 3317 3170 3378 Deus
3204 3337 3307 3397 per
3356 3320 3663 3381 Christum

2014 3426 2186 3467 suum
2225 3425 2329 3486 pro
2355 3405 2645 3468 ineffabili
2697 3406 3108 3468 misericordia
3141 3426 3246 3468 sua
3297 3409 3535 3487 adjuvet
3569 3426 3664 3470 me

2018 3506 2332 3557 exeuntem
2359 3513 2465 3576 pro
2499 3496 2689 3555 salute
2714 3495 3047 3570 hominum,
3082 3497 3182 3577 qui
3215 3497 3286 3557 ab
3321 3498 3448 3577 ipso
3479 3498 3664 3559 creati

2016 3585 2266 3648 sunt.Et
2298 3586 2425 3646 haec
2448 3604 2581 3646 cum
2613 3586 2879 3646 dixisset.
2912 3586 3180 3647 oratione
3209 3587 3356 3649 facta
3384 3588 3671 3668 processit

2015 3676 2087 3736 ad
2112 3675 2325 3735 atrium
2361 3674 2594 3750 domus,
2646 3676 2705 3735 in
2764 3694 2882 3755 quo
2927 3683 3055 3737 erat
3114 3677 3430 3739 multitudo
3467 3677 3668 3759 populi

2020 3764 2276 3845 plurima
2306 3775 2706 3844 congregata;
2740 3782 2893 3845 quos
2949 3764 3047 3826 ubi
3076 3783 3288 3827 omnes
3318 3786 3550 3829 summo
3582 3768 3667 3829 si-

2016 3855 2194 3923 lentio
2230 3856 2299 3914 ad
2329 3873 2392 3915 se
2412 3855 2674 3917 intentos
2694 3855 2862 3936 vidit,
2899 3867 2957 3916 et
3003 3874 3238 3932 magum
3269 3857 3575 3919 Simonem
3609 3856 3670 3919 in

2017 3944 2214 4006 medio
2238 3962 2447 4006 eorum
2478 3944 2634 4006 velut
2673 3945 3030 4026 signiferum
3060 3948 3460 4017 stantem,hoc
3494 3948 3671 4009 modo

2017 4034 2197 4115 coepit
2223 4055 2235 4096 :

2101 4121 2355 4187 XX.Pax
2375 4124 2549 4186 vobis
2566 4123 2961 4199 sitomnibus,
2996 4124 3094 4205 qui
3128 4124 3317 4201 parati
3343 4124 3491 4187 estis
3522 4126 3669 4187 dex-

285 4236 380 4288 tus
428 4234 516 4287 est
568 4233 627 4284 et
656 4216 944 4320 nutritus,
976 4228 1155 4320 atque
1204 4218 1283 4320 ad.
1323 4217 1558 4282 virilem
1615 4217 1939 4320 perductus
1964 4221 2181 4320 Dteras
2209 4214 2351 4276 dare
2382 4214 3010 4320 veritatipquilcunqpe
3064 4214 3226 4313 enim
3261 4213 3566 4320 absiliunt
3589 4218 3667 4297 ei,

291 4313 821 4389 etatemﬁngratus
842 4308 946 4371 tibi
972 4308 1071 4383 sit,
1097 4317 1156 4370 et
1175 4308 1526 4388 relinquens
1546 4316 1601 4367 te
1623 4306 1695 4368 ad
1725 4306 1935 4389 alium,

289 4419 467 4483 quem
492 4386 649 4461 forte
668 4399 942 4459 ditiorem
968 4386 1400 4470 viderit,eat,et
1434 4396 1725 4457 honorem
1760 4386 1935 4474 quem

2023 4303 2298 4364 videntur
2321 4303 2568 4379 quidem
2592 4301 2704 4364 sibi
2728 4302 2951 4383 aliquid
2971 4302 3178 4382 gratiae
3202 4303 3477 4365 conferre
3524 4300 3670 4385 Deo,

2021 4410 2196 4472 porro
2211 4402 2407 4453 autem
2425 4391 2625 4473 ipsiab
2641 4410 2712 4453 eo
2737 4392 2960 4453 donum
2988 4394 3204 4453 summi
3233 4399 3499 4455 muneris
3522 4415 3673 4456 con-

295 4482 402 4548 tibi
436 4486 694 4548 debebat
715 4485 803 4547 illi
833 4484 1216 4548 exhibeatac
1246 4502 1357 4564 ape
1387 4484 1629 4563 majoris
1659 4483 1808 4543 lucri
1828 4501 1936 4543 na-
2022 4491 2353 4561 sequuntur
2365 4482 2613 4561 justitiaa
2634 4483 2765 4561 ejus
2789 4482 3020 4543 semitis
3043 4484 3676 4566 incedentesJ’ropter

297 4586 493 4640 turam
525 4584 702 4655 neget
731 4583 789 4637 et
810 4576 950 4654 jura
979 4581 1229 4652 paterna
1246 4573 1530 4652 defugiat,
1564 4584 1795 4634 rectum
1836 4571 1939 4633 tibi
2024 4571 2182 4652 quod
2211 4572 2467 4651 primum
2494 4582 2586 4635 est
2606 4572 2897 4645 omnium,
2920 4571 3215 4650 justitiam
3258 4572 3361 4634 Dei
3389 4592 3678 4653 regnum-

291 4663 629 4741 videtur,an
657 4663 940 4744 impium?
982 4662 1055 4726 Et
1084 4660 1293 4743 Aquila
1330 4660 1686 4741 respondit:
1728 4660 1935 4723 Omni-
2026 4680 2141 4742 que
2171 4661 2303 4741 ejus
2333 4663 2637 4739 inquirere
2665 4659 2761 4735 ¹¹;
2810 4661 3106 4741 justitiam
3158 4663 3399 4744 quidem
3428 4674 3493 4726 ut
3519 4673 3681 4727 recte

295 4756 407 4818 bus
432 4754 624 4837 palam
657 4762 767 4834 est,
829 4752 986 4834 quod
1038 4752 1286 4832 impium
1341 4751 1438 4813 sit.
1496 4749 1565 4811 Et
1593 4748 1802 4811 Petrus
1831 4769 1845 4811 :
1879 4746 1943 4810 Si
2026 4768 2205 4830 agere
2234 4750 2583 4819 doceamur.
2618 4749 2867 4830 regnum
2903 4770 3063 4825 vero,
3092 4762 3156 4813 ut
3185 4770 3319 4832 qum
3341 4754 3419 4814 sit
3447 4771 3683 4815 merces

294 4862 439 4924 ergo
462 4847 521 4905 in
547 4843 894 4906 hominibus
924 4846 1034 4903 hoc
1056 4840 1302 4922 impium
1327 4839 1737 4919 dicis,quanto
1763 4837 1945 4917 magis
2029 4840 2221 4920 posita
2243 4840 2463 4903 laboris
2495 4849 2556 4903 et
2614 4841 2921 4923 patientiae
2952 4845 3319 4923 noverimus,
3354 4842 3415 4903 in
3448 4861 3567 4923 quo
3592 4852 3683 4905 est

291 4936 353 4996 in
382 4933 523 4997 Deo.
573 4935 669 5015 qui
702 4948 882 5014 supra
914 4948 1127 4993 omnes
1157 4930 1435 4992 homines
1466 4929 1693 4991 honore
1723 4928 1797 4989 ab
1831 4930 1942 4988 ho—
2029 4928 2203 4991 bonis
2230 4930 2473 5011 quidem
2517 4938 2876 4993 aeternorum
2912 4930 3208 4994 bonorum
3248 4933 3678 5008 remuneratio,

297 5024 562 5087 minibus
603 5022 820 5103 dignus
867 5032 958 5084 est
980 5025 1008 5081 ?
1036 5021 1207 5103 cujus
1237 5038 1358 5082 non
1408 5019 1599 5081 solum
1633 5016 1945 5081 beneﬁciis
2030 5022 2123 5085 his
2145 5028 2372 5103 autem,
2404 5021 2507 5103 qui
2531 5030 2737 5085 contra
2758 5022 3125 5085 voluntatem
3154 5022 3264 5086 Dei
3288 5023 3543 5103 egerint,
3577 5040 3683 5103 pro

296 5113 578 5189 fruimur,
631 5129 836 5175 verum
888 5119 951 5175 et
984 5127 1114 5193 ,ope
1145 5128 1213 5171 ac
1244 5109 1459 5171 virtute
1491 5125 1625 5170 esse
1656 5108 1946 5188 coepimus
2038 5111 2710 5195 uniuscujusquegestis
2725 5130 3034 5195 poenarum
3048 5110 3684 5191 dignarestitutio.Hic

305 5222 441 5266 cum
459 5220 577 5263 non
602 5198 1125 5278 essemus,cuique
1145 5197 1195 5259 si
1222 5198 1560 5277 placeamus
1585 5194 1950 5286 merebimur
2036 5224 2201 5286 ergo,
2229 5204 2344 5266 hoc
2367 5194 2458 5266 est
2495 5204 2554 5265 in
2587 5194 2862 5285 praesenti
2922 5203 3040 5264 vita
3069 5207 3295 5284 positos
3323 5212 3557 5284 oportet
3584 5221 3687 5265 vos

300 5292 378 5354 ab
397 5300 565 5368 eo,ut
587 5291 763 5353 etiam
793 5290 1000 5351 atomi
1024 5290 1088 5349 in
1119 5286 1291 5349 bonis
1321 5287 1535 5349 simus.
1572 5288 1647 5349 Ut
1674 5300 1820 5364 ergo
1852 5285 1920 5344 ini

2034 5285 2733 5377 agnoscerevoluutatem
2752 5292 2885 5369 Dei,
2922 5293 3022 5356 ubi
3053 5294 3338 5373 etagendi
3370 5295 3539 5355 locus
3570 5302 3683 5356 est.

385 5462 438 5507 ‘3
466 5464 601 5540 Qua
634 5462 1132 5542 εί-ωυὲίίενεπικῃ
1182 5469 1779 5542 etgquw‘sequuntur
1803 5459 2128 5542 {ﬁliorum
2178 5474 2317 5518 vero
2347 5488 2424 5542 -ςς
2455 5456 2826 5542 permittitur
2879 5461 3129 5542 ratione
3167 5454 3693 5542 desideranturiu

302 5533 559 5626 utroque
588 5545 769 5607 ’codd.
807 5543 998 5624 Lipss.
1083 5539 1138 5584 *9
1165 5542 1214 5605 ll
1235 5533 1373 5604 Cor.
1409 5555 1491 5613 XI,
1520 5533 1619 5604 Ῐ4.
1713 5538 1773 5589 λυ
1803 5539 1920 5618 ραι

298 5628 498 5707 Lipss.
582 5624 633 5668 ³⁸
661 5623 847 5687 Matth
902 5640 984 5698 vr,
1022 5620 1119 5686 33.
1835 5674 1843 5682 .

2018 5533 2507 5601 si—munert'bus
2529 5537 2943 5615 perfruantur
2966 5555 3084 5597 non
3118 5538 3400 5614 leguntur
3427 5536 3489 5598 in
3513 5533 3693 5597 codd.

636 5786 899 5848 Passer.
946 5786 1059 5848 Gn.
1109 5783 1156 5845 1.
3246 5776 3324 5837 40
