4138 6414
290 413 444 474 1965
1298 459 1302 466 ι
1496 410 2135 476 RECOGNITIONUM
2153 459 2156 461 η
2183 413 2331 478 LIB.
2355 410 2460 476 .ΙΙ.
2647 461 2658 476 ρ
2750 463 2779 478 ς.
2862 461 2869 474 .
3263 456 3273 466 -
3517 407 3674 479 1266

282 566 403 610 non
431 546 590 621 facit,
648 546 830 610 multo
885 547 1072 626 magis
1124 565 1236 610 nec
1294 548 1766 611 inconsonantia.
1803 545 2196 622 Quiaaquod
2233 563 2338 624 pro
2370 545 2700 607 assertione
2733 545 2944 606 horum
2988 545 3308 615 innumera
3357 542 3674 606 verborum

283 657 422 716 ergo
458 636 640 698 multa
664 645 822 710 sunt,
859 655 993 713 quae
1025 635 1300 698 videntur
1333 637 1574 717 quidem
1608 638 1938 699 inconsona
2028 634 2216 696 millia
2241 633 2828 710 movebuntur;nulli
2854 633 3016 695 enim
3044 634 3367 696 concordat
3389 633 3676 716 professio

290 726 1211 807 essenonnullis,habenttamen
1229 726 1615 807 profundiore
1634 725 1938 788 rationein
2025 723 2162 785 ﬁdei
2195 734 2328 786 ture.
2367 725 2641 805 Denique
2671 724 2827 805 quod
2877 743 3029 787 unus
3062 724 3134 784 sit
3192 725 3373 805 Deus,
3400 723 3569 802 cujus
3600 724 3677 784 sit

290 817 1108 896 semetipsisconsonantiam,
1136 817 1290 877 sicut
1310 817 1646 898 etaliaqnae
1665 815 1941 877 videntur
2023 832 2171 894 opus
2208 815 2491 894 mundus,
2523 814 2634 875 hoc
2697 813 2954 894 primum
3008 813 3140 894 quis
3191 813 3488 893 recipiat?
3535 822 3671 896 puto

291 905 511 968 habere
543 907 1015 980 consonantiam,
1063 906 1330 967 discussa
1360 906 1706 985 diligentius
1766 907 1934 966 inve-
2022 904 2164 980 quia
2196 922 2393 984 neque
2427 922 2787 984 paganorum
2826 904 3164 984 quisquam,
3192 903 3457 984 quamvis
3481 902 3579 965 ille
3597 903 3674 965 sit

287 996 526 1058 niuntur
561 997 907 1071 inconsona,
943 996 1052 1056 hac
1083 996 1156 1056 de
1202 1015 1376 1057 causa
1406 997 1577 1057 aliam
1626 1015 1743 1057 non
1799 1002 1935 1074 puto
2022 993 2226 1074 idiota,
2262 994 2749 1074 philosophorum
2803 1002 2997 1055 autem
3037 995 3280 1055 omnino
3313 995 3527 1060 nullus,
3563 994 3668 1055 sed

281 1088 597 1148 rectiorem
634 1104 766 1146 esse
788 1085 940 1146 viam
971 1085 1042 1147 ad
1097 1086 1306 1146 horum
1341 1085 1690 1160 discrimen,
1727 1084 1842 1146 nisi
1876 1093 1938 1146 ut
2021 1101 2131 1143 nec
2151 1081 2487 1145 Judaeorum
2509 1083 2750 1164 quidem
2770 1083 3584 1164 imperitissimusquisquam
3611 1090 3669 1144 et

281 1176 446 1256 prius
477 1193 927 1254 cognoscamus,
962 1176 1010 1235 si
1030 1175 1079 1235 is
1104 1176 1204 1255 qui
1237 1175 1467 1236 locutus
1499 1185 1588 1236 est
1612 1194 1678 1236 ea
1702 1193 1833 1256 quae
1853 1173 1938 1234 vi-
2023 1172 2417 1246 miserrimus,
2437 1192 2632 1250 neque
2657 1190 2763 1251 ego
2785 1172 2914 1254 ipse
2936 1174 3035 1253 qui
3056 1191 3259 1234 eorum
3290 1173 3484 1253 legem
3513 1175 3666 1235 bene

277 1264 496 1325 dentur
529 1265 875 1337 inconsona,
913 1265 1202 1344 propheta
1224 1265 1318 1325 sit.
1350 1264 1411 1326 Si
1440 1266 1598 1325 enim
1632 1262 1938 1324 invenitur
2022 1263 2177 1323 novi.
2214 1261 2284 1323 Et
2313 1261 2556 1324 Petrus:
2596 1261 2836 1343 Omitte,
2864 1261 3076 1343 inquit,
3111 1264 3425 1343 opiniones
3455 1262 3664 1324 absen-

272 1356 560 1432 propheta
593 1372 748 1426 esse,
784 1354 985 1414 omnia
1015 1353 1119 1414 illa
1155 1372 1285 1435 quae
1345 1354 1621 1416 videntur
1651 1353 1765 1414 sibi
1798 1371 1932 1415 esse
2017 1351 2183 1416 tium.
2220 1351 2320 1412 tibi
2357 1352 2498 1433 quid
2537 1352 2786 1423 videtur,
2826 1370 3087 1432 praesens
3131 1353 3407 1432 prresenti
3457 1351 3659 1417 dicito.

267 1444 582 1522 contraria,
631 1452 865 1504 constat
896 1442 1120 1506 habere
1149 1443 1628 1519 consonantiam,
1666 1444 1773 1505 sed
1809 1462 1929 1504 non
2013 1441 2162 1503 Tum
2195 1439 2397 1503 Simon
2428 1463 2439 1503 :
2475 1444 2748 1522 Possum,
2780 1441 2992 1523 inquit,
3014 1459 3320 1522 exponere
3347 1442 3505 1522 quod
3525 1461 3664 1506 vere

266 1531 535 1611 intelligi.
564 1530 646 1592 De
666 1530 758 1592 his
785 1549 924 1610 ergo
952 1530 1340 1609 probamenta
1361 1530 1583 1594 rectius
1606 1530 1929 1612 requiren-
2013 1532 2229 1602 sentio,
2265 1533 2367 1592 sed
2408 1533 2729 1612 pigriorem
2770 1551 2868 1593 me
2927 1533 3065 1593 facit
3102 1532 3202 1592 illa
3234 1531 3659 1614 consideratio,

268 1629 383 1683 tur.
410 1623 528 1682 Nos
560 1622 721 1682 enim
753 1621 1005 1700 apostoli
1040 1621 1203 1684 illius
1236 1623 1338 1702 qui
1372 1641 1479 1682 nos
1534 1620 1714 1696 misit,
1749 1622 1929 1683 verba
2013 1621 2148 1699 quia
2171 1621 2219 1681 si
2244 1622 2474 1695 dixero,
2507 1621 2662 1702 quod
2686 1620 3442 1702 nequetibisitconsonum
3467 1640 3663 1702 neque

263 1729 564 1790 exponere
598 1713 760 1771 missi
793 1728 1000 1772 sumus
1017 1722 1075 1773 et
1100 1711 1396 1773 affirmare
1413 1711 1923 1791 sententias,pro-
2015 1709 2183 1788 vulgo
2219 1710 2359 1772 huic
2399 1711 2680 1792 imperito
2736 1719 2964 1773 rectum
3023 1711 3277 1792 videtur,
3315 1719 3370 1771 tu
3421 1711 3660 1791 quidem

268 1801 455 1880 prium
489 1819 628 1862 vero
653 1801 852 1861 dicere
878 1801 1098 1881 aliquid
1125 1821 1243 1862 non
1274 1801 1571 1864 habemus
1595 1800 1655 1861 in
1686 1800 1929 1862 manda-
2010 1799 2180 1875 quasi
2235 1799 2701 1880 obstupefactus,
2752 1820 2925 1862 aures
2986 1801 3269 1862 continuo
3331 1799 3660 1863 obcludens

271 1889 367 1970 tis,
401 1889 505 1951 sed
533 1889 848 1951 verborum
877 1890 1054 1965 illius,
1084 1891 1302 1971 utdixi,
1330 1891 1567 1971 aperire
1589 1890 1920 1961 veritatem,
2011 1888 2168 1949 velut
2188 1908 2260 1949 ne
2292 1889 2660 1969 blasphemia
2685 1891 3050 1971 polluantur,
3071 1891 3322 1954 verteris
3348 1889 3407 1951 in
3430 1890 3651 1970 fugam,

345 2004 574 2067 XXXV.
609 2009 679 2068 Et
711 2005 916 2068 Simon
944 2005 1026 2066 ait
1063 2026 1076 2068 :
1114 2010 1273 2068 Doce
1306 2024 1445 2085 ergo
1472 2025 1599 2079 nos,
1625 2007 1905 2085 quomodt

2009 1979 2148 2057 quia
2173 1977 2328 2058 quod
2353 1979 2718 2058 respondeas
2739 1999 2856 2041 non
2880 1980 3434 2058 invenies,populus
3457 1990 3654 2043 autem

262 2096 668 2166 conveniat,ut
695 2095 744 2155 is
776 2095 873 2173 qui
899 2094 1222 2158 divisiones
1252 2066 1411 2176 facii),
1447 2066 1924 2172 quaa'divisioues
2009 2066 2437 2176 f"“'°"a‘?i“s
2457 2076 2792 2176 ξδδθηίξίίυδ
2825 2069 2953 2144 tibi:
2981 2079 3036 2170 ie
3067 2069 3306 2169 quidem
3335 2069 3657 2176 ampiecm‘

258 2185 473 2247 cadere
497 2185 719 2245 faciant
749 2157 852 2246 eos
869 2186 1353 2265 quidividuutur,
1385 2157 1483 2246 vei
1502 2186 1690 2247 bonus
1715 2187 1920 2248 videa-
2008 2163 2127 2236 mra
2166 2175 2332 2237 qua“
2361 2175 2430 2265 ea,
2460 2157 2775 2265 δθξδθηίθηξ
2806 2179 2936 2265 (ἔξω
2981 2159 3041 2219 in
3086 2178 3194 2220 "5"
3221 2177 3333 2265 ,ωδ
3365 2171 3522 2265 δμηιν
3561 2180 3656 2262 {ne

259 2285 372 2344 tur,
400 2275 488 2336 vel
521 2275 592 2336 ad
619 2246 927 2336 hominum
957 2277 1205 2338 salutem
1260 2246 1511 2338 venisse.
1549 2278 1620 2336 Et
1653 2277 1865 2338 Petrus
1900 2288 1914 2328 ε
2005 2246 2656 2351 Verﬁéxsecﬁébutmr,
2687 2250 2862 2311 Veluti
2890 2268 3039 2311 “Ova
3069 2249 3340 2351 quadam
3357 2259 3533 2351 atque
3565 2253 3656 2313 in‘

250 2364 428 2438 Audi,
465 2366 763 2445 quomodo
799 2365 1083 2444 magister
1109 2374 1310 2427 noster
1334 2384 1513 2427 omne
1541 2383 1817 2446 regnum,
1865 2376 1924 2428 et
2006 2337 2210 2446 ᾖῗάίίεξ
2233 2338 3244 2446 Prome‘mem’meumqueerrorem
3264 2341 3655 2405 διίθηίείηθη·

248 2427 755 2515 οηιηθῐῐίόοῐηυη]
784 2427 1034 2516 divisam
1057 2455 1374 2516 adversum
1408 2427 1920 2536 semetipsamldi-
2007 2427 2579 2536 ίώξξὶξγητίξίῖξῗηξηθω·

257 2543 342 2604 xit
373 2551 528 2605 stare
565 2563 680 2604 non
719 2562 914 2623 posse.
946 2544 1073 2606 Hoc
1129 2553 1328 2606 autem
1386 2563 1520 2605 cum
1583 2545 1712 2623 ipse
1759 2545 1916 2631 fecit,

259 2633 390 2694 vide
413 2633 712 2714 quomodo
739 2635 810 2694 ad
841 2634 1096 2696 salutem
1123 2635 1319 2697 cedat.
1348 2634 1411 2694 In
1433 2652 1638 2696 errore
1661 2635 1915 2715 positum

262 2724 462 2784 mundi
496 2741 770 2802 regnum,
805 2725 895 2785 vel
955 2742 1441 2804 unamquamque
1473 2725 1532 2785 in
1566 2741 1637 2788 eo
1673 2724 1914 2787 domum

2085 2515 2400 2580 XXXVIII.
2423 2519 2570 2580 Tum
2605 2522 2851 2584 Petrus:
2887 2519 3167 2599 Nunquid
3195 2538 3311 2587 non
3346 2526 3428 2595 tu,
3452 2521 3512 2582 in
3535 2543 3650 2603 quo

2005 2624 2114 2666 nos
2138 2605 2488 2680 accusabas,
2514 2607 2641 2688 ipse
2664 2609 3010 2686 ambagibus
3032 2608 3399 2688 uteris,nihil
3424 2609 3652 2674 habens

2001 2695 2158 2794 quod
2175 2695 2416 2794 afferas
2448 2697 2712 2759 veritatis
2732 2699 2762 2758 ‘?
2786 2708 2885 2761 aut
2903 2699 2948 2758 si
2973 2698 3178 2794 habes,
3211 2698 3406 2777 incipe
3428 2698 3652 2782 absque

259 2813 437 2875 verbo
472 2785 737 2874 veritatis
758 2785 1234 2895 dividit,procul
1258 2785 1441 2876 dubio
1466 2824 1528 2877 ut
1558 2785 1919 2878 cadat
2001 2785 3116 2895 Ei_"__°"__i}§9"‘b1‘sg‘W‘Wfonﬁdiﬁ
3152 2808 3163 2849 ⁵
3221 2796 3295 2895 ei.
3331 2788 3378 2886 ii
3409 2788 3652 2895 quidem

260 2913 316 2963 et
340 2904 553 2965 veritas
584 2913 816 2981 regnet.
850 2903 1014 2976 Quod
1045 2904 1095 2965 si
1118 2903 1297 2966 alicui
1319 2904 1548 2966 accidat
1592 2904 1818 2982 domui,
1856 2917 1918 2967 ut

259 3011 426 3054 error
452 2994 826 3055 introductus
857 3012 963 3074 per
995 2994 1254 3072 aliquem
1298 2993 1524 3054 dividat
1575 2994 1910 3069 veritatem,

254 3102 387 3144 cum
419 3101 590 3145 error
619 3084 961 3164 obtinuerit,
997 3092 1228 3144 certum
1260 3091 1350 3144 est
1397 3081 1700 3145 veritatem
1755 3093 1912 3145 stare

255 3192 369 3232 non
404 3191 600 3247 posse.
634 3172 698 3234 Et
733 3173 938 3235 Simon
978 3194 990 3235 :
1046 3171 1164 3235 Sed
1209 3173 1503 3234 incertum
1549 3181 1660 3247 est,
1708 3181 1907 3234 utrum

254 3262 536 3341 magister
556 3273 752 3325 vester
773 3281 1038 3325 errorem
1075 3260 1298 3325 dividat
1337 3280 1412 3322 an
1469 3261 1802 3326 veritatem.
1836 3262 1910 3324 Et

2001 2891 2118 2933 non
2151 2874 2480 2953 placuerint
2502 2875 2677 2936 alicui
2709 2877 3047 2939 auditorum
3079 2895 3211 2957 quae
3242 2876 3412 2958 dicis,
3437 2877 3652 2940 absce-

1998 2961 2120 3037 det,
2148 2965 2244 3044 qui
2265 2982 2400 3024 vero
2423 2970 2880 3044 permanserint,
2907 2976 3197 3046 cogentur
3221 2966 3652 3030 assertionibus

1997 3051 2111 3111 tuis
2148 3052 2398 3130 probare
2429 3053 2586 3134 quod
2639 3073 2843 3116 verum
2894 3068 3006 3117 est.
3041 3055 3245 3135 Incipe
3279 3055 3466 3132 igitur
3489 3058 3647 3137 quod

1994 3140 2099 3200 tibi
2124 3149 2355 3203 rectum
2395 3143 2652 3219 videtur,
2687 3161 3007 3225 exponere.
3043 3143 3115 3207 Et
3145 3145 3348 3207 Simon
3376 3146 3491 3206 ait:
3531 3146 3648 3224 Ego

1992 3229 2127 3291 dico
2167 3231 2383 3292 multos
2416 3251 2548 3294 esse
2582 3234 2749 3314 deos,
2783 3254 2964 3296 unum
3001 3243 3198 3296 tamen
3231 3253 3363 3296 esse
3413 3235 3649 3298 incom-

251 3320 937 3415 mag.‘is.;.zi;.iiaiag
953 3320 1299 3433 gressu}.
1320 3320 1430 3412 si.
1471 3320 1912 3414 sesesese;
1929 3336 1968 3388 ο
1996 3320 2475 3433 ιξῖίῖδῗΡ-δξξξξῐξπξ
2496 3330 2684 3433 ξίφισῖ
2706 3323 3650 3433 amnib'liimgﬂiﬁumwherum-

248 3442 402 3520 apuil
438 3452 516 3514 te,
553 3443 689 3522 quia
719 3461 900 3504 omne
930 3442 1087 3522 quod
1116 3442 1365 3503 divisum
1389 3440 1566 3502 fuerit
1591 3442 1768 3515 cadit,
1801 3461 1907 3503 su-

248 3540 528 3611 perestut
557 3533 894 3602 ostendam,
918 3534 964 3592 si
986 3541 1209 3593 tantum
1237 3551 1371 3592 cum
1399 3549 1542 3611 pace
1565 3531 1774 3594 audire
1795 3533 1905 3603 vis,

248 3621 406 3697 quod
437 3621 612 3684 Jesus
645 3631 848 3685 noster
879 3640 1146 3685 errorem
1180 3621 1448 3684 diviserit
1479 3640 1546 3682 ac
1569 3621 1901 3697 resolverit,

251 3710 522 3770 docendo
556 3711 895 3774 veritatem.

325 3839 580 3903 XXXVI.
607 3841 756 3901 Tum
789 3840 1015 3903 Simon:
1040 3839 1280 3915 Omitte,
1318 3842 1531 3921 inquit,
1561 3857 1902 3903 sermonem

245 3930 407 4009 pacis
445 3932 786 4010 frequenter
809 3931 1051 4006 iterare,
1088 3930 1230 4007 quid
1250 3949 1388 3992 vero
1427 3931 1504 3991 sit
1533 3931 1693 4009 quod
1719 3931 1904 3993 sentis

243 4029 344 4081 aut
366 4020 587 4099 credis,
620 4019 881 4081 breviter
909 4038 1161 4099 expone.
1191 4020 1261 4082 Et
1303 4023 1519 4084 Petrus
1566 4021 1648 4082 ait
1679 4040 1692 4084 :
1747 4020 1902 4094 Quid

239 4110 419 4171 times
448 4111 663 4171 crebro
686 4110 893 4171 audire
953 4110 1028 4172 de
1079 4117 1412 4190 pace?aut
1465 4111 1704 4187 ignoras
1765 4112 1906 4191 quia

253 4201 546 4279 perfectio
577 4199 724 4276 legis
756 4216 867 4278 pax
901 4206 1036 4261 est?
1061 4219 1127 4262 ex
1150 4200 1406 4280 peccatis
1437 4200 1596 4261 enim
1623 4199 1901 4262 bellaria-

237 4299 482 4349 scuntur
513 4298 567 4348 et
605 4288 957 4368 certamina,
980 4289 1081 4348 ubi
1105 4297 1301 4349 autem
1329 4296 1641 4366 peccatum
1671 4309 1786 4349 non
1812 4291 1875 4350 ﬁt

242 4395 348 4454 pax
378 4386 465 4435 est
496 4377 747 4436 animae:
786 4377 884 4435 ubi
915 4394 1058 4437 vero
1093 4397 1199 4456 pax
1226 4383 1336 4448 est,
1374 4378 1434 4437 in
1469 4377 1900 4456 disputationi-

244 4461 351 4521 bus
377 4465 614 4542 veritas,

244 4571 379 4612 mon
422 4575 435 4612 :
478 4553 712 4615 Videris
745 4553 891 4613 mihi
917 4572 1032 4614 non
1067 4572 1240 4634 posse
1275 4555 1537 4633 profiteri
1569 4554 1726 4634 quod
1760 4573 1898 4616 sen-

239 4643 334 4705 tis.
375 4643 446 4705 Et
477 4641 711 4704 Petrus:
739 4643 964 4718 Dicam,
999 4661 1069 4706 ex
1102 4642 1352 4704 arbitrio
1377 4651 1599 4724 tamen,
1640 4663 1756 4705 non
1783 4647 1898 4705 tuis
1924 4653 1964 4704 D

1994 3427 2111 3487 que
2143 3411 2409 3471 omnium
2443 3411 2692 3473 deorum
2718 3416 2931 3476 Deum.
2959 3412 3152 3474 Tuum
3174 3415 3423 3476 Petrus:
3450 3413 3643 3494 Hunc,

1994 3497 2208 3580 inquit,
2238 3518 2412 3578 quem
2445 3499 2599 3562 dicis
2629 3519 2764 3562 esse
2781 3501 3460 3584 incomprehensibilem
3483 3505 3646 3566 etin-

1994 3589 2294 3666 cognitum
2320 3589 2601 3651 omnibus
2623 3589 2837 3662 Deum,
2859 3611 2927 3654 ex
2949 3591 3272 3672 Scripturis
3300 3591 3642 3657 Judaeorum

1991 3696 2123 3756 quae
2147 3678 2204 3738 in
2226 3679 2578 3741 auctoritate
2611 3680 2933 3756 habentur,
2966 3681 3219 3762 probare
3253 3691 3448 3764 potes,
3474 3703 3546 3745 an
3582 3703 3651 3748 ex

1989 3767 2123 3829 aliis
2145 3768 2625 3850 aliquibus,quas
2651 3772 3322 3852 omnesiguoramus,an
3343 3791 3411 3834 ex
3428 3775 3650 3838 Graecis

1990 3857 2362 3938 auctoribus,
2396 3877 2471 3920 an
2509 3878 2579 3921 ex
2612 3857 2730 3923 tuis
2783 3861 3098 3941 scripturis
3131 3862 3389 3942 propriis
3419 3869 3447 3926 ?
3480 3863 3649 3928 Certe

1992 3966 2061 4008 ex
2088 3947 2550 4028 quibuscunque
2580 3949 2690 4024 vis,
2711 3950 2916 4023 dicito,
2943 3952 3022 4012 ita
3054 3960 3250 4012 tamen
3278 3961 3339 4013 ut
3368 3956 3642 4018 ostendas

1988 4055 2087 4098 eas
2116 4037 2275 4116 prius
2301 4055 2432 4098 esse
2465 4040 2883 4121 propheticas;
2913 4041 2990 4101 ita
3027 4042 3184 4103 enim
3205 4043 3326 4122 fiet,
3350 4052 3411 4103 ut
3435 4061 3637 4122 earum

1989 4127 2328 4190 indubitata
2351 4129 2650 4192 habeatur
2680 4131 3024 4194 auctoritas.
3315 4121 3320 4122 ί
3615 4121 3620 4126 ’

2067 4219 2322 4285 XXXIX.
2360 4225 2429 4284 Et
2457 4221 2665 4283 Simon
2697 4224 2778 4284 ait
2811 4242 2825 4287 :
2868 4223 2948 4284 Ex
2981 4224 3110 4303 lege
3140 4223 3476 4287 Judzeorum
3513 4228 3636 4290 sola

1885 4348 1899 4372 ν
1986 4314 2350 4373 assertiones
2374 4299 3006 4398 adhibebo.0mnibt{s
3024 4299 3181 4377 enim
3203 4315 3302 4395 qui
3325 4315 3638 4396 religionis

653 4399 747 4474 [δεῖ
786 4399 1065 4479 υοιδγθτο,
1093 4399 1339 4479 Ρῖξξηβδιε
1374 4399 1434 4437 ιη
1469 4399 1900 4479 αξξΡυιὲξξοξξξ-
1984 4419 2186 4462 curam
2221 4410 2456 4479 gerunt,
2489 4401 2867 4464 manifestum
2892 4399 2981 4466 est
3014 4405 3193 4466 totius
3222 4425 3352 4469 esse
3386 4410 3636 4470 auctori-

650 4464 707 4523 in
743 4464 1277 4544 operibusjustitia
1325 4465 1648 4526 invenitur.
1682 4464 1752 4526 Et
1803 4465 1900 4528 Si-

2001 4490 2119 4550 .atis
2150 4490 2301 4552 hanc
2333 4489 2551 4568 legem,
2578 4511 3067 4574 unumquemque
3091 4504 3284 4556 tamen
3308 4498 3636 4560 secundum

1985 4579 2293 4658 proprium
2318 4598 2562 4644 sensum
2612 4582 3067 4662 intelligentiam
3091 4585 3237 4663 legis
3269 4587 3445 4666 hujus
3474 4589 3636 4650 acci-

1985 4687 2148 4747 pere.
2178 4671 2262 4731 lta
2284 4671 2442 4729 enim
2467 4670 2538 4730 ab
2560 4688 2628 4731 eo
2651 4671 2750 4751 qui
2774 4673 3058 4734 mundum
3098 4675 3385 4755 condidit,
3416 4678 3637 4757 scripta

241 4733 514 4795 versutiis
540 4747 801 4795 coactus.
857 4732 1041 4814 Cupio
1093 4734 1250 4795 enim
1313 4733 1473 4812 quod
1525 4733 1782 4795 salutare
1837 4743 1900 4796 et

2001 4768 2096 4829 est,
2133 4767 2193 4817 ut
2225 4757 2284 4817 in
2316 4757 2442 4836 ipsa
2473 4732 2682 4820 reruni
2737 4732 2886 4822 fides
2917 4732 3637 4830 assumendae}?iii;

233 4824 372 4937 ptile
404 4833 493 4884 est
525 4823 805 4937 ompibus
835 4823 1050 4924 adduci
1080 4824 1138 4884 in
1173 4823 1465 4937 notitiam,
1502 4823 1719 4937 θῑξρθο
1753 4841 1898 4937 PFO:
1981 4847 2082 4926 qui
2118 4865 2276 4922 vera,
2312 4823 2436 4907 sive
2467 4854 2642 4908 etiam
2682 4850 2828 4910 falsa
2890 4852 3157 4929 proferre
3211 4855 3376 4928 velit,
3407 4823 3634 4937 absque

231 4913 390 5023 ίξθῖτθ
420 4932 594 5023 (ξιξδῖη
633 4913 989 5023 ιη’θνίεδίξηέ
1037 4932 1152 4974 "0“
1209 4913 1512 5023 Ψρνεῲοῗο
1573 4911 1744 5023 um)”
1806 4917 1899 5023 es?
1981 4911 2273 5014 liaclege,
2312 4937 2473 4997 nulla
2530 4911 3189 5018 recipietur'assertio.
3253 4911 3399 5015 Quia
3457 4911 3639 5023 igitur

232 5005 411 5079 Deus,
437 5003 718 5081 idemque
768 5003 1046 5064 conditor
1077 5004 1303 5073 mundi,
1358 5004 1557 5082 justus
1593 5002 1801 5081 judex,
1839 5009 1895 5064 et

2001 5026 2230 5087 :cientia
2256 5045 2387 5087 mea
2417 5002 2764 5108 plenissiine
2787 5049 2920 5090 cum
2948 5030 3075 5108 lege
3099 5033 3444 5108 concordat,
3471 5002 3635 5098 iecte

231 5093 553 5200 ξιηίουίῆυθ
587 5110 691 5172 Pro
723 5092 954 5200 acum}?
981 5093 1499 5200 SUiS'quanquu?
1547 5092 1887 5193 Γβδίίίυθηδο
1983 5116 2199 5177 multos
2232 5133 2364 5177 esse
2399 5092 2785 5196 pronuntiavi
2829 5092 3282 5200 deos,uquorum

228 5181 358 5244 Jam
414 5200 556 5243 vero
592 5201 696 5262 pro
727 5183 1056 5244 assertione
1108 5183 1350 5263 horum,
1404 5181 1530 5244 scio
1577 5181 1895 5242 innumera

2001 5205 2346 5267 eminentior
2360 5181 3223 5289 eiincomprehensibilisﬁpse
3243 5210 3458 5291 quiest
3473 5181 3631 5275 Deus

237 5291 406 5352 90559
439 5270 756 5333 verborum
791 5272 979 5334 mima
1007 5273 1392 5336 οθππηονθτί·
1979 5296 2252 5357 deorum.
2319 5295 2488 5367 Quod
2546 5270 2744 5360 autem
2810 5299 2978 5361 multi
3035 5270 3156 5361 sirit
3214 5270 3318 5374 dii,
3354 5301 3483 5380 ipsa
3531 5321 3630 5367 me

312 5388 604 5454 XXXVII.
637 5395 707 5455 Et
737 5390 944 5454 Simon
975 5391 1058 5454 ait
1095 5413 1107 5454 :
1143 5389 1322 5454 Miror
1346 5389 1587 5472 quidem
1614 5388 1892 5453 velocita-
1980 5385 2215 5448 edocuit
2236 5386 2352 5450 lex.
2390 5387 2589 5449 Primo
2611 5389 2853 5470 quidem
2877 5390 2974 5452 ubi
3006 5406 3076 5451 ex
3099 5407 3352 5470 persona
3380 5410 3632 5473 serpen-

229 5489 349 5541 tem
377 5480 598 5558 ingenii
631 5480 740 5560 tui,
757 5499 873 5540 non
895 5486 1094 5544 tamen
1117 5501 1209 5543 am
1219 5481 1450 5562 plector
1464 5498 1731 5542 errorem
1748 5481 1888 5544 fidei
1979 5479 2051 5538 tis
2069 5477 2284 5537 dicitur
2308 5476 2378 5537 ad
2403 5475 2866 5558 Evam,primam
2902 5479 3238 5542 mulierem:
3267 5480 3633 5562 Quacunqua

230 5578 343 5628 tuas
371 5591 384 5637 ;
417 5570 742 5647 prudenter
773 5571 930 5632 enim
968 5571 1307 5651 prazvidisti,
1337 5571 1493 5651 quod
1516 5568 1622 5633 tibi
1647 5579 1887 5633 contra-
1972 5568 2058 5624 die
2093 5567 2559 5624 manducaui-itis
2597 5569 2660 5623 de
2708 5571 2852 5641 ligno
2893 5570 3098 5627 sciendi
3124 5569 3322 5628 bonum
3351 5577 3402 5629 et
3420 5573 3630 5630 malum

229 5655 344 5716 dici
381 5658 588 5735 possit,
626 5668 681 5718 et
731 5660 959 5722 urbane
991 5660 1046 5721 id
1078 5661 1252 5722 etiam
1299 5661 1427 5741 ipse
1461 5660 1763 5740 professus
1825 5679 1887 5722 es
1973 5661 2148 5722 eritis
2168 5659 2327 5719 sicut
2347 5657 2438 5718 dii
2462 5656 2658 5739 “,hoc
2679 5661 2957 5736 est,sicut
2980 5662 3042 5723 hi
3064 5662 3165 5742 qui
3192 5662 3495 5728 hominem
3527 5663 3624 5725 fe-

301 5870 354 5913 ³⁸
384 5870 535 5934 Gen.
570 5890 660 5948 Ill,
687 5877 748 5937 5.
