4138 6428
388 378 534 446 ίῖἩ

1249 384 1311 444 S.
1358 376 1791 444 CLEMENTQS
1826 382 1859 440 'I
1900 376 2363 443 BOM‘.”PONT.
2390 376 2657 443 OPERA
2708 378 2961 442 DUBIA.

3616 376 3771 442 1272

388 514 1066 595 alienasquosneseitis,
1098 531 1225 578 non
1256 514 1523 576 audietis
1549 513 1733 576 verba
1763 513 2024 593 prophe-
2053 534 2091 569 Α
2112 512 2317 576 dixisti
2343 513 2567 575 habere
2593 513 2806 584 Deum,
2838 514 2993 592 quod
3026 519 3119 577 est
3145 513 3385 594 injuria
3415 536 3431 585 ;
3462 514 3768 591 quomodo

391 615 465 669 ιω
495 607 685 687 illius,
721 623 919 687 neque
945 607 1240 668 somnium
1262 605 1651 666 somniatoris
1671 602 1861 670 illius.
1890 604 2035 681 quia

388 705 632 758 lentam
664 696 919 759 tentavit
949 712 1079 769 vos,
1127 700 1195 756 ut
1218 693 1421 755 videat
1450 693 1507 753 si
1522 692 1793 769 diligitis
1829 691 2035 753 Domi-

389 802 537 847 num
558 784 741 846 Deum
766 791 1026 847 vestrum
1055 782 1131 843 ⁸³.

468 871 664 936 XLVI.
701 872 1023 964 Propterea
1052 893 1191 964 ergo
1223 880 1283 934 et
1312 872 1601 964 Dominus
1634 879 1837 964 n_ost_er
1868 870 2035 947 signa

392 972 448 1025 et
481 964 749 1044 prodigia
778 963 1027 1043 faciens,
1051 960 1239 1026 Deum
1266 961 1626 1043 praedicabat
1656 960 2031 1039 Judteorum,

391 1062 451 1115 et
478 1053 616 1115 ideo
638 1062 798 1115 recte
817 1053 1224 1131 prasdicationi
1249 1053 1380 1131 ejus
1401 1050 1684 1113 creditur.
1716 1050 1802 1112 Tu
1830 1062 2029 1111 autem

392 1142 569 1203 etiam
594 1142 650 1203 si
681 1162 818 1205 vere
850 1144 1135 1224 propheta
1170 1162 1359 1216 esses,
1388 1150 1446 1203 et
1477 1144 1643 1218 signa
1689 1140 1919 1201 faceres
1966 1157 2033 1199 ac

392 1233 683 1312 prodigia,
714 1234 863 1295 sicut
899 1233 1281 1311 promittis,et
1302 1232 1451 1294 alios
1472 1231 1865 1292 annuntiares
1891 1228 2037 1289 deos

392 1331 609 1402 praeter
630 1340 766 1384 eum
799 1325 899 1399 qui
933 1341 1107 1387 verus
1133 1332 1245 1401 est,
1267 1321 1648 1383 manifestum
1675 1329 1833 1382 esset
1880 1326 1935 1379 te
1963 1318 2034 1377 ad

392 1413 777 1474 tentationem
810 1413 1025 1493 populo
1058 1412 1163 1474 Dei
1195 1413 1571 1483 suscitatum,
1597 1419 1659 1471 et
1689 1410 1823 1471 ideo
1872 1403 2036 1470 credi

393 1501 499 1563 tibi
525 1503 769 1563 omnino
796 1522 914 1565 non
947 1511 1160 1583 potest.
1195 1500 1358 1565 Uuus
1389 1509 1479 1563 est
1508 1501 1668 1561 enim
1700 1517 1901 1571 verus,
1936 1498 2038 1577 qui

2119 602 2276 663 enim
2292 604 2517 665 habere
2535 604 2720 665 filium
2741 603 3297 683 potest.nisisimilia
3310 604 3652 666 hominibus
3666 615 3773 667 aut

2117 693 2476 756 animalibus
2494 691 2895 771 patiatur‘PSed
2918 693 3102 754 dehis
3119 712 3235 755 non
3263 704 3352 755 est
3369 714 3526 756 nunc
3542 703 3777 775 tempus

2117 800 2367 861 arguere
2401 782 2752 862 profundam
2787 783 3104 845 stultitiam
3143 793 3325 864 tuam,
3360 785 3575 847 festino
3605 785 3768 846 enim

2118 875 2193 936 de
2216 877 2616 938 immensitate
2636 895 2702 936 su
2716 895 2891 937 inmte
2907 876 3056 939 lucis
3068 887 3456 959 exponere,et
3466 878 3591 956 jam
3610 896 3769 940 nunc

2117 964 2387 1026 audi.Put
2401 986 2433 1025 ο
2450 983 2581 1028 esse
2597 966 2853 1046 aliquam
2874 968 3146 1028 virtutem
3170 967 3478 1029 immensae
3493 977 3549 1029 et
3566 968 3763 1029 ineffa-

2120 1052 2258 1116 bilis
2274 1055 2627 1135 lucis,cujus
2645 1055 2990 1134 magnitudo
3008 1056 3633 1138 incomprehensibilis
3657 1065 3767 1118 ha-

2119 1143 2347 1216 beatur,
2374 1163 2547 1225 quam
2570 1146 2847 1207 virtutem
2874 1146 3051 1208 etiam
3077 1147 3281 1207 mundi
3308 1146 3770 1225 conditorigno-

2121 1243 2232 1314 ret,
2266 1242 2327 1296 et
2356 1234 2660 1312 legislator
2686 1238 2940 1314 Moyses,
2968 1244 3027 1297 et
3050 1243 3332 1313 magister
3356 1244 3549 1298 vester
3567 1234 3764 1298 Jesus.

2207 1324 2269 1386 L.
2305 1324 2454 1387 Tum
2482 1326 2691 1386 Petrus
2723 1346 2736 1381 :
2766 1323 2894 1385 Non
2923 1323 3027 1385 tibi
3068 1324 3307 1388 videtur
3357 1326 3631 1386 amentiae
3672 1344 3772 1387 res

2125 1434 2281 1490 esse,
2315 1433 2585 1476 asserere
2616 1414 2767 1475 velle
2786 1414 3315 1496 quempiam,quod
3340 1417 3414 1475 sit
3435 1416 3588 1475 alius
3612 1416 3773 1478 Deus

2124 1523 2299 1586 quam
2332 1504 2488 1566 Deus
2519 1504 2888 1575 omnium,et
2920 1503 3143 1577 dicere,
3174 1511 3314 1583 puto
3338 1521 3469 1565 esse
3491 1504 3768 1565 virtutem

300 1606 303 1611 '
395 1600 486 1654 est
509 1591 851 1655 Judteorum
884 1596 1063 1665 Deus,
1099 1601 1159 1654 et
1188 1591 1263 1653 ob
1324 1592 1439 1653 hoc
1494 1588 1777 1651 Dominus
1834 1602 2040 1647 noster
2121 1594 2465 1673 quamdam,
2502 1603 2558 1654 et
2578 1595 2916 1673 priusquam
2944 1592 3057 1671 ipsi
3099 1602 3326 1654 certum
3382 1593 3454 1655 sit
3488 1593 3641 1673 quod
3675 1594 3769 1653 lo-

391 1680 569 1746 Jesus
596 1681 863 1744 Christus
890 1681 1547 1761 docebatquterendum
1565 1697 1698 1741 esse
1719 1697 1837 1739 non
1852 1676 2034 1737 Deum
2122 1686 2345 1765 quitur,
2374 1683 2487 1745 hoc
2518 1684 2668 1744 velle
2699 1682 2827 1743 aliis
2846 1682 3233 1744 confirmare?
3252 1681 3428 1743 Estne
3446 1682 3663 1757 aliquis
3690 1684 3769 1743 ita

393 1788 570 1851 quem
601 1769 751 1831 bene
810 1781 1119 1851 noverant,
1175 1771 1280 1832 sed
1326 1787 1575 1846 regnum
1637 1778 1694 1828 et
1743 1766 2037 1847 justitiam
2124 1792 2409 1855 praeceps,
2440 1773 2539 1853 qui
2572 1772 2770 1834 verbis
2794 1771 2909 1832 tuis
2939 1772 3467 1851 credat,inquibus
3487 1773 3762 1851 teipsum

394 1861 523 1940 ejus
550 1858 625 1936 α,
661 1880 837 1941 quam
863 1860 1089 1923 Scribte
1112 1870 1170 1923 et
1200 1858 1510 1929 Pharisaei,
1543 1869 1821 1938 suscepta
1843 1855 2036 1917 scien-
2063 1889 2097 1935 Β
2121 1862 2315 1923 videat
2347 1861 2741 1936 dubitantem;
2767 1870 2824 1923 et
2843 1860 3114 1922 admittat
3137 1880 3271 1923 esse
3292 1861 3551 1941 aliquam
3578 1862 3766 1923 virtu-

392 1950 491 2010 tiaa
519 1949 703 2023 clave,
745 1969 862 2011 non
896 1950 1338 2025 concluserant,
1396 1947 1501 2009 sed
1553 1949 1929 2009 excluserant
1955 1944 2031 2007 6⁵.
2124 1958 2240 2013 tem
2276 1952 2630 2029 incognitam
2666 1950 2920 2015 creatori
2956 1950 3092 2024 Deo,
3122 1960 3176 2011 et
3213 1952 3479 2031 Moysi,et
3504 1952 3770 2029 prophe-

394 2041 545 2102 Nam
577 2038 628 2100 si
662 2043 1037 2119 ignorassent
1075 2058 1275 2102 verum
1312 2038 1525 2107 Deum,
1579 2055 1879 2117 nunquam
1915 2036 2037 2099 uti-
2124 2041 2217 2112 tis,
2241 2050 2296 2101 et
2328 2040 2465 2120 legi,
2505 2051 2564 2102 et
2594 2042 2733 2103 .Iesu
2796 2041 2971 2102 etiam
3022 2040 3303 2119 magistro
3363 2050 3588 2110 nostro,
3644 2060 3776 2120 quas

393 2145 509 2208 que
552 2129 727 2209 hujus
786 2130 870 2190 rei
923 2130 1239 2191 scientiam
1306 2128 1677 2207 relinquens,
1733 2145 1865 2205 quae
1914 2135 2040 2187 erat
2121 2132 2307 2194 virtus
2340 2132 2416 2191 ita
2449 2130 2604 2192 bona
2636 2131 2734 2203 sit,
2769 2140 2829 2190 ut
2864 2130 3008 2191 nulli
3057 2131 3197 2190 velit
3223 2130 3628 2209 innotescere;
3659 2129 3779 2191 nisi

393 2218 661 2279 omnium
694 2229 894 2299 caput,
929 2220 1199 2301 culparet
1226 2238 1329 2280 eos
1349 2219 1425 2279 de
1449 2217 1642 2296 parvis
1676 2216 2033 2282 etmiuimis.

392 2306 453 2369 id
479 2309 755 2387 estquod
781 2310 1100 2371 dilatarent
1156 2307 1423 2369 ﬁmbrias
1479 2324 1639 2385 suas,
1700 2315 1757 2367 et
1815 2305 2038 2385 primos

392 2397 701 2460 accubitus
733 2399 792 2460 in
819 2399 1103 2461 conviviis
1133 2398 1525 2471 vindicarent,
1557 2396 1794 2477 etquod
1813 2398 1871 2457 in
1898 2414 2038 2475 qua-

394 2485 601 2547 driviis
657 2497 882 2551 stantes
912 2497 1175 2565 orarent,
1207 2496 1272 2551 et
1322 2487 1433 2548 alia
1497 2486 1591 2547 his
1630 2484 1871 2564 similia,
1911 2502 2042 2564 quia

396 2576 602 2653 utique
627 2596 699 2641 ex
731 2579 1176 2658 comparatione
1202 2578 1397 2658 magni
1418 2576 1598 2655 hujus
1622 2574 1851 2657 capitis,
1883 2575 2042 2652 igno-

398 2666 607 2728 rantis
638 2666 765 2746 Dei,
790 2671 1007 2748 exigua
1037 2669 1316 2731 videntur
1346 2675 1405 2729 et
1428 2684 1629 2749 parva.

480 2755 717 2820 XLVII.
745 2758 816 2821 Et
838 2759 1045 2823 Simon
1065 2759 1137 2821 ad
1165 2760 1289 2820 haec
1318 2758 1428 2821 sit:
1462 2758 1545 2821 Ex
1566 2756 1760 2818 verbis
1783 2752 2045 2831 magistri

396 2843 836 2911 tuiconvincam
869 2855 946 2921 te,
985 2848 1121 2925 quia
1135 2848 1454 2928 etiamipse
1479 2848 1808 2926 ignoratum
1838 2860 2045 2923 quem-

397 2932 533 2995 dam
553 2936 830 2998 omnibus
848 2937 1173 2999 introducit
1194 2936 1407 2999 Deum.
1426 2934 1571 2998 Cum
1592 2935 1749 2996 enim
1777 2942 1834 2995 et
1851 2930 2042 2995 Adam

399 3032 728 3088 creatorem
757 3045 929 3088 suum
955 3026 1159 3089 scierit
1178 3026 1390 3103 Deum,
1422 3024 1745 3105 mundique
1768 3021 2042 3085 condito-

395 3129 551 3187 rem,
583 3123 644 3177 et
676 3114 907 3192 Enoch,
939 3116 1160 3198 quippe
1178 3116 1278 3197 qui
1314 3114 1389 3177 ab
1419 3132 1489 3177 eo
1516 3113 1834 3176 translatus
1851 3119 1964 3190 est,
1989 3118 2046 3172 et

2124 2222 2224 2282 uni
2257 2229 2511 2300 tantum,
2530 2230 2589 2281 et
2616 2222 2722 2281 hoc
2752 2220 2856 2281 tibi
2884 2221 3012 2281 tali?
3033 2219 3180 2281 Tum
3204 2219 3426 2280 deinde
3448 2219 3497 2280 si
3516 2239 3662 2280 nova
3684 2229 3774 2283 est

2123 2312 2234 2371 ista
2260 2312 2466 2390 virtus,
2489 2310 2790 2391 quomodo
2811 2311 2985 2370 nobis
3011 2329 3125 2369 non
3150 2309 3249 2370 dat
3275 2329 3486 2371 novum
3509 2310 3768 2389 aliquem

2124 2419 2368 2462 sensqu
2406 2410 2619 2481 praeter
2649 2402 2759 2462 hos
2786 2419 2939 2478 quos
2969 2400 3231 2478 gerimus
3268 2400 3555 2479 quinque.
3595 2411 3652 2459 ut
3703 2420 3769 2461 ex

2124 2491 2253 2571 ipso
2285 2490 2358 2551 ab
2392 2510 2461 2551 ea
2483 2490 2659 2551 nobis
2691 2490 2899 2565 largito
2939 2508 3085 2550 novo
3144 2507 3349 2561 sensu,
3415 2490 3604 2568 ipsum
3638 2508 3773 2571 qum

2126 2599 2273 2642 nova
2307 2590 2397 2641 est
2426 2599 2640 2659 capere
2671 2589 2729 2640 et
2754 2579 3095 2657 intelligere
3116 2578 3439 2657 possimus?
3460 2588 3559 2641 aut
3582 2580 3631 2642 si
3654 2599 3771 2641 non

2127 2679 2318 2750 potest
2347 2670 2570 2749 largiri,
2600 2670 2896 2750 quomodo
2929 2670 3032 2729 tibi
3058 2669 3267 2747 largita
3285 2679 3377 2729 est
3398 2672 3426 2729 ?
3451 2679 3549 2730 aut
3582 2669 3629 2730 si
3662 2670 3767 2730 tibi

2126 2759 2429 2828 revelavit.
2466 2778 2575 2820 cur
2605 2778 2720 2820 non
2747 2769 2805 2819 et
2831 2757 3099 2821 nobis?Si
3126 2776 3262 2819 vero
3290 2777 3324 2820 a
3348 2759 3660 2837 temetipso
3686 2759 3769 2819 in-

2129 2849 2429 2930 tellexisti,
2458 2868 2589 2929 quae
2614 2866 2690 2910 ne
2713 2848 3019 2928 prophetae
3048 2847 3290 2929 quidem
3316 2848 3534 2909 sentire
3562 2856 3660 2907 aut
3683 2848 3765 2907 in-

2130 2940 2396 3019 telligere
2423 2948 2760 3018 potuerunt,
2789 2938 2884 2999 dic
2904 2956 3012 3016 age
3036 2939 3209 2998 nobis
3236 2956 3388 2997 nunc
3412 2937 3549 3017 quid
3577 2955 3761 2996 unus-

2128 3029 2381 3110 quisque
2414 3037 2687 3090 nostrum
2711 3027 2933 3107 cogitat
2968 3048 2980 3089 :
3020 3026 3083 3089 Si
3113 3026 3273 3087 enim
3302 3035 3495 3087 tantus
3519 3036 3606 3086 est
3629 3026 3687 3085 in
3712 3034 3767 3085 te

2128 3118 2394 3200 spiritus,
2431 3127 2495 3179 ut
2521 3137 2591 3179 ea
2609 3135 2739 3198 quae
2760 3135 2941 3198 super
2961 3120 3142 3178 ccelos
3164 3115 3630 3193 sunt,incognita
3650 3133 3772 3174 om-

396 3201 545 3278 Νοθν
582 3214 785 3288 ιιιροιθ
827 3206 900 3268 ab
931 3224 1002 3269 00
1026 3207 1231 3285 jussus
1261 3222 1459 3267 arcam
1478 3213 1855 3277 construere,
1884 3219 2037 3263 cum-
2063 3210 2103 3259 Ο
2128 3208 2305 3271 nibus
2327 3216 2386 3269 et
2427 3207 2706 3269 omnibus
2741 3205 3378 3284 incomprehensibilia
3426 3223 3775 3284 cognoscas,

395 3313 524 3376 que.
543 3304 603 3358 et
630 3296 956 3378 Abraham,
1003 3305 1061 3361 et
1089 3295 1280 3373 Isaac,
1318 3303 1375 3357 et
1407 3294 1682 3369 Jacob,et
1706 3292 1957 3374 Moyses,
1986 3299 2046 3351 et

398 3402 632 3465 omnes,
664 3387 980 3468 omnisqne
1012 3387 1267 3466 populus
1291 3395 1467 3465 atque
1481 3402 1690 3447 omnes
1709 3393 1918 3463 gentes
1940 3400 2045 3443 no-

396 3476 588 3537 verint
616 3477 986 3538 conditorem
1013 3475 1250 3556 mundi,
1280 3474 1645 3537 etfateantur
1658 3471 2047 3551 Deum,Jesus

397 3575 612 3640 vester,
638 3566 743 3643 qui
772 3567 949 3647 longe
979 3565 1275 3647 posterior
1298 3565 1572 3627 Patribus
1622 3562 1919 3645 apparuit.
1953 3560 2047 3621 di—

398 3654 477 3716 cit
502 3673 516 3714 :
544 3654 736 3717 Nemo
747 3657 911 3718 norit
933 3655 1025 3717 ρει
1033 3657 1182 3735 ium,
1207 3655 1331 3717 nisi
1358 3653 1568 3728 Pater,
1594 3671 1784 3734 terque
1807 3651 2048 3713 Patrem

399 3749 562 3824 quis,
582 3745 945 3816 nisiFilius.
964 3753 1019 3805 et
1040 3746 1143 3805 cui
1161 3744 1428 3807 voluerit
1457 3743 1664 3806 Filius
1685 3742 1955 3807 revelare
1972 3736 2047 3801 ⁸⁸.

401 3834 488 3896 Ita
515 3850 655 3911 ergo
687 3844 745 3895 et
769 3834 949 3896 Jesus
979 3842 1177 3897 vester
1199 3832 1383 3895 alium
1412 3850 1546 3894 esse
1594 3835 1780 3896 Deum
1814 3834 2051 3895 incom-

402 3922 871 4002 prehensibilem
905 3923 1184 3985 omnibus
1204 3931 1262 3986 et
1294 3922 1660 4003 incognitum
1694 3923 1930 3985 fatetur.

479 4012 728 4077 XLVIII.
766 4013 931 4079 Tum.
948 4013 1190 4076 Petrus:
1218 4014 1545 4087 Contraria,
1576 4013 1790 4093 inquit,
1818 4012 2050 4075 tibimet

399 4104 514 4188 ipsi
546 4115 602 4169 te
634 4105 902 4188 proferre
919 4124 1037 4167 non
1062 4104 1270 4166 sentis.
1297 4102 1357 4165 Si
1388 4102 1545 4164 enim
1575 4112 1632 4164 et
1650 4102 1825 4165 .lesus
1851 4114 2050 4165 noster

2130 3299 2316 3362 multo
2349 3298 2579 3360 facilius
2610 3296 3000 3376 cogitationes
3034 3296 3322 3357 humanas
3352 3313 3486 3375 quas
3511 3296 3566 3355 in
3594 3294 3779 3355 terris

2132 3390 2426 3452 habentur
2454 3388 2749 3465 agnoscis.
2796 3385 2963 3458 Quod
3014 3386 3065 3446 si
3114 3384 3496 3462 cogitationes
3550 3391 3784 3445 nostras

2134 3482 2231 3563 qui
2265 3482 2361 3543 hic
2388 3491 2613 3541 stamus
2647 3497 2762 3538 non
2798 3488 2967 3555 potes
2997 3475 3169 3545 scire,
3205 3474 3505 3550 quomodo
3527 3491 3597 3534 ea
3642 3490 3780 3554 quas

2134 3571 2312 3632 nullis
2344 3587 2478 3634 esse
2505 3568 2741 3649 cognita
2769 3567 3054 3645 afﬁrmas,
3087 3565 3242 3626 scire
3273 3573 3327 3624 te
3358 3562 3558 3624 dicis?

2220 3660 2306 3723 LI.
2334 3661 2526 3723 Crede
2549 3668 2743 3720 autem
2767 3657 2933 3729 mihi,
2958 3657 3097 3736 quia
3118 3670 3416 3734 nunquam
3438 3652 3627 3713 scires
3644 3652 3788 3731 quid

2137 3764 2229 3813 est
2262 3752 2380 3822 lux,
2402 3748 2513 3811 nisi
2535 3749 2610 3810 ab
2638 3748 2765 3828 ipsa
2786 3746 2924 3807 luce
2948 3744 3286 3824 accepisses
3310 3753 3372 3806 et
3394 3744 3584 3803 visum
3611 3751 3670 3803 et
3694 3742 3781 3801 in-

2137 3841 2441 3902 tellectum
2477 3837 2711 3899 videndi
2747 3857 2763 3911 ;
2796 3835 2882 3897 sic
2905 3848 2965 3897 et
2995 3836 3051 3895 in
3084 3833 3342 3899 caeteris.
3370 3830 3521 3894 Hinc
3543 3839 3789 3911 accepta

2135 3929 2552 4008 intelligentia,
2579 3927 2772 4006 majus
2794 3924 3015 4002 aliquid
3043 3933 3099 3985 et
3118 3921 3433 3984 sublimius
3458 3921 3785 3983 somniiin-

2134 4029 2257 4081 star
2286 4018 2603 4094 excogitas,
2644 4015 2959 4077 occasione
2990 4021 3187 4073 tamen
3220 4029 3292 4073 ex
3354 4010 3480 4071 istis
3514 4010 3788 4090 quinque

2132 4108 2412 4171 sensibus
2424 4114 2681 4186 sumpta,
2698 4122 2952 4184 quorum
2978 4101 3532 4181 largitoriingratus
3553 4100 3786 4162 es.Cer-

401 4198 512 4259 scit
535 4196 742 4277 istum,
769 4213 943 4277 quem
969 4193 1118 4256 dicis
1147 4193 1515 4272 incognitum
1542 4192 1901 4274 Deum,érgo
1917 4195 2043 4271 jam
2131 4208 2227 4261 tus
2252 4207 2450 4260 autem
2466 4206 2589 4258 esto
2606 4245 2616 4262 ,
2639 4194 2799 4281 (ιυᾳυ
2820 4192 3012 4254 donec
3033 4210 3150 4281 non
3171 4190 3404 4252 invenis
3428 4207 3641 4281 nou-um
3667 4188 3779 4248 ali-
3822 4190 3859 4237 ί

401 4306 521 4349 non
552 4304 587 4349 a
616 4295 674 4349 te
693 4286 823 4348 solo
846 4293 935 4346 est
964 4282 1255 4363 cognitus.
1280 4285 1402 4348 Imo
1428 4284 1662 4346 siJesus
1686 4292 1886 4344 noster
1907 4301 2042 4344 eum
2129 4308 2306 4366 quem
2326 4305 2592 4359 sensum,
2612 4278 2899 4365 quifextra
2915 4283 3023 4343 hos
3046 4280 3311 4361 quinque
3330 4284 3406 4341 sit
3427 4278 3649 4359 quibus
3664 4295 3782 4338 om-

402 4378 584 4450 ηονίῑ.
610 4380 841 4456 Μοῖεθε
861 4374 1235 4456 quoque.qui
1257 4374 1540 4435 etJesum
1567 4377 1883 4434 venturum
1911 4391 2043 4436 esse
2130 4398 2237 4441 nes
2266 4377 2510 4451 utimur,
2540 4394 2756 4436 novum
2788 4390 3060 4434 asserere
3093 4390 3208 4431 non
3236 4369 3672 4450 poterisDeum.
3718 4368 3787 4429 Et.

402 4466 771 4549 prophetavit
796 4467 927 4527 sine
949 4462 1130 4526 dubio
1156 4481 1267 4526 nec
1288 4464 1420 4542 ipse
1443 4462 2051 4542 ignoraviteum;pro-
2077 4471 2118 4520 D
2136 4470 2364 4530 Simon:
2394 4467 2540 4529 Cum
2569 4465 2831 4546 quinque
2854 4461 3129 4523 sensibus
3147 4464 3421 4520 constent
3442 4457 3789 4549 Omniaquze

402 4547 580 4638 pheta
609 4555 767 4617 enim
795 4561 946 4629 erat,
980 4563 1038 4615 et
1069 4554 1168 4634 qui
1194 4553 1269 4615 de
1288 4551 1439 4615 Filio
1494 4553 1890 4633 praphetavit,
1925 4554 2054 4614 sine
2143 4568 2305 4638 sunt,
2340 4558 2489 4618 nihil
2519 4573 2737 4617 novum
2761 4554 2980 4615 addere
3006 4552 3191 4612 virtus
3218 4549 3314 4611 illa
3341 4550 3572 4638 cunctis
3621 4547 3777 4638 emt-

402 4645 583 4708 dubio
624 4652 981 4725 cognoverat
1008 4646 1266 4706 Patrem.
1292 4641 1355 4704 Si
1378 4642 1537 4703 enim
1560 4641 1619 4701 in
1644 4641 1943 4702 voluntate
1966 4650 2055 4703 est

402 4735 537 4798 Filii
567 4735 835 4798 revelare
863 4733 1103 4797 Patrem
1134 4733 1228 4795 cui
1260 4732 1536 4805 voluerit,
1571 4731 1780 4803 Filius,
1815 4732 1917 4807 qui
1979 4732 2051 4792 ab

402 4823 573 4889 initio
603 4836 664 4888 et
694 4843 934 4906 semper
962 4842 1097 4885 cum
1123 4822 1296 4885 Patre
1326 4821 1559 4902 fuitper
1578 4820 1847 4899 singulas
1869 4841 2051 4904 quas-

402 4936 519 5003 que
548 4915 990 4998 generationes,
1015 4913 1166 4973 sicut
1190 4911 1480 5003 revelavit
1498 4910 1682 5003 Moysi
1704 4912 2053 4986 Patrem,ita

404 4999 464 5071 et
491 5006 627 5081 aliis
656 5003 968 5088 prophetis
995 5024 1012 5074 ;
1046 5002 1203 5082 quod
1228 5000 1279 5063 si
1303 5010 1413 5075 est,
1440 4999 1587 5079 nulli
1613 5002 1848 5063 Patrem
1875 5003 2057 5064 fuisse

396 5095 771 5175 incognitum
804 5100 1055 5158 constat.
1090 5090 1227 5153 Tibi
1257 5108 1392 5152 vero
1425 5090 1526 5170 qui
1546 5089 1761 5152 Filium
1788 5110 1905 5155 non
1930 5111 2056 5155 cre-

401 5186 519 5264 dis,
551 5185 852 5267 quomodo
880 5183 1077 5266 potuit
1096 5179 1349 5244 revelari
1373 5179 1572 5261 Pater,
1597 5180 1861 5261 quinulli
1885 5192 2058 5243 notus

402 5286 518 5355 est,
542 5277 669 5349 nisi,
680 5276 774 5339 cui
791 5275 1045 5337 voluerit
1064 5270 1246 5336 Filius
1270 5270 1569 5333 revelare?
1590 5269 1835 5332 Revelat
1856 5280 2053 5334 autem

402 5368 596 5434 Filius
627 5370 863 5430 Patrem
887 5365 982 5427 his
1012 5366 1112 5446 qui
1142 5366 1221 5425 ita
1249 5360 1649 5423 honorificant
1688 5360 1930 5437 Filium,
1966 5364 2051 5423 si-

404 5465 503 5520 cut
530 5455 930 5519 honoriﬁcam
956 5452 1190 5517 Patrem
1220 5450 1299 5514 ⁸⁷.

485 5542 677 5609 XLIX.
711 5543 863 5608 Tum
886 5544 1117 5609 Simon:
1138 5540 1684 5622 Memento,inquit,
1705 5541 1844 5621 quia
1864 5541 2051 5603 filium

2141 4636 2377 4709 nentior
2408 4655 2623 4727 potest.
2662 4647 2728 4708 Et
2755 4648 2964 4706 Petrus
2984 4642 3086 4701 ait:
3114 4640 3349 4700 Falsum
3386 4636 3603 4698 est.Est
3628 4636 3786 4727 enim

2138 4749 2197 4800 et
2228 4737 2382 4799 alius
2411 4726 2611 4797 Sextus
2661 4752 2894 4807 sensus,
2931 4732 2989 4793 id
3049 4738 3140 4791 est
3201 4727 3607 4809 praenoscendi
3648 4748 3661 4799 ;
3700 4726 3789 4786 isti

2138 4827 2297 4890 enim
2327 4827 2597 4906 quinque
2620 4840 2834 4884 sensus
2850 4820 3117 4883 scientia;
3139 4834 3391 4898 capaces
3413 4824 3788 4906 sunt,sextus

2139 4926 2337 4978 autem
2377 4905 2762 4995 przescientia)
2794 4920 2908 4991 est,
2951 4928 3127 4992 quem
3163 4908 3429 4995 habuere
3456 4905 3786 4995 prophetae.

2138 5005 2225 5068 Tu
2242 4993 2697 5085 ergo‘quomodo
2714 5011 2881 5081 potes
2899 5002 3087 5065 Deum
3113 4996 3394 5059 omnibus
3417 4993 3784 5085 incognitum

2141 5084 2341 5172 nosse,
2377 5094 2475 5173 qui
2506 5112 2613 5154 nec
2648 5091 3062 5172 propheticum
3088 5094 3352 5159 sensum,
3386 5084 3487 5164 qui
3521 5092 3610 5144 est
3637 5100 3787 5162 pra:-

2140 5184 2429 5265 scientiaa,
2464 5180 2787 5262 cognovisti
2816 5179 2847 5240 Ἰ
2878 5178 3028 5241 Tum
3063 5177 3272 5241 Simon
3307 5173 3742 5265 crepitudit-ere
3776 5195 3787 5229 :

2144 5274 2307 5337 Hanc
2335 5263 2511 5354 quam
2537 5272 2671 5336 dico
2707 5269 2984 5332 virtutem
3020 5263 3705 5354 incomprehensibilem
3731 5270 3791 5321 et

2142 5349 2605 5425 eminentiorem
2660 5358 2918 5432 cunctis,
2954 5356 3132 5420 etiam
3170 5354 3298 5435 ipso
3332 5351 3432 5432 qui
3501 5349 3791 5411 mundum

2139 5452 2406 5515 condidit
2444 5450 2590 5525 Deo,
2618 5468 2817 5531 neque
2849 5448 3197 5526 angelorum
3234 5443 3550 5523 quisquam
3574 5455 3795 5531 neque

2138 5542 2475 5605 daemonum
2512 5540 2675 5601 novit
2698 5528 2890 5620 neque
2914 5536 3279 5614 Iudaeorum,
3307 5550 3503 5612 neque
3527 5528 3647 5591 ulla
3670 5546 3795 5589 ont-

480 5823 751 5895 στῦσαι.
782 5840 909 5905 vni,
943 5824 1082 5893 1-3.
1167 5820 1235 5876 ⁸⁸
1257 5808 1467 5889 Matth.
1502 5837 1585 5900 Vt,
1614 5820 1712 5889 33.
1800 5821 1867 5874 65
1895 5821 2043 5885 Luc.

2133 5837 2159 5902 1,
2190 5819 2296 5883 52.
2383 5818 2448 5870 66
2476 5820 2696 5885 Matth.
2730 5837 2815 5900 ιι,
2846 5816 2948 5880 Ἦ.
3039 5814 3103 5865 67
3129 5813 3301 5878 Joan.
3336 5826 3397 5887 v,
3428 5812 3529 5873 23.
