4138 6418
356 425 507 490 1277

1575 421 2218 493 RECOGNITIONUM
2265 426 2408 492 LIB.
2455 430 2532 492 II.

3584 428 3734 494 1278

353 560 579 623 ducere
605 559 669 622 in
700 559 858 623 hunc
889 559 1174 622 mundum
1225 567 1459 623 creator
1483 560 1669 638 Deus,
1695 563 1994 645 quomodo
2015 571 2054 620 Α
2081 564 2224 624 mihi
2259 564 2522 638 videbar,
2546 570 2609 630 et
2635 566 2965 647 cogitabam
2997 567 3074 629 de
3103 583 3171 628 ea
3203 583 3340 644 qua;
3377 567 3732 628 conveniret

355 670 454 713 eas
474 669 726 732 corpore
743 651 993 712 emissas
1023 659 1080 711 et
1104 653 1456 730 captivitatis
1487 653 1742 716 vinculis
1766 655 1999 717 resolu-
2086 652 2164 715 de
2183 653 2416 716 civitate
2443 674 2653 736 magna
2681 657 2949 736 cogitari,
2973 666 3191 739 portas,
3221 674 3445 724 muros.
3471 657 3725 731 lavacra,

357 749 468 816 tas,
492 741 682 802 bonus
703 739 859 802 Deus
881 739 1110 803 vocabit
1132 742 1202 802 ad
1238 760 1469 822 poenam
1517 762 1651 823 quae
1686 762 1790 825 per
1813 744 2006 817 ipsius

353 832 446 894 vel
484 831 776 893 desidiam
811 832 900 892 vel
931 831 1366 905 infirmitatem,
1401 834 1665 896 abstrahi
1719 835 1790 896 ad
1844 836 2006 896 hunc

356 923 552 985 locum
576 932 634 982 et
654 920 866 982 involvi
897 941 1150 1004 corpore
1172 924 1340 1000 quasi
1367 924 1631 986 tenebris
1661 924 2008 1001 ignorantia)

357 1018 724 1095 potuerunt?
745 1010 980 1074 Videris
1004 1013 1148 1074 mihi
1181 1013 1458 1091 ignorare
1481 1015 1622 1095 quid
1649 1015 1726 1076 sit
1747 1019 1920 1076 Pater
1948 1025 2009 1076 et

353 1104 750 1176 Deus,verum
776 1109 836 1163 et
855 1102 1067 1164 anima:
1090 1105 1250 1165 unde
1275 1105 1500 1165 sintvel
1527 1105 1765 1181 quando
1791 1115 1848 1165 et
1867 1123 2008 1185 quo-

353 1193 530 1254 modo
565 1191 757 1272 factm,
793 1209 1028 1271 possem
1083 1192 1309 1268 dicere,
1344 1193 1449 1254 sed
1512 1193 1635 1255 hinc
1694 1211 1851 1255 nunc
1901 1194 2008 1256 tibi

350 1283 592 1364 aperire
615 1281 701 1341 fas
723 1300 840 1343 non
863 1282 1046 1356 est,in
1076 1289 1235 1343 tanto
1264 1300 1470 1344 errore
1501 1285 1689 1363 posito
1714 1284 1788 1344 de
1815 1285 2011 1344 scien-

354 1374 435 1436 tia
461 1373 585 1435 Dei.
613 1372 760 1434 Tum
786 1372 993 1434 Simon
1024 1394 1035 1431 :
1063 1371 1212 1444 Erit,
1241 1373 1456 1454 inquit,
1484 1382 1718 1454 tempus
1742 1392 1861 1454 quo
1886 1392 2008 1452 pa:-

353 1461 565 1524 nitebit
597 1471 674 1532 te,
709 1461 868 1537 quod
905 1461 1205 1523 dicentem
1241 1482 1336 1523 me
1367 1464 1440 1524 de
1474 1462 1759 1525 ineffabili
1791 1463 2007 1527 virtute

352 1571 470 1613 non
493 1551 882 1614 intellexeris.
909 1555 979 1615 Et
1001 1550 1231 1614 Petrus:
1265 1555 1344 1615 Da
1369 1571 1509 1632 ergo
1540 1552 1732 1628 nobis,
1760 1562 1823 1614 ut
1847 1571 2005 1633 saepe

2089 743 2334 823 plateas,
2358 747 2728 826 angiportus,
2757 748 2882 810 fora
2928 757 2986 808 et
3028 748 3237 808 horum
3272 746 3722 826 consequentia,

2089 835 2421 895 secundum
2450 854 2519 896 ea
2541 839 2767 899 scilicet
2790 857 2921 919 quae
2941 838 2998 899 in
3023 837 3158 899 aliis
3172 837 3418 898 urbibus
3440 838 3729 913 videram,

2091 930 2150 982 et
2180 923 2237 983 in
2271 932 2494 985 tantum
2529 926 2859 990 intentione
2898 927 3311 1008 hujuscemoni
3345 927 3593 990 intuitus
3620 928 3732 989 de-

2092 1011 2375 1086 lectabar,
2402 1023 2466 1075 ut
2495 1033 2655 1089 vere,
2685 1017 2838 1078 sicut
2859 1018 2986 1098 ipse
3007 1018 3347 1090 dixisti,nec
3380 1027 3732 1098 praisentem

2091 1110 2266 1181 atque
2297 1112 2590 1167 astantem
2624 1107 2911 1180 viderem,
2949 1126 3060 1169 nec
3102 1108 3230 1187 ipse
3281 1105 3380 1168 ubi
3431 1106 3732 1186 sederem,

2094 1210 2330 1253 nossem
2388 1192 2457 1254 Et
2489 1193 2731 1256 Simon:
2767 1197 2968 1275 Modo,
3004 1197 3216 1278 inquit,
3241 1201 3408 1260 recte
3436 1196 3609 1258 dicis.

2170 1281 2452 1347 LXIII.Et
2474 1284 2988 1368 PetruszDenique
3011 1307 3141 1348 cum
3164 1288 3384 1367 piscem
3412 1285 3730 1346 maximum

2090 1372 2192 1452 qui
2213 1375 2382 1434 hamo
2417 1375 2754 1450 inhaeserat,
2785 1385 2987 1440 mente
3017 1385 3339 1456 occupatus
3372 1375 3591 1437 habere
3615 1375 3732 1436 mi-

2092 1464 2252 1523 nime
2283 1464 2592 1537 sentirem,
2621 1472 2683 1529 et
2716 1465 2770 1526 id
2806 1466 3046 1547 quidem
3070 1485 3203 1528 cum
3230 1466 3388 1528 hami
3413 1466 3628 1526 lineam
3656 1466 3733 1526 de

2090 1552 2364 1613 manibus
2397 1555 2545 1615 meis
2576 1555 2867 1618 violenter
2919 1558 3233 1634 arriperet,
3268 1565 3608 1634 stupentem
3637 1572 3734 1617 me

343 1645 467 1725 jam
502 1641 648 1714 dixi,
683 1652 962 1723 tanquam
991 1660 1182 1703 novus
1241 1644 1401 1705 Deus
1457 1652 1558 1706 aut
1613 1643 1719 1722 qui
1767 1644 1841 1705 ab
1900 1644 2002 1706 illo
2085 1640 2296 1703 videns
2318 1641 2501 1704 frater
2526 1662 2691 1706 meus
2712 1645 2986 1708 Andreas
3004 1648 3356 1726 quimecum
3387 1645 3734 1716 sedebat,ac

350 1732 737 1796 dcscenderis
786 1751 1028 1793 sensum
1089 1733 1346 1813 aliquem
1403 1751 1640 1808 novum,
1673 1750 1780 1814 per
1823 1753 2002 1814 quem
2085 1749 2240 1810 pene
2261 1735 2734 1796 casurum.latus
2757 1735 3213 1797 fodienscubito
3237 1735 3730 1796 velutdormien-

354 1840 567 1886 novum
600 1841 779 1899 quem
806 1822 955 1884 dicis
988 1821 1172 1884 Deum
1197 1822 1499 1903 possimus
1521 1840 1882 1905 agnoscere;
1908 1816 2000 1884 isti
2087 1827 2205 1881 tem
2247 1822 2463 1884 excitat
2487 1823 3440 1906 dicenszNonvides,Petre.quam
3459 1843 3732 1903 magnum

355 1920 513 1976 enim
547 1913 811 1994 quinque
860 1931 1095 1985 sensus,
1128 1931 1276 1992 quos
1339 1911 1511 1973 nobis
1556 1913 1720 1975 dedit
1768 1923 2003 1975 creator
2025 1931 2061 1980 Β
2086 1910 2308 1990 piscem
2330 1914 3010 1993 ceperis?nunquidnam
3046 1925 3244 1977 mente
3270 1915 3732 1994 exci:tisti,quod

358 2004 536 2074 Deus,
599 2003 866 2065 Creatori
926 2020 1033 2065 suo
1093 2003 1269 2064 fidem
1328 2009 1589 2083 servant,
1653 2021 1765 2066 nec
1822 2004 2002 2066 alium
2089 1998 2177 2062 sic
2202 2003 2489 2064 attonitus
2514 2004 2911 2084 stupes?quid
2937 2007 3202 2086 estquod
3228 2003 3481 2082 pateris?
3503 2003 3599 2064 dic
3625 2002 3728 2064 mi-

358 2110 716 2174 quemquam
750 2110 883 2155 esse
935 2092 1205 2155 sentiunt
1237 2092 1449 2168 Deum,
1485 2094 1598 2156 hoc
1631 2096 1718 2156 eis
1751 2093 1881 2174 ipsa
1912 2093 2005 2155 sui
2089 2091 2172 2153 hi.
2197 2091 2399 2170 Atego
2426 2093 2763 2173 indignatus
2785 2097 2838 2157 ei
2864 2097 3194 2179 paululum,
3223 2097 3380 2176 quod
3417 2113 3510 2156 me
3541 2111 3576 2155 a
3604 2093 3734 2155 dul-

361 2191 679 2264 przestante
712 2192 944 2246 natura.
1809 2226 1818 2248 .,

442 2272 592 2337 LXI.
627 2273 715 2336 Ad
751 2275 876 2335 haec
905 2273 1113 2334 Simon
1142 2294 1155 2334 :
1187 2271 1448 2353 Adhibe,
1475 2271 1692 2352 inquit,
1739 2270 2004 2356 animum

363 2365 437 2427 ad
472 2383 540 2426 ea
571 2383 703 2445 quae
733 2364 1001 2425 dicturus
1033 2382 1187 2438 sum,
1214 2377 1270 2426 et
1292 2364 1467 2424 facito
1521 2383 1655 2425 eum
1694 2364 2011 2426 invisibili—

365 2456 479 2517 bus
506 2454 733 2515 semitis
765 2454 1170 2533 incedentem,
1195 2453 1506 2534 pervenire
1538 2455 1608 2515 ad
1646 2472 1715 2515 ea
1744 2473 1875 2535 qua:
1904 2453 2011 2515 tibi

363 2546 870 2607 demonstravero.
907 2544 1193 2605 Ausculta
1223 2561 1364 2619 ergo
1397 2563 1592 2607 nunc:
1629 2562 2012 2625 nunquamne

364 2636 422 2697 in
452 2635 808 2714 cogitatione
839 2635 1063 2713 positus
1093 2635 1412 2696 extendisti
1463 2644 1722 2695 mentem
1757 2648 1913 2694 tuam
1948 2634 2009 2696 in

367 2727 648 2803 regiones
673 2725 762 2786 vel
791 2725 1015 2786 insulas
1033 2742 1208 2805 porro
1235 2726 1543 2805 positas,et
1567 2733 1640 2785 ita
1667 2725 1724 2785 in
1748 2725 1836 2785 eis
1860 2725 2010 2785 fixus

366 2816 565 2877 animo
602 2815 894 2889 mansisti,
931 2823 995 2875 ut
1027 2833 1102 2875 ne
1140 2823 1464 2894 praesentes
1513 2816 1758 2895 quidem
1807 2815 2010 2876 videre

360 2915 459 2967 aut
489 2905 877 2988 temetipsum
911 2905 1065 2966 scire
1096 2904 1198 2966 ubi
1248 2905 1522 2978 sederes,
1555 2923 1679 2985 prie
1727 2906 2011 2966 suavitate

360 3015 563 3058 eorum
591 3015 724 3078 quze
756 2995 1132 3058 habebantur
1167 2994 1227 3054 in
1261 2995 1475 3067 oculis,
1499 2994 1754 3073 posses?
1788 2996 1860 3057 Et
1897 2993 2009 3055 Pe-

361 3096 488 3148 trus
519 3087 598 3147 ait
627 3110 638 3143 :
673 3086 896 3146 Verum
928 3092 1043 3157 est,
1076 3081 1310 3162 Simon,
1346 3085 1456 3144 hoc
1492 3084 1634 3144 mihi
1669 3083 2013 3163 frequenter

359 3177 596 3239 accidit.
631 3175 700 3237 Et
731 3177 934 3238 Simon
964 3195 977 3232 :
1014 3173 1100 3236 Ita
1132 3183 1190 3235 et
1233 3193 1389 3235 nunc
1424 3191 1665 3236 sensum
1703 3187 1866 3234 luunt
1901 3191 2007 3233 ex-

365 3267 541 3327 tende
579 3269 635 3325 in
669 3265 909 3337 caelum,
943 3273 1003 3325 et
1034 3263 1251 3325 iterum
1300 3281 1480 3343 super
1509 3263 1751 3336 ccelnm,
1786 3272 1843 3323 et
1878 3263 2010 3324 vide

362 3356 503 3438 quia
524 3356 706 3417 debet
724 3372 856 3416 esse
879 3354 1094 3434 aliquis
1118 3354 1284 3414 locus
1314 3353 1413 3432 qui
1436 3355 1509 3414 sit
1536 3355 1686 3413 ultra
1721 3355 2006 3414 mundum

2089 2182 2303 2244 cedine
2330 2201 2534 2246 eorum
2569 2205 2700 2267 qua;
2732 2187 3007 2249 intuebar
3035 2185 3415 2258 abstraxerit,
3450 2183 3734 2263 respondi

2095 2269 2240 2333 nihil
2277 2293 2371 2335 me
2404 2275 2539 2337 mali
2580 2277 2720 2356 pati,
2745 2277 2850 2338 sed
2873 2278 3070 2338 animo
3093 2274 3552 2339 desiderabilem
3591 2273 3734 2334 mihi

2097 2363 2311 2423 intueri
2335 2365 2695 2440 Jerusalem,
2721 2365 3016 2447 simulque
3047 2366 3465 2433 Caesaream,et
3485 2379 3737 2441 corpore

2094 2451 2336 2530 quidem
2371 2471 2504 2514 cum
2541 2454 2670 2535 ipso
2715 2475 2870 2527 esse,
2907 2464 3108 2517 mente
3133 2473 3272 2515 vero
3322 2453 3465 2514 illuc
3502 2451 3737 2532 penitus

2093 2540 2340 2604 auferri.
2364 2545 2442 2606 At
2466 2544 2566 2605 ille
2589 2546 2790 2606 nescio
2807 2546 2965 2607 unde
2995 2545 3337 2625 inspiratus,
3361 2541 3735 2603 reconditum

2094 2637 2151 2691 et
2183 2641 2480 2694 secretum
2511 2633 2772 2695 veritatis
2806 2634 3049 2715 protulit
3079 2635 3344 2696 verbum.

2175 2722 2382 2784 LXIV.
2408 2721 2650 2805 Desine,
2672 2724 3097 2806 inquit,Petre;
3121 2725 3262 2805 quid
3286 2728 3376 2784 est
3397 2720 3554 2802 quod
3576 2718 3738 2801 agis?

2096 2811 2154 2871 hi
2189 2813 2346 2872 enim
2379 2813 2479 2894 qui
2512 2813 2784 2876 daemone
2814 2814 3110 2896 incipiunt
3138 2813 3359 2894 repleri
3392 2811 3480 2872 vel
3515 2809 3736 2871 moveri

2098 2915 2322 2973 mente,
2351 2902 2766 2982 hujuscemodi
2802 2904 2968 2967 initia
3004 2904 3242 2974 habent,
3269 2921 3376 2984 per
3402 2900 3740 2980 phantasias

2097 2989 2288 3069 ptimo
2321 2991 2391 3052 ad
2425 2994 2688 3071 jucunda
2718 3013 2967 3076 qumque
2991 3004 3050 3057 et
3079 2992 3454 3056 delectabilia
3479 2991 3736 3052 transfe-

2096 3090 2349 3162 runtur;
2379 3082 2600 3143 deinde
2619 3084 2690 3145 ad
2717 3102 2786 3146 ea
2807 3104 2939 3166 quae
2959 3103 3072 3146 non
3101 3082 3432 3162 sunt,vanis
3456 3089 3514 3140 et
3538 3078 3735 3141 inani-

2095 3169 2208 3230 bus
2242 3170 2497 3232 motibus
2527 3173 2940 3236 etl'unduntur.
2989 3173 3112 3235 Hoc
3159 3180 3357 3234 autem
3405 3168 3622 3232 accidit
3665 3186 3736 3230 ex

2095 3259 2383 3338 languore
2403 3262 2656 3343 quodam
2684 3263 2920 3339 animae,
2947 3281 3064 3344 quo
3087 3280 3158 3324 ea
3178 3260 3420 3343 quidem
3447 3276 3580 3340 quae
3599 3263 3738 3318 sunt

2098 3369 2214 3411 non
2235 3350 2804 3432 vident,desiderant
2826 3371 2963 3414 vero
2976 3353 3273 3414 adducere
3291 3350 3362 3411 ad
3382 3355 3738 3428 conspectus

361 3436 451 3507 vel
484 3452 654 3506 extra
684 3443 998 3517 mundum,
1023 3444 1080 3504 in
1102 3463 1219 3524 quo
1247 3461 1440 3524 neque
1463 3443 1676 3504 malum
1705 3442 2009 3523 sit,ueque
2094 3459 2233 3502 suos
2256 3458 2324 3502 ea
2345 3460 2480 3518 qum
2505 3461 2621 3504 non
2655 3451 2814 3504 sunt.
2852 3442 2968 3505 Sed
3012 3451 3071 3505 et
3113 3442 3228 3504 illis
3261 3442 3338 3501 ita
3369 3438 3605 3502 accidit.
3632 3436 3734 3517 qui

365 3543 546 3615 terra,
581 3552 773 3615 neque
815 3533 1027 3594 umbra
1088 3534 1304 3595 horum
1358 3533 1532 3594 etiam
1594 3533 1672 3592 ibi
1733 3532 2009 3594 tenebras
2095 3530 2421 3610 phrenesin
2455 3532 2760 3612 patiuntur
2790 3546 2851 3595 et
2897 3532 3166 3594 videntur
3195 3530 3308 3592 sibi
3341 3528 3554 3590 multas
3583 3526 3738 3588 ima»

362 3633 730 3706 operetur,et
751 3623 825 3684 ob
851 3624 961 3685 hoc
985 3642 1117 3684 curn
1143 3642 1338 3700 neque
1362 3641 1611 3702 corpora
1632 3623 1828 3703 aliqua
1853 3624 1912 3683 in
1939 3642 2008 3684 eo
2093 3621 2263 3700 gines
2284 3622 2509 3701 videre,
2538 3641 2646 3702 pro
2670 3641 2741 3685 eo
2759 3622 2918 3702 quod
2947 3623 3257 3684 nimietate
3279 3621 3511 3700 frigoris
3532 3617 3622 3678 vel
3645 3634 3739 3678 ca-

360 3716 500 3791 sint,
529 3733 722 3796 neque
754 3734 822 3775 ex
856 3713 1209 3794 corporibus
1241 3713 1530 3788 tenebrze,
1569 3714 1906 3776 necessario
1936 3713 2013 3774 sit
2100 3711 2241 3772 loris
2258 3713 2456 3774 anima
2487 3713 2751 3792 ipsorum
2785 3714 3065 3775 convulsa
3095 3721 3154 3774 et
3185 3719 3378 3773 emota
3412 3707 3558 3770 locis
3585 3706 3733 3796 suis,

359 3809 560 3870 lumen
594 3795 951 3867 immensum
986 3812 1086 3879 ;et
1110 3805 1309 3866 lumen
1335 3804 1650 3867 considera
1674 3804 2010 3883 cujusmodi
2098 3819 2369 3863 errorem
2401 3803 2620 3883 patitur
2641 3804 2954 3864 ministerii
2989 3802 3298 3865 naturalis.
3323 3800 3439 3863 Sed
3475 3807 3534 3861 et
3560 3795 3739 3878 hiqui

359 3915 495 3961 esse
526 3895 737 3978 possit,
765 3897 860 3956 cui
893 3895 1157 3958 tenebras
1188 3896 1366 3956 nulla:
1399 3894 1746 3958 succedunt.
1781 3897 1928 3958 Nam
1964 3884 2013 3956 si
2099 3889 2509 3966 laborantsiti,
2537 3911 2674 3953 cum
2698 3891 2757 3954 in
2788 3910 3065 3972 saporem
3100 3891 3390 3964 venerint,
3418 3887 3663 3951 flumina
3684 3895 3742 3947 et

358 3988 700 4050 universum
736 3987 893 4048 hunc
926 3986 1214 4047 mundum
1249 3985 1390 4046 solis
1436 3986 1617 4064 hujus
1667 3985 1859 4066 replet
1890 3985 2011 4065 lux,
2098 3981 2292 4042 fontes
2324 3981 2520 4043 videre
2551 3982 2664 4042 sibi
2717 3982 2993 4044 videntur
3018 4001 3087 4044 ac
3118 3981 3365 4054 bibere;
3401 3979 3512 4040 hoc
3540 3985 3738 4039 autem

355 4087 638 4159 quantum
677 4077 942 4139 aestimas
969 4094 1104 4139 esse
1137 4076 1283 4137 illud
1333 4075 1750 4156 incorporeum
1805 4075 2006 4136 lumen
2101 4067 3736 4159 patiunturariditateiutemperaticorporislaborantes.

357 4155 416 4231 et
446 4169 741 4229 inﬁnitum
772 4167 1054 4228 ?tantum
1095 4167 1223 4227 sine
1278 4155 1585 4238 dubio,7ut
1642 4165 1796 4227 istud
1861 4165 2007 4226 solis
2099 4161 2347 4241 PrOpter
2377 4162 2530 4242 quod
2567 4170 2793 4223 certum
2847 4171 2958 4236 est,
2995 4162 3120 4223 haec
3165 4159 3308 4222 vitio
3359 4158 3618 4235 quodam
3649 4155 3740 4217 vel

358 4259 560 4318 lumen
592 4258 663 4316 ad
700 4256 844 4318 illud
881 4256 1148 4316 tenebrae
1179 4263 1237 4316 et
1268 4275 1384 4316 non
1419 4257 1516 4316 lux
1551 4273 1681 4316 esse
1715 4255 2002 4316 videatur.
2089 4253 2306 4314 anima:
2337 4253 2425 4312 vel
2457 4253 2732 4330 corporis
2773 4252 2924 4314 fieri.

438 4343 610 4408 LXII.
636 4344 770 4405 Haec
794 4363 930 4404 cum
956 4343 1187 4405 diceret
1209 4344 1657 4415 Sitnon,Pelrus
1674 4344 2004 4422 respondit:
2172 4341 2623 4422 LXV.Denique
2647 4353 2708 4405 ut
2730 4344 2984 4422 accipias
3001 4341 3089 4403 rei
3115 4341 3291 4403 fidem
3313 4340 3386 4402 de
3406 4338 3738 4403 Jerusalem

359 4433 442 4497 De
473 4443 725 4513 utroque
755 4452 896 4511 ergo
928 4435 1224 4512 patienter
1271 4433 1560 4507 ausculta,
1593 4433 1649 4494 id
1711 4443 1799 4493 est
1845 4444 1902 4495 et
1933 4435 2007 4496 de
2092 4451 2268 4513 quam
2295 4451 2454 4512 saepe
2481 4434 2776 4513 videram,
2802 4431 3072 4494 dicebam
3101 4431 3262 4492 fratri
3292 4447 3588 4506 meo,quaa
3613 4428 3741 4488 loca

362 4525 630 4603 exemplo
647 4522 1006 4584 extendendi
1025 4541 1239 4583 sensus
1257 4533 1310 4582 et
1329 4524 1402 4582 de
1418 4523 1816 4584 immensitate
1833 4523 2004 4586 lucis.

2094 4542 2318 4604 quosve
2341 4532 2671 4588 conventus
2695 4523 2852 4584 visus
2876 4522 3018 4583 mihi
3043 4522 3284 4583 fuissem
3311 4517 3740 4581 videre.Sedet

361 4613 496 4678 Scio
531 4612 843 4693 meipsum,
881 4632 914 4672 ο
946 4613 1179 4684 Simon,
1213 4613 1528 4693 aliquando
1564 4612 1622 4672 in
1655 4613 2008 4690 cogitatione
2033 4616 2172 4674 Dde
2205 4613 2465 4675 Ciesarea
2499 4632 2672 4694 quam
2708 4631 3008 4691 nunquam
3042 4607 3743 4683 videram,nihilominus

364 4704 619 4784 positum
655 4701 993 4764 extendisse
1023 4720 1264 4763 sensum
1303 4720 1498 4762 meum
1536 4703 1590 4762 in
1623 4702 1918 4780 regiones,
1947 4712 2010 4765 ut

363 4795 474 4873 ais,
508 4802 566 4854 et
591 4792 818 4853 insulas
851 4795 1051 4872 procul
1089 4792 1332 4871 positas,
1369 4810 1588 4872 easque
1641 4801 1838 4854 mente
1890 4811 2008 4854 non

365 4884 559 4944 minus
590 4901 762 4964 quam
797 4883 986 4945 oculis
1019 4883 1420 4964 perspexisse.
1457 4883 1602 4944 Cum
1628 4900 1819 4942 essem
1852 4883 2007 4960 apud

363 4970 777 5054 Capharnaum
810 4971 869 5033 in
902 4980 1144 5052 captura
1183 4973 1434 5052 piscium
1465 4981 1714 5051 positus,
1742 4979 1800 5035 et
1829 4974 2010 5034 sede-

361 5080 488 5124 rem
522 5079 701 5142 supra
724 5080 954 5143 saxum,
979 5063 1217 5124 hamum
1265 5071 1406 5123 setaa
1439 5060 1718 5123 innexum
1753 5070 1810 5121 et
1841 5062 2010 5123 deci-

363 5150 596 5231 piendis
630 5149 897 5231 piscibus
923 5160 1186 5232 aptatum
1220 5151 1449 5213 habens
1493 5151 1552 5212 in
1606 5170 1809 5226 manu,
1842 5153 1921 5214 ita
1951 5161 2014 5214 ut

361 5245 686 5303 hazrentom
711 5241 766 5302 ei
793 5259 910 5301 non
934 5242 1228 5303 senserim
1253 5243 1649 5323 piscem,dum
1681 5261 1848 5304 mens
1883 5262 2012 5306 mea

361 5329 943 5412 perdesiderabilem
973 5330 1469 5394 mihiJerusalem
1485 5331 1747 5393 distenta
1770 5351 2008 5413 percur-

363 5430 548 5501 reret,
580 5421 650 5482 ad
685 5439 857 5501 quam
890 5439 1034 5482 sane
1067 5421 1435 5483 oblationum
1470 5422 1661 5500 gratia
1699 5432 1758 5484 et
1785 5425 2005 5485 oratio-

363 5529 501 5572 num
526 5512 770 5589 vigilans
793 5510 1139 5592 frequenter
1157 5513 1798 5574 ascendera:n.Verum
1819 5522 1876 5574 et
1891 5514 2006 5576 Cae-

363 5616 591 5661 saream
619 5603 768 5664 hanc
799 5602 1003 5662 mirari
1024 5602 1098 5662 ab
1126 5602 1262 5663 aliis
1282 5601 1553 5676 audiens,
1581 5611 1638 5662 et
1660 5603 2008 5666 desiderare

364 5687 649 5772 solebam,
674 5700 734 5754 et
764 5709 895 5757 eam
928 5691 990 5752 in
1034 5710 1152 5774 qua
1203 5692 1466 5755 nondum
1517 5689 1766 5768 fueram,
1803 5693 2006 5756 videre

2096 4703 2555 4775 contendebam,
2594 4703 2749 4783 quod
2785 4711 2946 4764 esset
2993 4702 3148 4782 talis,
3181 4701 3419 4778 qualem
3455 4707 3652 4760 mente
3685 4705 3742 4758 et

2099 4793 2452 4871 cogitatione
2475 4810 2893 4872 conceperam.
2918 4792 3063 4855 Cum
3088 4801 3285 4854 autem
3312 4791 3604 4852 venissem
3627 4789 3742 4849 huc

2099 4884 2246 4945 nihil
2279 4886 2524 4943 omnino
2557 4881 2754 4944 simile
2805 4883 3133 4961 respiciens
3184 4899 3389 4943 eorum
3447 4897 3578 4960 quae
3634 4895 3741 4957 per

2097 4973 2433 5054 phantasias
2487 4972 2773 5045 videram,
2807 4971 3169 5051 reprehendi
3226 4970 3638 5050 memelipsum
3681 4979 3738 5031 et

2097 5064 2287 5126 notavi
2319 5063 2512 5135 valde,
2537 5063 2672 5143 quia
2705 5081 2774 5123 ex
2809 5062 2942 5123 aliis
2981 5081 3116 5139 qua:
3147 5062 3430 5127 videram.
3461 5069 3658 5140 portas
3680 5057 3735 5120 ei

2096 5165 2154 5216 et
2182 5173 2384 5215 muros
2422 5154 2686 5231 aliasque
2730 5151 2910 5224 mdes,
2949 5169 3158 5214 revera
3188 5150 3636 5214 similitudinem
3663 5166 3734 5208 ex

2095 5245 2229 5307 aliis
2261 5247 2506 5325 capiens
2531 5242 2847 5304 dederam.
2884 5242 3090 5322 Ne1ue
3139 5242 3296 5301 enim
3354 5240 3487 5322 quis
3548 5247 3742 5319 potest

2097 5353 2315 5399 novum
2334 5332 2640 5414 aliquid,et
2665 5332 2837 5410 cujus
2860 5331 3049 5392 forma
3073 5331 3230 5391 nulla
3256 5349 3512 5410 unquam
3550 5330 3736 5390 exsti-

2097 5427 2256 5507 terit,
2291 5423 2574 5503 cogitare.
2610 5423 2760 5484 Nam
2795 5430 2852 5480 et
2882 5419 2934 5482 si
2963 5419 3104 5482 velit
3133 5419 3348 5501 aliquis
3373 5430 3573 5481 tauros
3605 5437 3738 5479 cum

2093 5517 2292 5598 quinis
2310 5512 2606 5593 capitibus
2624 5529 2695 5571 ex
2721 5528 2827 5569 sua
2851 5510 3209 5588 cogitatione
3231 5509 3589 5598 formare,ex
3613 5507 3740 5598 istis

2092 5596 2240 5688 quos
2264 5603 2408 5664 vidit
2431 5620 2562 5663 cum
2589 5597 2843 5677 singulis
2866 5599 3321 5679 capitibus,illos
3357 5597 3558 5688 quinis
3575 5596 3738 5688 cap_i-_

2092 5684 2247 5759 tibus
2274 5694 2457 5773 ﬁngit.
2489 5689 2559 5752 Et
2594 5699 2650 5748 tu
2681 5706 2821 5766 ergo
2870 5707 3052 5773 nunc,
3084 5690 3136 5751 si
3187 5705 3325 5750 vere
3374 5685 3597 5768 aliquid
3631 5684 3739 5746 tibi
