4138 6462
373 428 532 495 1279
1221 441 1284 501 S.
1329 432 1824 500 CLEMENTlSl
1869 437 2052 498 ROM.
2099 436 2344 500 PONT.‘
2372 436 2618 501 OPERA
2663 437 2918 498 DUBIA.
3591 435 3755 516 1980

378 566 600 631 videris
639 578 735 632 tua
757 571 1112 650 cogitatione
1140 570 1504 651 perspicere,
1539 576 1598 631 et
1630 587 1810 646 supra
1838 573 2020 632 ccetos
2042 567 2205 650 Aqui
2237 569 2310 630 ab
2341 588 2410 630 eo
2446 570 2583 633 facti
2621 578 2782 641 sunt.
2819 569 2974 631 sicut
3025 579 3086 632 et
3140 571 3234 632 lex
3295 571 3458 647 dicit,
3491 588 3750 652 quorum

379 654 625 740 intueri,
650 679 768 720 non
792 659 1040 722 dubium
1065 659 1208 742 quin
1222 678 1295 722 ex
1320 660 1410 722 his
1431 677 1501 722 ea
1521 659 1865 722 consideres
1888 679 2023 738 quae
2107 677 2288 720 unum
2314 660 2526 722 malum
2552 661 2628 721 sit
2652 659 3077 741 superius,quo
3109 661 3449 724 continetur
3467 661 3644 723 etiam
3669 662 3756 722 vi-

377 744 436 806 in
465 748 641 812 terris
665 753 887 828 positus
910 751 1101 815 vides.
1127 751 1242 814 Aut
1275 751 1325 813 si
1361 758 1528 830 putas
1569 751 1797 812 facilem
1835 751 2023 813 menti

378 842 492 897 tua;
520 854 828 900 accessum
864 859 998 903 esse
1027 859 1209 921 super
1236 841 1448 914 caelos,
1476 849 1534 902 et
1558 841 1941 902 considerare
1965 850 2022 904 te

379 944 558 1006 posse
587 947 719 1007 quae
748 929 872 992 illic
904 939 1062 1006 sunt,
1099 941 1273 1013 atque
1319 930 1626 993 immensa:
1658 931 1821 992 illius
1871 931 2022 992 locis

378 1014 690 1079 scientiam
723 1038 966 1100 capere,
999 1029 1138 1101 puto
1172 1021 1226 1082 ei
1257 1020 1358 1102 qui
1382 1020 1480 1081 illa
1511 1027 1705 1098 potest
1733 1037 2016 1100 compre-

378 1105 668 1181 hendere,
693 1108 923 1172 facilius
955 1129 1086 1174 esse
1111 1120 1176 1174 ut
1206 1127 1448 1172 sensum
1505 1129 1674 1170 suum
1725 1111 1825 1190 qui
1879 1109 2017 1171 illuc

377 1197 535 1257 novit
556 1199 978 1271 ascendere,in
993 1201 1244 1281 alicujus
1257 1209 1522 1260 nostrum
1537 1200 1638 1276 qui
1655 1200 2015 1280 assistimus,

375 1303 478 1345 cor
494 1294 552 1349 et
577 1295 783 1367 pectus
806 1289 1030 1368 injiciat
1055 1299 1113 1352 et
1135 1291 1314 1371 dicat,
1343 1309 1489 1368 quas
1510 1290 1572 1351 in
1605 1309 1674 1353 eo
1697 1290 2014 1369 cogitatio-

376 1393 485 1436 nes
521 1386 709 1455 gerat.
774 1377 835 1441 Si
889 1398 1029 1460 ergo
1084 1388 1250 1460 potes
1308 1381 1561 1460 alicujus
1591 1388 1882 1460 nostrum,
1915 1380 2016 1459 qui

376 1472 573 1526 tamen
609 1486 727 1528 non
786 1470 861 1531 sit
919 1489 1058 1549 erga
1110 1471 1373 1533 favorem
1437 1480 1602 1532 tuum
1662 1479 2011 1550 occupatus,

379 1556 692 1618 enuntiare
719 1559 1108 1638 cogitationes
1147 1560 1365 1634 cordis,
1401 1560 1728 1641 poterimus
1760 1559 1863 1620 tibi
1894 1561 2017 1622 for-

2104 747 2279 809 sibile
2311 750 2777 822 firmamentum,
2804 749 2950 810 illud
2976 768 3108 812 esse
3134 760 3488 832 perpetuum
3509 759 3566 812 et
3583 759 3752 813 aeter-

2106 856 2247 900 num
2268 857 2401 900 cum
2429 840 2516 901 his
2535 839 2638 921 qui
2670 839 2941 902 habitant
2965 840 3083 921 ibi;
3110 841 3266 902 istud
3296 849 3494 904 autem
3521 841 3756 903 visibile

2104 926 2162 988 in
2206 930 2729 998 consummatione
2774 929 2978 992 saeculi
3036 930 3458 992 resolvendum
3509 947 3642 992 esse
3695 939 3758 992 et

2103 1018 2378 1099 transire,
2413 1027 2476 1081 ut
2503 1018 2654 1080 illud
2709 1019 2922 1081 cmlum
2979 1019 3137 1100 quod
3199 1027 3289 1081 est
3343 1019 3642 1101 antiquius
3692 1028 3760 1083 et

2101 1107 2394 1168 excelsius
2426 1116 2556 1188 post
2577 1107 2876 1188 judicium
2906 1109 3129 1170 sanctis
3148 1117 3206 1170 et
3225 1108 3422 1185 dignis
3444 1118 3752 1190 appareat.

2099 1194 2184 1256 Ad
2213 1196 2338 1258 haec
2359 1195 2564 1259 Simon
2584 1197 2932 1277 respondit:
2959 1200 3100 1261 Haec
3123 1198 3207 1262 ita
3229 1215 3383 1273 esse,
3411 1208 3473 1259 ut
3494 1207 3553 1260 tu
3575 1199 3750 1273 dicis,

2100 1285 2496 1348 credentibus
2529 1287 2762 1367 possint
2820 1287 3038 1358 videri,
3074 1289 3127 1348 ei
3179 1295 3373 1350 autem
3405 1289 3506 1370 qui
3537 1290 3756 1350 horum

2101 1385 2405 1456 exspectat
2433 1377 3110 1455 rationes,impossibile
3136 1388 3226 1440 est
3248 1397 3316 1440 ex
3340 1379 3469 1458 lege
3496 1378 3754 1461 proferri

2101 1475 2162 1527 et
2187 1466 2486 1546 praecipue
2519 1467 2593 1528 de
2628 1467 3036 1528 immensitate
3065 1467 3238 1530 lucis.

2183 1557 2390 1622 LXIX.
2421 1558 2489 1620 Et
2520 1558 2768 1621 Petrus:
2793 1558 2950 1633 Noli,
2979 1558 3196 1639 inquit,
3225 1568 3433 1640 putare
3459 1579 3571 1622 nos
3592 1560 3755 1640 quod

375 1653 528 1706 tasse
559 1647 830 1727 credere,
865 1650 1021 1728 quod
1058 1658 1116 1711 et
1147 1669 1216 1712 ea
1246 1669 1377 1730 quae
1421 1669 1600 1729 super
1643 1650 1826 1712 caelos
1855 1658 2014 1724 sunt,
2103 1649 2226 1710 haec
2261 1649 2374 1712 ﬁde
2410 1649 2537 1712 sola
2567 1650 2914 1728 recipienda
2943 1666 3076 1713 esse
3097 1650 3392 1730 dicamus,
3427 1650 3529 1711 sed
3565 1659 3624 1712 et
3651 1669 3758 1711 ra-

375 1735 532 1797 scire
568 1739 853 1814 potueris,
891 1740 1026 1802 licet
1062 1741 1162 1802 illa
1197 1739 1378 1803 multo
1405 1741 1520 1801 sint
1550 1740 1826 1802 celsiora.
2103 1739 2266 1799 tione
2286 1740 2632 1802 asserenda.
2668 1742 2876 1818 Neque
2902 1746 3059 1802 enim
3087 1748 3276 1802 tutum
3299 1740 3586 1802 estnudze
3624 1741 3758 1803 haec

459 1825 658 1889 LXVI.
689 1827 778 1890 Ad
813 1829 938 1892 haec
960 1831 1202 1893 Simon:
1233 1831 1346 1904 Qui
1372 1849 1534 1904 vero,
1562 1831 1774 1910 inquit,
1805 1829 2018 1890 multas
2043 1868 2079 1917 Β
2103 1830 2239 1890 ﬁdei
2263 1829 2488 1905 absque
2513 1830 2744 1892 ratione
2770 1831 3170 1902 committere,
3195 1849 3327 1891 cum
3359 1829 3560 1910 utique
3589 1830 3755 1891 veri-

375 1917 598 1977 naenias
632 1919 891 1991 texuisti,
924 1921 1062 1981 audi
1104 1921 1228 2001 jam
1281 1939 1460 1983 nunc.
1502 1919 1878 2001 Impossibile
1927 1928 2018 1980 est
2103 1927 2189 1980 tas
2215 1919 2445 1982 ratione
2479 1938 2596 1980 non
2632 1929 2850 1981 careat.
2890 1921 2964 1982 Et
2996 1920 3127 1982 ideo
3150 1921 3206 1969 ’τε
3228 1920 3332 1999 qui
3361 1919 3471 1982 hac
3519 1919 3757 1982 ratione

373 2024 552 2066 omne
583 2008 737 2088 quod
766 2008 838 2070 ad
873 2010 1288 2087 cogitationem
1321 2011 1586 2072 hominis
1616 2011 1866 2088 venerit,
1897 2028 2014 2070 non
2103 2008 2331 2069 munita
2362 2010 2717 2088 susceperit,
2757 2009 3009 2088 perdere
3054 2030 3126 2071 ea
3169 2028 3470 2089 nunquam
3525 2018 3747 2089 potest,

374 2094 551 2156 etiam
577 2116 642 2157 re
659 2099 786 2176 ipsa
809 2117 877 2161 ac
902 2101 1144 2162 veritate
1162 2102 1533 2179 subsistere;
1561 2119 1694 2180 quae
1713 2100 1869 2161 enim
1897 2119 2017 2160 non
2102 2101 2201 2179 qui
2225 2117 2362 2159 vero
2388 2098 2616 2177 absque
2638 2099 3075 2162 assertionibus
3093 2118 3161 2160 ea
3178 2099 3430 2178 suscipit
3462 2099 3754 2178 simplicis

369 2183 844 2268 subsistunt,nec
861 2193 1116 2268 speciem
1141 2190 1523 2270 halient,qum
1544 2198 1739 2251 autem
1755 2190 2015 2269 speciem
2103 2188 2402 2248 sermonis
2425 2206 2901 2268 assensu,neque
2918 2206 3159 2248 servare
3181 2207 3249 2249 ea
3275 2196 3398 2249 tuto
3425 2197 3756 2266 potest,ne-

376 2291 491 2334 non
530 2275 772 2354 habent,
801 2298 909 2341 nec
940 2281 1274 2358 cogitationi
1309 2289 1556 2360 possunt
1580 2298 1920 2341 occurrere.
1950 2278 2020 2340 Et
2103 2297 2218 2356 que
2245 2278 2295 2338 si
2318 2296 2454 2340 vera
2485 2280 2820 2339 sintcertus
2846 2279 3105 2358 est,quia
3130 2279 3228 2356 qui
3252 2278 3432 2339 facile
3454 2277 3641 2338 credit
3663 2278 3752 2338 fa-

372 2361 618 2428 Petrus:
655 2369 716 2430 Si
774 2389 974 2444 omne,
1012 2372 1221 2451 inquit,
1256 2371 1416 2447 quod
1468 2372 1537 2431 ad
1591 2369 2010 2447 cogitationem
2095 2366 2211 2427 cile
2235 2376 2292 2428 et
2314 2368 2564 2430 recedit:
2591 2369 2690 2449 qui
2717 2377 2915 2429 autem
2938 2368 3230 2428 rationem
3257 2369 3751 2448 quaasiviteorum

369 2455 571 2516 venire
625 2467 842 2537 potest,
878 2459 1162 2534 subsistit,
1199 2461 1376 2521 istum
1429 2478 1606 2540 quem
1669 2459 1821 2520 dicis
1849 2467 2011 2520 extra
2095 2475 2230 2532 quae
2252 2458 2534 2537 credidit,
2561 2467 2617 2519 et
2641 2458 2892 2536 accepit,
2923 2458 3091 2537 quasi
3119 2456 3372 2518 vinculis
3396 2457 3748 2536 quibusdam

367 2545 652 2607 mundum
677 2550 1260 2613 esseimmensitatis
1287 2553 1506 2628 locum,
1530 2549 1576 2609 si
1611 2567 1747 2610 eum
1783 2548 1917 2629 quis
1948 2549 2006 2608 in
2092 2547 2342 2609 rationis
2399 2549 2587 2628 ipsius
2635 2549 2970 2627 colligatus,
3003 2566 3308 2627 nunquam
3367 2547 3441 2607 ab
3500 2547 3590 2609 his
3621 2566 3752 2628 quas

365 2632 547 2695 corde
565 2653 673 2698 suo
698 2637 900 2700 lumen
941 2657 1072 2700 esse
1104 2641 1340 2719 cogitet.
1369 2639 1519 2701 alius
1544 2656 1680 2700 vero
1706 2637 2004 2714 tenebras,
2093 2637 2367 2716 credidit,
2399 2638 2600 2699 divelli
2625 2647 2724 2698 aut
2748 2638 3014 2718 separari
3042 2647 3253 2717 potest.
3283 2636 3352 2698 Et
3374 2637 3510 2698 ideo
3530 2645 3747 2718 quanto

365 2725 666 2796 quomodo
691 2729 1068 2806 poteritunus
1089 2735 1270 2806 atque
1296 2729 1452 2790 idem
1480 2729 1648 2789 locus
1675 2729 2004 2790 secundum
2090 2727 2226 2806 quis
2244 2729 2588 2807 propinsior
2631 2729 2810 2790 fuerit
2841 2727 2898 2788 in
2932 2729 3266 2809 expetenda
3294 2727 3552 2801 ratione,
3580 2735 3738 2788 tanto

367 2827 492 2881 eos,
529 2814 628 2892 qui
661 2816 893 2878 diversa
923 2817 998 2880 de
1038 2838 1109 2879 eo
1160 2819 1517 2898 cogitarunt,
1549 2830 1603 2878 et
1639 2819 1840 2880 lumen
1874 2837 2007 2881 esse
2091 2815 2203 2876 erit
2233 2816 2460 2877 ﬁrmior
2491 2816 2550 2876 in
2584 2818 2990 2878 conservanda
3022 2817 3161 2878 ﬁde.

366 2905 425 2958 et
459 2901 767 2965 tenebras?
827 2905 896 2967 Et
951 2905 1158 2969 Simon
1188 2928 1200 2970 :
1244 2908 1467 2969 Omitte
1524 2926 1680 2967 nunc
1713 2907 1824 2968 ista
1875 2927 2007 2988 quae
2175 2906 2458 2970 LXX.Ad
2477 2909 2600 2969 haec
2621 2908 2826 2969 Simon
2857 2929 2868 2970 :
2905 2912 3179 2986 Magnum
3206 2921 3320 2987 est,
3347 2909 3556 2990 inquit,
3579 2904 3736 2987 quod

370 3006 478 3065 ego
509 2991 650 3066 dixi,
688 3003 746 3055 tu
778 2995 924 3075 quid
956 3015 1086 3060 esse
1130 3005 1300 3076 putes
1356 3015 1535 3076 super
1567 2997 1750 3058 caelos
1780 2997 2006 3060 dicito?
2092 2999 2455 3076 repromittis
2488 3007 2551 3059 ut
2585 2999 2896 3060 immensae
2946 2999 3094 3059 lucis
3149 2999 3446 3060 aeternitas
3497 3015 3566 3059 ex
3609 2995 3738 3075 lege

450 3081 672 3148 LXVII.
712 3087 785 3148 Et
841 3084 1094 3150 Petrus:
1148 3087 1209 3149 Si
1269 3088 1343 3148 de
1401 3104 1563 3162 vero,
1601 3086 1814 3166 inquit,
1845 3088 2009 3148 fonte
2096 3087 2284 3167 possit
2314 3089 2573 3149 ostendi.
2611 3089 2879 3168 Cumque
2910 3087 3123 3150 Petrus
3153 3088 3442 3150 dixisset:
3493 3085 3741 3160 Quando

369 3168 617 3236 luminis
643 3175 943 3248 crederes,
969 3195 1201 3256 possem
1229 3185 1284 3239 te
1315 3176 1558 3248 docere,
1593 3177 1731 3256 quid
1767 3186 1824 3238 et
1854 3196 2006 3256 quo-
2031 3181 2070 3230 C
2096 3177 2380 3257 volueris,
2406 3179 2612 3240 Simon
2634 3181 2713 3239 ait
2740 3200 2751 3240 :
2779 3178 3067 3250 Quoniam
3105 3179 3250 3240 hora
3266 3180 3390 3259 jam
3427 3177 3612 3239 multa
3634 3182 3744 3253 est,

372 3261 547 3322 modo
583 3273 740 3326 esset
774 3266 930 3346 quod
979 3266 1336 3328 immensum
1372 3275 1484 3346 est,
1519 3276 1577 3327 et
1607 3284 1722 3326 non
1754 3267 2008 3346 pltanta-
2095 3268 2360 3329 crastino
2384 3269 2598 3330 astanti
2626 3269 2769 3331 mihi
2795 3268 3236 3348 etrenitenti,si
3265 3269 3519 3349 probare
3548 3274 3746 3347 potue-

368 3350 516 3413 siam
551 3371 784 3434 vanam,
816 3355 925 3417 sed
981 3364 1443 3434 coriseqsentem
1504 3363 1563 3417 et
1609 3358 2008 3418 necessariam
2093 3357 2174 3418 ris
2206 3357 2420 3418 factum
2456 3375 2590 3418 esse
2625 3358 2781 3418 hunc
2819 3358 3105 3419 mundum
3135 3365 3194 3417 et
3224 3357 3451 3417 animas
3483 3373 3617 3417 esse
3640 3355 3748 3415 im-

365 3443 656 3504 rationem
683 3444 998 3508 redderem
1025 3446 1432 3520 veritatis,nec
1457 3445 1896 3507 assertionibus
1919 3466 2012 3506 so-
2101 3446 2658 3522 mortales,habebis
2683 3448 2855 3508 mead
2857 3448 3124 3527 jutorem
3142 3445 3586 3526 praedicationis
3603 3451 3739 3505 tuae.

369 3530 661 3610 phisticis,
687 3534 791 3596 sed
812 3535 960 3614 legis
985 3545 1043 3597 et
1065 3545 1293 3597 naturae
1319 3535 1677 3597 testimoniis
1697 3545 1919 3610 uterer,
1947 3542 2013 3597 ut
2098 3536 2166 3597 Et
2189 3556 2323 3598 cum
2347 3537 2474 3598 haec
2493 3536 3051 3616 dixisset,egressus
3071 3541 3184 3614 est,
3207 3543 3410 3596 secuta
3429 3540 3629 3598 autem
3657 3541 3748 3596 est

364 3621 551 3682 scires
579 3623 721 3703 quia
751 3624 1169 3687 immensitatis
1203 3626 1377 3686 ﬁdem
1411 3627 1708 3705 praecipue
1741 3625 2013 3688 continet

369 3710 480 3771 lex.
516 3712 687 3784 Quod
720 3712 768 3774 si
802 3713 1222 3778 immensitatis
1272 3715 1421 3779 ratio
1465 3734 1582 3775 non
1616 3715 1758 3776 latct
1791 3715 2008 3794 legem,

366 3801 518 3861 nihil
551 3803 812 3881 profecto
845 3805 1001 3865 aliud
1031 3823 1160 3866 eam
1190 3805 1375 3867 latere
1409 3813 1623 3885 potest,
1647 3816 1704 3866 et
1737 3805 1874 3866 ideo
1910 3805 2012 3868 fal-

365 3909 495 3950 sum
525 3900 635 3966 est,
672 3893 829 3972 quod
862 3894 1078 3973 putasti
1119 3914 1251 3956 esse
1308 3895 1532 3974 aliquid
1586 3895 1743 3976 quod
1777 3896 2009 3974 ignoret

366 3980 482 4042 lex.
515 3982 702 4043 Multo
719 3993 916 4045 autem
937 3985 1352 4064 ampliusnihil
1381 3984 1585 4046 latebit
1605 4004 1766 4058 eum,
1795 3985 1894 4065 qui
1919 3985 2004 4047 le-

364 4088 494 4149 gem
528 4072 715 4136 dedit.
738 4075 862 4135 Nec
895 4084 1089 4136 tamen
1125 4094 1361 4154 possum
1396 4075 1502 4136 tibi
1525 4074 1746 4155 aliquid
1781 4075 1855 4135 de
1888 4075 2006 4135 im-

366 4164 677 4225 mensitate
699 4172 757 4224 et
776 4163 867 4225 his
895 4185 1026 4245 qua:
1045 4165 1176 4228 sine
1201 4166 1319 4228 ﬁne
1338 4175 1478 4227 sunt
1497 4166 1682 4246 loqui,
1709 4166 1820 4226 nisi
1843 4167 2008 4244 prius

364 4250 438 4311 de
467 4251 578 4324 his,
601 4254 697 4333 qui
723 4263 884 4315 certo
905 4255 1021 4315 ﬁne
1046 4257 1450 4318 terminantur
1483 4257 1672 4326 cmlis,
1713 4255 2006 4316 rationem

362 4341 452 4402 vel
488 4345 792 4422 receperis
828 4355 1118 4417 nostram,
1156 4346 1242 4408 vel
1300 4347 1425 4425 ipse
1473 4345 1793 4426 protuleris
1827 4354 2006 4406 tuam.

363 4431 530 4504 Quod
552 4435 600 4495 si
619 4434 692 4495 de
714 4435 948 4515 hisquae
965 4437 1142 4497 certis
1161 4435 2012 4497 ﬁnibusconcludunturintel-

2097 3645 2230 3688 eum
2267 3645 2334 3688 ex
2369 3626 2533 3688 omni
2557 3627 2775 3708 populo
2806 3628 2908 3708 qui
2957 3644 3092 3688 cum
3156 3626 3284 3704 ipso
3333 3631 3578 3685 venerat
3611 3639 3746 3702 pars

2100 3717 2291 3790 tertia,
2326 3716 2430 3797 qui
2453 3723 2623 3777 erant
2647 3717 2816 3796 quasi
2843 3717 3005 3777 mille
3039 3715 3166 3788 viri;
3189 3714 3547 3776 caeterivero
3571 3710 3748 3773 ﬂexis

2095 3805 2349 3886 genibus
2374 3806 2754 3886 prostrabont
2778 3825 2844 3868 se
2869 3808 3264 3885 Petro,super
3285 3822 3433 3884 quos
3458 3802 3556 3866 ille
3583 3801 3747 3862 invo-

2093 3905 2220 3957 cato
2245 3896 2351 3957 Dei
2379 3895 2645 3968 nomine,
2678 3897 2823 3958 alios
2852 3895 3146 3957 daemonia
3179 3894 3466 3956 habentes
3497 3892 3742 3967 curavit,

2091 3985 2238 4046 alios
2262 3985 2441 4046 etiam
2471 3985 2823 4064 languentes
2844 3987 3093 4058 sanavit,
3121 3993 3179 4046 et
3207 3986 3284 4045 ita
3315 3986 3606 4045 lzetantem
3636 4001 3747 4062 po-

2095 4078 2294 4153 pulum
2323 4075 2573 4155 dimisit,
2606 4077 2894 4137 mandans
2919 4076 3030 4154 eis,
3060 4085 3118 4136 ut
3145 4076 3203 4136 in
3229 4074 3559 4136 crastinum
3589 4071 3745 4132 diem

2095 4165 2388 4226 maturius
2413 4167 2827 4229 convenirent.
2869 4169 3074 4228 Petrus
3106 4182 3244 4227 vero
3278 4183 3411 4226 cum
3445 4161 3736 4226 recessis—

2095 4265 2228 4316 sent
2259 4255 2466 4330 turbze,
2496 4259 2681 4317 sterni
2707 4257 2886 4336 jussit
2913 4253 3076 4316 humi
3111 4254 3224 4318 sub
3247 4272 3387 4316 aere
3417 4252 3553 4314 atrii
3583 4250 3734 4312 nudo

2093 4346 2191 4407 ubi
2224 4345 2420 4407 fuerat
2451 4346 2843 4427 disputatum,
2880 4355 2936 4407 et
2967 4344 3248 4408 recubuit
3297 4362 3413 4405 una
3459 4361 3592 4404 cum
3625 4338 3743 4400 illis

2096 4435 2399 4515 undecim,
2436 4455 2543 4515 ego
2577 4455 2714 4496 vero
2767 4455 2902 4497 com
2958 4437 3088 4498 aliis
3136 4433 3516 4514 quibusdam,
3552 4430 3655 4506 qui
3688 4435 3747 4490 et

364 4521 552 4596 ligere
585 4543 702 4584 non
737 4535 928 4604 potes,
959 4528 1142 4587 multo
1171 4527 1357 4605 magis
1379 4526 1562 4588 dehis
1588 4543 1719 4605 quae
1740 4526 1869 4586 sine
1894 4524 2010 4586 ﬁne
2035 4549 2076 4597 ι)
2097 4526 2208 4605 ipsi
2240 4526 2410 4586 initia
2448 4526 2732 4587 audiendi
2767 4526 2927 4587 verbi
2965 4526 3068 4587 Dei
3103 4531 3460 4604 acceperant
3492 4529 3551 4582 et
3578 4526 3747 4580 erant

362 4620 523 4683 sunt,
560 4630 756 4689 neque
785 4615 942 4676 scire
973 4617 1192 4696 aliquid
1233 4615 1454 4694 poteris
1507 4632 1700 4694 teque
1750 4614 2003 4675 discere.

444 4701 791 4766 LXVlll.Ad
817 4705 940 4768 haec
972 4709 1197 4770 Simon:
1232 4707 1469 4787 Melius,
1497 4704 2012 4777 ait,mihividetor

363 4791 716 4871 simpliciter
745 4795 1014 4869 credere,
1050 4796 1187 4876 quia
1220 4799 1376 4858 Deus
1408 4806 1518 4869 est,
1551 4807 1610 4858 et
1651 4795 1790 4876 quia
1817 4795 2004 4855 solum

361 4882 514 4943 istud
537 4885 694 4962 quod
716 4885 1011 4959 videmus,
1035 4886 1114 4946 sit
1133 4886 1348 4948 caalum
1375 4886 1436 4946 in
1459 4886 1736 4945 universo
1758 4884 2004 4944 mundo.

361 4972 432 5033 Et
449 4975 818 5037 PetruszNon
836 4975 1256 5055 ita,inquit,sed
1274 4995 1454 5036 unum
1475 4975 1719 5054 quidem
1741 4973 2008 5034 conﬁteri

363 5064 635 5124 convenit
662 5067 846 5126 Deum
871 5064 1124 5145 quivere
1148 5075 1282 5142 est;
1309 5066 1490 5127 caelos
1513 5073 1709 5126 autem
1732 5080 1868 5124 esse
1892 5063 2010 5142 (79}

2095 4617 2455 4695 charissimi,
2487 4616 2848 4678 recumbens
2882 4616 3191 4677 sutnebam
3236 4614 3458 4674 cibum.

2173 4702 2372 4767 LXXI.
2391 4705 2507 4766 Sed
2531 4705 2997 4784 benignissimus
3020 4703 3227 4765 Petrus
3246 4699 3746 4777 considerans,ne

2093 4793 2246 4854 forte
2276 4793 2569 4854 tristitiam
2613 4794 2758 4855 mihi
2787 4793 3037 4855 inferret
3079 4794 3188 4853 ista
3218 4787 3636 4872 sequestratio,
3665 4785 3746 4846 ait

2094 4886 2164 4946 ad
2201 4904 2294 4945 me
2325 4903 2336 4947 :
2372 4885 2500 4948 Non
2535 4905 2638 4967 pro
2672 4889 3031 4965 snperbia,o
3061 4885 3360 4958 Clemens,
3402 4879 3738 4944 convivium

2095 4995 2212 5037 non
2247 4995 2355 5055 ago
2390 4995 2521 5039 cum
2553 4977 2642 5037 his
2669 4977 2768 5054 qui
2799 4975 3059 5037 nondum
3096 4974 3394 5056 puriﬁcati
3437 4977 3596 5039 sunt,
3634 4967 3744 5028 sed

2095 5085 2304 5128 vereor
2336 5087 2410 5128 ne
2441 5067 2594 5129 forte
2623 5067 2768 5127 mihi
2799 5066 3040 5147 quidem
3079 5084 3352 5140 noceam,
3377 5064 3522 5143 ipsis
3542 5067 3742 5121 autem

444 5301 493 5344 ⁵³
522 5301 604 5364 Et
633 5303 1135 5384 idco—separari
1160 5315 1355 5387 potest
1384 5306 1810 5368 desiderantur
1844 5305 1900 5363 in
1947 5317 2202 5388 utroque
2235 5309 2372 5371 cod.
2406 5308 2568 5388 Lips.

1699 5525 2094 5590 COTELERII
2139 5526 2390 5591 NOT/E.

429 5743 539 5816 (79)
571 5743 742 5801 Calas
799 5751 979 5802 autem
1024 5761 1150 5800 esse.
1209 5747 1284 5804 De
1331 5747 1475 5806 cmlo
1523 5756 1577 5806 et
1613 5746 1768 5804 celis
1827 5747 2003 5805 multa

357 5817 545 5890 sancti
559 5817 779 5890 Patres,
806 5826 975 5889 atque
1003 5820 1288 5877 contraria
1335 5835 1348 5876 :
1393 5819 1493 5878 sed
1525 5835 1612 5887 ea,
1643 5829 1706 5877 ut
1737 5828 1793 5877 et
1825 5819 2004 5890 majo-

352 5902 475 5956 rem
507 5886 948 5961 Recognitiomim
983 5895 1219 5962 partem,
1254 5890 1409 5964 quod
1457 5890 1525 5948 ad
1563 5886 1847 5950 humanas
1889 5886 2010 5949 dis-

2090 5747 2332 5820 ciplinas
2363 5746 2550 5818 potius
2578 5752 2852 5817 spectent,
2890 5762 3066 5819 quam
3106 5747 3177 5806 ad
3204 5747 3575 5820 theologiam,
3598 5748 3749 5806 notis

2091 5820 2440 5879 illustratum
2462 5832 2577 5877 non
2620 5820 2790 5875 imus.
