4046 6326
1849 559 2671 692 ELENCHUS

886 1066 1382 1132 numnum
1422 1066 1539 1128 ετ
1582 1067 1965 1133 ονεειυω
2007 1072 2163 1151 om
2203 1073 2304 1134 IN
2336 1076 2484 1136 HOt

2007 1072 2163 1151 om
2203 1073 2304 1134 ιη
2336 1075 2518 1138 HOC
2563 1077 2818 1138 'rouo
2854 1078 2888 1140 ι
2930 1077 3600 1145 com-mamma.

1489 1617 1548 1679 S.
1598 1616 1962 1681 CLEMENS
1999 1619 2023 1679 Ι
2069 1618 2363 1682 PONTIF
2375 1622 2482 1682 EX
2528 1620 2936 1686 ROMANUS.

617 1881 885 1940 Scnirn
914 1894 1221 1937 GENUINA.

693 2001 976 2083 Epistola
1008 2003 1035 2063 l
1069 2001 1144 2063 ad
1175 1999 1560 2064 Corinthios.
3732 2007 3847 2066 199

689 2131 974 2213 Epistola
1009 2132 1089 2193 ll.
3728 2133 3846 2190 329

688 2258 991 2337 Epistolis
1019 2259 1166 2322 dare
1183 2257 1257 2321 ad
1287 2256 1570 2339 virgines
1601 2256 1878 2338 (Syriace
1903 2259 1963 2318 et
1995 2252 2260 2334 Latine),
2296 2256 2637 2335 interprete
2663 2255 2734 2315 D.
2772 2252 2862 2316 Cl.
2896 2252 3270 2328 Villecourt,

804 2387 864 2447 S.
897 2387 969 2448 R.
999 2388 1067 2448 E.
1101 2384 1432 2448 cardinali.
3729 2386 3844 2449 3'49

604 2514 873 2572 Semen
921 2527 1132 2572 nunu.

680 2634 1186 2697 Constitutiones
1218 2631 1613 2704 apostolica.
3721 2634 3836 2694 509

679 2755 1201 2836 Recognitiones.
2024 2777 2026 2779 ’

3682 2756 3832 2818 1157

2020 3141 2389 3205 LECTORI.

667 3311 987 3375 Prodeunt
1011 3306 1307 3381 feliciter,
1341 3307 1590 3370 erudite
1617 3308 1862 3376 Lector,
1895 3305 2024 3367 haec
2069 3305 2266 3366 nostri
2307 3305 2650 3368 Clementis
2685 3309 2914 3385 Opera,
2949 3307 3086 3368 sive
3128 3306 3434 3386 genuina,
3489 3307 3624 3370 sive
3685 3315 3804 3389 ipSl

588 3413 940 3491 supposita,
972 3412 1050 3472 ab
1076 3407 1376 3471 omnibus
1404 3408 1801 3490 antiquitatis
1842 3405 2288 3470 ecclesiastica
2313 3408 2621 3470 studiosis
2656 3409 2810 3470 tanti
2854 3406 3160 3472 facienda.
3203 3410 3348 3470 Hmc
3403 3428 3545 3488 qua;
3610 3421 3813 3486 antea,

587 3517 690 3578 hic
724 3513 857 3576 illic
881 3529 1118 3591 Sparsa,
1155 3513 1223 3573 in
1249 3509 1773 3573 bibliothecarum
1801 3509 2056 3589 angulis
2083 3507 2543 3572 delitescebant
2573 3516 2635 3571 et
2665 3527 2825 3587 pene
2856 3508 3183 3588 sigillatim
3217 3509 3466 3588 sepulta
3502 3512 3806 3587 iacebant,

588 3635 702 3680 nos
735 3618 921 3694 primi
955 3618 1020 3678 in
1052 3633 1251 3678 unum
1282 3614 1661 3693 collegimus
1691 3622 1753 3677 et
1789 3631 1948 3676 nova
1986 3613 2126 3676 luce
2153 3615 2554 3676 donavimus.
2589 3615 2859 3678 Grandis
2881 3615 3141 3694 quidem
3172 3615 3369 3689 labor,
3399 3618 3510 3679 sed
3543 3619 3675 3694 cui,
3705 3638 3822 3683 an-

585 3731 822 3802 nuente
890 3724 1046 3797 Deo,
1098 3739 1221 3784 non
1254 3721 1525 3797 impares
1557 3719 1756 3780 fuisse
1785 3718 2184 3782 conﬁdimus.
2219 3718 2364 3781 Hinc
2402 3719 2587 3781 nobis
2622 3719 2704 3780 sit
2739 3736 2979 3782 merces
3029 3734 3145 3780 nos
3193 3719 3272 3781 de
3304 3718 3614 3799 religione
3643 3721 3823 3784 Chri-

585 3824 783 3886 stiana
816 3822 978 3884 bene
1011 3823 1268 3882 meritos
1302 3819 1749 3882 fatearis.\'ale
1784 3829 1842 3884 et
1873 3821 2108 3884 nostris
2141 3821 2475 3883 conatibus
2503 3819 2664 3882 fave.

2590 5784 2662 5838 Ex
2695 5779 2859 5836 Tunis
2890 5771 3123 5831 MIGNE.
3155 5787 3221 5825 ιιι
3257 5763 3749 5822 Petit-Montrouue.

3981 6009 3987 6141 l
