4046 6326
948 696 2619 889 DISSERTATIO

1369 1000 1458 1055 DE
1496 994 1799 1054 OMNIBUS
1833 992 2233 1051 CENERATIM

555 1187 901 1281 PBIMI
977 1176 1567 1272 ECCLESIE
1639 1171 2088 1263 SIECULI
2165 1169 3069 1265 SCRIPTORIBUS.

635 1378 716 1443 (D.
743 1376 811 1426 LI
832 1373 1052 1431 Noun“,
1076 1368 1352 1432 Apparatus
1383 1359 1449 1411 ad
1485 1354 1826 1410 Bibliothecam
1852 1353 2134 1418 maximam,
2159 1356 2386 1419 Parisiis,
2413 1357 2552 1419 i705,
2579 1358 2794 1420 ιιι-4³0110,
2821 1373 2870 1423 p.
2895 1365 2964 1423 ι.)

1750 1527 1820 1542 “

687 1663 912 1723 CAPUT
949 1659 1237 1716 PRIMUM.

187 1780 364 1858 Quom
392 1800 563 1856 pauca
590 1780 848 1858 supersint
870 1778 1182 1858 scriptorum
1207 1771 1365 1855 primi
1383 1770 1635 1858 Eat-teme
1653 1785 1753 1858 se:

257 1860 365 1914 cuti
393 1847 590 1925 opera;
620 1847 713 1925 cur
745 1847 1063 1925 Deus‘plura
1094 1847 1306 1925 interire
1341 1847 1674 1925 peumiserit;
1704 1848 1754 1894 et

258 1913 388 1998 quid
418 1913 472 1978 ἱή
501 1913 597 1976 hoc
627 1913 995 1974 dissertatione
1029 1913 1364 1976 tractandum
1389 1913 1479 1967 sit.

260 2031 505 2086 Plurima
548 2028 765 2099 quidem
811 2031 1052 2080 veterum
1099 2021 1259 2092 primi
1289 2020 1548 2074 Ecclesia
1574 2017 1754 2074 saeculi

186 2118 414 2172 Patrum
445 2123 662 2171 exstant
685 2128 872 2182 opera,
893 2113 946 2165 in
972 2110 1303 2165 Bibliotheca
1330 2118 1513 2163 nostra
1541 2107 1757 2179 Lugdu-

191 2209 349 2265 nensi
397 2206 704 2277 promiscue
753 2203 928 2269 edita;
962 2201 1056 2256 sed
1110 2201 1259 2254 nulla
1310 2206 1457 2263 sunt,
1491 2207 1585 2253 aut
1614 2209 1760 2253 certe

191 2298 546 2370 paucissima,
585 2310 704 2364 quae
735 2306 892 2348 veros
921 2293 1295 2363 genuinosque
1327 2298 1491 2344 tanta:
1522 2289 1760 2359 antiqui-

189 2389 326 2444 tatis
353 2388 697 2442 characteres
745 2398 856 2454 pro:
901 2397 960 2438 se
996 2382 1134 2436 ferre
1181 2381 1397 2438 invictis
1426 2380 1760 2450 argumentis

189 2480 660 2534 demonstrentur.
684 2474 898 2545 Septem
925 2473 1123 2544 quippe
1147 2471 1356 2542 lgnatii,
1380 2471 1619 2540 episc0pi
1649 2469 1760 2524 An-

190 2569 436 2624 tiocheni
462 2575 515 2621 et
547 2566 821 2636 martyris,
852 2564 1114 2634 epistolae,
1157 2562 1224 2616 ab
1269 2575 1354 2623 eo,
1390 2561 1468 2614 uti
1511 2560 1763 2615 ostende-

191 2675 344 2723 mus,
390 2660 554 2714 dubio
599 2658 789 2728 procul
837 2670 963 2711 sum
1012 2653 1298 2725 profectae;
1339 2661 1391 2706 at
1423 2651 1527 2705 illa:
1564 2650 1763 2706 eaedem

192 2765 307 2806 nor.-
342 2760 466 2804 ante
495 2756 748 2804 octavum
796 2746 1020 2802 secundi
1065 2746 1247 2801 saeculi
1271 2760 1473 2798 annum
1501 2743 1556 2796 in
1588 2742 1763 2796 lucem

191 2841 539 2912 prodierunt.
565 2839 644 2893 Ad
671 2838 902 2909 primum
931 2853 1061 2893 vero
1091 2837 1345 2891 Ecclesiae
1364 2834 1622 2890 saeculum
1644 2839 1766 2905 per-

191 2937 382 2987 tinere
410 2932 568 2988 nobis
615 2932 867 2985 videntur
915 2945 1037 2982 cum
1089 2928 1345 2982 Barnabas
1372 2923 1603 2996 apostoli
1628 2925 1756 2996 Epi-

198 3024 371 3088 stola,
402 3031 516 3076 tum
564 3022 727 3077 etiam
778 3029 888 3074 tres
932 3017 1192 3079 Pastoris,
1223 3033 1319 3072 seu
1351 3014 1562 3068 Hermae
1604 3013 1762 3080 libri;

196 3117 458 3168 veremur
497 3120 676 3166 tamen
721 3125 790 3165 ne
832 3125 909 3164 eae
937 3109 1134 3179 quibus
1160 3109 1210 3162 id
1243 3108 1600 3175 assequimur,
1636 3119 1768 3159 cons

196 3203 449 3275 iacturae,
483 3205 832 3274 quantumvis
873 3203 1038 3256 firma:
1085 3201 1192 3254 sint
1235 3210 1286 3254 et
1309 3199 1514 3263 solidae,
1546 3199 1613 3254 iis
1658 3214 1768 3254 non

199 3298 528 3369 probentur,
560 3295 651 3364 qui
678 3309 782 3348 nec
809 3299 1208 3363 praeconceptas
1239 3291 1522 3359 opiniones
1540 3299 1768 3362 possunt

203 3402 448 3458 unquam
495 3386 799 3455 deponere;
834 3399 934 3438 nec
966 3383 1109 3436 vinci
1157 3383 1362 3448 volunt,
1391 3382 1498 3436 nisi
1544 3381 1770 3436 demono

201 3477 566 3533 strationibus
621 3474 1011 3529 invictissimis.
1060 3472 1229 3528 Porro
1283 3481 1461 3526 autem
1520 3475 1768 3543 quamvis

202 3567 466 3622 omnibus
493 3565 546 3619 id
580 3574 727 3620 esset
752 3578 1093 3635 persuasum,
1121 3563 1241 3617 duae
1270 3570 1476 3617 tantum
1508 3578 1651 3617 nunc
1677 3580 1770 3619 su-

205 3666 493 3731 peressent
539 3659 864 3727 scriptorum
900 3657 1059 3727 primi
1093 3657 1254 3725 hujus
1289 3658 1472 3712 saeculi
1511 3658 1768 3712 lucubra-

206 3753 410 3806 tiones.
444 3749 538 3806 His
563 3757 742 3804 autem
769 3750 912 3819 quod
942 3749 1288 3819 adjungatur,
1317 3750 1450 3803 nihil
1485 3749 1594 3804 fere
1624 3750 1770 3805 aliud

207 3849 406 3900 restat.
442 3841 547 3895 nisi
575 3841 746 3911 prima
779 3856 840 3894 ac
870 3839 1053 3894 forsan
1084 3840 1320 3893 secunda
1346 3840 1638 3895 Clementis
1664 3838 1774 3893 Bo-

213 3932 364 3986 mani
393 3930 653 4001 Epistola,
683 3945 802 4000 quae
831 3943 954 3984 cum
984 3930 1038 3982 in
1065 3927 1398 3984 Bibliotheca
1422 3938 1608 3984 nostra
1633 3930 1773 4000 Lug-

213 4021 453 4077 dunensi
499 4036 608 4074 non
656 4020 766 4076 sint
805 4034 1041 4087 excusas,
1072 4020 1257 4075 nullus
1285 4019 1351 4075 de
1380 4020 1447 4074 iis
1480 4023 1585 4076 erit
1615 4021 1772 4078 nobis

211 4113 321 4167 hoc
349 4114 402 4166 in
435 4127 596 4182 opere
622 4111 838 4166 dicendi
865 4111 1038 4166 locus.

287 4202 483 4256 Mirum
515 4216 666 4266 sane,
698 4216 762 4255 ac
792 4200 1021 4257 forsitan
1050 4200 1369 4255 incredibile
1398 4202 1679 4256 nonnullis
1702 4201 1776 4256 via

1770 1659 1819 1716 Α
1845 1655 1936 1727 qui
1976 1669 2099 1708 cum
2142 1652 2382 1714 Christo,
2417 1666 2582 1706 carne
2625 1659 2811 1706 nostra
2849 1651 3059 1716 induto,
3107 1656 3416 1713 conversatl

1853 1755 2002 1812 sunt,
2032 1747 2251 1817 longum
2283 1746 2336 1799 in
2368 1754 2581 1814 tempus
2609 1745 2773 1799 vitam
2805 1744 3187 1815 produxerim,
3219 1761 3422 1817 eosque

1855 1839 1948 1908 qui
1984 1839 2184 1892 saeculo
2231 1837 2476 1892 secundo
2501 1835 2824 1901 ﬂoruerunt,
2859 1837 3152 1892 habuerint
3179 1839 3415 1908 discipu-

1854 1930 1957 1984 los.
1991 1927 2100 1983 Hos
2134 1943 2264 1998 ergo
2300 1925 2471 1981 sacris
2498 1925 2760 1979 doctrinae
2785 1925 3109 1982 Christianae
3138 1930 3420 1998 pt'mceptis

1855 2030 1907 2074 et
1935 2015 2305 2088 dogmatibus,
2336 2028 2456 2084 quae
2487 2013 2563 2067 illi
2607 2028 2638 2067 a
2683 2014 2902 2068 Christo
2933 2015 3052 2085 ipso
3077 2028 3421 2087 acceperant,

1855 2113 2150 2181 potuerunt
2191 2106 2437 2161 imbuere
2470 2123 2482 2159 :
2516 2120 2616 2159 nec
2648 2105 2772 2160 aliis
2802 2105 3044 2162 Ecclesia
3072 2110 3296 2181 indiguit
3327 2112 3426 2165 do-

1858 2199 2121 2262 ctoribus,
2161 2197 2337 2268 queis,
2365 2201 2622 2264 tanquam
2653 2194 2953 2254 canalibus.
2984 2196 3171 2250 eadem
3202 2197 3427 2267 dogma-

1857 2299 1913 2346 ta
1944 2305 2077 2346 voce
2107 2297 2161 2344 et
2196 2303 2311 2351 ore,
2346 2287 2466 2343 sine
2495 2286 2722 2356 scripto,
2756 2286 2823 2340 de
2850 2302 3035 2351 manu,
3063 2297 3122 2341 ut
3162 2290 3334 2350 aiunt,
3371 2291 3426 2344 in

1861 2401 2079 2442 manum
2125 2384 2192 2438 ad
2243 2398 2346 2438 nos
2390 2384 2913 2437 transmitterentur.
2947 2382 3190 2455 Denique
3218 2384 3318 2438 hac
3349 2393 3430 2439 tot

1859 2477 2105 2547 tantique
2152 2475 2310 2545 pretii
2357 2474 2686 2542 scriptorum
2725 2472 2938 2540 jactura
2989 2473 3270 2537 docemur,
3319 2491 3428 2530 non

1862 2568 2010 2622 aliud
2042 2567 2237 2621 divinae
2269 2557 2636 2621 Providentia
2665 2563 2837 2620 fuisse
2873 2566 3161 2620 consilium
3182 2606 3196 2630 ,
3229 2568 3333 2621 nisi
3372 2577 3429 2620 ut

1861 2661 1900 2715 ii
1926 2657 2260 2714 sanctissimi
2293 2657 2610 2726 scriptores,
2661 2657 2753 2727 qui
2797 2672 2984 2713 omnes
3017 2658 3259 2728 plerique
3305 2674 3432 2713 san-

1865 2748 2081 2819 guinem
2131 2761 2230 2818 pro
2267 2744 2578 2802 Christiana
2619 2747 2720 2802 fide
2751 2749 2972 2811 tuenda,
3005 2757 3058 2803 et
3090 2751 3433 2818 propaganda

1867 2837 2140 2902 fuderunt,
2175 2839 2322 2891 illam
2354 2839 2669 2909 sanguineis
2699 2837 2854 2894 eﬂ‘usi
2884 2840 3097 2896 cruoris
3141 2841 3308 2911 guttis
3353 2844 3432 2895 al-

1866 2930 1997 2991 tius,
2056 2943 2219 2998 quam
2273 2927 2482 2991 charta,
2522 2927 2732 2980 calamo
2784 2936 2838 2982 et
2879 2934 3204 2995 atramento,
3237 2928 3434 2982 animis

1867 3018 2145 3072 hominum
2176 3017 2560 3080 inscriberent,
2597 3017 3009 3087 inligerentque.

1933 3107 2070 3163 Cum
2103 3115 2279 3162 autem
2314 3107 2642 3176 paucissima
2675 3106 2784 3160 sint
2813 3105 3030 3160 Patrum
3065 3107 3220 3177 primi
3250 3105 3438 3162 Eccle-

1869 3200 1964 3257 siae
2010 3201 2195 3256 saeculi
2237 3213 2432 3270 opera,
2464 3199 2556 3253 illa
2605 3214 2736 3253 sane
2786 3213 2851 3253 eo
2900 3198 3072 3268 pluris
3119 3199 3436 3255 aestimanda

1868 3296 2018 3352 sunt,
2047 3303 2155 3359 quo
2201 3288 2461 3356 majorem
2507 3287 2669 3343 iidem
2709 3286 2900 3342 Patres
2932 3296 2984 3343 et
3011 3289 3206 3344 merito
3230 3305 3349 3355 suo,
3382 3299 3438 3346 ct

1870 3393 1970 3434 sua
2017 3391 2139 3431 cum
2168 3377 2387 3432 Christo
2416 3378 2641 3447 ejusque
2669 3377 2929 3446 apostolis
2954 3378 3346 3433 consuetudine
3375 3396 3439 3436 ac

1871 3467 2238 3522 familiaritate
2267 3466 2372 3521 sibi
2403 3466 2834 3520 conciliaverunt
2864 3468 3264 3524 auctoritatem.
3291 3470 3436 3536 Qua-

1869 3565 2092 3631 propter
2121 3563 2177 3611 ut
2206 3571 2462 3627 germana
2489 3570 2677 3611 eorum
2711 3558 2911 3626 scripta
2943 3573 2972 3610 a
2997 3560 3199 3628 spuriis
3227 3567 3281 3616 et
3309 3577 3440 3632 sup-

1871 3649 2125 3721 posititiis
2155 3655 2358 3719 queant
2391 3646 2548 3702 facile
2580 3647 2838 3712 discerni,
2866 3650 3076 3720 singula
3103 3665 3329 3723 quaeque
3371 3656 3439 3707 ad

1873 3734 2176 3797 severidres
2222 3739 2428 3794 criterii
2472 3741 2709 3810 regulas,
2756 3741 3000 3798 studiose
3047 3743 3442 3816 diligenterque

1875 3833 1932 3888 in
1958 3831 2309 3903 sequentibus
2332 3831 2815 3889 dissertationibus
2842 3834 3293 3896 examinabimus.
3332 3839 3440 3896 Sed

1874 3923 2029 3995 prius
2076 3922 2144 3976 de
2191 3922 2258 3976 iis
2307 3937 2426 3992 quae
2456 3923 2524 3977 ad
2552 3924 2672 3979 illos
2703 3925 3000 3995 scriptores
3034 3931 3331 3999 generatim
3378 3951 3441 3992 ac

1875 4014 2125 4069 universe
2158 4015 2449 4085 pertinent,
2477 4014 2580 4069 hac
2629 4016 2683 4070 in
2734 4016 3113 4076 dissertatione
3158 4023 3442 4093 disputan-

1875 4105 2005 4159 dum
2033 4112 2135 4162 est.
2153 4105 2514 4162 Ustendemus
2543 4104 2727 4176 itaque
2757 4108 2902 4177 quod
2932 4113 3435 4183 eorumingenium,

1876 4208 1996 4269 qua:
2021 4195 2221 4263 studia,
2254 4211 2374 4267 qua:
2408 4198 2817 4266 oceupationes,
2850 4215 2971 4271 quae
2999 4205 3315 4261 occasiones
3361 4209 3442 4262 eis

211 4293 458 4356 debitur,
482 4291 628 4362 quod
651 4298 759 4345 tam
790 4305 961 4360 pauca
989 4289 1056 4344 ad
1084 4306 1184 4346 nos
1215 4291 1558 4360 pervenerint
1587 4291 1774 4360 prima:
1801 4315 1848 4382 α
1878 4289 1946 4344 ad
1994 4287 2343 4344 scribendum
2395 4288 2616 4354 fuerint,
2665 4305 2805 4360 quos
2851 4297 3246 4362 prostraverint
3291 4297 3444 4353 Chri.

209 4387 651 4444 Christianorum
683 4385 855 4440 aetatis
879 4399 1062 4454 opera.
1093 4383 1255 4437 Extra
1282 4383 1504 4437 dubium
1542 4398 1775 4453 namque

210 4485 304 4533 est
332 4476 516 4546 plures
549 4475 778 4544 hujusce
825 4473 1082 4543 temporis
1127 4475 1421 4543 scriptores
1464 4473 1614 4528 varia
1661 4473 1777 4527 edi-

212 4568 370 4624 disse
396 4566 679 4636 0puscula,
710 4565 988 4635 epistolas,
1021 4568 1286 4619 tractatus
1314 4565 1397 4619 vel
1428 4564 1563 4618 alias
1592 4564 1779 4631 hujus-

215 4656 436 4713 cemodi
485 4656 910 4712 lucubrationes.
945 4647 1062 4720 Qua
1106 4670 1235 4724 ergo
1279 4654 1374 4710 Dei
1416 4653 1776 4724 providentia,

216 4751 461 4819 inquies,
485 4749 604 4804 ﬁeri
635 4748 842 4818 potuit,
872 4755 930 4802 ut
960 4755 1067 4802 tam
1095 4748 1327 4818 pretiosa
1350 4746 1652 4801 divinorum
1681 4745 1779 4800 ho—

225 4841 434 4896 minum
465 4848 833 4902 monumenta,
871 4855 992 4909 quae
1017 4839 1177 4909 primi
1206 4853 1329 4893 esse
1356 4838 1623 4893 debebant
1646 4843 1782 4892 tra-

221 4929 448 4985 ditionis
479 4938 680 4985 nostraa’
705 4930 941 4992 canales,
975 4930 1189 4998 penitus
1214 4927 1556 4983 interierint?
1577 4922 1781 4980 Verum

216 5022 310 5078 his
362 5021 716 5092 querimoniis
757 5020 869 5074 cito
909 5020 1125 5074 modum
1167 5021 1432 5089 impones,
1468 5018 1516 5072 si
1566 5015 1782 5070 aliunde

218 5114 487 5169 damnum
521 5114 672 5179 illud,
700 5112 1046 5182 quantumvis
1079 5111 1386 5179 lugendum,
1417 5111 1573 5180 plene
1611 5123 1787 5164 resar-

219 5208 395 5262 citum
444 5205 732 5276 intelligas.
763 5202 974 5259 Etenim
1003 5218 1192 5258 omnes
1222 5203 1345 5258 novi
1392 5201 1612 5257 hederis
1660 5199 1784 5254 libri

220 5297 578 5365 scriptisunt
609 5295 711 5349 hoc
741 5294 968 5361 saeculo;
993 5303 1154 5364 atque
1178 5309 1243 5348 eo
1258 5294 1547 5364 plurimum
1575 5293 1782 5358 adulto,

220 5394 278 5442 et
339 5400 478 5456 pene
530 5385 766 5450 labente,
797 5383 1035 5440 Joannes
1088 5385 1366 5454 apostolus
1412 5385 1782 5455 Evangelium,

217 5478 699 5548 Apocalypsinque
730 5492 883 5532 suam
912 5479 1223 5546 publicavit.
1257 5478 1396 5544 Quid
1427 5479 1571 5548 quod
1606 5485 1659 5532 et
1684 5491 1783 5533 ea.

220 5567 352 5622 dem
407 5567 498 5624 Dei
531 5568 870 5639 providentia
899 5570 1101 5624 factum
1132 5580 1234 5634 est,
1266 5580 1325 5625 ut
1355 5572 1422 5625 iis
1453 5573 1700 5628 acerbius
1732 5575 1786 5628 in

1880 4379 2044 4436 stiani
2074 4380 2310 4437 nominis
2339 4389 2392 4436 et
2420 4381 2685 4436 doctrinae
2714 4382 2920 4449 hostes,
2950 4398 3015 4439 ac
3064 4386 3278 4443 tandem
3323 4404 3443 4459 qua:

1881 4471 2084 4527 fuerint
2127 4472 2328 4526 scholae
2375 4487 2470 4528 seu
2505 4473 2608 4528 loci
2640 4473 2864 4544 publici,
2897 4476 2953 4530 in
2999 4478 3195 4547 quibus
3223 4480 3256 4533 ii
3289 4478 3447 4536 Chri-

1880 4564 2113 4620 stianam
2150 4560 2437 4620 didicerint
2467 4563 2649 4630 fidem,
2674 4564 2757 4620 vel
2776 4566 2910 4622 alios
2934 4567 3147 4638 ipsimet
3170 4583 3288 4625 eam
3317 4573 3449 4628 edo-

1880 4656 2108 4711 cuerint.

2492 4741 2719 4802 CAPUT
2759 4744 2821 4802 Π.

1884 4861 2036 4930 Quod
2067 4861 2226 4934 fuerit
2267 4859 2581 4934 scriptorum
2609 4861 2767 4929 primi
2792 4862 2974 4934 saeculi
3010 4863 3303 4934 ingenium,
3333 4882 3451 4934 qua:

1954 4929 2153 5000 studia,
2179 4929 2541 5000 occupationes
2559 4939 2606 4983 et
2631 4931 2926 4986 occasiones
2950 4931 3020 4984 ad
3039 4929 3388 4988 scribendum.

1956 5022 2119 5077 Extra
2152 5021 2582 5077 controversiam
2605 5028 2688 5077 est
2713 5021 2839 5077 illos
2868 5037 2934 5078 eo
2958 5023 3303 5094 potissimum
3329 5040 3449 5078 om—

1885 5128 1984 5169 nes
2015 5113 2216 5183 ingenii
2263 5112 2347 5167 sui
2394 5126 2588 5167 nervos
2633 5112 3000 5174 contendisse,
3028 5128 3298 5182 omneque
3331 5121 3450 5168 stu-

1883 5208 2032 5262 dium
2063 5213 2116 5260 et
2137 5219 2356 5275 operam
2380 5204 2806 5273 conSumpsisse,
2839 5212 2898 5257 ut
2922 5203 3270 5275 Evangelium
3296 5203 3452 5259 Chri-

1888 5299 1958 5355 sti
2004 5297 2258 5352 omnibus
2306 5295 2727 5360 annuntiarent;
2780 5308 2846 5349 ac
2892 5294 3259 5349 demonstrata
3290 5294 3452 5350 Chri-

1887 5392 2077 5447 stlanae
2105 5388 2381 5458 religionis
2414 5387 2657 5449 veritate,
2690 5389 2757 5442 iis
2785 5385 3176 5456 persuaderent
3205 5402 3323 5441 eam
3359 5403 3449 5441 so-

1887 5481 2015 5546 lam,
2049 5479 2258 5534 caeteris
2301 5477 2554 5532 omnibus
2595 5475 2917 5545 repudiatis,
2965 5490 3089 5529 esse
3138 5476 3452 5546 amplexan-

1891 5571 2036 5626 dam.
2078 5570 2217 5624 Hinc
2252 5568 2466 5623 Iudaeos
2492 5568 2659 5622 variis
2689 5566 3084 5622 convincebant
3119 5569 3453 5636 argumentis

220 5670 544 5716 nascentem
611 5658 908 5716 Ecclesiam
964 5663 1296 5718 saevientium
1345 5664 1780 5734 persecutionum
1816 5651 1861 5707 Ῐ)
1889 5665 2166 5721 Christum
2209 5678 2330 5718 esse
2357 5663 2750 5726 illumtandiu,
2782 5671 3038 5730 tantoque
3061 5661 3254 5715 ardore
3277 5661 3344 5714 ab
3372 5662 3455 5716 eis

219 5754 585 5825 temporibus,
618 5755 800 5824 plures
848 5770 970 5808 cum
1016 5771 1081 5810 ex
1130 5757 1410 5828 apostolis,
1443 5765 1556 5813 tum
1586 5776 1648 5815 ex
1693 5760 1782 5824 iis,

550 5850 812 5907 ΡΛτιιοι.
857 5848 975 5908 Gn.
1013 5846 1062 5907 l.

1889 5761 2282 5826 exspectatum,
2317 5751 2590 5818 Messiam,
2625 5767 2921 5823 verumque
2955 5750 3143 5808 I‘eum.
3173 5758 3226 5803 ct
3274 5748 3453 5804 Patris

3068 5847 3094 5902 1
