4054 6320
667 501 724 555 ll
1845 486 1929 540 DF
1969 477 2274 540 OMNIBUS
2309 477 2702 533 GENERATIM
3813 470 3885 525 {9

661 613 846 669 aeterni
895 611 1139 678 Filium;
1170 623 1300 664 tunc
1331 623 1460 663 vero
1489 610 1768 678 completa.
1810 621 1926 674 qua
1967 605 2034 658 du
2063 602 2154 655 illo
2184 612 2214 650 a
2241 598 2290 656 Δ
2320 604 2557 664 peccata,
2588 595 2671 648 vel
2705 597 3010 651 nascentes.
3032 589 3251 658 jamque
3274 588 3540 664 irruentes
3567 584 3764 640 abusus
3786 598 3891 638 ca-

662 706 936 775 prophetis
983 705 1337 773 praenuntiata
1369 702 1600 761 fuerant,
1629 700 1877 763 oracula;
1926 714 1987 750 ac
2019 695 2216 765 Moysis

661 800 852 867 legem,
884 796 1254 861 caeremonias,
1287 805 1340 849 et
1384 793 1649 863 sacriﬁcia
1696 791 1763 843 ab
1808 806 1873 844 eo
1916 788 2082 840 fuisse
2133 800 2217 838 re-

660 891 832 944 scissa
855 896 908 942 et
934 889 1208 957 abrogata.

731 989 967 1058 Pagauis
997 997 1175 1042 autem
1209 995 1260 1041 et
1286 986 1550 1039 idolorum
1584 983 1884 1037 cultoribus
1917 981 2064 1033 ibant
2094 993 2216 1046 per—

661 1097 882 1135 suasum
911 1080 1025 1133 ﬁeri
1046 1096 1152 1134 non
1175 1094 1356 1148 posse,
1386 1087 1442 1131 ut
1468 1079 1650 1146 plures
1676 1076 1783 1130 sint
1807 1075 1903 1136 dii,
1938 1071 2032 1126 sed
2048 1084 2214 1124 unum

659 1172 1036 1226 tantummodo
1086 1186 1206 1224 esse
1254 1169 1420 1223 Deum
1474 1169 1594 1223 caeli
1624 1176 1676 1222 et
1711 1175 1886 1226 terrae,
1925 1175 2215 1230 rerumque

663 1264 905 1316 omnium
944 1269 1283 1324 creatorem;
1327 1257 1603 1313 Christum
1649 1271 1777 1332 vero
1824 1253 2040 1308 unicum
2095 1250 2213 1318 ejus

659 1371 781 1410 esse
807 1353 1025 1419 Filium,
1067 1354 1140 1406 ita
1165 1369 1193 1406 a
1224 1350 1382 1405 Patre
1415 1351 1672 1420 genitum,
1709 1354 1767 1400 ut
1795 1361 1935 1399 unus
1967 1343 2215 1411 idemque

659 1462 780 1499 cum
819 1460 882 1498 eo
913 1446 982 1498 sit
1013 1443 1173 1498 Deus.
1206 1442 1381 1506 llunc,
1415 1451 1472 1492 ut
1504 1439 1748 1492 homines
1777 1436 2087 1496 redimeret,
2111 1433 2211 1485 hu-

660 1552 874 1589 manam
922 1534 1280 1602 assumpsisse
1325 1533 1883 1602 earnem,ipsumque,
1904 1541 2012 1595 quo
2041 1524 2211 1594 magis

661 1625 918 1680 falsorum
965 1624 1244 1677 numinum
1278 1623 1452 1675 cultus
1503 1619 1738 1673 infandis
1775 1617 2071 1670 sceleribus
2106 1616 2208 1668 ob-

658 1715 1118 1781 scenitatibusquc
1153 1710 1528 1764 abominandis
1561 1715 1676 1762 erat
1706 1713 2123 1774 conspurcatus,
2146 1719 2210 1757 eo

659 1809 907 1878 puriores
937 1806 1340 1872 sanctioresque
1385 1810 1437 1855 et
1476 1805 1597 1854 vitae
1624 1798 1970 1866 instituendze
1998 1805 2051 1850 et
2079 1795 2208 1848 ado-

659 1899 840 1953 randa:
861 1895 1160 1952 divinitatis
1192 1895 1336 1963 leges
1365 1892 1674 1945 hominibus
1697 1885 2206 1942 constituisse.Por-
2239 1925 2280 1982 Β

657 2008 718 2045 ro
767 1998 943 2044 autem
993 1989 1094 2042 etsi
1123 1985 1375 2039 Christus
1418 1984 1485 2036 ab
1530 1981 1708 2049 impiis
1737 1977 2208 2048 perduellibusque

655 2082 856 2136 Iudaeis
889 2080 1047 2133 morti
1093 2077 1254 2131 fuerit
1287 2075 1517 2128 traditus
1538 2114 1553 2138 ,
1585 2072 1876 2140 scriptores
1906 2079 2084 2123 tamen
2112 2082 2214 2120 no-.

656 2174 751 2227 stri
805 2169 1230 2225 luculentissime
1277 2165 1632 2222 ostendebant
1688 2163 1831 2214 illius
1876 2159 2208 2213 divinitatem

655 2264 974 2324 innumeris,
1001 2276 1120 2331 quae
1143 2260 1263 2330 ipse
1289 2258 1551 2318 ediderat,
1583 2268 1807 2325 quaeque
1836 2253 1954 2321 ipso
1981 2265 2209 2306 nascen-

655 2364 728 2417 te,
761 2353 1044 2415 moriente,
1083 2359 1244 2418 atque
1275 2365 1304 2401 a
1333 2348 1561 2401 mortuis
1608 2350 1923 2413 resurgente
1969 2341 2209 2410 contige-

653 2452 796 2508 rant,
831 2441 1105 2500 miraculis
1139 2440 1305 2494 fuisse
1325 2454 1580 2508 perquam
1607 2435 1962 2491 invictissime
1983 2433 2207 2488 demou-

656 2543 900 2589 stratam.
937 2533 1032 2588 His
1078 2530 1346 2585 addebant
1395 2545 1494 2593 nos
1543 2535 1665 2598 post
1700 2528 1876 2597 ipsum
1919 2539 1948 2576 a
1981 2522 2209 2577 mortuis

657 2625 944 2696 aliquando
973 2639 1094 2680 esse
1138 2621 1504 2683 suscitandos,
1540 2635 1602 2673 ac
1633 2619 1930 2674 secundum
1961 2618 2083 2670 vitae
2111 2629 2212 2668 no-

655 2728 782 2772 stra:
825 2732 987 2786 opera
1038 2722 1131 2768 aut
1175 2712 1459 2782 suppliciis
1509 2712 1725 2765 aeternis
1756 2708 2083 2771 aﬁiciendos,
2119 2712 2211 2759 aut

657 2811 984 2879 sempiterna
1015 2805 1297 2860 donandos
1328 2803 1600 2857 felicitate.
1635 2802 1805 2866 Quam
1849 2799 2064 2870 quidem
2114 2797 2210 2850 du-

655 2901 886 2953 ctrinam
918 2896 1215 2959 miraculis,
1253 2908 1280 2946 a
1313 2908 1369 2948 se
1391 2906 1604 2962 quoque
1633 2891 1792 2945 editis
1817 2889 2208 2952 conﬁrmatam,

658 2993 776 3046 fuso
802 2991 1062 3059 sanguine
1091 2988 1407 3058 plerumque
1434 2983 1858 3054 consignabant.

725 3087 874 3153 Quos
921 3084 1138 3138 tandem
1191 3081 1257 3134 ad
1291 3082 1652 3135 Christianam
1683 3079 1841 3133 ﬁdem
1872 3091 2063 3131 recens
2116 3077 2215 3129 ad-

657 3179 954 3240 duxerant,
983 3176 1083 3229 hos
1114 3174 1302 3244 primis
1333 3188 1484 3226 nova:
1525 3172 1656 3240 legis
1682 3169 1965 3240 praeceptis
1993 3166 2210 3222 erudie-

2321 689 2606 757 stigatione
2631 694 2853 754 paterna
2884 684 3236 745 coercebant,
3269 681 3740 749 corrigebantque.
3771 675 3890 730 Alii

2319 777 2551 845 denique
2579 791 2644 828 ne
2671 773 3028 844 simpliciores
3054 770 3410 839 quorumdam
3437 768 3602 821 animi
3633 778 3893 819 corrum-

2319 874 2599 936 perentur,
2635 867 2687 918 in
2728 878 3009 934 perversas
3039 861 3334 921 doctrinas,
3370 872 3693 926 erroresque
3723 852 3892 910 nefa-

2321 958 2451 1018 rios,
2478 973 2541 1010 ac
2577 965 2860 1009 nascentes
2885 953 3119 1006 haereses
3152 951 3350 1019 stylum
3380 953 3679 1002 verterunt.

2929 1064 3155 1121 CAPUT
3197 1063 3284 1118 111.

2320 1182 2390 1235 De
2419 1183 2671 1235 hrcresum
2703 1181 2860 1249 primi
2891 1178 3070 1233 διεσαιὶ
3088 1188 3236 1249 ortu,
3275 1191 3574 1249 progressu,
3612 1181 3662 1226 et
3685 1175 3890 1249 interi-

2387 1263 2460 1311 tu.
2492 1244 2771 1319 earumque
2798 1246 3271 1318 expugnatoribus;
3314 1263 3375 1298 ac
3404 1247 3630 1313 primum
3661 1244 3724 1298 de
3769 1245 3890 1299 ha:-

2386 1323 2488 1375 rcsi
2520 1321 2749 1375 Simonis
2779 1319 2946 1386 Magi.

2383 1435 2578 1489 Verum
2614 1426 2888 1486 enimvero
2923 1430 3183 1485 adversus
3217 1427 3431 1482 divinos
3460 1424 3781 1480 Christianae
3816 1423 3888 1476 ﬁ-

2312 1527 2394 1579 dei
2414 1532 2713 1580 assertores
2727 1524 2922 1592 abipso
2948 1521 3169 1577 orientis
3185 1519 3436 1572 Ecclesiae
3475 1515 3630 1570 initio
3643 1530 3708 1568 ex
3730 1514 3886 1570 erebi

2314 1615 2564 1670 faucibus
2609 1620 2952 1668 emerserunt
2996 1607 3261 1678 stupenda
3301 1608 3577 1662 variarum
3610 1605 3888 1658 haeresum

2310 1711 2550 1757 monstra
2580 1720 2592 1755 :
2621 1710 2782 1770 atque
2813 1709 2872 1754 ut
2902 1700 3196 1769 prudenter
3226 1704 3408 1750 monet
3440 1692 3810 1748 Theodoretus
3832 1693 3846 1722 '
3868 1711 3885 1745 :

2309 1794 2440 1850 Cum
2465 1794 2706 1848 diabolus
2721 1793 2985 1847 hominum
2999 1791 3275 1860 perniciem
3293 1788 3480 1848 sitiret,
3503 1803 3601 1839 non
3616 1797 3892 1854 exspecta-

2309 1886 2402 1946 vit,
2420 1893 2476 1937 ut
2491 1884 2841 1951 apostolorum
2856 1880 3157 1949 prwdicatio
3173 1877 3525 1938 invalesceret;
3544 1874 3632 1928 sed
3645 1890 3758 1926 cum
3772 1873 3888 1940 pri-

2309 1994 2449 2030 mum
2465 1977 2542 2029 illi
2554 1986 2747 2029 terram
2761 1974 2947 2036 colere,
2962 1982 3008 2025 et
3025 1971 3232 2040 pietatis
3249 1958 3451 2022 semina
3468 1984 3706 2037 spargere
3719 1983 3891 2036 caepe-

2308 2075 2452 2128 runt,
2491 2064 2788 2116 laicinterim
2806 2061 3321 2121 seminavitzizania,
3343 2058 3488 2112 idest
3500 2059 3792 2112 schismata
3829 2066 3892 2111 et

2307 2156 2558 2210 haereses.
2593 2153 2795 2209 Contra
2830 2153 2943 2207 haec
2972 2152 3270 2206 errantium
3300 2150 3580 2204 hominum
3608 2155 3884 2217 portenta,

2305 2264 2425 2319 quae
2450 2262 2559 2302 non
2590 2249 2789 2309 minus,
2821 2260 2979 2317 quam
3006 2251 3404 2315 persecutores,
3433 2242 3652 2296 crudele
3679 2251 3734 2295 et
3763 2243 3889 2296 exi-

2307 2341 2507 2393 tiosum
2539 2335 2794 2391 Ecclesiae
2827 2334 3027 2389 bellum
3058 2334 3383 2396 intulerunt,
3415 2331 3738 2401 quandoque
3779 2345 3886 2399 pa-

2306 2431 2412 2484 lam
2447 2435 2500 2482 et
2531 2435 2734 2497 aperte,
2766 2425 3091 2495 quandoque
3121 2423 3343 2486 tectius,
3390 2430 3443 2476 et
3473 2421 3743 2474 occultius
3787 2421 3887 2475 de—

2308 2527 2585 2575 certarunt
2635 2517 2930 2586 scriptores
2979 2515 3174 2570 nostri.
3207 2513 3545 2582 Quapropter
3586 2521 3646 2566 ut
3691 2527 3884 2565 eorum

2309 2610 2532 2679 scripta,
2567 2608 2765 2677 quibus
2817 2605 3048 2659 haereses
3080 2601 3213 2656 satis
3265 2603 3496 2656 obscure
3523 2601 3703 2655 verbis
3746 2616 3884 2655 non-

2309 2715 2584 2770 nunquam
2615 2697 3026 2752 obscurioribus
3057 2695 3463 2763 impugnantur,
3499 2691 3715 2745 facilius
3747 2706 3884 2760 pos-

2311 2793 2420 2848 sint
2465 2789 2711 2858 intelligi,
2755 2786 3063 2842 earumdem
3093 2782 3370 2838 hmresed’w
3413 2771 3590 2844 brtus,
3629 2798 3878 2851 progres-

2312 2897 2406 2936 sus
2453 2889 2505 2935 et
2536 2879 2786 2933 interitus
2818 2876 3069 2939 breviter,
3103 2873 3197 2928 sed
3229 2873 3375 2926 clare
3401 2878 3454 2925 et
3503 2879 3756 2926 accurate
3784 2886 3886 2926 exo

2311 2971 2545 3042 plicandi
2580 2977 2727 3025 sunt.

2389 3085 2578 3140 Simon
2601 3082 2788 3152 Magus
2817 3078 3045 3149 primam
3067 3074 3584 3135 inteerristianos,
3651 3081 3712 3126 ut
3766 3073 3884 3126 ιτθο

2313 3178 2516 3239 naeus',
2561 3172 2829 3227 Eusebius
2861 3170 2903 3233 ³,
2936 3168 3269 3238 Epiphanius
3307 3166 3328 3198 δ
3363 3173 3416 3220 et
3450 3164 3825 3219 Theodoretus
3854 3164 3882 3195 ³

660 3274 820 3333 bant,
854 3266 1330 3334 informabantque
1378 3279 1481 3333 qua
1532 3264 1744 3317 ratione
1775 3269 1896 3332 post
1943 3261 2208 3330 abjectam

2314 3276 2632 3334 memorant,
2688 3266 2936 3321 haeresim
2967 3263 3310 3332 excogitavit,
3349 3262 3832 3330 disseminavitque
3863 3281 3876 3314 :

653 3362 960 3416 Iuda-orum
1009 3374 1422 3430 paganorumve.
1458 3357 1768 3426 religionem
1814 3357 1905 3410 uni
1935 3355 2044 3410 Deo
2089 3370 2210 3410 ser-

655 3454 929 3508 vit-udum.
963 3449 1100 3505 Tum
1128 3449 1323 3505 deinde
1369 3464 1460 3502 eos
1508 3447 1775 3501 docebant
1821 3446 1949 3516 quid
1981 3447 2211 3516 singulis

656 3546 961 3616 quibusque
990 3549 1134 3598 esset
1167 3540 1525 3611 praestandum
1549 3579 1562 3603 ,
1601 3545 1658 3591 ut
1686 3538 2009 3607 genitalibus
2039 3537 2214 3605 bapti-

657 3636 758 3690 smi
794 3634 954 3688 undis
983 3632 1198 3690 Christo
1230 3630 1557 3699 consepulti,
1599 3636 1650 3681 et
1677 3643 1798 3681 cum
1831 3643 1896 3682 eo
1924 3643 2213 3696 resurgen-

660 3736 763 3790 tes,
804 3741 940 3780 nova
989 3726 1175 3795 gratia:
1219 3724 1350 3784 vita,
1387 3721 1622 3791 peccatis
1649 3720 1881 3788 amplius
1913 3736 2020 3774 non
2050 3709 2248 3772 mori?

659 3819 788 3883 turi,
821 3821 1255 3872 renascercntur.
1279 3811 1407 3867 Post
1439 3819 1749 3881 susceptum
1774 3812 1968 3865 divina:
1992 3827 2214 3881 regene-

663 3911 891 3964 rationis
914 3914 1333 3969 sacramentum,
1361 3905 1651 3959 secretiora
1684 3902 1801 3957 ﬁdei
1828 3910 2026 3957 nostra:
2057 3902 2213 3974 adyta

657 4004 738 4056 eis
783 4001 1099 4055 reserabant
1147 3997 1293 4050 clara
1338 4003 1388 4049 et
1438 4001 1690 4048 accurata
1718 4007 1904 4048 eorum
1942 3990 2211 4057 omnium,

659 4107 776 4162 quae
818 4092 953 4145 alios
986 4089 1252 4150 celabant,
1282 4102 1405 4141 cum
1437 4086 1816 4156 mysteriorum
1849 4083 2132 4138 Trinitatis
2163 4089 2216 4138 et

657 4184 1079 4247 lncarnationis,
1134 4188 1247 4235 tum
1301 4189 1763 4234 sacramentorum
1813 4192 1876 4231 ac
1918 4177 2213 4245 prmsertim

658 4275 1012 4330 Eucharisliaa
1042 4271 1398 4342 expositione.
1435 4268 1494 4322 In
1522 4269 1712 4338 primis
1741 4276 1918 4322 autem
1943 4269 2066 4322 illos
2091 4269 2217 4322 hor-

660 4366 934 4426 tabantur,
967 4370 1023 4414 ut
1055 4361 1108 4414 in
1136 4358 1332 4413 tradita
1357 4359 1456 4413 ﬁde
1477 4365 1790 4412 constantes
1815 4367 2211 4428 permanerent,

659 4470 723 4508 ac
777 4469 873 4524 pro
928 4466 990 4507 ea
1033 4451 1230 4506 tuenda
1274 4448 1524 4518 quaelibet
1556 4446 1853 4518 perferrent
1878 4462 2075 4518 genera
2105 4457 2217 4501 tor-

661 4558 986 4603 mentorum.

731 4651 939 4716 Quibus
972 4663 1102 4718 sane
1129 4646 1415 4701 tormentis
1453 4645 1497 4700 si
1526 4644 1633 4697 vita
1674 4643 1754 4697 eis
1796 4643 2113 4711 eriperetur,
2137 4640 2212 4694 'id

661 4739 907 4795 nonnulli
954 4738 1150 4792 litteris
1195 4736 1543 4791 mandabant.
1579 4733 1900 4789 Scribebant
1946 4749 2074 4788 vero
2123 4734 2214 4788 alii

662 4832 889 4884 aliorum
925 4828 1121 4882 virtute
1150 4836 1203 4882 et
1233 4828 1422 4880 merito
1446 4825 1882 4896 pratstanliorum
1908 4823 2211 4888 historiam,

662 4922 879 4981 itinera,
931 4920 1194 4989 pericula,
1239 4919 1488 4981 labores,
1541 4915 1858 4977 certamina,
1909 4915 2214 4985 passiones,

663 5013 950 5082 supplicia,
970 5019 1023 5065 et
1046 5012 1226 5065 omnia
1251 5025 1439 5066 eorum
1472 5007 1711 5079 martyrii
1746 5015 1885 5062 acta.
1911 5006 2017 5060 Alii
2046 5012 2217 5060 statu-

661 5117 717 5159 ta
748 5114 800 5161 et
821 5119 1075 5167 canones,
1108 5103 1175 5156 ab
1203 5101 1460 5172 apostolis
1487 5114 1780 5169 eorumque
1810 5096 2219 5155 successoribus

662 5201 729 5252 ad
759 5199 1022 5253 doctrina:
1051 5194 1487 5272 explicationem,
1521 5191 2068 5260 informationemque
2101 5203 2217 5242 mo-

663 5307 783 5344 rum
815 5291 1043 5352 sancita,
1077 5287 1297 5357 scriptis
1321 5286 1638 5351 tradebant;
1670 5283 1760 5337 alii
1790 5283 1931 5338 datis
1955 5282 2022 5335 ad
2050 5295 2218 5350 quos-

663 5386 788 5438 dam
820 5380 1183 5442 Christianos,
1216 5388 1311 5433 aut
1338 5378 1648 5446 episcopos,
1670 5381 1762 5426 aut
1786 5370 2053 5426 Ecclesias
2074 5371 2218 5425 litte-

663 5475 762 5532 ris.
799 5475 918 5528 illos
953 5470 1315 5526 accendebant
1349 5467 1413 5519 ad
1436 5474 1786 5536 tyrannorum
1817 5464 2219 5532 persecutiones

665 5563 1055 5633 patientissime
1099 5556 1439 5623 tolerandas;
1469 5555 1549 5609 vel
1578 5554 1822 5625 graviora
1855 5552 2213 5622 quorumdam

738 5766 752 5794 ¹
787 5765 1000 5816 Pi'arfat.
1051 5764 1195 5814 lib.i
1245 5760 1440 5814 "aret.
1492 5759 1622 5811 Fab.

664 5835 917 5888 '.Ila'ret.
983 5832 1113 5886 Fab.
1159 5833 1248 5885 lib.
1317 5847 1350 5891 I,
1383 5847 1502 5898 cap.
1544 5830 1589 5883 1.

670 5910 744 5959 Cls‘
793 5907 940 5957 ίίιλιι.

1700 5760 1719 5788 ¹
1747 5757 1864 5811 Lib.
1902 5773 1916 5810 ι
1947 5759 2149 5812 advers.
2184 5755 2386 5813 "mres.
2432 5768 2550 5821 Cap.
2593 5751 2681 5803 90.

1666 5831 1683 5858 °
1707 5827 1826 5883 Lib.
1856 5845 1891 5881 ll
1928 5831 2068 5882 Hist.
2111 5844 2229 5896 cap.
2257 5828 2342 5880 l4.

2319 3360 2386 3414 Ut
2441 3358 2664 3428 magnis,
2712 3356 2888 3424 inquit
2963 3354 3233 3407 Eusebius
3267 3352 3325 3416 ⁸,
3376 3361 3424 3404 et
3471 3351 3885 3404 admirabilibus

2316 3449 2606 3506 Servatoris
2647 3447 2812 3502 nostri
2846 3445 3096 3513 apostolis
3126 3460 3223 3511 par
3254 3443 3592 3496 adversarius
3624 3443 3883 3494 consiste-

2318 3553 2418 3598 ret.
2451 3541 2568 3607 Qua
2599 3555 2727 3609 ergo
2750 3539 2959 3592 ratione
2989 3536 3238 3591 Clemens
3269 3533 3664 3588 Alexandrinus
3685 3533 3706 3565 '
3735 3532 3881 3588 hanc

2315 3633 2564 3688 haeresim
2602 3646 2709 3684 non
2749 3639 2873 3683 ante
2901 3628 3143 3682 adultum
3173 3626 3431 3679 saeculum
3469 3623 3792 3686 secundum,
3823 3630 3882 3676 et

2317 3720 2607 3774 Marcionis
2633 3725 2852 3773 aetatem
2881 3726 3059 3771 ortum
3104 3716 3361 3770 habuisse
3401 3713 3619 3776 dixerit,
3653 3715 3880 3768 omnino

2317 3828 2425 3866 non
2458 3810 2722 3864 videmus.
2758 3807 2864 3863 Sed
2903 3807 2969 3862 de
3010 3808 3112 3860 hac
3141 3805 3433 3860 Clementis
3464 3804 3718 3874 opinione
3747 3803 3879 3867 alibi

2318 3903 2705 3972 disputabitur.

2385 3993 2435 4047 ls
2480 4009 2641 4064 porro
2690 3992 2875 4045 Simon
2913 3989 3102 4060 Gythis
3136 3990 3256 4043 vico
3288 3988 3546 4042 Samaria
3588 3985 3875 4048 oriundus.

2315 4087 2466 4157 plura
2503 4101 2622 4155 qua:
2670 4083 2947 4137 miraculis
2977 4089 3032 4134 et
3074 4079 3338 4149 prodigiis
3401 4079 3624 4132 omnino
3672 4075 3876 4130 similia

2315 4181 2657 4241 videbantur,
2700 4175 2924 4244 magicis
2954 4174 3160 4226 artibus
3191 4170 3458 4239 patrabat.
3495 4168 3598 4222 Sed
3631 4178 3752 4236 post
3780 4183 3878 4220 ex-

2317 4276 2572 4328 stinctum
2600 4270 2860 4337 martyrio
2880 4265 3237 4334 Stephanum,
3270 4261 3551 4330 Philippus
3570 4259 3876 4314 Samariam

2315 4362 2577 4433 evangelii
2618 4357 2946 4430 praedicandi
2974 4355 3147 4424 gratia
3178 4369 3234 4406 se
3275 4353 3524 4414 contulit,
3554 4351 3735 4419 ibique
3765 4364 3877 4403 non

2319 4455 2475 4516 falsa,
2511 4462 2567 4506 ut
2598 4450 2840 4512 Simon",
2876 4446 2969 4500 sed
3001 4460 3126 4499 vera
3159 4443 3327 4498 edidit
3359 4441 3639 4494 miracula.
3665 4439 3876 4503 Quibus

2320 4547 2387 4601 ab
2407 4547 2593 4601 eodem
2653 4540 2872 4595 Simone
2915 4536 3066 4605 Mago
3107 4535 3361 4604 cognitis,
3390 4532 3755 4585 Christianam
3787 4543 3878 4582 re-

2319 4638 2575 4708 ligionem
2609 4633 2697 4687 ille
2727 4630 3008 4700 professus
3045 4633 3150 4691 est,
3179 4625 3283 4689 vel,
3313 4635 3370 4677 ut
3407 4624 3482 4675 ait
3530 4621 3797 4675 EllstillS
3827 4618 3873 4682 ',

2318 4725 2591 4781 simulavit
2621 4737 2679 4776 se
2709 4718 2970 4790 proﬁteri.
2999 4717 3135 4771 Cum
3159 4729 3287 4769 vero
3317 4713 3369 4765 in
3387 4711 3688 4781 baptizatos
3719 4722 3876 4763 sacra

2316 4819 2460 4874 Petri
2513 4824 2566 4871 et
2618 4811 2842 4868 Joannis
2895 4821 3153 4863 manuum
3203 4805 3550 4874 impositione
3610 4800 3874 4871 Spiritum

2324 4917 2596 4971 sanctum,
2627 4904 2880 4960 omnibus
2903 4901 3063 4971 plane
3091 4896 3496 4966 aspectabilem,
3545 4890 3878 4947 descendere

2320 4998 2718 5070 conspexisset,
2767 4991 3051 5062 pecuniam
3105 4987 3298 5041 iisdem
3333 4983 3594 5055 apostolis
3636 4981 3873 5044 obtulit,

2315 5101 2374 5149 ut
2406 5069 2654 5147 eumdem
2681 5085 2941 5155 Spiritum
2964 5090 3211 5135 sanctum
3244 5077 3299 5130 in
3327 5077 3462 5130 alios
3486 5069 3878 5128 transfunden-

2319 5185 2371 5240 di
2400 5183 2500 5239 sibi
2535 5180 2774 5234 facerent
2800 5179 3141 5246 potestatem.
3173 5168 3380 5222 Verum
3413 5167 3514 5220 hac
3542 5164 3707 5234 impia
3731 5161 3877 5215 obla-

2314 5277 2464 5331 tione
2518 5273 2585 5326 ab
2628 5268 2886 5340 apostolis
2946 5265 3057 5319 acri
3112 5273 3438 5331 magnoque,
3481 5257 3557 5311 uti
3590 5270 3688 5326 par
3716 5261 3874 5316 erat,

2319 5366 2501 5420 animo
2522 5359 2810 5417 confestim
2839 5355 3059 5425 reiecta,
3094 5352 3282 5406 Simon
3331 5351 3388 5403 in
3439 5363 3532 5402 eos
3573 5343 3880 5401 debaccha-

2316 5467 2426 5519 tus,
2485 5467 2705 5509 rursum
2755 5447 2979 5516 magicis
3043 5444 3272 5504 artibus,
3328 5439 3707 5506 erroribusque
3761 5434 3876 5488 suis

2325 5543 2642 5619 spargendis
2671 5555 2734 5596 eo
2763 5536 3206 5609 perniciosiorem
3238 5533 3384 5587 dedit
3412 5543 3653 5600 operam,
3686 5541 3793 5595 quo
3814 5539 3876 5576 ea

3515 5733 3534 5762 ⁸
3569 5731 3769 5784 "ceres.
3800 5723 3867 5778 ει

2757 5745 2777 5777 ⁸
2818 5743 2957 5795 Hist.
2989 5742 3084 5795 lib.
3123 5756 3159 5792 ιι
3185 5754 3303 5806 cap.
3354 5736 3440 5787 1'5.
3515 5736 3534 5762 ⁵
3569 5736 3769 5784 "ceres.
3800 5736 3867 5778 ἰι

2757 5824 2943 5851 ιιεησηηι
3041 5813 3061 5843 ⁸
3086 5813 3173 5851 Am
3224 5824 3339 5851 vm_
3363 5821 3411 5851 ιι
3445 5812 3497 5851 et
3527 5817 3640 5851 sea.
3735 5798 3756 5829 ⁹
3777 5797 3874 5851 L0-

2417 5827 2434 5856 ⁷
2470 5812 2585 5876 13η).
2619 5817 2964 5874 vItStromat.
3041 5813 3194 5864 Ἀρι.
3224 5824 3340 5867 vm,
3363 5821 3412 5858 Ix
3445 5812 3497 5859 et
3527 5817 3640 5868 seq.
