4054 6320
214 492 273 549 i3
1084 488 1273 546 PRlMi
1312 484 1665 545 ECCLESIE
1706 482 1977 541 ειεςυιι
2018 482 2534 542 SCRIPTORIBUS.
3369 487 3437 543 η

210 599 379 658 omnia
404 599 524 656 (icta
550 598 843 658 Christiani
879 600 1115 657 nominis
1144 600 1323 673 specie
1350 598 1611 655 audacius
1641 612 1765 652 ven-
1800 604 1842 657 Α
1870 599 2178 664 periculum,
2216 598 2352 669 quod
2390 598 2682 657 Christiani
2732 598 3054 657 docebantur
3083 613 3435 674 contemnere,

210 693 419 749 (litabat,
1866 688 2043 744 dicens
2078 690 2455 757 indi/ferentem
2499 707 2605 744 rem
2633 706 2741 746 esse
2771 692 3149 752 idololatriam.
3184 692 3302 749 Ima
3347 712 3441 751 nee

272 781 368 848 Qui
399 788 577 836 autem
603 782 799 837 fuerint
826 782 1062 839 Simonis
1090 798 1305 839 errores
1352 784 1418 837 ab
1450 782 1767 852 antiquissic
1868 781 1982 834 ulla
2032 783 2320 850 persecutio
2352 792 2553 836 .contra
2609 782 2947 839 Simonianos
2984 802 3214 857 unquam
3251 798 3441 843 exorta

209 874 303 928 mis
330 872 580 928 Patribus
612 874 808 929 disces.
861 874 1101 929 Primum
1152 877 1314 930 enim.
1341 889 1404 929 ex
1441 872 1765 927 Theodoreti
1867 865 2352 927 esthertullianus
2386 874 2427 904 "
2468 873 2701 943 denique
2747 881 3004 929 testatum
3040 875 3168 929 facit
3199 875 3442 933 Simonis

209 973 320 1035 post
338 964 590 1043 Irenaum
616 967 926 1020 testimonio
951 966 993 997 ¹⁶
1021 985 1033 1021 :
1059 965 1249 1020 Docuit
1276 966 1605 1034 semetipsum
1633 981 1762 1029 esse,
1868 966 2167 1016 sectatores
2206 963 2493 1032 quemdam
2537 964 2749 1034 angelis
2779 965 3009 1027 cultum,
3052 968 3442 1036 superstitione

221 1056 304 1125 qui
336 1056 467 1108 inter
495 1053 713 1111 Judteos
738 1057 965 1125 quidem,
996 1056 1148 1127 quasi
1194 1053 1369 1109 Filius
1422 1054 1764 1124 apparuerit;
1864 1056 1919 1104 et
1943 1049 2257 1105 idolOlatria
2291 1051 2552 1105 infectum
2583 1052 2900 1108 exhibuisse
2939 1072 2951 1108 :
2980 1052 3307 1111 Simonianra
3345 1076 3442 1113 au-

209 1146 257 1197 in
284 1144 530 1199 Samaria
558 1156 732 1199 autem
752 1186 768 1211 ,
792 1146 945 1216 quasi
973 1144 1132 1219 Pater
1159 1145 1504 1209 descenderit,
1534 1153 1582 1198 et
1605 1145 1659 1197 in
1690 1159 1767 1197 re-
1866 1148 1967 1193 tem
1994 1142 2179 1211 magis:
2204 1140 2506 1210 disciplina,
2531 1142 2733 1212 inquit,
2760 1145 2955 1214 angelis
2979 1148 3231 1213 serviens,
3262 1150 3445 1219 utique

212 1233 354 1303 liquis
372 1250 488 1287 vero
514 1234 777 1303 gentibus,
816 1235 970 1303 quasi
997 1218 1231 1297 Spiritus
1258 1241 1519 1295 sanctus,
1568 1228 1760 1284 adven-
1861 1238 1911 1284 et
1940 1230 2055 1298 ipsa
2106 1232 2242 1283 inter
2286 1231 2623 1285 idololatrias
2672 1233 3060 1302 deputabatur,
3109 1246 3158 1290 et
3198 1254 3231 1291 a
3278 1218 3443 1292 Petro

210 1326 342 1377 tarit.
396 1324 584 1395 Neque
615 1325 700 1379 his
742 1333 1004 1395 repugnat
1038 1326 1094 1379 in
1128 1338 1270 1379 nova
1298 1324 1537 1378 editione
1578 1336 1763 1377 emen-
1863 1320 2100 1389 apostolo
2158 1322 2212 1375 in
2262 1322 2375 1389 ipso
2429 1320 2643 1376 Simone
2675 1322 3053 1380 damnabatur.
3093 1324 3228 1381 illud
3255 1336 3441 1383 tamen

209 1416 320 1471 data
346 1417 635 1489 Augustini
670 1418 915 1471 narratio
947 1418 1011 1473 “.
1863 1409 2228 1476 Tertulliano,
2264 1414 2309 1467 si
2367 1413 2480 1467 haec
2522 1428 2671 1478 vera,
2706 1416 2784 1468 uti
2829 1415 3088 1482 refertur,
3131 1418 3293 1475 fuerit
3318 1421 3440 1491 ejus

273 1510 519 1566 Secundo
557 1510 718 1565 iidem
760 1509 971 1573 Patres,
998 1525 1097 1565 nec
1122 1525 1229 1563 non
1257 1508 1608 1575 Philastrius,
1647 1516 1759 1562 tra-
1861 1518 2016 1558 mens
2046 1510 2099 1557 et
2128 1504 2419 1567 sententia,
2466 1504 2745 1559 adversari
2798 1500 3031 1575 videtur,
3060 1510 3205 1578 quod
3250 1510 3435 1566 Simon

207 1598 329 1654 dunt
378 1598 653 1653 Simonem
706 1599 807 1653 sibi
837 1600 1125 1669 copulasse
1174 1598 1430 1654 Helenam
1477 1614 1573 1655 seu
1622 1596 1762 1653 Siie-
1860 1592 1977 1663 ipse
2020 1593 2303 1662 iactitabat
2360 1609 2416 1648 se
2480 1596 2700 1664 angelos
2730 1610 2982 1655 creasse:
3031 1615 3201 1670 seque
3231 1618 3262 1657 e
3298 1605 3434 1659 curio

206 1706 317 1746 nem
351 1710 363 1747 :
396 1690 530 1756 Qua
581 1692 729 1745 initio
765 1692 993 1765 quidem,
1029 1691 1191 1745 verba
1241 1703 1369 1745 sunt
1424 1689 1645 1745 Eusebii
1678 1689 1756 1753 ",
1860 1685 2143 1754 delapsum
2186 1704 2197 1737 :
2247 1684 2314 1737 Ut
2370 1686 2605 1755 angelos,
2656 1705 2775 1742 cum
2840 1692 2977 1745 male
3037 1693 3437 1749 moderarentur

209 1782 333 1850 apud
390 1781 589 1853 Tyrum
652 1763 848 1837 urbem.
888 1782 1158 1837 Phoenices
1228 1781 1430 1851 publice
1487 1782 1542 1833 in
1608 1780 1761 1847 lupa-
1862 1775 2146 1842 mundum,
2176 1776 2477 1846 corriperet.
2528 1778 2633 1834 Sed
2664 1782 2796 1835 nulli
2831 1784 3028 1837 mirum
3072 1800 3195 1841 esse
3228 1786 3433 1851 debet,

209 1872 314 1927 nari
365 1874 690 1940 prostiterat.
730 1873 872 1929 Idem
906 1873 1114 1938 Simon,
1146 1880 1285 1928 teste
1331 1871 1554 1934 irenaeo,
1580 1930 1585 1935 η
1611 1872 1759 1925 dice-
1790 1924 1832 1947 ἢ
1862 1867 1909 1923 si
1940 1868 2189 1924 homines
2220 1883 2249 1922 a
2280 1870 2527 1926 veritatis
2551 1872 2638 1927 via
2688 1888 2949 1944 perquam
2976 1876 3291 1947 longissime
3330 1879 3435 1932 ab~

730 1924 872 1929 κ---η
1154 1924 1281 1928 ηρ-
1394 1924 1489 1925 κ
1542 1924 1629 1935 ..ν
1680 1924 1725 1925 η
2386 1924 2389 1925 ν
2514 1924 2522 1926 ἡ
2688 1924 3291 1947 r--1——-—-----.,----.-.-
3330 1924 3399 1932 -η

208 1964 289 2018 bat
325 1983 337 2018 :
367 1964 523 2019 Hanc
554 1982 675 2020 esse
700 1966 925 2035 primam
969 1966 1156 2019 mentis
1192 1964 1304 2031 ejus
1337 1964 1714 2031 conceptionem
1739 1999 1754 2025 ,
1788 1924 1833 1984 Β
1860 1966 2131 2025 errantes,
2164 1974 2347 2015 secum
2396 1963 2497 2031 ipsi
2539 1964 2836 2033 aliquando
2865 1975 3126 2037 pugnent,
3157 1976 3212 2024 et
3255 1970 3436 2040 inepte

208 2064 412 2108 matrem
464 2056 722 2121 omnium,
757 2069 850 2125 per
896 2071 1052 2125 quam
1079 2056 1232 2109 initio
1270 2057 1499 2122 concepit
1550 2052 1759 2123 angelos
1861 2054 2051 2100 contra
2104 2063 2163 2102 se
2223 2047 2428 2103 dicant.
2473 2048 2538 2102 Ει
2586 2066 2645 2106 re
2678 2050 2898 2121 quidem
2937 2070 3064 2109 vera
3095 2052 3433 2127 Epiphanius

209 2142 365 2208 facere
390 2152 438 2197 et
476 2143 931 2213 archangelos.....
992 2159 1024 2195 a
1074 2141 1259 2212 quibus
1288 2150 1336 2195 et
1366 2140 1615 2193 mundum
1646 2139 1761 2209 fac-
1863 2138 2137 2195 Simonem
2167 2139 2290 2195 ideo
2320 2143 2573 2211 castigat,
2626 2144 2771 2213 quod
2823 2144 2891 2200 de
2939 2148 3145 2217 angelis
3188 2150 3432 2220 quaedam

209 2242 307 2286 tum
329 2250 438 2289 esse
461 2234 618 2289 dixit.
649 2234 811 2288 Addit
844 2234 1215 2305 Epiphanius:
1252 2231 1318 2287 Se
1352 2248 1612 2287 summam
1651 2247 1761 2285 esse
1862 2246 2046 2289 secum
2088 2232 2389 2303 pugnantia
2435 2234 2724 2292 tradiderit
2757 2254 2771 2290 :
2808 2236 3267 2302 Quemadmodum
3314 2225 3434 2298 vero

210 2322 297 2377 Dei
324 2327 441 2395 vim,
475 2333 704 2378 scortum
735 2339 851 2378 vero
879 2340 1030 2377 suum
1066 2320 1324 2391 Spiritum
1355 2338 1467 2377 esse
1518 2330 1759 2377 sanctum
1860 2336 2118 2393 nugarum
2163 2340 2382 2377 suarum
2413 2323 2608 2380 oblitus
2647 2326 2923 2397 impostor,
2954 2331 3291 2388 veluteorum
3318 2351 3435 2405 qua

212 2416 463 2483 affirmare
490 2432 652 2470 ausus
678 2426 755 2469 est
785 2428 803 2479 ;
846 2422 1008 2483 atque
1032 2420 1153 2468 eam
1194 2414 1369 2484 ipsam
1396 2428 1519 2468 esse
1544 2421 1755 2481 propter
1862 2422 2017 2467 antea
2072 2411 2386 2479 tradiderat,
2453 2416 2692 2486 ignarus,
2737 2433 2791 2473 se
2820 2420 2989 2489 ipsum
3040 2424 3254 2489 refellit.
3288 2424 3436 2481 Nam

209 2524 349 2573 quam
373 2547 386 2570 ,
436 2516 493 2561 ut
526 2507 765 2577 loquitur
797 2505 1053 2573 lrenreus,
1089 2504 1380 2570 Troianum
1432 2513 1759 2559 contractum
1860 2520 1980 2558 cum
2026 2503 2249 2560 dixisset
2288 2507 2501 2577 angelos
2532 2525 2565 2562 a
2616 2525 2669 2563 se
2720 2525 2809 2578 per
2848 2513 3248 2585 intelligentiam
3282 2533 3435 2573 suam

209 2610 276 2651 est
305 2598 515 2653 bellum.
552 2599 689 2654 ilinc
735 2598 993 2653 ridiculas
1046 2597 1327 2667 anilesque
1358 2598 1572 2652 fabulas
1603 2611 1756 2651 com-
1859 2606 2157 2662 procreatos
2183 2613 2293 2651 esse
2314 2637 2328 2661 ,
2377 2597 2597 2667 subjecit
2645 2609 2845 2668 postea,
2878 2612 2935 2655 ut
2976 2604 3179 2659 eosdem
3210 2607 3331 2663 illos
3360 2609 3433 2663 la-

210 2699 432 2755 mentus,
465 2689 811 2745 asseverabat
865 2702 995 2743 eos:
1044 2688 1146 2753 Qui
1187 2689 1243 2741 in
1271 2704 1386 2741 eum
1429 2697 1478 2741 et
1511 2688 1567 2741 in
1601 2686 1760 2743 Hele-
1862 2695 1966 2741 tere
2011 2686 2367 2742 descendendo
2397 2699 2591 2757 posset,
2626 2692 2853 2761 ﬁguram
2886 2693 2941 2746 in
2975 2711 3280 2767 unoquoque
3307 2700 3435 2755 calo

210 2796 319 2833 nam
349 2767 487 2849 spem
516 2781 841 2835 habebant...
877 2779 1157 2835 secundum
1184 2780 1353 2848 ipsius
1384 2780 1608 2848 gratiam
1656 2780 1761 2834 sal-
1861 2789 2115 2835 mutassc.
2153 2778 2327 2851 Igitur
2352 2781 2548 2836 latebat
2579 2782 2718 2849 ideo,
2748 2784 2884 2855 quod
2906 2802 2993 2841 eos
3025 2797 3295 2845 metueret.
3338 2791 3436 2843 At-

209 2873 310 2923 sari
336 2882 383 2925 et
408 2888 510 2924 non
532 2872 814 2926 secundum
843 2886 1023 2940 operas
1041 2871 1239 2939 justas.
1272 2869 1428 2935 Quod
1456 2876 1607 2924 certe
1641 2881 1761 2922 sec-
1859 2872 1949 2941 qui
1976 2870 2100 2941 quid
2138 2884 2246 2937 eos,
2297 2888 2426 2943 quos
2454 2874 2562 2941 ipse
2616 2874 2947 2943 condiderat,
3000 2879 3213 2949 angelos
3275 2880 3439 2951 impo-

211 2963 465 3017 tatoribus
502 2964 617 3017 suis
646 2963 727 3017 sic
755 2962 842 3016 ille
870 2962 1084 3016 tandem
1113 2967 1462 3030 persuaserat
1486 3000 1500 3023 ,
1534 2965 1593 3013 ut
1622 2959 1758 3012 ima-
1861 2974 1972 3017 star
2002 2963 2094 3017 ille
2116 2962 2418 3021 metuebat?

211 3052 372 3120 ginem
392 3056 509 3122 ejus
541 3054 604 3107 ad
626 3052 1032 3124 figuramJovis,
1061 3050 1271 3107 [ieienze
1295 3065 1423 3107 vero
1450 3050 1513 3105 ad
1536 3049 1759 3122 figuram
1936 3051 2129 3110 Simon
2166 3069 2383 3111 errores
2413 3070 2545 3111 suos
2572 3056 2869 3125 publicavit
2905 3060 3140 3130 primum
3174 3058 3437 3119 Samaria:

216 3140 453 3196 Minervae
512 3142 668 3211 proni
709 3150 1114 3208 venerarentur,
1146 3142 1364 3197 easdem
1414 3140 1757 3208 summentis,
1863 3162 1926 3202 ac
1948 3146 2002 3202 in
2025 3146 2233 3212 Iudaea,
2265 3148 2460 3204 deinde
2486 3149 2607 3205 aliis
2636 3150 2687 3204 in
2714 3150 2870 3216 locis,
2901 3152 3116 3221 oppidis
3144 3161 3198 3208 et
3224 3156 3425 3211 civita-

214 3236 486 3289 sacriflciis
508 3250 572 3289 ac
597 3234 947 3290 iibationibus
971 3236 1146 3290 colere
1174 3250 1281 3288 non
1312 3245 1580 3290 verentes.
1786 3271 1829 3329 ο
1865 3237 2010 3291 tibus
2030 3279 2044 3305 ,
2078 3252 2143 3291 ac
2168 3237 2386 3291 tandem
2416 3236 2637 3305 Romae;
2700 3256 2807 3310 qua
2836 3242 2891 3295 in
2925 3242 3060 3297 urbe
3090 3244 3304 3299 animos
3332 3244 3439 3299 ho-

278 3324 458 3379 Simon
503 3335 784 3396 prseterca,
844 3335 1065 3381 auctore
1128 3324 1428 3395 Epiphanio
1465 3344 1478 3380 :
1525 3324 1761 3381 Nomina
1796 3324 1828 3329 ⁷
1866 3328 2074 3383 minum
2099 3329 2173 3382 ita
2206 3329 2310 3384 sibi
2336 3330 2606 3398 devinxit,
2639 3339 2697 3387 ut
2741 3332 2844 3402 ipsi
2883 3341 3142 3403 tanquam
3178 3351 3437 3407 supremo

214 3416 440 3483 quttdam
489 3418 875 3485 principatuum
915 3427 963 3470 et
988 3426 1303 3485 potestatum
1332 3427 1649 3471 commentus
1687 3427 1764 3471 est
1868 3419 1977 3475 Deo
2022 3420 2221 3475 summi
2273 3421 2607 3477 adorationis
2669 3422 2905 3480 honores
2965 3423 3166 3480 fuerint
3210 3426 3436 3494 decreti,

217 3507 527 3577 ralestesque
554 3507 734 3578 globos
779 3510 1041 3563 varios....
1077 3517 1312 3562 nostrum
1342 3525 1497 3577 porro
1527 3509 1623 3563 hoc
1670 3526 1766 3563 ste-
1865 3518 1919 3561 et
1972 3507 2201 3565 Claudio
2250 3510 2574 3581 imperante,
2633 3520 2808 3567 statua
2842 3514 3015 3569 eidem
3046 3526 3226 3570 erecta
3264 3519 3317 3571 in
3354 3519 3438 3571 in-

214 3597 374 3651 culum
402 3599 465 3651 ab
489 3600 741 3667 nequitia
793 3600 1169 3667 principatibus
1198 3610 1247 3653 et
1278 3600 1620 3669 potestatibus
1646 3618 1764 3654 cum
1865 3598 1985 3652 sula
2004 3598 2251 3655 Tiberina
2276 3602 2422 3654 inter‘
2437 3602 2569 3657 duos
2591 3613 2792 3672 pontes,
2812 3620 2926 3658 cum
2948 3605 3045 3659 hac
3066 3608 3436 3677 inscriptione:

215 3686 397 3754 defectu
422 3690 709 3743 conditum.
736 3686 806 3743 Se
828 3704 975 3755 vero,
997 3700 1053 3745 ut
1080 3690 1349 3746 subnectit
1374 3690 1626 3756 irenrcus,
1646 3702 1763 3744 cum
1866 3690 2071 3745 Simoni
2111 3691 2239 3746 αι)εο
2297 3691 2515 3749 Sancto.
2572 3693 2811 3749 Narrant
2862 3705 3042 3751 tamen
3098 3702 3436 3756 recentiores

217 3777 491 3834 hominibus
521 3788 880 3833 conrersatum
927 3779 1119 3845 aiebat,
1150 3796 1267 3833 cum
1295 3798 1399 3834 non
1423 3788 1558 3835 esset
1588 3779 1761 3845 homo;
1864 3781 2087 3851 quidam
2115 3783 2411 3852 scriptores
2468 3785 2511 3815 “
2567 3786 2886 3855 pontificatu
2932 3785 3181 3857 Gregorii
3238 3789 3437 3846 decimi

215 3878 256 3921 et
282 3886 521 3937 passum,
548 3888 665 3925 cum
697 3888 795 3925 non
830 3881 959 3925 esset
984 3888 1189 3941 passus.
1865 3872 2011 3927 tertii
2052 3873 2325 3929 inventam
2381 3874 2610 3945 hujusce
2660 3884 2854 3935 statua:
2894 3879 3066 3934 basim
3117 3880 3383 3950 lapideam
3414 3922 3432 3949 ,

278 3960 507 4017 Docebat
538 3963 759 4033 insuper
788 3983 799 4017 :
832 3963 1015 4033 Legem
1051 3963 1250 4035 Moysis
1272 3982 1382 4029 non
1414 3983 1445 4020 a
1476 3964 1604 4030 Deo.
1657 3965 1763 4020 nti-
1865 3964 1951 4017 cui
1982 3964 2095 4019 haec
2136 3966 2421 4035 inscriptio
2460 3967 2627 4021 incisa
2660 3975 2779 4022 erat
2810 3986 2822 4023 :
2850 3969 3063 4025 Semoni
3091 3964 3265 4025 Sanco
3323 3971 3432 4027 Deo

221 4064 328 4105 mur
355 4052 645 4123 Epiphanii
677 4054 875 4116 verbis,
908 4054 996 4109 sed
1030 4072 1059 4107 a
1084 4056 1301 4109 sinistra
1348 4056 1577 4126 quadam
1616 4057 1765 4110 intel—
1866 4051 2022 4108 Fidio
2054 4071 2285 4117 sacrum.
2338 4056 2392 4109 id
2444 4063 2527 4110 est
2580 4064 2637 4109 ut
2668 4056 2771 4125 ipsi
2816 4056 2967 4109 aiunt
3004 4075 3017 4111 :
3049 4055 3290 4121 Herculi,
3323 4073 3433 4115 non

221 4140 414 4210 ligentia
438 4144 767 4213 profectam;
799 4146 1052 4215 utineque
1077 4146 1365 4215 prophetas
1396 4163 1425 4200 a
1452 4148 1593 4202 bono
1622 4146 1754 4213 Deo,
1868 4140 2100 4199 Simoni.
2132 4144 2259 4199 inde
2306 4155 2484 4200 autem
2544 4146 2874 4201 concludunt
2917 4144 3214 4212 Jnstinum,
3244 4150 3435 4219 primi-

221 4234 302 4285 sed
347 4234 411 4288 ab
473 4236 581 4288 alia
633 4244 792 4305 atque
850 4235 955 4288 alia
1016 4236 1370 4305 intelligentia
1428 4246 1760 4304 comparatos
1864 4232 2082 4303 genium
2110 4235 2313 4289 erroris
2346 4234 2490 4289 illius
2522 4234 2746 4298 fontem,
2779 4236 2847 4290 ob
2875 4233 3297 4309 Latinaelingua:
3330 4239 3437 4293 im-

220 4319 432 4386 fuisse...
473 4324 695 4393 denique
722 4326 956 4395 quisquis
1014 4325 1185 4379 Veteri
1234 4326 1566 4381 Testamento
1600 4328 1755 4397 ﬁdem
1870 4324 2116 4393 peritiam
2149 4340 2176 4377 a
2208 4322 2543 4379 Simonianis
2580 4326 2887 4395 deceptum,
2940 4326 3233 4383 tradidisse
3290 4329 3435 4385 hanc

223 4411 411 4465 adhibet
439 4452 453 4477 ,
488 4415 756 4467 incurrere
785 4425 999 4467 mortem
1045 4424 1327 4469 asseverat.
1378 4415 1760 4471 Resurrectio-
1865 4415 2034 4471 fuisse
2066 4412 2304 4471 Simonis
2330 4413 2465 4482 Magi
2491 4420 2750 4469 statuam.
2790 4412 2898 4468 Sed
2930 4416 3291 4485 scriptoribus
3323 4418 3432 4473 illis

224 4516 330 4556 nem
364 4520 491 4559 vero
525 4515 889 4570 mortuorum,
932 4508 1007 4561 uti
1043 4506 1279 4561 refertur
1308 4510 1450 4577 apud
1502 4511 1761 4578 Augusti-
1865 4507 2083 4562 omnino
2113 4503 2447 4575 probandum
2480 4513 2597 4560 erat
2623 4506 2797 4561 basim
2830 4506 3000 4572 illam,
3030 4522 3149 4578 quas
3180 4506 3266 4563 bis
3296 4516 3433 4563 tem-

222 4606 337 4646 num
365 4635 378 4659 ,
404 4598 733 4667 pernegabat
762 4638 774 4662 ,
808 4598 1129 4668 sinebatque
1168 4599 1537 4654 indiiferenter
1563 4602 1638 4655 uti
1680 4601 1758 4655 fe-
1792 4594 1837 4650 D
1866 4597 2088 4667 poribus
2116 4595 2320 4651 ultimis
2354 4597 2572 4649 inventa
2601 4604 2707 4661 est,
2741 4597 2988 4653 eamdem
3018 4599 3187 4669 ipsam
3220 4597 3391 4655 fuisse
3416 4644 3431 4667 ,

221 4684 386 4739 minis.
420 4685 517 4743 liis
549 4688 682 4742 alias
721 4688 853 4758 ipse,
881 4696 932 4742 et
958 4670 1213 4757 discipuli
1245 4690 1365 4759 ejus
1396 4690 1762 4759 adjungcbant
1865 4691 2076 4760 ipsique
2112 4686 2509 4756 superpositam
2538 4695 2771 4741 statuam
2806 4689 2977 4752 illam,
3018 4688 3085 4743 de
3113 4704 3216 4759 qua
3259 4687 3435 4759 Justie

219 4773 589 4841 obscenitates,
648 4779 1123 4849 turpitudinesque
1168 4789 1371 4834 aeterno
1416 4780 1758 4836 damnandus
1865 4795 1970 4835 nus
2004 4778 2205 4848 aliique
2251 4774 2442 4832 Patres
2491 4777 2863 4847 antiquissimi
2915 4780 3249 4835 mentionem
3300 4782 3431 4836 olim

222 4862 437 4919 silentio.
484 4864 609 4920 illas
641 4875 817 4926 tamen
845 4868 1109 4923 Eusebius
1134 4869 1177 4899 "
1198 4870 1281 4922 his
1307 4871 1515 4938 paucis.
1550 4886 1649 4925 nec
1679 4871 1763 4925 in-
1868 4872 2134 4926 fecerunt.
2969 4880 2977 4890 ‘

225 4946 472 5020 honestis,
500 4959 683 5012 verbis
713 4960 1153 5028 comprehendit:
1181 4958 1331 5013 Nihil
1363 4970 1470 5014 tam
1495 4962 1761 5029 impurum
1935 4960 2066 5016 Utut
2096 4964 2189 5023 sit,
2222 4959 2430 5030 primus
2464 4959 2552 5013 ille
2579 4958 3066 5015 haeresiarcharum
3096 4974 3295 5030 parens
3344 4961 3432 5013 Si-

222 5055 301 5096 sut
334 5064 440 5101 esse
470 5059 564 5101 aut
586 5049 874 5119 excogitari
916 5060 1103 5119 potest,
1159 5050 1295 5121 quod
1340 5052 1761 5121 flagitiosissima
1878 5067 2001 5106 mon
2036 5050 2243 5120 Magus,
2277 5065 2303 5102 a
2335 5051 2510 5117 primo
2540 5050 2915 5119 apostolorum
2944 5050 3212 5120 principe,
3250 5049 3429 5103 Simo.

223 5132 439 5202 illorum,
477 5137 717 5197 Simonis
742 5141 1134 5210 discipulorum
1160 5182 1176 5208 ,
1211 5153 1351 5196 secta
1391 5143 1541 5211 longo
1599 5144 1762 5197 inter-
1868 5159 1936 5198 ne
1963 5142 2144 5204 Petro,
2179 5144 2487 5211 perculsus,
2518 5141 2696 5196 victus
2739 5148 3159 5213 prostratusque
3185 5152 3269 5199 est
3306 5163 3318 5198 :
3363 5143 3431 5199 lis

226 5229 347 5282 vallo
395 5248 497 5285 non
542 5243 765 5299 superet,
808 5232 933 5285 dum
964 5235 1167 5288 miseris
1196 5244 1368 5304 atque
1403 5236 1543 5289 omni
1578 5236 1765 5291 scelere
1864 5233 2076 5295 Judaza,
2142 5234 2315 5301 inquit
2349 5231 2614 5288 Eusebius
2646 5233 2685 5265 "
2707 5274 2720 5299 ,
2753 5251 2784 5286 a
2830 5232 2989 5287 Petro
3032 5235 3273 5301 apostolo
3310 5251 3431 5293 cott-

222 5325 456 5389 coopertis
490 5324 794 5377 mulieribus
825 5325 1074 5381 illudunt.
1862 5329 2026 5383 victus
2054 5335 2153 5388 est,
2194 5325 2467 5395 omniaque
2495 5327 2606 5394 ejus
2659 5325 2922 5395 maleﬁcia
2961 5326 3227 5393 patefacta
3252 5364 3268 5390 ,
3310 5327 3429 5381 lon-

286 5411 497 5483 Origeni
532 5416 574 5447 ’δ
606 5418 648 5468 si
684 5417 1001 5475 credideris.
1046 5416 1232 5471 Simon
1266 5435 1279 5471 :
1313 5416 1427 5483 Quo
1456 5418 1629 5487 plures
1663 5421 1763 5474 sibi
1863 5420 2073 5490 gissime
2104 5425 2251 5470 trans
2281 5433 2424 5471 mare
2446 5417 2625 5487 fugam
2654 5403 2897 5486 arripuit.
2922 5411 3079 5472 Hunc
3106 5426 3285 5472 autem
3317 5415 3429 5472 Ro-

230 5517 414 5560 sararet
452 5507 759 5577 discipulos,
792 5509 1008 5562 sustulit
1036 5510 1098 5564 de
1142 5526 1239 5563 sua
1284 5509 1525 5565 doctrina
1572 5514 1757 5567 mortis
1870 5525 2012 5566 mam
2047 5506 2337 5578 fugientem
2370 5508 2647 5579 apostolus
2677 5508 2980 5573 insecutus,
3025 5508 3224 5563 ibidem
3271 5509 3426 5563 illum

290 5730 327 5763 ¹⁰
360 5732 487 5808 Loc.
512 5737 603 5793 cit.
645 5807 649 5808 ί
706 5736 744 5808 ξι
772 5735 897 5808 Lib.
935 5736 995 5791 de
1050 5740 1181 5808 liter.
1210 5752 1325 5808 cap.
1372 5739 1424 5793 Ι.
1527 5739 1568 5769 η
1604 5737 1721 5793 Lib.
1757 5752 1796 5791 il
1828 5738 1967 5791 Hist.
2003 5736 2243 5808 capsib.
2313 5736 2367 5808 ff
2394 5734 2584 5808 i.ib._tt
2621 5735 2932 5808 Histrcap.
2966 5736 3054 5808 i3.
3136 5734 3177 5766 “
3225 5733 3424 5808 Libys

239 5812 379 5929 f'orlt‘ti.b
400 5804 652 5929 Cle‘lsmu"
673 5805 926 5948 0:31.11“
967 5803 1291 5879 ρηεοετὶρε.”
1314 5822 1435 5882 cap.
1472 5808 1559 5866 53.
1640 5808 1896 5865 "Justin.
1932 5803 2087 5877 Apoi.
2124 5807 2175 5877 i,
2214 5822 2269 5863 n.
2307 5806 2397 5872 9.6,
2434 5815 2486 5861 et
2514 5805 2711 5863 Euseb.
2747 5806 2841 5862 lib.
2884 5803 2923 5863 it
2958 5804 3079 5860 Hist
3156 5820 3274 5876 cap.
3332 5803 3419 5861 ιδ.
