4054 6320
657 422 726 478 15
1831 418 1917 473 DE
1952 417 2260 474 OMNIBUS
2292 415 2688 475 CENERATIM
3806 429 3878 482 i6

660 552 985 606 omnemque
1037 545 1156 616 ejus
1192 535 1488 607 potentiam
1546 533 1744 590 delevit
1798 543 1852 589 et
1911 535 2171 590 exstinxit
2202 554 2217 592 :
2250 544 2294 601 Α
2323 537 2543 601 cultum,
2596 550 2745 606 quem
2780 535 3001 603 abjicere
3029 537 3126 610 risi
3158 537 3388 606 fuerant,
3429 538 3669 606 deinceps
3693 539 3888 595 nihilo-

655 624 788 681 Cum
813 626 907 678 Det
938 624 1199 686 doctrina,
1232 621 1579 693 prosequitur
1620 621 1904 682 Eusebius,
1959 619 2219 674 Romanos

654 717 877 772 aduentu
893 717 1341 778 suoillustrassct,
1362 715 1591 768 Simonis
1606 713 1808 781 quidem
1863 714 1901 766 ῖς
1920 722 1966 765 et
1987 714 2220 782 potentia

652 824 769 860 cum
790 823 901 876 ipso
919 805 1078 859 simul
1097 816 1309 858 auctore
1329 804 1466 857 brevi
1481 805 1738 856 exstincta
1761 812 1915 872 atque
1929 803 2099 855 deleta
2116 811 2213 855 est.

651 902 830 968 Atque
872 907 929 951 ut
955 896 1243 966 Augustini
1265 896 1444 949 verbis
1499 904 1715 948 utamur
1753 896 1793 926 ’⁸
1824 913 1837 947 :
1865 893 1928 946 In
1961 910 2062 964 qua
2091 892 2215 945 urbe

651 989 919 1057 apostolus
952 987 1142 1041 Petrus
1185 982 1306 1038 eum
1360 1001 1481 1038 uera
1528 986 1714 1038 uirtute
1737 984 1832 1036 Dei
1853 984 2214 1052 omnipotentis

618 1125 620 1128 .
646 1083 918 1138 exstinxit.
938 1080 1193 1146 Quamvis
1211 1087 1388 1132 autem
1418 1078 1507 1131 ille
1537 1078 1616 1130 sic
1639 1076 1832 1131 fuisset
1857 1077 1926 1130 ab
1955 1075 2213 1146 Apostolo

647 1174 882 1228 obtritus
929 1183 1088 1241 atque
1137 1186 1465 1240 oppressus,
1525 1170 1706 1239 plures
1762 1177 1941 1222 tamen
1999 1168 2215 1236 reliquit

646 1280 896 1319 errorum
929 1266 1305 1332 scelerumque
1330 1278 1553 1317 suorum
1582 1276 1950 1315 successores.
1982 1259 2114 1313 Nam
2145 1275 2211 1313 ex

648 1361 748 1410 hac
780 1356 1124 1408 amarissima
1154 1353 1358 1414 radice,
1404 1352 1447 1406 si
1479 1351 1877 1407 Theodoretum
1914 1351 2103 1404 audias
2146 1353 2206 1413 ³⁸,

647 1450 749 1501 orti
780 1458 898 1501 sunt
948 1444 1220 1506 Cleodani,
1274 1443 1601 1505 Dositheani,
1668 1440 1934 1503 Gort/teni,
1987 1439 2180 1494 Μηδὺο

649 1538 768 1596 tbei,
793 1536 1137 1598 Adrianistw,
1173 1533 1497 1603 Eutyclicta',
1525 1532 1608 1586 vel
1637 1540 1693 1584 ut
1714 1529 1855 1598 apud
1879 1530 2206 1583 Clementem

649 1629 1075 1682 Alexandrinum
1105 1626 1190 1692 '°;
1242 1624 1553 1694 Eutychitae,
1586 1622 1840 1676 Cainista:
1880 1623 1948 1675 ¹¹.
2021 1620 2208 1673 Verum

646 1722 915 1784 Iti.omnes,
958 1736 1073 1772 cum
1105 1719 1276 1787 impia:
1304 1717 1511 1770 liceresis
1543 1731 1731 1783 pravas
1763 1711 2018 1782 quasdam
2037 1721 2207 1763 muta-

647 1817 806 1868 tiones
838 1814 1236 1882 excogitassent,
1263 1828 1361 1863 non
1389 1811 1478 1862 diu
1507 1809 1788 1871 durarunt,
1835 1805 1921 1857 sed
1951 1813 2208 1873 perpetrm:

2323 629 2495 681 minus
2520 627 2847 682 relabuntur.
2876 628 3173 683 Exstabant
3212 646 3339 700 ergo
3383 629 3602 685 Eusebii
3642 640 3889 703 tempore

2321 719 2540 790 quidam
2572 720 2794 773 hmresis
2827 718 3153 775 Simoniana:
3186 722 3445 778 fautores.
3477 723 3545 778 At
3593 739 3715 781 cum
3768 725 3889 795 ple—

2319 826 2538 878 rosque,
2572 812 2790 865 retectis
2819 827 3006 865 eorum
3041 811 3346 873 fraudibus,
3385 829 3448 867 ex
3492 813 3733 868 Ecclesia
3771 813 3890 881 eje-

2317 911 2433 954 c105
2457 917 2578 957 esse
2610 902 2748 957 idem
2785 902 3053 957 Eusebius
3087 903 3428 967 testiﬁcetur,
3461 904 3513 957 id
3546 913 3693 960 certe
3738 906 3889 959 indi-

2316 994 2400 1047 cio
2426 1001 2510 1046 est
2541 1008 2640 1046 nec
2671 993 2838 1047 dubio
2868 1011 2966 1048 nec
2993 996 3250 1059 obscuro,
3280 1009 3374 1049 eos
3405 1004 3519 1048 tum
3553 1011 3755 1063 paucos
3787 996 3885 1049 ad-

2275 1081 2282 1086 '
2315 1086 2534 1137 modum
2582 1085 2771 1151 fuisse,
2802 1094 2854 1139 et
2885 1087 3101 1154 quidem
3137 1087 3238 1141 sub
3273 1085 3410 1141 falso
3448 1085 3886 1142 Christianorum

2314 1175 2532 1229 nomine
2564 1191 2684 1230 sese
2729 1177 3084 1231 occultantes.
3130 1176 3284 1231 Unde
3317 1177 3613 1231 concludas
3655 1193 3886 1233 necesse

2310 1277 2412 1326 est.
2454 1269 2698 1322 haeresim
2749 1271 2892 1323 illam
2947 1287 3056 1323 non
3095 1271 3188 1324 diu
3229 1279 3415 1340 postea
3449 1285 3830 1328 perseverasse
3858 1310 3874 1337 ,

2311 1369 2362 1413 et
2388 1361 2495 1413 cito
2522 1361 2690 1415 fuisse
2723 1362 3064 1416 exstinctam.

2904 1451 3132 1506 CAPUT
3181 1452 3269 1508 IV.

2787 1543 2864 1597 De
2893 1543 3077 1597 ha’rcsi
3110 1543 3414 1599 Menandri.

2383 1635 2428 1665 "
2461 1633 2754 1688 Menander
2797 1635 3168 1688 Samaritanus
3215 1652 3396 1704 genere
3447 1652 3473 1689 e
3501 1636 3608 1689 vico
3640 1636 3881 1705 Capena-

2312 1729 2432 1790 teia,
2456 1725 2843 1796 Καπαρατείας
2869 1741 2956 1776 seu
2974 1724 3207 1795 Χὰϐραι,
3223 1726 3496 1792 oriundus,
3515 1726 3750 1782 Simonis
3768 1728 3882 1781 dis-

2310 1817 2524 1885 cipulus
2546 1855 2560 1882 ,
2596 1810 2639 1846 ”
2664 1816 2916 1883 majorem
2938 1832 2990 1868 se
3017 1825 3337 1869 antecessore
3361 1834 3419 1867 ac
3443 1807 3757 1884 praeceptore
3778 1834 3878 1872 suo

645 1906 889 1960 oblivioni
923 1906 1110 1958 traditi
1165 1912 1305 1955 sunt.
1333 1903 1399 1955 At
1423 1902 1468 1955 si
1496 1900 1794 1970 Hegesippo
1827 1898 1982 1952 tidem
2011 1896 2199 1949 habere

2303 1906 2563 1975 jactabat.
2598 1905 2939 1976 Quapropter
2968 1907 3247 1961 nonnullis
3291 1907 3616 1975 quibusdam
3663 1908 3876 1962 errori-

649 2001 799 2062 vclis,
843 2008 1075 2068 quatuor
1124 1998 1334 2066 priores
1373 1993 1635 2062 originem
1667 1992 1937 2043 duxerunt
1971 2005 1982 2038 :
2013 1986 2058 2039 E
2093 2003 2208 2055 sepe

646 2101 746 2142 tem
776 2090 926 2142 sectis
957 2090 1008 2140 in
1031 2085 1259 2139 Judaico
1288 2083 1477 2153 populo
1530 2081 1919 2150 proseminatis.
1981 2077 2057 2132 Ex
2101 2092 2207 2146 quo

644 2180 890 2234 Valesius
907 2180 1047 2233 hanc
1063 2178 1247 2232 elicuit
1269 2175 1673 2231 conclusionem
1699 2192 1712 2227 :
1747 2171 1953 2225 Rectius
1986 2171 2207 2222 dixisset

646 2269 1015 2331 Tlteodoretus,
1033 2283 1120 2320 eas
1151 2282 1325 2319 omnes
1354 2280 1419 2318 ea:
1448 2263 1688 2315 Judaicis
1714 2262 1867 2315 sectis
1892 2260 2054 2328 fuisse
2082 2275 2206 2328 pro-

642 2369 884 2430 pagatus,
912 2359 1135 2411 maxime
1163 2372 1279 2409 rere
1306 2371 1422 2408 cum
1449 2353 1687 2423 qua'dam
1706 2352 1915 2404 illarum
1937 2346 2208 2402 hwresetbv

644 2453 951 2507 Simoniana
982 2449 1286 2503 vetustiores
1334 2462 1446 2499 esse
1476 2446 1768 2506 videantur,
1824 2442 1963 2494 verbi
2009 2440 2201 2509 gratia,

644 2545 903 2598 Gortltena
955 2553 1004 2596 et
1038 2540 1378 2594 Dositheana.
1438 2538 1542 2592 Sed
1578 2551 1767 2589 vereor
1795 2545 1852 2587 ut
1885 2535 1998 2586 haec
2042 2531 2202 2585 Vale-

642 2637 795 2690 siana
836 2633 1153 2694 conclusio,
1185 2645 1291 2700 qua
1333 2645 1398 2682 ex
1428 2628 1640 2681 duabus
1680 2626 1843 2684 sectis
1890 2623 2202 2678 Simonizma

642 2726 1051 2785 vetustioribus,
1091 2722 1226 2774 alias
1277 2728 1497 2789 qudque
1539 2717 1657 2784 ipsa
1713 2715 2046 2782 antiquiores
2082 2729 2203 2769 esse

644 2815 824 2878 infert,
878 2812 1131 2868 omnibus
1183 2809 1406 2862 omnino
1463 2807 1741 2877 probetur.
1799 2804 1970 2858 Porro
2023 2811 2200 2858 autem

644 2904 974 2975 Epiphanius
1011 2917 1076 2954 ex
1126 2900 1345 2952 Simone
1392 2895 1680 2949 Gnosticos
1706 2904 1856 2947 ortos
1892 2909 2014 2947 esse
2052 2894 2198 2946 aliir-

639 3005 749 3050 mat
776 2997 831 3026 ²²·
853 3014 865 3050 :
899 2997 1064 3062 Atque
1083 2992 1199 3044 hinc
1213 3006 1388 3044 eorum
1408 3005 1534 3057 quos
1555 2987 1827 3041 Gnosticos
1851 2984 2196 3055 appellamus,

639 3086 781 3154 origo
799 3084 1074 3152 profluxit.

706 3177 964 3232 Testatur
990 3173 1252 3245 Origenes
1282 3170 1330 3203 ’³
1368 3187 1396 3225 a
1441 3187 1544 3226 suo
1575 3171 1684 3240 jam
1719 3180 1961 3239 tempore
1995 3168 2201 3224 exstir-

635 3279 816 3338 patam
848 3265 1287 3321 Simonianorum
1308 3264 1551 3318 haeresim
1576 3281 1587 3316 :
1621 3261 1774 3314 Nunc
1804 3278 2059 3331 nusquam
2083 3278 2200 3330 gon-

639 3362 768 3412 tium
797 3367 1009 3413 exstant
1053 3356 1371 3412 Simoniani.
1403 3354 1476 3408 De
1529 3353 1873 3408 Dositheanis
1925 3361 2104 3406 autem
2165 3367 2197 3406 a

637 3453 796 3506 nobis
856 3452 1017 3519 paulo
1099 3459 1224 3503 ante
1273 3447 1589 3500 memoratis
1625 3484 1638 3509 ,
1697 3445 1809 3497 haec
1870 3444 2195 3514 subjungit:

637 3543 900 3598 Craterum
955 3541 1262 3594 Dositheani
1313 3555 1404 3592 nec
1461 3554 1693 3607 unquam
1752 3539 2089 3605 ﬂoruerunt,
2151 3545 2200 3590 et

638 3652 772 3689 nunc
809 3635 1019 3689 omnino
1052 3633 1298 3686 exstincti
1347 3639 1490 3692 sunt,
1529 3638 1584 3682 ut
1615 3631 1821 3683 ..omine
1853 3638 2056 3682 tantum
2086 3646 2201 3681 ma-

638 3738 786 3780 nente
810 3766 826 3791 ,
859 3730 993 3779 inter
1024 3725 1243 3794 triginta
1294 3733 1625 3780 censeantur.
1659 3720 1765 3775 Sed
1798 3721 1932 3776 falsa
1962 3722 2197 3790 quadam

637 3820 950 3873 narratione
977 3818 1236 3886 deceptus
1268 3822 1351 3871 est
1384 3814 1669 3883 Origenes,
1706 3823 1796 3867 aut
1823 3829 1888 3868 ex
1917 3814 2005 3877 iis,
2062 3829 2198 3882 quas

640 3909 755 3978 ipse
781 3914 1183 3977 peragraverat,
1215 3904 1533 3974 regionibus
1575 3905 1716 3957 idem
1761 3913 1813 3957 et
1855 3904 1912 3956 in
1943 3904 2197 3959 omnibus

563 4022 566 4025 ·
638 4000 823 4054 mundi
881 3999 1126 4068 partibus
1181 3995 1450 4050 accidisse
1521 3994 1910 4048 arbitrabatur.
1996 3992 2195 4048 Scribit

634 4093 780 4148 enim
835 4090 1104 4145 Eusebius
1134 4086 1463 4154 "quosdam
1513 4085 1690 4137 adhuc
1732 4123 1746 4146 ,
1781 4084 1911 4137 dum
1965 4084 2191 4147 viveret,

635 4183 885 4239 extitisse
933 4180 1260 4236 Simonianaz
1295 4179 1565 4231 haereseos
1609 4185 1909 4229 sectatores
1943 4193 1957 4230 :
1987 4175 2191 4238 Simon,

635 4276 812 4346 inquit
841 4276 952 4336 ille,
987 4273 1140 4343 [idem
1163 4275 1215 4327 in
1238 4273 1506 4326 Christum
1529 4270 1796 4323 simulavit
1823 4309 1838 4332 ,
1895 4279 1951 4321 ut
1985 4269 2191 4337 baptis-

635 4384 776 4420 mum
796 4366 1096 4432 susciperet.
1125 4364 1274 4429 Quod
1296 4363 1503 4432 quidem
1536 4362 1824 4418 etiamnum
1867 4360 1981 4428 ﬁeri
2009 4360 2072 4412 ab
2111 4359 2191 4412 his

634 4458 722 4528 qui
747 4458 1067 4511 teterrimam
1105 4456 1214 4524 ejus
1233 4465 1426 4508 sectam
1447 4453 1758 4521 profitentur
1784 4491 1798 4515 ,
1831 4468 1934 4504 non
1956 4453 2064 4505 sine
2097 4451 2192 4504 ad-

2309 1993 2409 2048 bus
2439 1993 2618 2062 impia":
2654 1995 2896 2063 magistri
2927 1995 3009 2047 sui
3050 1994 3313 2049 doctrina:
3338 1995 3540 2053 additis
3568 1999 3651 2051 vel
3681 1999 3881 2054 immu-

2308 2085 2456 2147 tatis,
2492 2099 2687 2138 novam
2719 2086 2962 2140 condidit
2992 2096 3217 2151 sectam,
3255 2097 3308 2142 et
3334 2089 3709 2144 hmresiarcha:
3743 2091 3879 2144 titu—

2309 2173 2418 2228 lum
2467 2190 2530 2229 ac
2581 2192 2781 2230 nomen
2845 2179 3168 2246 promeruit.
3205 2178 3254 2234 is
3288 2179 3471 2249 itaque
3498 2197 3620 2235 cum
3681 2181 3874 2236 Simon

2307 2266 2534 2322 dixisset
2563 2284 2824 2321 summam
2873 2284 2931 2323 se
2972 2285 3093 2325 esse
3137 2269 3233 2324 Dei
3277 2274 3535 2337 uirtutem,
3569 2274 3821 2328 docuit"
3854 2293 3870 2330 :

2305 2355 2547 2410 Primam
2566 2357 2774 2428 quidem
2801 2359 3046 2413 virtutem
3065 2361 3381 2429 incognitam
3408 2364 3668 2425 omnibus,
3692 2379 3746 2414 se
3769 2379 3874 2414 au-

2307 2457 2407 2499 tem
2440 2464 2558 2502 eum
2588 2466 2720 2511 esse,
2744 2450 2833 2518 qui
2863 2451 3052 2504 missus
3090 2453 3159 2503 sit
3191 2451 3254 2503 ab
3287 2452 3661 2519 inuisibilibus,
3692 2455 3875 2506 salua-

2307 2545 2469 2589 torem
2494 2552 2585 2604 pro
2607 2537 2774 2589 salute
2811 2539 3064 2592 omnium.
3099 2538 3194 2593 llis
3238 2539 3433 2607 adjecit
3479 2557 3492 2593 :
3521 2538 3875 2592 Resurrectio—

2305 2643 2420 2678 nem
2451 2642 2541 2695 per
2571 2626 2623 2678 id
2659 2626 2794 2696 quod
2823 2637 2900 2680 est
2934 2628 2987 2679 in
3017 2644 3133 2680 eum
3162 2627 3441 2696 baptisma,
3477 2630 3718 2696 accipere
3752 2629 3871 2695 ejus

2303 2718 2608 2786 discipulos,
2640 2727 2688 2772 et
2717 2721 2856 2772 ultra
2879 2736 2982 2773 non
3025 2736 3174 2789 posse
3217 2722 3371 2783 mori,
3406 2720 3497 2773 sed
3540 2729 3873 2788 perseverare

2303 2827 2405 2863 non
2427 2822 2744 2865 senescentes
2773 2820 2820 2864 et
2851 2811 3194 2865 immortales.
3229 2811 3436 2866 Caetera
3460 2850 3474 2874 ,
3527 2812 3744 2866 eosdem
3800 2825 3871 2864 ac

2302 2909 2603 2971 prmceptor
2636 2918 2770 2957 suus
2798 2917 3014 2957 errores
3040 2911 3093 2957 et
3117 2903 3358 2972 magicas
3407 2910 3550 2957 artes
3580 2911 3872 2956 consecta-

2302 2994 2482 3049 batur.

2371 3083 2658 3139 Nonnullis
2700 3093 2880 3139 autem
2919 3086 3188 3154 explicatu
3224 3084 3441 3161 difficile
3484 3085 3716 3149 videtur,
3751 3100 3868 3155 quo

2305 3193 2468 3230 sensu
2519 3175 2754 3232 lrenaaus
2809 3178 3042 3246 primum
3097 3177 3375 3232 Menandri
3441 3193 3681 3232 errorem
3738 3194 3867 3234 esse

2303 3269 2524 3331 dixerit,
2566 3269 2710 3337 quod
2745 3284 2803 3322 se
2827 3278 3156 3338 praeceptore
3192 3284 3291 3323 suo
3329 3267 3547 3323 Simone
3597 3270 3864 3338 majorem

2297 3360 2548 3429 jactarct,
2582 3374 2706 3414 cum
2738 3357 2929 3415 Simon
2963 3377 3173 3416 summa
3207 3361 3299 3415 Dei
3323 3362 3404 3416 vis
3429 3361 3497 3415 ab
3529 3362 3648 3415 aliis
3673 3361 3867 3414 volue-

2300 3450 2371 3502 rit
2399 3450 2611 3515 audire,
2641 3466 2984 3520 nequaquam
3006 3467 3133 3506 vero
3164 3451 3478 3508 Menander.
3516 3452 3770 3506 Attamen
3809 3452 3860 3506 si

2299 3537 2484 3592 lrenai
2514 3541 2675 3593 verba
2706 3548 2909 3594 attente
2939 3541 3364 3610 perpendantur,
3400 3541 3537 3593 haud
3569 3556 3708 3610 :egre
3747 3542 3864 3594 sol-

2299 3639 2454 3686 vetur
2481 3631 2816 3688 diﬂicultatis
2843 3633 2988 3688 illius
3013 3633 3208 3687 nodus.
3235 3632 3352 3685 Non
3390 3632 3495 3685 alia
3526 3633 3722 3701 quippe
3756 3632 3859 3685 viri

2299 3722 2474 3776 sancti
2511 3737 2665 3777 mens
2697 3738 2817 3778 esse
2840 3725 3053 3778 videtur
3076 3766 3090 3789 ,
3124 3724 3228 3778 nisi
3263 3722 3616 3777 Menandrum
3646 3739 3705 3777 se
3734 3737 3858 3776 tua-

2298 3813 2470 3883 gistro
2502 3830 2622 3879 suo,
2658 3831 2768 3869 non
2816 3816 3018 3869 virtute
3069 3815 3289 3884 quidem
3346 3823 3398 3869 et
3451 3815 3708 3885 potentia,
3758 3816 3861 3870 sed

2297 3903 2525 3957 scientia
2548 3914 2602 3958 et
2632 3905 2895 3962 missione
2925 3906 3251 3975 ptmdieasse
3276 3907 3554 3974 majorem.

2369 3991 2518 4058 Quos
2579 3993 2965 4050 Menandriana
2998 3997 3218 4051 han-esis
3255 3997 3601 4054 adversarios
3640 3997 3859 4052 habue-

2295 4083 2389 4148 rit,
2422 4085 2659 4154 accipies
2685 4101 2713 4138 a
2748 4086 3088 4142 Theodoreto
3112 4089 3155 4119 τ’
3180 4127 3195 4152 ,
3239 4088 3330 4157 qui
3380 4103 3500 4143 eam
3559 4103 3588 4141 a
3637 4084 3862 4143 Iustino

2295 4184 2550 4245 martyre,
2591 4175 2816 4244 Irenaeo,
2861 4192 2924 4230 ac
2951 4176 3184 4247 Origene
3234 4177 3454 4248 scriptis
3493 4187 3861 4248 expugnatam

2295 4279 2417 4320 esse
2439 4273 2692 4322 teatatur.
2738 4265 2922 4337 Neque
2953 4269 3095 4322 ullus
3131 4275 3279 4324 certe
3328 4267 3426 4321 ibit
3481 4285 3717 4340 unquam
3770 4271 3864 4325 in-

2298 4355 2451 4412 ﬁcias
2493 4357 2744 4412 nonnihil
2770 4359 3037 4414 adversus
3070 4361 3215 4415 illam
3255 4377 3286 4416 a
3315 4361 3529 4417 Justino
3557 4371 3612 4416 et
3650 4361 3862 4419 Irenaeo

2295 4449 2571 4502 memoriae
2591 4449 2759 4504 fuisse
2784 4452 3078 4518 proditum.
3103 4451 3484 4509 Verumtamen
3497 4471 3656 4524 quem
3676 4454 3860 4510 Theo-

637 4550 915 4602 miratione
936 4548 1193 4601 cernimus
1223 4561 1239 4597 :
1265 4547 1352 4616 qui
1377 4562 1519 4597 more
1542 4544 1771 4612 parentis
1808 4544 1891 4597 sui
1915 4544 1967 4596 in
2000 4541 2183 4597 Eccle-
2218 4559 2262 4614 ι)
2293 4536 2514 4592 doretus
2544 4539 2737 4592 scribit
2793 4540 2847 4592 in
2897 4540 3138 4605 modum,
3192 4543 3420 4611 ipsemet
3449 4544 3636 4612 procul
3686 4545 3862 4600 dubio

632 4644 768 4697 siam
797 4682 811 4706 ,
845 4652 1094 4710 tanquam
1115 4640 1272 4707 pestis
1303 4647 1393 4690 aut
1429 4638 1570 4706 lepra
1603 4637 1843 4708 quazdam
1887 4637 2187 4705 irrepentes,

631 4733 1002 4805 gravissimum
1036 4732 1285 4784 damnum
1319 4730 1550 4798 inferunt
1577 4731 1662 4793 iis,
1702 4727 1886 4798 quibus
1911 4730 2191 4797 pessimum

630 4823 765 4876 illud
785 4832 835 4876 et
866 4819 1244 4875 immedicabile
1267 4835 1544 4883 venenum,
1569 4818 1706 4887 quod
1735 4817 1992 4870 mentibus
2023 4817 2193 4870 occul-

633 4926 767 4978 tant,
795 4913 1058 4967 instillare
1087 4911 1367 4980 potuerint.
1402 4909 1478 4963 Ac
1510 4910 1740 4979 plerique
1765 4910 1880 4978 jam
1915 4925 2093 4962 eorum
2126 4907 2189 4961 ab

627 5008 864 5061 Ecclesia
891 5007 1041 5075 ejecti
1067 5015 1186 5058 sunt
1214 5046 1228 5070 ,
1259 5021 1376 5058 cum
1415 5005 1563 5073 fraus
1588 5006 1821 5073 ipsorum
1869 5013 2004 5057 esset
2045 5010 2185 5057 dete-

629 5114 732 5153 cta.
758 5097 822 5151 Et.
849 5098 1048 5153 infra”
1076 5118 1088 5152 :
1115 5096 1258 5151 Unde
1291 5097 1357 5151 ad
1385 5104 1620 5151 nostram
1650 5111 1810 5164 usque
1831 5105 2039 5148 a'tatem
2069 5097 2186 5166 qui-

630 5203 828 5258 cunque
855 5189 967 5257 ejus
999 5199 1192 5242 sectam
1217 5189 1551 5257 proﬁtentur,
1586 5203 1704 5239 cum
1734 5203 1787 5240 se
1818 5183 2184 5240 Christianam

630 5278 952 5348 religionem,
980 5279 1187 5346 plenam
1219 5279 1471 5332 molestia:
1504 5287 1554 5331 et
1590 5279 1910 5340 sanctitatis,
1943 5277 2185 5345 amplecti

629 5369 988 5424 simulaverint
1012 5409 1026 5432 ,
1062 5381 1232 5422 tamen
1267 5378 1315 5423 et
1350 5370 1417 5422 ad
1446 5368 1860 5436 superstitiosum
1889 5367 2183 5420 daemonum

701 5593 745 5625 ¹³
775 5593 987 5664 Lib.dc
1038 5599 1220 5651 Itazres.
1271 5610 1389 5664 cap.
1443 5596 1491 5648 ί.

634 5663 725 5720 lib.
763 5679 813 5718 tv
872 5663 1037 5725 Hist..
1070 5681 1189 5734 cap.
1219 5665 1272 5719 2.
1343 5663 1395 5696 “²’
1427 5664 1627 5720 Haeres.
1659 5667 1749 5730 2t,
1781 5667 1834 5722 4.
1913 5666 1998 5719 "1

632 5736 675 5765 “
709 5732 1209 5788 Theodoret.lib.t
1287 5732 1482 5790 Haeret.
1539 5734 1731 5790 Fabul.
1792 5752 1908 5792 cap.
1966 5739 1998 5792 5

635 5753 675 5765 --
722 5753 1030 5788 tneouoret.
1061 5753 1209 5788 no.1
1287 5753 1482 5790 meret.
1539 5753 1731 5790 raout.
1792 5753 1908 5806 cap.
1966 5753 2016 5792 ε).

635 5802 674 5838 ³⁸
703 5803 808 5860 Lib
854 5820 869 5858 ι
914 5803 1110 5858 lim-et.
1141 5803 1329 5859 Fubul.
1373 5821 1491 5874 cap.
1531 5805 1583 5859 2.
1664 5808 1704 5838 ³ο
1733 5807 1846 5860 Lib.
1874 5808 1937 5862 de
1965 5827 2014 5861 αι

1573 5597 1615 5631 ¹⁹
1641 5596 1756 5650 Lib.
1815 5613 1830 5650 ι
1879 5594 2076 5650 "reret.
2120 5593 2256 5650 Fab.
2290 5611 2408 5667 cap.
2446 5598 2496 5652 1.

1573 5682 1605 5697 λ.
1659 5667 1719 5697 Ol
1787 5667 1810 5697 ι
1913 5666 2075 5697 ηῐςιλ
2128 5683 2175 5697 ..ι
2211 5679 2326 5697 nnc-1
2383 5666 2496 5697 ΓΑΙ..

1979 5666 2094 5721 Lib.
2128 5683 2175 5720 v:
2208 5666 2519 5722 cont.'Cels.
2599 5668 2643 5698 "’
2673 5667 2788 5720 Lib.

1979 5739 2016 5792 5.
2095 5739 2136 5768 ⁸⁷
2191 5737 2458 5806 Epiphan.
2495 5737 2810 5793 llteres.22.

1664 5808 1704 5838 ³⁸
1733 5807 1846 5860 Lib.
1874 5808 1937 5862 de
1965 5810 2162 5870 anima,
2199 5823 2316 5876 cap.
2350 5808 2433 5861 50.

2294 4630 2539 4700 quaedam
2571 4631 2676 4706 alia
2706 4645 2892 4686 eorum
2934 4635 3155 4703 scripta,
3188 4637 3386 4705 quibus
3415 4636 3664 4692 hmresim
3705 4637 3859 4693 illam

2292 4722 2514 4791 planius
2541 4722 2831 4792 fusiusque
2858 4723 3234 4791 confutabant,
3267 4727 3338 4780 ibi
3389 4727 3662 4783 indicasse
3701 4728 3858 4783 vide-

2292 4821 2402 4868 tur.
2434 4813 2606 4868 Porro
2637 4825 2816 4870 autem
2851 4831 2973 4886 qua:
3004 4816 3297 4884 blenander
3326 4819 3392 4873 de
3422 4819 3692 4889 baptismo
3727 4835 3856 4885 suo,

2293 4920 2404 4975 quo
2456 4905 2705 4960 homines
2754 4907 3089 4963 immortales
3116 4907 3232 4963 fieri
3276 4909 3568 4979 garriebat,
3603 4909 3740 4964 adeo
3771 4918 3857 4965 te-

2293 5016 2440 5056 mere
2463 5001 2778 5062 venditavit.
2806 5018 2866 5056 ea
2900 5001 3267 5059 Tertullianus
3291 5005 3505 5074 egregie
3535 5004 3752 5066 refellit,
3799 5013 3856 5059 et

2291 5091 2520 5145 ridicula
2565 5105 2687 5144 esse
2737 5091 3085 5147 demonstrat-
3139 5094 3206 5148 “.
3251 5094 3436 5164 Neque
3495 5103 3673 5148 tamen
3718 5093 3853 5148 illud

2291 5197 2576 5239 censemus
2605 5182 2990 5252 adjiciendum,
3020 5185 3160 5255 quod
3192 5186 3438 5240 nonnulli
3457 5185 3852 5240 Tertullianum

2290 5288 2481 5329 rursus
2519 5273 2587 5328 de
2634 5275 2818 5330 eadem
2872 5277 3063 5332 haeresi
3107 5278 3307 5348 aliquid
3346 5278 3400 5332 in
3441 5278 3606 5333 Libro
3631 5280 3694 5332 de
3719 5292 3856 5347 prte-

2295 5367 2661 5435 scriptionibus
2742 5368 2938 5424 litteris
2984 5370 3273 5427 mandasse
3335 5371 3649 5442 epinantur.
3703 5368 3851 5425 Nihil

2573 5597 2616 5627 '°
2648 5595 2767 5668 Lib.
2792 5610 2865 5649 vn
2890 5595 3108 5668 stram,
3144 5597 3353 5668 p.763.
3388 5594 3609 5668 “iApud
3643 5596 3844 5653 Euseb.

2599 5668 2643 5698 ³⁸
2673 5667 2788 5720 Lib.
2824 5682 2862 5720 ιι
2899 5665 3039 5720 "ist.
3061 5665 3178 5736 cap.
3206 5667 3260 5722 2.
3336 5667 3380 5699 "
3433 5665 3565 5722 Ibid.
3598 5684 3718 5735 cap.
3752 5668 3841 5723 i3.

2913 5738 2956 5767 ³⁸
2995 5737 3139 5793 lrcn.
3167 5738 3284 5792 adv.
3335 5736 3540 5804 ligvres.
3597 5753 3716 5808 cap.
3750 5736 3847 5793 2i.
