4054 6320
177 361 243 417 {7
1067 352 1253 406 Plthl
1291 346 1644 404 ECCLESIAE
1684 344 1953 399 S/ECULI
2013 334 2531 395 SCRIPTORIBUS.
3352 326 3417 381 18

172 484 326 538 enim
358 480 429 534 ibi
464 478 531 533 de
588 492 649 531 ea
680 474 939 545 reperias,
983 469 1091 524 nisi
1136 470 1189 522 in
1226 468 1349 523 libri
1402 466 1549 519 illius
1574 464 1749 533 capite
1778 466 1823 522 Α
1855 461 2004 530 cujus
2041 470 2215 512 tamen
2239 456 2359 526 legi,
2393 463 2644 524 tanquam
2691 449 2838 503 bona
2887 447 3244 513 obtemperare
3277 447 3421 498 vide-

175 572 269 637 ιδ,
300 570 445 643 quod
473 568 545 623 ab
588 565 975 636 impostoribus
1020 562 1093 615 ibi
1163 567 1410 615 assutum
1450 570 1571 611 esse
1634 554 1744 608 cri-

177 665 274 719 tici
308 663 596 734 peritiores
624 660 932 715 observant.

250 754 372 810 Non
402 754 494 808 diu
527 753 672 808 stetit
696 751 783 803 illa
806 745 1082 801 Menandri
1112 743 1361 798 haeresis.
1395 740 1647 795 Justinus
1670 738 1745 789 si-

176 845 403 917 quidem
428 844 672 915 quamvis
708 842 889 911 plures
919 838 1071 893 initio
1102 852 1132 890 a
1162 834 1456 890 Menandro
1485 831 1743 900 deceptos

176 955 308 995 esse
338 940 628 1008 agnoscat:
661 947 868 1004 paucos
917 942 1099 984 tamen
1132 942 1234 981 suo
1267 933 1513 993 tempore
1555 936 1747 989 super-

179 1032 344 1086 stites
391 1027 638 1083 extitisse
681 1040 789 1079 non
842 1022 1075 1077 obscure
1124 1019 1366 1075 declarat
1396 1016 1438 1047 ³¹
1476 1034 1489 1069 :
1522 1013 1747 1067 Menan-

177 1120 341 1174 drum
393 1118 681 1173 Antiochia:
729 1112 920 1168 multos
958 1119 1070 1165 arte
1096 1110 1299 1178 magica
1343 1106 1602 1173 decepisse
1641 1102 1745 1155 sci-

180 1229 374 1265 mus...
400 1220 617 1279 suntque
674 1208 804 1260 adeo
832 1221 969 1257 nunc
994 1218 1193 1273 quoque
1216 1197 1280 1253 ab
1310 1215 1369 1252 eo
1398 1196 1583 1265 reliqui
1612 1212 1744 1247 non-

180 1302 323 1357 nulli
338 1343 352 1365 ,
392 1302 479 1372 qui
503 1300 597 1353 hoc
623 1300 701 1353 sic
729 1298 1061 1366 proﬁtentur.
1089 1293 1217 1347 lndc
1246 1306 1375 1361 ergo
1404 1287 1747 1343 Menandria-

176 1407 322 1446 nam
344 1391 591 1446 haeresim
619 1395 743 1444 ante
794 1388 1163 1441 Simonianam
1192 1383 1463 1439 excidisse
1498 1396 1608 1435 non
1652 1380 1748 1433 ab-

176 1485 351 1541 surde
379 1484 632 1554 colliges;
691 1482 797 1537 nisi
831 1496 948 1536 eam
992 1482 1046 1533 in
1087 1476 1351 1532 Saturnili
1378 1484 1432 1532 et
1491 1473 1749 1528 Basilidis

176 1584 368 1634 sectas
392 1572 680 1629 induxisse
707 1572 939 1627 dixeris.
1274 1572 1279 1575 ’

790 1660 1019 1716 CAPUT
1050 1659 1116 1715 ν.

673 1755 749 1813 De
772 1754 960 1811 heresi
973 1752 1226 1808 Cerinthi.

250 1848 548 1905 Corinthus
601 1848 671 1902 ab
732 1848 849 1916 ipso
900 1847 1271 1917 apostolorum
1331 1855 1572 1917 tempore
1601 1857 1753 1897 nova:

176 1939 459 1994 bscreseos
489 1952 707 2009 parcns,
733 1937 788 1995 in
813 1934 1065 2007 diggpto,
1088 1935 1264 2005 inquit
1292 1918 1749 1994 Theodoretus",

172 2032 413 2098 plurimo
439 2038 665 2098 tempore
704 2037 941 2082 vessatus
969 2068 981 2089 ,
1018 2036 1067 2080 et
1103 2027 1157 2080 in
1184 2015 1555 2095 philoiophieis
1584 2027 1753 2091 scien-

176 2126 275 2177 tiis
299 2123 530 2177 eruditus
548 2161 564 2185 ,
588 2122 723 2176 venit
749 2132 931 2190 postea
953 2122 1007 2174 in
1025 2121 1229 2186 Asiam,
1255 2131 1304 2175 et
1325 2120 1606 2189 discipulos
1631 2137 1753 2174 suos

175 2215 247 2267 de
280 2215 487 2267 nomine
515 2230 611 2268 suo
646 2212 947 2281 appellavit.
968 2212 1069 2268 Cui
1103 2213 1347 2267 concinit
1381 2212 1598 2282 quidem
1626 2211 1756 2280 Epi-

176 2304 443 2374 phanius,
477 2304 570 2359 sed
607 2302 759 2357 addit
788 2318 882 2357 eos
913 2302 1089 2358 dictos
1113 2302 1283 2359 fuisse
1313 2301 1707 2359 Merinthianos
1738 2318 1750 2357 :

180 2396 376 2450 Utrum
408 2413 545 2457 vero,
580 2396 653 2449 ait
674 2396 759 2449 ille
778 2396 845 2458 ³³,
878 2393 1160 2449 Cerinthus
1190 2396 1297 2463 ipse
1326 2394 1622 2449 Merinthus
1648 2394 1753 2446 alio

174 2486 393 2539 nomine
415 2486 485 2539 sit
508 2485 704 2548 dictus,
736 2485 935 2537 nescire
966 2501 1045 2539 me
1068 2485 1273 2551 fateor,
1313 2502 1378 2538 an
1402 2493 1594 2553 prater
1617 2483 1756 2537 hunc

174 2579 317 2632 alter
337 2596 397 2633 eo
427 2579 632 2632 nomine
662 2577 954 2647 appellatus
968 2579 1257 2642 exstiterit,
1292 2578 1510 2647 adjutor
1530 2578 1675 2632 illius
1705 2584 1755 2631 et

174 2670 384 2725 socius.
416 2668 471 2721 id
497 2666 707 2739 quidem
738 2668 841 2721 soli
860 2668 967 2721 Deo
998 2677 1320 2734 compertum
1347 2676 1446 2721 est.

251 2757 498 2813 Primum
532 2767 733 2823 autem,
758 2766 899 2815 teste
935 2761 1138 2815 Irenaeo
1169 2760 1233 2823 “,
1261 2759 1553 2813 Cerinthus
1582 2777 1594 2815 :
1632 2756 1756 2812 Non

176 2866 212 2901 a
245 2850 421 2917 primo
454 2849 563 2903 Deo
591 2850 791 2918 factum
818 2867 929 2903 esse
960 2851 1212 2904 mundum
1242 2851 1441 2914 docuit,
1476 2851 1565 2904 sed
1593 2868 1625 2904 a
1652 2852 1758 2904 vir-

174 2949 291 2993 tute
314 2938 544 3007 quadam
561 2948 826 3007 separata,
856 2949 904 2993 et
922 2941 1152 2994 distante
1169 2939 1232 2992 ab
1256 2955 1315 2993 ea
1340 2939 1755 3007 principalitate,

172 3046 298 3100 qut:
326 3039 405 3083 est
426 3046 581 3098 super
598 3030 862 3111 univensa,
894 3040 943 3083 et
972 3032 1240 3100 ignorante
1267 3048 1325 3084 eo
1353 3032 1441 3101 qui
1488 3040 1566 3084 est
1605 3045 1758 3097 super

177 3121 364 3176 omnia
381 3121 506 3175 Deo.
533 3120 811 3175 Christum
844 3128 1045 3182 autem,
1071 3133 1290 3177 auctore
1321 3122 1664 3176 Theodoreto
1689 3123 1756 3190 ⁸⁵,

177 3210 325 3267 duas
352 3212 404 3265 in
426 3222 628 3281 partes,
650 3228 744 3267 seu
769 3228 1031 3282 personas
1058 3229 1087 3265 a
1106 3229 1163 3268 se
1192 3213 1422 3267 invicem
1448 3214 1756 3280 distinctas,

178 3303 495 3369 dividebat;
533 3304 889 3373 tradebatque
935 3304 1121 3359 Iesum
1171 3306 1458 3358 secundum
1510 3315 1759 3361 naturam

179 3405 359 3450 ortum
379 3412 445 3449 ea:
471 3394 664 3465 Ioseph
688 3406 736 3449 et
762 3396 957 3458 Maria,
982 3399 1325 3465 temperantia
1356 3408 1550 3459 autem,
1573 3406 1620 3450 et
1638 3397 1760 3464 jus-

180 3489 331 3555 titia,
374 3498 422 3540 et
454 3488 577 3541 aliis
614 3488 894 3542 virtutibus
949 3491 1276 3545 excelluisse.
1310 3489 1404 3543 Vel
1438 3499 1494 3543 ut
1546 3491 1620 3542 ait
1652 3489 1761 3544 Ire-

181 3596 341 3635 nmus
365 3580 410 3612 “
438 3600 450 3633 ε
487 3579 618 3633 Plus
651 3582 885 3649 potuisse
918 3581 981 3633 ab
1029 3581 1269 3635 omnibus
1291 3622 1304 3645 ,
1336 3591 1383 3633 et
1415 3593 1532 3649 post
1564 3582 1761 3649 baptis-

183 3686 335 3723 munt
360 3669 687 3722 descendisse
734 3671 787 3723 in
828 3688 943 3724 eum
972 3669 1240 3724 Christum
1270 3672 1333 3723 ab
1362 3690 1423 3725 ea
1454 3673 1761 3740 principali—

183 3772 317 3821 tate,
338 3778 459 3832 quae
485 3775 559 3815 est
587 3779 742 3831 super
774 3780 972 3825 omnia,
1005 3765 1177 3833 ﬁgura
1207 3763 1460 3817 catumbaz
1480 3805 1494 3827 ,
1543 3774 1593 3817 et
1640 3774 1761 3821 tunc

184 3853 534 3907 annuntiasse
556 3854 877 3923 incognitum
920 3855 1157 3920 Patrem,
1190 3866 1240 3909 et
1268 3857 1483 3910 virtutes
1510 3857 1762 3925 perfecis~

187 3963 277 4007 se;
309 3947 364 3999 in
387 3947 490 4015 fine
519 3957 690 4000 autem
714 3948 980 4017 revolasse‘
1000 3950 1189 4001 iterum
1215 3949 1484 4002 Christum
1515 3949 1577 4003 de
1607 3949 1759 4014 Jesu,

186 4044 237 4091 et
258 4034 446 4089 Jesum
470 4054 680 4106 passum
722 4054 834 4091 esse
866 4048 915 4091 et
966 4041 1339 4102 resurreaisse,
1373 4040 1641 4094 Christum
1666 4059 1762 4092 au-

191 4139 303 4183 tem
350 4130 725 4195 impassibilem
780 4147 1153 4198 perseverasse,
1208 4132 1513 4185 existentem
1544 4134 1764 4201 spirita-

190 4218 316 4271 lem.
345 4217 548 4273 Contra
578 4227 757 4273 tamen
796 4220 1129 4289 Epiphanius
1158 4222 1222 4285 ³⁷,
1255 4236 1317 4273 ac
1346 4230 1467 4289 post
1498 4239 1621 4275 cum
1652 4224 1762 4275 Au—

186 4307 447 4378 gustinus
481 4307 562 4360 “z
600 4306 801 4372 Dicere,
828 4308 1023 4377 inquit,
1059 4308 1189 4360 nihil
1224 4318 1300 4360 est
1326 4310 1517 4361 veritus
1547 4324 1762 4375 passum

186 4398 404 4469 quidem
435 4408 481 4452 et
500 4400 813 4467 cruciﬁxum
841 4417 950 4454 esse
974 4400 1266 4463 Christum,
1290 4400 1517 4454 nondum
1539 4413 1709 4455 tamen
1734 4420 1765 4453 a

1848 563 1952 606 tur.
1987 551 2126 605 llinc
2166 550 2331 605 etiam
2358 544 2699 601 Cet-inthiani
2725 581 2740 605 ,
2786 548 2842 594 ut
2884 540 3027 594 idem
3079 536 3418 607 Epiphanius

1847 643 2029 698 subdit
2055 641 2133 694 “z
2170 638 2400 693 Paulum
2430 642 2634 703 penitus
2657 632 2963 701 erpludunt,
2986 639 3261 697 propterea
3281 625 3420 697 quod

1847 734 2296 789 circumcisiouem
2346 730 2630 783 abdicavit.
2685 725 3010 779 Philastrius
3062 736 3190 774 vero
3242 720 3421 790 arguit

1846 826 2188 888 Perinthum,
2216 823 2361 894 quod
2388 829 2441 876 et
2468 820 2607 875 alios
2636 819 2822 888 plures
2844 815 2968 869 novi
3004 812 3225 868 fcederis
3250 812 3421 865 libros

1847 916 2217 987 repudiaverit
2242 933 2255 969 :
2282 912 2590 981 Apostolum
2623 908 2847 961 Paulum
2871 923 2970 959 non
2986 904 3198 973 accipit,
3219 901 3421 954 Judam

1847 1008 2166 1078 proditorem
2220 1006 2488 1066 honorat,
2546 1000 2884 1070 Erangelium
2940 993 3224 1051 secundant
3278 992 3423 1046 Mat-

1850 1100 2043 1154 tha’um
2079 1098 2248 1152 solum
2281 1095 2471 1163 accipit
2502 1133 2517 1157 ,
2553 1093 2657 1145 tria
2687 1089 2974 1160 Evangelia
3004 1086 3219 1155 spernit,
3244 1085 3421 1139 beatos

1850 1201 2109 1261 martyres
2147 1189 2492 1256 blasphemat.
2527 1184 2713 1252 Neque
2742 1191 2922 1235 tamen
2954 1180 3021 1233 ab
3052 1194 3121 1243 eo,
3150 1178 3423 1247 integrum

1832 1281 2087 1351 Matthaai
2127 1279 2481 1349 Evangelium
2552 1284 2829 1344 acceptum
2885 1272 3058 1326 fuisse
3106 1277 3300 1322 auctor
3341 1274 3426 1322 est

1851 1370 2187 1441 Epiphanius
2208 1366 2253 1399 δ’
2282 1388 2295 1423 :
2328 1364 2577 1420 Matthazi
2607 1360 2891 1431 Evangelia
2941 1376 3042 1412 non
3072 1358 3298 1425 integro,
3333 1353 3427 1408 sed

1848 1469 2083 1529 exparte
2110 1456 2372 1509 duntaxat
2402 1462 2643 1515 utuntur,
2684 1450 2935 1504 nimirum
2986 1455 3195 1515 propter
3237 1459 3428 1514 genea-

1853 1551 2081 1619 logiam,
2112 1562 2229 1618 qua:
2265 1548 2379 1615 ejus
2408 1553 2485 1598 est
2522 1542 2698 1597 carnis
2748 1540 2983 1609 propria.
3023 1538 3133 1592 Nec
3182 1538 3422 1600 mirum;

1851 1640 2071 1713 quando
2103 1638 2320 1710 quidem
2357 1651 2419 1691 ca
2462 1635 2665 1689 Christi
2695 1632 3013 1705 genealogia
3048 1646 3241 1685 onmes
3270 1645 3426 1684 erro-

1854 1747 1942 1787 res
1970 1729 2216 1787 funditus
2246 1727 2648 1785 evertebantur.

1785 1813 1824 1865 Β
1925 1824 2087 1879 Caius
2135 1830 2315 1876 autem
2363 1818 2506 1888 apud
2546 1816 2842 1871 Eusebium
2885 1814 3147 1870 Cerintho
3183 1827 3427 1868 errorem

1854 1916 2241 1971 Chiliastarum
2275 1911 2466 1965 tribuit
2496 1910 2542 1940 "
2569 1928 2582 1963 :
2612 1906 2718 1962 Per
2755 1905 3091 1961 revelationes
3122 1922 3154 1958 a
3176 1921 3231 1958 se
3253 1943 3268 1968 ,
3305 1913 3429 1967 tan-

1853 2022 2010 2077 quam
2047 2023 2078 2057 a
2110 2018 2297 2072 magno
2328 1999 2577 2068 Apostolo
2601 1999 2927 2066 conscriptas
2955 2036 2969 2061 ,
2998 2004 3249 2065 portenta
3282 2010 3429 2063 qua:-

1853 2098 1998 2161 dam,
2030 2094 2184 2165 quasi
2216 2091 2280 2146 ab
2313 2091 2509 2160 angelis
2550 2089 2651 2143 sibi
2680 2098 2888 2143 ostensa
2916 2098 3259 2153 commentus,
3280 2086 3430 2140 nobis

1854 2186 2186 2246 introducit,
2245 2183 2512 2251 affirmans
2568 2189 2686 2249 past
2739 2180 3169 2233 resurrectionem
3214 2193 3433 2247 regnum

1854 2279 2055 2335 Christi
2082 2278 2136 2330 in
2158 2275 2312 2329 terris
2342 2274 2601 2343 futurum,
2622 2289 2682 2325 ac
2706 2287 2890 2325 rursus
2913 2269 3152 2323 hcnnnes
3174 2268 3431 2323 Hieroso—

1858 2371 2010 2441 lgmis
2030 2370 2290 2437 degentes,
2316 2362 2688 2433 cupiditatibus
2714 2370 2764 2416 et
2794 2361 3050 2429 voluptati
3078 2359 3311 2427 corporis
3340 2356 3433 2411 ob-

1856 2464 2041 2517 noxios
2083 2462 2235 2530 fore;
2296 2456 2544 2526 additque
2587 2455 2731 2508 mille
2788 2469 3047 2507 annorum
3094 2453 3323 2519 spatium
3378 2450 3434 2503 in

1856 2547 2177 2616 nuptialibus
2212 2547 2360 2615 festis
2406 2552 2735 2597 transactum
2778 2542 2867 2595 iri.
2924 2538 3069 2593 Unde
3112 2540 3270 2593 etiam
3309 2538 3436 2593 Chi-

1859 2640 2051 2700 liartaz,
2081 2635 2258 2706 inquit
2292 2633 2633 2704 Augustinus
2659 2632 2725 2693 ιδ,
2762 2639 2884 2685 sunt
2916 2630 3186 2700 appellati.
3222 2628 3276 2682 ld
3303 2643 3436 2682 con-

1860 2730 2039 2783 ﬁrmat
2066 2726 2337 2782 Eusebius
2370 2726 2473 2779 hac
2516 2724 2761 2795 Dionysii
2796 2722 3147 2776 Alexandrini
3188 2720 3434 2773 auctori-

1861 2833 1971 2880 tate
2004 2844 2018 2880 ;
2050 2824 2213 2878 Aiunt
2257 2839 2373 2877 eum
2395 2863 2409 2887 ,
2442 2819 2764 2875 Corinthum
2784 2857 2801 2882 ,
2832 2816 3026 2870 librum
3056 2816 3431 2884 composuisse,

1861 2918 2030 2971 indito
2060 2914 2289 2969 Joannis
2322 2914 2561 2975 nomine,
2594 2910 2721 2963 dum
2763 2909 3133 2962 auctoritatem
3175 2907 3433 2978 ﬁgmentis

1861 3008 1973 3063 suis
2005 3022 2069 3059 ex
2100 3005 2326 3058 Joannis
2358 3002 2565 3056 nomine
2616 3000 2852 3053 mutuari
2882 2998 3050 3051 vellet.
3088 2996 3191 3052 Sed
3225 2997 3291 3051 de
3331 2996 3435 3049 hoc

1864 3100 2099 3155 ridiculo
2151 3097 2398 3153 Cerinthi
2442 3100 2753 3150 commento
2802 3092 2931 3144 alibi
2991 3090 3211 3145 dabitur
3260 3088 3437 3144 fusius

1862 3192 2175 3263 disputandi
2209 3192 2380 3244 locus.

1933 3284 2122 3340 Visum
2155 3289 2238 3337 est
2261 3280 2543 3335 nonnullis
2573 3292 2666 3333 eos
2694 3316 2709 3342 ,
2752 3276 2845 3347 qui
2888 3262 3134 3329 viventes
3160 3273 3436 3343 baptismo

1861 3394 1967 3433 non
2016 3376 2235 3429 fuerunt
2263 3371 2465 3437 abluti,
2498 3375 2621 3439 post
2671 3378 2900 3421 mortem
2939 3367 3005 3419 ab
3049 3366 3117 3419 iis
3164 3364 3436 3418 haereticis

1862 3476 2226 3526 sacramento
2258 3468 2350 3519 illo
2380 3466 2550 3520 fuisse
2580 3464 2841 3517 initiatos.
2872 3459 3069 3515 Verum
3098 3475 3222 3513 cum
3253 3460 3288 3512 ii
3320 3460 3438 3513 solo

1862 3560 2175 3632 Epiphanii,
2206 3572 2369 3628 quem
2400 3557 2467 3610 de
2493 3555 2615 3610 aliis
2648 3551 3118 3625 potiushazreticis
3143 3550 3340 3603 ibidem
3365 3550 3441 3602 lo-

1863 3654 1953 3725 qui
1982 3654 2164 3723 plurcs
2195 3649 2528 3710 existimant,
2562 3645 2875 3700 testimonio
2916 3643 3244 3706 innituntur,
3271 3641 3322 3695 id
3346 3640 3435 3694 isti

1864 3746 1947 3799 vel
1974 3749 2176 3814 negant
2205 3740 2451 3804 omnino,
2481 3739 2566 3792 vel
2601 3737 2817 3808 penitus
2848 3736 3117 3790 incertum
3155 3748 3278 3787 esse
3303 3748 3439 3785 cono

1864 3837 2113 3893 tendunt.

1933 3926 2148 3993 Quanto
2206 3921 2419 3977 horrori
2479 3919 2774 3975 Corinthus
2834 3916 3027 3973 Joanni
3094 3913 3438 3985 evangelista?

1867 4022 2049 4085 fuerit,
2081 4018 2345 4075 discimus
2377 4030 2441 4069 ex
2472 4014 2673 4067 Irenaeo
2695 4011 2740 4042 ⁸⁸
2762 4050 2777 4074 ,
2810 4010 2903 4079 qui
2932 4008 2998 4062 ab
3030 4007 3151 4060 aliis
3182 4021 3241 4060 se
3281 4020 3441 4058 acce-

1866 4114 2011 4185 pisse
2033 4118 2283 4171 testatur,
2303 4107 2592 4170 Joannem,
2613 4121 2731 4157 cum
2764 4101 2976 4156 lavandi
3002 4117 3165 4154 causa
3195 4098 3437 4152 balneum

1867 4203 2058 4271 Ephesi
2086 4209 2219 4253 esset
2248 4200 2535 4267 ingressus,
2576 4196 2685 4248 viso
2713 4194 2856 4246 intus
2888 4190 3142 4246 Cerintho
3162 4229 3176 4255 ,
3222 4202 3343 4241 mox
3374 4188 3441 4239 il~

1868 4298 2029 4350 lotum
2060 4310 2122 4346 ea:
2152 4291 2337 4344 balneo
2369 4290 2684 4359 profugisse,
2713 4296 2867 4355 atque
2894 4286 2948 4337 in
2992 4283 3101 4337 lucc
3139 4280 3439 4353 prorupisse

1868 4386 2023 4441 verba
2047 4401 2065 4438 :
2099 4384 2389 4453 Fugiamus
2425 4381 2566 4443 hinc,
2592 4396 2652 4432 ne
2673 4377 2809 4446 forte
2847 4375 3087 4428 balneum
3115 4386 3352 4437 corruat,
3384 4373 3438 4428 in

190 4492 419 4546 mortuis
444 4494 749 4556 excitatum,
776 4511 835 4547 ac
865 4502 974 4546 tum
1004 4493 1210 4548 demum
1241 4512 1356 4546 cum
1384 4496 1577 4548 mortui
1598 4513 1755 4549 resur-

1868 4498 1967 4547 quo
1998 4489 2073 4533 est
2104 4476 2379 4532 Cerinthus
2408 4473 2641 4527 veritatis
2670 4472 2936 4524 inimicus.
2973 4465 3311 4537 Epiphanius
3338 4464 3439 4532 igi-

2090 4571 2101 4578 .
2135 4570 2147 4578 .
2279 4566 2335 4578 τ-τ.
2363 4568 2372 4578 ο
2458 4565 2468 4575 ι
2512 4572 2521 4578 .
2565 4564 2597 4578 οι
2663 4562 2696 4578 ο.
2824 4577 2827 4578 ,
2878 4577 2883 4578 ,
2918 4559 3008 4578 ,_!-
3052 4558 3235 4578 _______l
3276 4555 3435 4578 J--L?.-

189 4592 316 4653 gent
345 4599 542 4644 omnes.
573 4586 930 4639 excitandum.
974 4584 1126 4639 Unde
1158 4587 1352 4638 merito
1382 4587 1600 4656 quidem
1638 4588 1763 4656 jure

190 4674 581 4736 Cerinthianos
611 4676 813 4731 secum‘
838 4677 1068 4731 invicem
1100 4686 1284 4747 aperte
1332 4694 1604 4747 pugnasse
1632 4696 1762 4735 con-

193 4764 395 4819 cludit.

268 4854 380 4910 Nec
423 4859 603 4914 minus
635 4858 857 4914 hazresis
883 4858 973 4911 illa
998 4858 1099 4913 sibi
1130 4858 1229 4927 ipsi
1256 4859 1309 4911 in
1339 4856 1404 4911 eo
1432 4859 1763 4916 adversaba-

197 4957 308 5012 tur,
339 4950 485 5017 quod
514 4968 527 5003 :
588 4950 760 5005 Carne
795 4952 1100 5005 circumcidi
1148 4959 1403 5017 oportere,
1438 4952 1602 5004 verba
1634 4961 1763 5006 sunt

199 5042 492 5110 Augustini
523 5044 586 5103 ⁸⁹.
618 5054 769 5113 atque
816 5044 926 5097 alia
973 5043 1275 5112 hujusmodi
1310 5043 1464 5112 legis,
1508 5044 1762 5098 nimirum

200 5129 472 5190 llosaicae.
503 5143 758 5201 prcecepta
784 5135 981 5202 servari
1017 5134 1249 5202 juberet.
1282 5132 1422 5185 Nam
1452 5150 1567 5186 eum
1605 5151 1638 5187 a
1664 5152 1763 5203 quo

200 5223 285 5276 lex
315 5225 516 5277 tradita
547 5226 637 5289 sit,
662 5226 853 5279 bonum
889 5237 1037 5294 negat
1068 5243 1198 5289 esse,
1230 5230 1304 5278 ait
1338 5225 1669 5293 Epiphanius
1698 5225 1761 5293 ‘°,

890 5430 933 5461 "
995 5428 1111 5483 Lib.
1186 5446 1221 5482 ll
1287 5429 1484 5484 Ilmret.

582 5502 626 5530 ³⁸
680 5498 806 5554 Lee.
900 5501 973 5554 cit

581 5570 627 5601 ⁸⁸
672 5568 801 5623 Loe.
862 5570 953 5625 cit.

277 5430 319 5461 ”
387 5428 605 5498 Apolog.
684 5428 739 5484 2.

201 5516 325 5570 cap.
383 5500 475 5555 25.

201 5587 325 5641 cap-
380 5570 431 5641 8-

1120 5500 1163 5530 ³⁸
1220 5500 1347 5554 Loc.
1396 5504 1487 5553 cit.
1586 5501 1625 5530 ³⁷
1688 5499 1764 5551 De

1053 5571 1094 5601 δι
1141 5569 1255 5623 Lib.
1308 5570 1368 5622 de
1428 5571 1613 5623 literas.

203 5636 480 5694 Theodor.
514 5639 621 5695 loc.
652 5643 743 5693 cit.
788 5649 838 5693 et
869 5642 1116 5695 eumdem
1155 5641 1351 5695 Euseb.
1389 5640 1481 5691 lih.
1511 5655 1582 5690 vn
1632 5639 1797 5699 Hist.
1847 5654 1965 5705 cap.
2000 5636 2087 5689 ‘25.

1558 5428 1752 5481 Fabul.
1785 5443 1903 5495 cap.
1956 5426 2010 5479 5.

1708 5499 1764 5551 De
1857 5492 2045 5551 htcres.
2097 5492 2123 5563 §
2180 5494 2233 5545 8.

1708 5570 1751 5599 "
1809 5566 1939 5620 Luc.
1998 5566 2122 5625 cit.,
2178 5562 2202 5631 §
2257 5561 2307 5614 5.

1872 4581 1979 4635 tur,
2012 4571 2103 4641 qui
2135 4570 2248 4622 haec
2279 4565 2471 4620 Ebioni
2510 4562 2722 4627 tribuit,
2755 4559 3017 4615 memoria
3052 4558 3239 4627 procul
3272 4555 3438 4608 dubio

1869 4667 2057 4735 lapsus
2086 4668 2187 4716 est.
2228 4659 2413 4726 Neque
2440 4664 2619 4710 tamen
2652 4652 2718 4707 ad
2750 4649 3167 4721 expugnandam
3192 4646 3437 4701 Cerinthi

1871 4758 2118 4814 haeresim
2152 4754 2227 4811 ibi
2269 4752 2425 4807 stetit,
2458 4749 2676 4803 divinus
2721 4747 2880 4824 plane
2915 4741 3142 4795 Joannis
3192 4738 3355 4791 ardor
3387 4745 3440 4790 et

1870 4850 2133 4907 studium.
2168 4846 2267 4899 llle
2295 4844 2459 4904 enim,
2488 4851 2542 4894 ut
2571 4824 2737 4893 tradit
2769 4831 3226 4903 Hieronymus“:
3262 4829 3442 4896 Scrip-

1868 4948 1938 5001 sit
1977 4939 2321 5010 cvangelium,
2353 4943 2566 5008 rogatus
2610 4931 2672 4984 ab
2713 4930 2854 4983 Asia!
2882 4926 3155 4995 episcopis,
3190 4925 3439 4976 adversus

1872 5034 2199 5093 Cerinthum,
2224 5030 2456 5096 aliosque
2487 5023 2778 5077 ha’reticos.
2804 5016 3139 5099 Epiphanius
3167 5014 3208 5045 "
3257 5020 3437 5065 autem

1874 5129 2171 5181 arbitratur
2217 5120 2478 5174 Jacobum
2539 5116 2783 5183 aliosque
2836 5109 3109 5178 apostolos
3172 5106 3438 5159 adversus

1875 5219 2124 5276 eumdem
2154 5210 2569 5269 hmreeinrcham
2603 5208 2809 5260 litteras
2841 5205 2892 5257 in
2919 5204 3032 5256 lucc
3063 5200 3224 5253 verba
3247 5196 3439 5250 Antio-

2116 5424 2160 5453 ³³
2197 5414 2526 5474 limres.'28.
2660 5412 2721 5451 -³⁵
2792 5408 2911 5463 Lib.
2971 5404 3157 5459 tAdv.
3246 5410 3431 5461 Iuvrcs.

2342 5490 2387 5520 ⁸⁸
2422 5486 2550 5538 LOC.
2606 5482 2699 5535 Cit.
2836 5480 2889 5534 6.
2993 5478 3035 5508 ³⁸
3101 5475 3202 5549 De_
3248 5478 3429 5549 Intres.

2413 5558 2458 5587 ”
2490 5556 2606 5607 Lib.
2659 5567 2718 5603 ιιι
2756 5544 2943 5614 ’Νίκη
3014 5564 3132 5616 cap.
3176 5544 3271 5616 ‘28.
3316 5545 3431 5601 νεά,

2166 5614 2210 5663 δι
2236 5632 2379 5683 Loco
2439 5631 2529 5679 cit.
2608 5624 2649 5653 ‘5
2694 5622 2890 5675 liusvh.
2970 5614 3175 5673 libfnt
3227 5614 3432 5672 llistor.

2350 5701 2375 5715 α-

204 5726 324 5777 Cap.
350 5711 439 5769 28.
462 5719 516 5765 et
544 5711 648 5780 lib.
677 5728 746 5775 iv,
781 5726 898 5778 cap.
930 5712 1015 5771 Η,
1048 5720 1099 5763 et
1129 5712 1241 5780 ipse
1277 5711 1389 5763 lren
1412 5727 1505 5763 sus
1546 5710 1633 5763 lib.
1669 5714 1721 5779 3,
1753 5686 2119 5761 advrllltrres.
2174 5720 2292 5771 cap.
2348 5701 2380 5754 5
2451 5705 2505 5751 et
2537 5693 2741 5749 Theod.
2799 5695 2889 5746 lib.
2926 5708 2984 5746 ll.
3065 5691 3106 5719 “‘
3139 5686 3213 5739 De
3250 5690 3431 5757 script.

205 5784 411 5845 πρίει..
444 5780 501 5835 in
525 5779 684 5834 Joan.
762 5782 802 5811 ⁸⁵⁷
836 5780 1035 5836 “teres.
1072 5782 1161 5847 “28,
1202 5781 1223 5849 ﬁ
1270 5782 1321 5832 ‘3.
