4046 6326
573 306 636 364 19
1759 313 1846 368 DE
1882 313 2185 369 OMNIBUS
2218 313 2615 372 GENLRATIM
3734 324 3804 381 20

570 428 751 485 ciiism
782 428 1091 489 direxisse:
1128 430 1395 498 Quoniam
1440 431 1773 501 cognovimus
1803 428 2061 501 quosdam
2102 447 2134 483 a
2162 431 2209 489 Α
2237 442 2385 484 more
2433 438 2809 500 procreatum;
2834 462 2837 471 ι
2864 431 3149 503 Ipsumque
3190 430 3393 488 Filium
3428 430 3524 491 Dei
3561 448 3801 505 progres-

567 516 714 573 nobis
738 517 809 571 ad
840 535 927 575 vos
950 536 1061 575 esse
1086 521 1365 590 profectos,
1388 530 1493 579 etc.
1520 506 1711 577 Nullus
1738 536 1954 591 quoque
1983 520 2142 603 dubi-
2241 519 2383 574 sione
2409 520 2657 590 quadam
2686 521 2892 575 uirtutis
2912 562 2926 587 ,
2948 584 2951 586 η
2976 523 3138 579 verba
3184 534 3310 581 sunt
3338 521 3621 597 Epiphanii
3652 526 3717 590 ",
3750 535 3801 584 et

568 614 649 663 lat
680 604 903 663 Petrum
934 620 989 666 et
1016 609 1268 677 Paulum,
1300 611 1488 668 eodem
1521 611 1736 681 penitus
1756 609 2032 666 evertendi
2052 626 2139 667 er-

568 686 713 774 roris
741 712 927 755 amore
964 715 1299 771 succensos,
1339 710 1533 757 contra
1565 703 1741 774 ipsum
1783 702 1918 756 inito
1956 711 2167 757 certam

566 772 731 854 mine,
764 788 1014 863 haeresim
1051 792 1173 863 ejus
1211 791 1526 849 conlutasse
1556 772 1611 849 et
1656 791 1991 863 proﬂigasse.
2040 792 2137 863 His

566 876 945 943 Theodoretus
976 884 1223 957 adiungit
1267 885 1498 951 Caium,
1550 885 1865 958 Dionysium
1895 888 2133 943 Alexan-

564 968 804 1033 drinum.
836 972 1111 1030 Justinum
1129 983 1454 1047 martyrem,
1478 974 1737 1031 lrenseum
1761 984 1923 1047 atque
1947 975 2134 1048 Orige-

562 1058 709 1119 nem.
742 1061 915 1120 Porro
944 1072 1124 1119 autem
1168 1080 1292 1119 cum
1345 1082 1451 1121 non
1501 1067 1641 1123 alios
1676 1068 1769 1137 qui
1811 1074 2003 1122 contra
2032 1068 2133 1133 Ce-

564 1151 811 1208 rinthum
838 1152 1199 1224 pugnaverint
1223 1194 1238 1217 ,
1271 1158 1661 1219 commemoret
1695 1154 1779 1208 vir
1805 1155 1895 1209 ille
1916 1155 2128 1216 doctis-

542 1240 761 1308 -simus,
792 1242 919 1297 hinc
950 1257 1057 1297 non
1088 1244 1202 1299 leve
1232 1244 1448 1299 ducitur
1472 1252 1848 1315 argumentum
1882 1244 2131 1300 haeresim

561 1332 744 1395 illam,
777 1334 922 1388 circa
951 1330 1201 1402 Origenis
1241 1343 1483 1403 tempora
1523 1335 1847 1388 exstinctam
1877 1372 1892 1395 ,
1948 1334 2129 1389 nullos

565 1422 799 1493 amplius
830 1420 1088 1480 habuisse
1120 1423 1379 1480 fautores.
1406 1425 1623 1479 Certum
1673 1432 1855 1479 tamen
1884 1433 1966 1481 est
1991 1440 2131 1495 pm-

560 1515 756 1585 cipuos
796 1514 1041 1571 Corinthi
1095 1531 1310 1572 errores
1349 1516 1415 1571 ab
1447 1516 1568 1572 aliis
1612 1524 1796 1585 postea
1844 1516 2127 1587 adoptatus

560 1602 729 1660 fuisse
768 1604 1060 1681 haereticis.
1097 1607 1189 1676 qui
1232 1620 1371 1661 nova
1417 1607 1577 1663 sectis
1607 1608 1742 1671 suis,
1777 1612 1835 1663 ut
1862 1607 2125 1690 dicemus,

558 1694 777 1749 nomina
805 1694 1201 1765 imposuerunt.

1170 1782 1401 1841 CAPUT
1441 1785 1526 1843 Vl.

1051 1875 1129 1930 De
1155 1876 1351 1951 .lueresi
1399 1878 1631 1935 Ebionis.

565 2011 573 2023 .
631 1960 804 2020 Ebion
844 1965 1001 2035 cujus
1050 1982 1243 2021 nomen
1277 1967 1419 2037 apud
1463 1968 1652 2025 Patres
1682 1968 2032 2026 doctissimos
2055 1971 2122 2039 “,

558 2054 695 2109 idem
726 2070 788 2116 ac
820 2057 1088 2110 mendicus
1122 2066 1300 2123 sonat,
1332 2074 1361 2112 a
1410 2058 1578 2135 Mario
1620 2060 1918 2117 Mercatore
1949 2064 1993 2095 “
2025 2078 2124 2118 vo-

553 2150 707 2199 catur
732 2144 1067 2213 philosophus
1113 2157 1167 2201 et
1214 2149 1411 2202 stoicus
1457 2150 1813 2218 philosophus.
1863 2152 2123 2209 Eruditus

553 2243 733 2287 autem
764 2235 999 2304 scriptor
1018 2236 1235 2305 quidam
1267 2254 1463 2292 nomen
1492 2242 1725 2295 mendici
1754 2242 1854 2311 ipsi
1893 2240 2119 2297 inditum

553 2331 729 2393 putat,
763 2326 905 2394 quod
938 2326 1135 2395 spretis
1165 2326 1401 2392 divitiis,
1434 2331 1796 2387 voluntariam
1834 2344 2123 2403 pauperta.

554 2423 661 2471 tem
724 2415 1088 2486 proﬁteretur.
1149 2402 1346 2485 Verum
1399 2420 1701 2491 Epiphanio
1749 2402 2015 2479 Ebionita:
2066 2442 2120 2479 se

550 2504 816 2562 mendicos
840 2508 1155 2577 pra'dicant,
1185 2512 1321 2582 quod
1361 2514 1719 2581 apostolorum
1752 2522 1977 2582 tempore
2007 2532 2119 2570 mos

546 2598 679 2644 esset
712 2591 847 2645 bona
876 2608 974 2650 sua
1005 2594 1295 2652 distrahere
1316 2638 1331 2663 ,
1361 2609 1409 2653 et
1440 2599 1508 2653 ad
1540 2600 1754 2654 illorum
1793 2601 1944 2671 pedes
1977 2601 2117 2666 abii-

546 2694 681 2735 cere.
822 2690 827 2695 ’

620 2766 742 2835 Quo
772 2778 956 2827 autem
998 2774 1118 2831 loco
1139 2784 1191 2831 et
1223 2784 1465 2849 tempore
1494 2788 1613 2834 om
1644 2782 1716 2838 sit
1741 2781 1964 2839 Ebinnis
2009 2785 2118 2838 hm-

546 2859 689 2921 resis
715 2860 856 2915 idem
898 2862 1233 2935 Epiphanius
1270 2868 1354 2923 bis
1388 2871 1568 2927 verbis
1607 2872 1859 2927 declarat.
1876 2874 1920 2906 '°
1952 2893 1963 2929 :
1998 2874 2116 2931 Hu-

535 2946 629 3015 jus
664 2947 917 3017 factionis
945 2954 1220 3009 exordium
1265 2968 1383 3026 post
1428 2960 1927 3033 Hierosolymjtanae
1968 2966 2113 3023 urbis

543 3040 804 3097 excidium
844 3046 1018 3113 coepit.
1053 3046 1168 3113 Quo
1194 3057 1421 3119 tempore
1450 3050 1741 3107 Christiani
1780 3072 1954 3112 omnes
1993 3073 2113 3111 cum

2238 612 2597 679 conjunctione
2624 628 2743 665 cum
2780 612 2889 668 Deo
2927 613 3127 683 factum
3161 629 3178 669 :
3212 615 3546 686 proindcque
3588 617 3770 687 adopti

2238 716 2366 755 vum
2391 700 2657 761 duntaxat
2685 718 2807 758 esse
2832 703 2925 759 Dei
2954 703 3171 771 Filium,
3206 720 3263 761 ut
3287 706 3460 765 eidem
3485 707 3678 763 Ebioni
3704 724 3801 764 ex-

2236 790 2457 860 probrat
2491 792 2779 851 Mercator.
2835 792 3144 851 Sectatores
3191 805 3373 852 tamen
3427 795 3650 872 Ebionis
3688 813 3798 857 non

2236 896 2344 936 uno
2371 882 2670 953 eodemque
2698 884 2858 941 modo
2892 882 3303 957 hunc'magistri
3330 888 3413 941 sui
3442 898 3797 955 erroremjsec

2234 973 2345 1026 cuti
2370 980 2503 1026 ‘sunt
2536 992 2545 1025 :
2579 975 2692 1028 Alii
2722 975 2982 1035 enimuero
3016 976 3077 1036 ab
3109 978 3190 1053 his
3221 977 3398 1031 eodem
3428 978 3635 1041 nomine
3663 994 3798 1035 nurs-

2232 1062 2429 1131 cupati,
2461 1062 2636 1132 inquit
2664 1065 2935 1124 Eusebius
2963 1068 3029 1134 'v‘,
3071 1067 3354 1123 absurdam
3382 1084 3562 1123 eorum
3591 1079 3799 1129 sentem.

2232 1152 2361 1234 tiam
2392 1153 2700 1221 reficientes,
2731 1155 2997 1225 Christum
3022 1158 3226 1234 quidem
3255 1174 3320 1218 ea:
3361 1159 3567 1231 Virgine
3595 1170 3644 1226 et
3674 1158 3799 1228 Spiu

2231 1227 2337 1295 ritu
2365 1232 2546 1324 sancto
2576 1248 2807 1318 genitum
2836 1266 2947 1305 esse
2988 1227 3091 1309 non
3120 1260 3311 1324 negant
3341 1227 3486 1306 :rsed
3523 1250 3679 1306 iidem
3712 1252 3792 1305 ni-

2228 1322 2511 1392 hilominus
2542 1354 2659 1391 cum
2691 1337 2981 1406 Christum,
3016 1322 3200 1411 utpote
3219 1342 3415 1408 Deum,
3455 1343 3701 1407 Verbum.
3732 1360 3791 1397 aa.

2227 1427 2537 1494 sapientiam
2568 1421 2772 1496 Patris,
2810 1443 2927 1489 ante
2956 1436 3129 1488 omnia
3152 1435 3441 1496 substitisse
3473 1438 3681 1491 minime
3706 1436 3791 1504 fa-

2231 1523 2461 1580 teantur,
2507 1519 2561 1572 in
2613 1523 2847 1576 eamdem
2884 1540 3002 1577 cum
3042 1524 3307 1593 prioribus
3347 1529 3657 1582 sententiam
3702 1526 3789 1583 de-

2228 1604 2365 1674 lapsi
2390 1618 2531 1663 sunt.
2568 1608 2721 1667 Unde
2747 1614 2909 1667 etiam
2939 1608 3271 1685 Epiphanius
3296 1617 3343 1649 "
3370 1638 3381 1671 :
3408 1617 3517 1672 Alii
3550 1618 3702 1673 aliter
3728 1621 3794 1674 de

2230 1697 2441 1753 Christo
2490 1705 2926 1769 pronuntiant....
2961 1703 3221 1761 Nonnulli
3264 1710 3401 1762 enim
3429 1726 3496 1765 ea:
3539 1713 3611 1765 eis
3641 1712 3792 1765 Ada-

2230 1807 2369 1843 mum
2399 1792 2564 1861 fuisse
2587 1794 2854 1850 Christum
2878 1799 3259 1866 pradicant...
3288 1793 3402 1861 Ἀἰξί
3430 1820 3457 1857 e
3486 1805 3612 1858 calo
3636 1805 3792 1861 Chri-

2228 1889 2366 1932 stum
2401 1890 2512 1936 este
2540 1885 2858 1952 conﬁtentur
2880 1927 2895 1949 ,
2929 1888 3018 1940 sed
3056 1898 3178 1941 ante
3210 1892 3387 1944 omnia
3430 1905 3692 1956 creatum,
3729 1911 3791 1947 ac

2227 1972 2471 2039 spiritum
2499 1974 2775 2043 quemdam
2809 1993 2939 2043 esse,
2972 1980 3271 2050 astgelisque
3298 1992 3585 2051 prazstare,
3634 1996 3792 2055 atque

2226 2063 2454 2113 omnium
2474 2079 2643 2115 rerum
2658 2063 2987 2119 dominatum
3016 2077 3203 2126 tenere.
3234 2069 3335 2136 Qui
3356 2088 3469 2125 cum
3490 2084 3791 2142 perpetuam

2226 2152 2337 2203 illic
2365 2152 2745 2208 habitationem
2775 2159 2990 2212 sortitus
3022 2160 3109 2223 sit,
3128 2162 3325 2230 quoties
3353 2162 3648 2232 libuerit,in
3678 2166 3789 2221 ἠως

2222 2241 2407 2308 inﬁma
2438 2242 2718 2313 delabitur,
2741 2248 3179 2316 quemadmodum
3202 2253 3255 2305 in
3275 2252 3478 2308 Adamo
3502 2255 3790 2325 descendit,

2222 2341 2269 2383 et
2319 2332 2634 2399 patriarchis
2675 2352 2887 2403 corpore
2937 2340 3289 2409 circumfusus
3347 2346 3623 2411 apparuit,
3652 2347 3790 2401 velut

2213 2419 2336 2476 cum
2380 2424 2447 2478 ad
2499 2427 2895 2492 Abrahamum,
2954 2428 3203 2484 lsaacum
3245 2443 3292 2487 et
3331 2426 3590 2489 Iacobum
3628 2437 3786 2506 adjit.

2215 2512 2369 2568 'Idem
2403 2515 2618 2587 denique
2652 2520 2923 2586 postremis
2947 2524 3261 2590 temporibus
3286 2527 3439 2589 venit,
3464 2527 3655 2582 Adami
3677 2546 3789 2583 cor-

2216 2621 2341 2673 pore
2373 2617 2654 2672 contectus,
2693 2618 2742 2665 et
2773 2610 2925 2665 homo
2968 2613 3107 2667 visus
3146 2625 3245 2679 est,
3276 2600 3323 2668 et
3346 2617 3399 2668 in
3430 2632 3632 2671 crucem
3662 2620 3789 2673 sub-

2218 2696 2359 2752 latus
2391 2700 2642 2763 surrexit,
2668 2710 2716 2754 et
2746 2704 2979 2762 ascendit
3009 2706 3061 2757 in
3093 2708 3299 2763 caelum.
3344 2705 3546 2762 Rursus
3588 2708 3675 2764 ubi
3719 2712 3785 2765 li-

2218 2784 2409 2853 buerit,
2439 2788 2514 2841 ita
2541 2805 2595 2843 se
2627 2806 2733 2845 rem
2758 2791 2943 2847 habere
2964 2803 3172 2863 negant,
3208 2796 3259 2848 in
3283 2812 3499 2867 eumque
3524 2799 3785 2854 duntaxat

2216 2892 2326 2930 sese
2352 2890 2594 2934 sanctum
2642 2880 2898 2949 infudisse
2932 2881 3187 2951 Spiritum
3208 2924 3221 2947 ,
3253 2885 3343 2955 qui
3378 2895 3455 2939 est
3505 2886 3743 2944 Christus
3764 2930 3782 2955 ,

2214 2980 2430 3039 eumque
2457 2970 2543 3037 qui
2571 2967 2725 3022 Jesus
2761 2976 2973 3025 vocatus
2997 2980 3095 3036 est,
3132 2973 3386 3029 induisse.
3417 2974 3482 3028 Et
3521 2977 3662 3032 intra
3685 2979 3730 3012 "
3764 2999 3778 3035 :

2216 3055 2360 3111 Duos
2389 3074 2421 3111 a
2456 3057 2563 3113 Deo
2593 3061 2901 3117 constitutos
2934 3081 3046 3121 esse
3095 3076 3346 3121 asserunt
3371 3106 3384 3131 ,
3419 3068 3687 3124 Christum
3729 3081 3781 3127 et

544 3130 597 3183 in
626 3129 814 3186 Perwa
842 3132 1104 3205 degerent,
1144 3150 1297 3209 atque
1333 3143 1385 3194 in
1410 3142 1535 3196 urbe
1562 3142 1714 3198 Pella
1743 3148 2075 3214 potissimum
2094 3189 2110 3214 ,
2132 3124 2182 3183 ο
2214 3146 2504 3213 diabolum,
2534 3165 2755 3219 quorum
2786 3153 2868 3206 illi
2907 3155 3107 3223 futuri,
3142 3156 3261 3209 huic
3298 3124 3571 3227 priesentis
3596 3124 3781 3218 seaculi

540 3235 660 3290 qua
683 3222 736 3276 in
760 3222 1139 3294 Decapolitana
1156 3232 1423 3297 provincia
1451 3244 1596 3290 est...
1621 3250 1778 3304 prope
1800 3236 2112 3294 Batanceam

540 3312 994 3375 acBasanitidem
1012 3328 1047 3383 ;'
1072 3336 1187 3375 cum
1220 3323 1354 3388 illic,
1386 3324 1622 3395 inquam,
1655 3326 1980 3387 domicilium
2003 3332 2114 3386 col—

542 3403 806 3483 locassent
832 3445 849 3471 ,
880 3406 1001 3463 hinc
1032 3408 1225 3468 Ebioni
1263 3414 1391 3468 data
1429 3425 1506 3469 est
1552 3419 1877 3490 propagandi
1914 3424 2109 3478 erroris

542 3492 773 3579 occasio.
819 3494 923 3573 Qui
954 3498 1032 3567 [in
1060 3516 1193 3573 pago
1240 3504 1468 3572 quodam
1519 3506 1744 3572 Cocabe,
1798 3511 1860 3569 in,
1905 3511 2111 3581 regions

539 3573 948 3640 Cdrnaimorum
976 3626 991 3653 ,
1021 3590 1257 3656 Arnemi,
1307 3604 1357 3647 et
1385 3595 1815 3664 Astarotharum,
1845 3608 1895 3653 et
1936 3573 2107 3660 Dusa-

537 3671 722 3749 nitidis
753 3664 924 3731 tractu
940 3677 1177 3735 habitare
1206 3684 1377 3751 ccepit,
1404 3688 1846 3756 quemadmodum
1869 3698 2010 3745 vetus
2037 3693 2106 3745 ad

536 3778 632 3818 nos
667 3780 828 3835 usque
857 3766 1004 3836 [ante
1041 3772 1275 3839 pertulit.
1307 3771 1503 3831 Postea
1534 3793 1665 3833 vero
1704 3779 1887 3848 adjicit
1915 3781 1956 3814 "
1988 3802 2000 3836 :
2038 3782 2105 3837 In

534 3854 671 3911 Asia
692 3872 755 3911 ac
784 3856 963 3914 Romoe
982 3877 1209 3917 errorem
1238 3881 1391 3919 suum
1424 3869 1806 3925 disseminavit.
1830 3872 1967 3929 Cum
2001 3875 2107 3943 itu:

535 3960 643 4019 que
667 3945 801 4005 urbs
830 3948 1318 4025 Hierosolymitana
1335 3957 1490 4027 juxta
1522 3962 1836 4030 peritiorum
1868 3946 2103 4024 chrono-

534 4035 735 4123 logiam
764 4053 909 4098 anno
936 4040 1139 4099 Christi
1176 4044 1242 4100 70
1277 4057 1433 4118 capta
1468 4048 1628 4103 fuerit
1663 4066 1725 4105 ac
1763 4053 2102 4132 diruta,.per

534 4126 589 4182 id
629 4126 798 4186 ferme
827 4136 1039 4203 tempus
1065 4132 1235 4190 Ehion
1255 4138 1309 4190 in
1336 4137 1493 4204 locis,
1518 4141 1586 4194 ab
1620 4140 1922 4213 Epiphanio
1946 4126 2097 4203 coin-

533 4220 868 4288 memoratis.
895 4238 1111 4281 errores
1156 4241 1288 4287 suos
1340 4226 1700 4288 dissemiuare
1748 4237 1934 4305 coepit.
1988 4237 2098 4296 Nec

531 4310 691 4382 longe
748 4314 903 4374 abest
958 4316 1027 4375 ab
1075 4316 1176 4393 hac
1237 4321 1508 4403 sententia
1540 4321 1958 4407 Hieronymus,
2004 4335 2097 4403 qui

514 4396 814 4465 Joannem.
848 4415 1211 4478 consurgente
1239 4398 1710 4478 Ebionis‘hteresi,
1744 4396 2094 4491 Evangelium

528 4492 689 4577 suum
713 4494 1001 4572 scripsisse
1030 4496 1318 4554 alllrmat"
1343 4519 1356 4556 :
1384 4501 1607 4572 Scripsit
1630 4502 1970 4577 Evangelium
1995 4514 2093 4567 ad-

526 4574 706 4640 versus
742 4583 1163 4647 Corinthum"...
1194 4601 1243 4650 et
1282 4596 1509 4654 maxime
1551 4614 1687 4653 nunc
1722 4574 2091 4661 Ebionitorum

522 4674 716 4746 dogma
746 4692 1077 4750 consurgens.

593 4764 825 4828 Errores
852 4785 978 4826 vero
1008 4769 1231 4830 Ebionis
1268 4774 1432 4832 iidem
1474 4781 1860 4851 propemodum
1888 4798 2042 4843 erant
2070 4829 2086 4855 ,

2211 3248 2441 3305 potestas
2471 3249 2548 3293 est
2569 3244 2878 3297 -commissa
2913 3260 2931 3299 .'
2963 3245 3114 3316 idque
3143 3246 3279 3303 adeo
3320 3252 3687 3319 omnipotentis
3707 3254 3779 3307 il-

2214 3328 2317 3382 lius
2355 3330 2605 3387 mandato
2652 3332 2735 3407 ad
2768 3335 3021 3408 cujusque
3066 3335 3475 3407 postulationem
3526 3359 3639 3399 esse
3675 3344 3777 3415 fa-

2211 3428 2373 3485 ctum,
2400 3429 2504 3477 etc.

2281 3512 2324 3544 "
2352 3510 2502 3597 Hanc
2529 3528 2690 3584 porro
2712 3517 3025 3599 opinionum
3053 3514 3393 3601 divisionem
3425 3533 3481 3582 et
3520 3526 3777 3585 diﬂ‘eren-

2210 3602 2336 3658 tiam
2369 3594 2547 3659 Elxaeo
2570 3596 3061 3681 pseudoprophetis
3085 3598 3426 3673 tribuendam
3443 3633 3565 3673 esse
3589 3620 3773 3691 suspi-

2207 3704 2383 3750 catur.
2430 3692 2661 3761 Quidam
2708 3713 2833 3754 vero
2861 3700 3005 3756 hunc
3036 3703 3274 3761 Elxmum
3294 3746 3307 3771 ,
3342 3723 3436 3763 seu
3462 3706 3648 3765 Ei'ceai
3679 3725 3773 3783 pe-

2207 3786 2431 3841 culiaris
2473 3788 2759 3855 cujusdam
2791 3791 3049 3858 heresis,
3087 3785 3217 3865 Aquae
3265 3798 3332 3851 ab
3381 3798 3525 3853 illius
3550 3802 3771 3858 nomine

2204 3874 2634 3935 Helcesaitarum
2669 3880 2811 3935 dicta
2840 3890 2925 3938 est
2949 3923 2963 3946 .
2997 3885 3219 3939 tradunt
3268 3884 3437 3951 fuisse
3466 3896 3763 3944 auctorem.

2203 3967 2351 4025 illius
2383 3986 2544 4041 porro
2585 3987 2801 4028 errores
2829 3974 2896 4028 ab
2926 3973 3159 4031 Eusebio
3189 3976 3235 4008 "
3258 3985 3319 4035 et
3351 3977 3693 4035 Theodoreto
3720 3980 3767 4013 "

2202 4068 2496 4129 notantur;
2534 4062 2630 4117 sed
2658 4078 2777 4118 eam
2807 4056 2967 4119 simul
3004 4074 3207 4132 natam,
3236 4069 3397 4124 simul
3433 4073 3763 4129 exstinctam

2200 4148 2343 4206 idem
2394 4150 2661 4208 Eusebius
2692 4154 2746 4207 in
2778 4140 3156 4212 ecclesiastica
3186 4174 3282 4213 sua
3327 4158 3564 4217 Historia
3596 4158 3781 4220 testa-'

2201 4249 2289 4298 tus
2318 4250 2420 4299 est.
2451 4241 2689 4299 Citatum
2734 4259 2763 4299 a
2794 4247 2953 4303 nobis
2999 4248 3144 4304 illius
3177 4249 3352 4307 locum
3399 4254 3445 4307 si
3488 4253 3638 4310 adire
3667 4266 3766 4311 vo-

2200 4335 2389 4401 lueris,
2424 4335 2539 4406 lege
2566 4337 2736 4392 etiam
2767 4338 2824 4392 in
2854 4354 2976 4394 eum
3013 4338 3213 4398 Valesii
3240 4352 3398 4399 notas
3428 4351 3482 4401 et
3512 4338 3763 4403 animad-

2200 4425 2501 4482 versiones.
2528 4417 2537 4421 ’
3380 4432 3383 4433 ⁷
3656 4510 3661 4516 ς

2268 4514 2534 4571 Ebienita
2573 4524 2752 4600 autem
2786 4528 3048 4590 praeterea
3097 4523 3365 4594 docebant
3411 4544 3601 4587 omnes
3644 4514 3760 4603 lege

2199 4607 2434 4665 Mosaica
2462 4594 2663 4677 teneri,
2701 4606 3129 4686 servandamque
3167 4614 3386 4673 Sabbati
3434 4594 3757 4678 celebratio-

2198 4718 2340 4767 nem,
2372 4698 2627 4772 quamvis
2659 4704 2995 4761 Dominica‘m
3034 4723 3250 4779 quoque
3288 4709 3429 4765 diem
3469 4712 3523 4765 in
3554 4710 3758 4769 Resur-

2196 4794 2453 4850 rectionis
2491 4796 2695 4851 Christi
2728 4799 3040 4853 memoriam
3080 4800 3294 4870 ipsimet
3322 4802 3750 4862 observaverint.

516 4856 897 4945 nequrinthvi;
930 4861 1002 4916 ita
1033 4873 1093 4921 ut
1121 4864 1211 4921 ille
1249 4879 1279 4919 a
1323 4867 1854 4951 quibusdam..un
1906 4884 2086 4935 tamen
2192 4880 2536 4959 Quapropter
2560 4884 2593 4938 ii
2624 4885 2779 4961 juxta
2814 4884 3073 4941 lrenasum
3100 4856 3195 4940 l“:
3228 4856 3751 4957 Paulum

520 4942 893 5012 indubitatum
924 4956 1150 5012 omnino
1176 4973 1285 5013 non
1317 4967 1421 5033 est,
1440 4942 1703 5031 ejusdem
1730 4942 1974 5026 Corinthi
1997 4972 2083 5027 di-

2187 4982 2481 5039 apostatam
2513 4990 2628 5028 eum
2660 4975 2784 5045 legis
2810 4976 3151 5033 dicentes.....
3183 4976 3294 5031 solo
3322 4988 3499 5043 autem
3526 4996 3584 5041 eo
3613 4986 3750 5051 quod

520 5041 768 5113 sclpulus
792 5043 961 5107 fuisse
990 5056 1287 5139 asseratur’.
1325 5050 1561 5110 Docebat
1592 5066 1773 5114 autem
1802 5057 2082 5120 Christum
2183 5076 2260 5121 est
2292 5066 2574 5123 secundum
2602 5041 2911 5122 Maithcum
2934 5067 3214 5140 Evangelia
3237 5041 3473 5155 utuntur.
3502 5070 3597 5129 llis
3624 5041 3752 5145 qua

520 5140 886 5195 merum‘esse
916 5136 1210 5209 hominem,
1241 5136 1307 5197 ex
1338 5138 1505 5217 Maria
1536 5152 1590 5202 et
1617 5146 1815 5223 «losepii
1839 5151 2079 5211 humano
2185 5159 2252 5214 de
2279 5156 2572 5231 Evangelio
2604 5154 2843 5215 Matthxi
2874 5136 3136 5216 dicuntur
3163 5199 3179 5227 ,
3210 5142 3453 5219 concinit
3498 5136 3748 5225 Theodo-

590 5331 638 5365 “
680 5332 899 5459 Origo.
966 5337 1056 5394 iih.
1126 5356 1163 5395 ιι
1220 5352 1361 5400 cont.
1423 5340 1563 5431 Cels.
1610 5359 1662 5404 et
1722 5352 1815 5410 lib.
1871 5369 1925 5409 tv

516 5399 771 5493 haeres.“
810 5405 1173 5493 IEQZI‘heodor.
1238 5411 1409 5493 μεν.
1472 5415 1668 5493 fabul.
1742 5439 1862 5493 cap.
1918 5440 1976 5480 ιι.

584 5470 635 5528 l.
730 5474 1141 5541 "lbid.§18.
1235 5480 1387 5540 "’De
1447 5470 1625 5541 script.

592 5542 926 5631 {mhi-7.":
974 5542 1135 5631 ιιιοεέ
1168 5548 1481 5631 Hieronym-

827 5614 1217 5756 ἔδξῖἶςὶῖῗῒσι.

1591 5574 1617 5611 e
1664 5562 1842 5622 script.
1897 5566 2077 5622 eccles.

1250 5622 1313 5703 '_'_
1326 5622 1529 5703 litotes.
1561 5627 1659 5703 5οι
1698 5628 1727 5703 ﬁ

1262 5688 1378 5748 Fab
1429 5710 1589 5770 ,cap.
1630 5688 1727 5755 ‘t.’
1757 5701 1801 5735 '°
1848 5688 2099 5764 Loefc'ii'.

844 5337 1163 5437 anii‘hshr-I
1220 5352 1389 5437 solut;
1423 5340 1662 5437 Caleset
1722 5352 1815 5410 lib.
1871 5369 1925 5409 tv
1982 5356 2301 5437 Periculi};
2373 5361 2571 5437 Euseb.
2620 5363 2723 5437 lib.
2786 5379 2866 5437 ll_l_
2901 5365 3043 5421 Hist.
3105 5349 3225 5437 cap.

1940 5442 1992 5524 ελ
2057 5431 2129 5524 ’δ’
2192 5432 2742 5524 Μςοεξ..ΑιρςξΙιεηξ.
2813 5431 3051 5524 Natam
3251 5439 3350 5524 U"
3648 5431 3736 5517 30,

1690 5492 1905 5572 eccles.,
1939 5495 1992 5550 in
2041 5493 2228 5561 leam;
2260 5501 2465 5557 Tertul.
2515 5502 2630 5558 Lib.
2686 5504 2750 5557 de
2791 5520 2949 5558 carne
2981 5492 3202 5570 Christi,
3238 5522 3358 5614 cap.
3390 5492 3737 5592 18έίοἐῇεᾷἧῖ

1692 5571 1842 5629 ςνιρι-
1897 5566 2077 5622 θεοῖσι.
2172 5573 2224 5611 -³³
2273 5571 2471 5629 lieres.
2538 5574 2628 5629 50.
2687 5572 2714 5629 Ω
2768 5574 2857 5629 18.
2904 5582 2957 5629 et
3004 5576 3353 5629 Euseb.‘it.).
3401 5595 3459 5629 ιιι
3526 5580 3734 5629 Hister-

1910 5588 2128 5695 ii‘i‘ifu.
2163 5588 2648 5715 έθιδὛεῗῗθὶυίῖΫζ
2682 5588 2735 5701 ἓ.

3290 5366 3379 5441 :57;
3412 5367 3699 5441 _Epiphan.
3724 5412 3739 5435 .

3304 5439 3350 5469 '°
3404 5437 3609 5494 aerea.
3648 5442 3737 5507 50.

2768 5574 2857 5634 l8.
2904 5582 2957 5630 et
3004 5576 3229 5634 Euseb.
3260 5574 3353 5633 lib.
3401 5595 3459 5634 ιιι
3526 5574 3734 5640 Ηὶεἰον.

2803 5644 2848 5679 ⁸⁸
2879 5644 3078 5707 Euseb.
3113 5648 3208 5705 lib.
3244 5664 3289 5703 tl
3311 5647 3467 5706 .llist.
3491 5664 3612 5723 cap.
3644 5649 3733 5726 50.
