4054 6320
242 271 307 325 9t
1134 265 1323 321 PR1)“
1364 264 1719 323 ECCLESIE
1762 263 2037 320 SECULI
2079 263 2598 323 SCRIPTORIBUS.
3426 264 3506 318 22

238 390 432 448 retus;
473 381 622 439 addit
673 392 857 440 tamen
910 383 1248 455 Epiphanius
1272 386 1316 417 “
1354 405 1368 440 :
1403 386 1717 453 Quanquam
1762 399 1824 437 ne
1853 387 1899 442 Α
1929 385 2180 453 mysteria
2231 381 2476 454 qua‘dam
2518 382 2807 453 quotannis
2863 381 3158 444 celebrant,
3201 379 3254 434 in
3307 381 3496 450 quibus

237 474 500 544 integrum
528 475 742 545 quidem
790 475 1020 542 habent,
1063 477 1152 532 sed
1178 476 1531 530 adulteratum
1563 484 1611 528 et
1656 475 1817 526 muti-

240 563 360 618 lum
381 580 401 627 ;
439 574 594 636 atque
633 567 701 620 iis
717 568 991 630 omnibus,
1018 585 1135 638 qum
1156 568 1224 622 ad
1246 567 1598 639 genealogiam
1621 564 1820 620 Christi

239 666 507 726 spectant,
541 659 664 714 inde
695 660 900 716 abrasis
928 702 942 725 ,
976 661 1206 730 idipsum
1249 661 1570 715 Hebraicum
1610 665 1812 712 vocant.

235 747 388 816 Quid
423 767 572 823 ergo,
623 753 837 824 inquies
861 793 878 819 ,
917 753 1202 808 Mercatori
1261 752 1524 810 faciemus
1551 793 1566 817 ,
1611 751 1704 822 qui
1749 753 1818 812 de

235 842 454 900 Ebiune
480 846 592 899 hac
624 847 821 902 scribit
873 865 888 903 :
931 846 1198 901 Christum
1227 847 1282 900 in
1324 847 1420 902 Dei
1444 847 1622 916 filium
1649 845 1814 912 adop-

240 941 418 988 tatum
449 950 611 990 ausus
637 947 718 991 est
769 937 1062 1004 praedicare
1089 977 1104 1001 ,
1143 954 1379 992 asserens
1428 954 1493 992 ss'
1538 936 1813 1004 Hattha'i,

239 1027 303 1082 Π
308 1030 424 1083 arci
438 1040 485 1085 et
505 1031 653 1085 Luca
701 1033 1138 1102 evangelistarum
1158 1034 1533 1087 auctoritatem
1551 1033 1817 1101 secutum?

238 1119 478 1176 Aiebant
499 1123 746 1176 nonnulli
771 1123 1126 1178 Mercatorem
1156 1125 1224 1179 de
1242 1122 1450 1178 Ebione
1471 1163 1485 1187 ,
1518 1123 1660 1178 alios
1686 1137 1815 1178 vero

238 1203 441 1264 Patres
479 1208 546 1264 de
573 1210 694 1278 ejus
737 1211 884 1280 loqui
931 1212 1238 1282 discipulis.
1292 1214 1361 1266 At
1404 1213 1458 1267 id
1498 1214 1640 1283 quod
1684 1227 1814 1266 vero

235 1295 462 1350 videtur
494 1297 770 1366 similius,
799 1299 836 1354 ii
870 1301 1209 1371 subjungum
1235 1342 1249 1366 ,
1285 1316 1396 1356 tres
1427 1301 1550 1357 illos
1582 1317 1815 1372 evange-

235 1385 399 1441 listas
423 1387 490 1441 ab
521 1387 748 1455 Ebione,
789 1399 849 1445 ut
874 1393 949 1448 ait
980 1392 1269 1456 Mercator,
1297 1395 1493 1448 citatos
1517 1437 1532 1460 ,
1560 1409 1670 1448 non
1691 1395 1814 1450 ideo

232 1473 465 1543 quidem
481 1476 629 1545 quod
646 1477 980 1534 admittenda
1003 1488 1218 1549 putaret
1244 1481 1459 1534 illorum
1481 1479 1772 1552 Evangelia
1794 1521 1808 1546 ,

234 1564 340 1618 sed
369 1574 427 1618 ut
455 1580 644 1620 eorum
677 1570 1056 1624 auctoritatem
1089 1579 1284 1624 contra
1329 1567 1644 1625 Catholicos
1675 1610 1690 1635 ,
1717 1570 1814 1641 qui

232 1669 360 1709 eam
393 1655 636 1729 divinam
657 1673 780 1714 esse
800 1660 1121 1724 credebant,
1145 1669 1552 1732 argumento,ut
1577 1662 1813 1732 loquun-

233 1753 354 1809 tur,
380 1747 449 1800 ad
488 1727 764 1804 hominem
793 1760 1034 1822 urgeret.
1065 1725 1332 1807 Caeterum
1388 1754 1433 1808 si
1475 1754 1607 1823 quid
1651 1725 1810 1809 aliud
1842 1725 1885 1780 Β

233 1836 480 1890 senserit
499 1835 784 1902 Mercator,
802 1852 953 1897 certe
968 1842 1151 1911 opinio
1170 1844 1317 1899 illius
1338 1845 1568 1899 aliorum
1589 1843 1811 1899 Patrum

229 1929 523 1982 “utentia:
554 1930 886 2000 pmfcrenda
917 1949 1026 1988 non
1056 1942 1159 1989 est.

311 2015 358 2047 "
382 2016 758 2076 Pmdic’abant
805 2023 1031 2094 insuper
1082 2025 1346 2082 Ebionitm
1371 2027 1636 2082 Christum
1676 2029 1812 2081 veri-

229 2109 367 2162 tatis
387 2125 509 2163 .esse
539 2113 908 2179 prophetam...
938 2116 1228 2185 Prophetas
1251 2135 1390 2182 vero,
1422 2136 1524 2173 non
1553 2121 1808 2184 veritatis,

230 2199 328 2251 sed
375 2200 734 2272 intelligentia:
775 2223 886 2261 esse
937 2210 1216 2278 prophetas
1241 2253 1256 2276 ,
1282 2211 1598 2282 proindeque
1626 2211 1808 2267 Jesum

228 2288 411 2344 salum
441 2308 553 2346 esse
587 2296 912 2364 prophetam.
960 2299 1025 2353 Et
1055 2303 1214 2370 paulo
1243 2304 1497 2372 superius
1524 2322 1536 2358 :
1568 2303 1812 2356 Abraha«

229 2566 391 2612 taxat
414 2579 703 2629 successor,
730 2584 889 2638 neque
921 2571 1207 2639 quidquam
1243 2576 1468 2642 amplius
1513 2575 1691 2644 fuerit.
1715 2576 1811 2630 Se-

224 2651 467 2706 cundum
489 2655 583 2709 hos
607 2659 811 2712 nullum
838 2662 1001 2715 alium
1034 2680 1098 2717 ea:
1122 2665 1381 2733 prophetis
1414 2668 1700 2731 asciscant,
1721 2668 1809 2721 sed

225 2755 352 2792 cum
370 2747 728 2801 exsecratione
744 2751 1077 2817 proscribunt
1102 2767 1163 2806 ac
1190 2753 1446 2818 derident,
1471 2766 1624 2824 puta,
1648 2756 1809 2811 Davi-

226 2828 375 2895 dem,
404 2842 454 2886 et
496 2833 854 2904 Salomonem,
887 2849 1040 2911 atque
1073 2839 1280 2898 Isaiam
1307 2885 1320 2908 ,
1350 2844 1638 2900 Jeremiam
1658 2888 1672 2910 ,
1699 2848 1810 2901 Da-

226 2923 441 2987 nielem,
477 2925 820 2992 Ezechielem,
849 2933 1160 3001 quibuscum
1185 2936 1362 3004 Eliam
1391 2947 1546 3008 atque
1575 2938 1809 2993 Eliscum

226 3015 532 3082 repudiant.
565 3017 622 3072 Si
668 3021 792 3090 quis
823 3029 1002 3077 autem
1054 3026 1486 3097 interrogasset:
1525 3027 1672 3083 Unde
1709 3031 1808 3101 igi-

226 3116 320 3158 tur
343 3113 484 3160 tenes
511 3125 629 3177 qua:
652 3110 720 3163 ad
748 3111 982 3183 Magsem
1031 3116 1492 3190 Abrahamumque
1515 3124 1811 3191 pertinent?

224 3196 640 3267 respondebant
679 3202 824 3258 illico
850 3205 906 3257 id
936 3206 1037 3260 sibi
1059 3225 1091 3261 a
1117 3208 1328 3263 Christo
1355 3212 1697 3282 patefactum.

299 3291 458 3348 Alios
491 3309 678 3348 eorum
723 3313 940 3355 errores
989 3305 1365 3359 enumerando
1398 3306 1542 3360 idem
1572 3296 1810 3378 Epipha-

225 3381 363 3437 nius
389 3382 436 3414 ⁸³
465 3383 676 3439 dixerat
707 3405 720 3440 :
755 3386 855 3442 Est
903 3390 997 3444 hoc
1033 3391 1143 3447 illis
1174 3394 1388 3464 insuper
1419 3397 1472 3450 in
1494 3414 1637 3452 more
1674 3401 1812 3468 posi-

227 3481 373 3536 tum,
425 3482 484 3526 ut
537 3477 953 3534 adolescentulos
1004 3483 1142 3536 citra
1186 3494 1453 3540 maturam
1500 3498 1710 3544 wtatem
1741 3491 1810 3544 ad

226 3565 448 3630 nuptias
475 3568 857 3635 compellant...
888 3587 1048 3641 neque
1073 3590 1190 3628 vero
1225 3577 1342 3630 unis
1372 3577 1637 3632 duntaxat
1677 3597 1811 3649 nup.

228 3655 324 3707 tiis
349 3655 641 3724 afﬁnitates
670 3660 806 3713 inter
835 3678 890 3715 se
935 3663 1287 3735 conjungunt,
1323 3667 1414 3722 sed
1449 3670 1496 3722 si
1520 3671 1604 3723 cui
1634 3670 1811 3724 divor-

229 3743 363 3796 tium
398 3745 571 3812 facere
601 3746 844 3816 libuerit,
886 3768 949 3804 ac
987 3749 1174 3806 novum
1205 3756 1338 3810 inire
1385 3761 1806 3827 matrimonium,

229 3833 306 3886 ad
337 3835 523 3889 tertias
554 3847 606 3890 et
637 3841 886 3908 septimas
919 3859 1081 3913 usque
1103 3848 1313 3914 nuptias
1345 3853 1672 3915 permittunt.
1706 3852 1810 3909 Su-

232 3926 422 3995 perius
451 3943 580 3982 vero
608 3930 653 3960 “
681 3951 693 3984 :
745 3931 918 3987 Hodie
942 3975 956 3999 ,
991 3937 1305 4006 inquiebat,
1346 3927 1620 4012 uirginitas
1670 3950 1810 4014 apud

229 4015 354 4069 illos
390 4025 439 4071 et
480 4020 702 4074 castitas
755 4025 964 4078 omnino
1002 4027 1373 4093 prohibetur...
1401 4031 1546 4086 Nam
1589 4035 1716 4088 olim
1745 4036 1810 4090 de

230 4106 530 4175 uirginitate
562 4109 786 4178 gloriari
816 4113 1095 4178 solebant,
1144 4119 1400 4190 nimirum
1445 4122 1507 4175 ob
1548 4121 1809 4180 Iacobum

229 4201 456 4266 fratrem
484 4201 722 4267 Domini,
748 4204 976 4278 adeoque
1021 4209 1182 4266 libros
1229 4230 1354 4271 suos
1385 4215 1455 4269 ad
1497 4219 1728 4274 seniores
1759 4230 1809 4274 et

231 4289 457 4358 virgines
486 4292 796 4350 inscribunt.

1918 487 2078 540 panes
2119 491 2355 544 asgmos,
2387 481 2437 527 et
2460 469 2529 526 ad
2558 472 2784 526 alteram
2809 471 3048 543 mysterii
3071 479 3275 537 partem
3296 484 3496 525 meram

1919 579 2110 632 aquam
2141 563 2404 619 adhibent.

1989 651 2133 707 ldem
2166 653 2344 708 adhuc
2380 652 2713 724 Epiphanius
2738 653 2784 683 ⁸⁸
2810 661 3076 707 memorat
3121 650 3341 707 eosdem
3386 651 3497 706 hm-

1918 745 2138 807 reticos,
2172 752 2228 798 ut
2259 745 2512 816 magnum
2543 745 2821 800 erroribus
2851 743 2967 801 suis
2996 743 3337 798 auctoritatis
3359 758 3494 812 pou-

1917 835 2020 891 dus
2046 837 2365 903 tribuerent,
2398 851 2555 892 sacra
2583 836 2967 904 apostolorum
2994 835 3215 889 nomina
3263 833 3494 902 quibus-

1916 930 2040 983 dam
2068 928 2245 992 libris,
2271 944 2300 981 a
2342 943 2404 984 se
2447 928 2716 989 conﬁctis,
2763 919 3060 996 prmisisse
3085 944 3098 980 :
3124 925 3495 994 Apostolorum

1916 1020 2050 1072 alios
2079 1019 2241 1072 Astus
2271 1018 2666 1087 circumferunt,
2693 1019 2748 1071 in
2776 1016 2962 1088 quibus
2989 1015 3221 1084 plurima
3248 1025 3369 1069 sunt
3395 1015 3497 1067 im-

1914 1110 2131 1178 pietatis
2162 1109 2378 1163 illorum
2403 1109 2639 1179 uestigia,
2665 1109 2877 1178 ejusque
2902 1108 3232 1176 potissimum
3259 1108 3494 1160 auctori-

1916 1210 2033 1255 tate
2059 1201 2182 1255 libri
2209 1202 2278 1255 ad
2303 1199 2709 1272 oppugnandam
2750 1201 3020 1254 veritatem
3070 1208 3367 1254 armantur.
3428 1198 3494 1251 Et

1915 1293 2119 1347 infra“
2146 1312 2158 1347 :
2181 1293 2549 1360 Apostolorum
2579 1292 2819 1352 nomina,
2839 1307 2939 1360 quo
2970 1291 3184 1360 facilius
3209 1300 3491 1344 sectatores

1913 1400 2036 1438 suos
2061 1384 2350 1453 pelliciant,
2395 1399 2486 1452 per
2512 1383 2902 1436 simulationem
2943 1372 3255 1442 admittunt,
3305 1377 3491 1448 quibus

1911 1478 2071 1530 etiam
2099 1477 2350 1544 conﬁctos
2380 1474 2631 1544 quosdam
2659 1491 2692 1527 a
2719 1490 2774 1528 se
2817 1472 2975 1530 libros
3020 1471 3334 1533 inscribunt,
3357 1469 3493 1524 velut

1914 1584 1948 1621 a
1971 1566 2197 1627 Iacobo,
2218 1564 2496 1628 Hatthteo,
2532 1581 2595 1617 ac
2623 1564 2838 1632 reliquis
2867 1562 3141 1629 discipulis
3171 1560 3362 1624 editos,
3401 1561 3488 1612 in-

1915 1663 1992 1710 ter
2010 1672 2125 1726 qua:
2147 1654 2374 1708 Joannis
2395 1654 2554 1708 etiam
2573 1653 2796 1721 apostoli
2826 1668 3012 1706 nomen
3033 1650 3341 1704 admiscent.
3358 1647 3463 1704 'l‘es
3477 1678 3491 1688 -

1911 1755 2083 1802 tatum
2106 1746 2343 1816 denique
2378 1744 2732 1805 facitﬂibrum
2756 1744 2849 1813 qui
2879 1739 3147 1797 Circuitus
3174 1737 3350 1805 Petri,
3377 1747 3432 1794 et
3459 1755 3492 1794 a

1909 1840 2186 1895 Clemente
2210 1839 2557 1908 conscriptus
2589 1851 2716 1894 esse
2750 1835 3048 1898 ferebatur,
3081 1833 3273 1888 iisdem
3321 1832 3496 1887 haere-

1911 1933 2044 1988 tieis1
2064 1931 2188 1987 usui
2227 1932 2418 1986 fuisse.

1978 2023 2097 2090 Qua
2127 2038 2262 2077 cura
2292 2020 2632 2093 Epiphanius
2661 2033 2878 2075 errores
2907 2017 3284 2074 Ebionitarum
3310 2032 3496 2070 recen.

1910 2130 2011 2180 set,
2044 2115 2232 2172 eadem
2262 2115 2422 2185 plane
2451 2112 2733 2182 diligentia
2761 2126 2877 2173 eos,
2908 2127 2935 2164 a
2965 2112 3166 2180 quibus
3208 2109 3394 2178 rejecti
3438 2117 3495 2163 et

1909 2208 2174 2263 destructi
2222 2216 2370 2269 sunt,
2408 2206 2711 2259 luculenter
2767 2201 3011 2256 ostendit
3038 2200 3269 2265 :Porro,
3311 2201 3492 2270 inquit

1911 2298 2020 2359 ille,
2052 2313 2155 2350 non
2176 2294 2409 2348 Joannes
2436 2292 2610 2356 modo,
2640 2291 2728 2347 sed
2748 2301 2796 2345 et
2821 2307 2995 2344 omnes
3018 2306 3232 2359 prorsus
3271 2289 3494 2359 apostoli

1911 2386 2130 2441 Ebionis
2159 2386 2316 2456 ﬁdem
2345 2386 2640 2453 repudiarit,
2670 2392 2726 2438 et
2747 2399 2778 2436 α
2808 2383 2919 2437 suis
2944 2381 3298 2452 dogmatibus,
3343 2393 3499 2450 atque

1789 2501 1810 2527 μ
1911 2479 2198 2546 apostolico
2222 2478 2315 2531 illo
2348 2477 2654 2530 charactere
2685 2475 2915 2529 alienam
2937 2474 3216 2544 judicartt;
3253 2473 3309 2527 id
3353 2471 3492 2543 quod

1911 2573 2190 2639 unicuique
2217 2572 2547 2639 perspicuum
2578 2577 2675 2624 est.
2706 2567 2957 2623 Vidimus
3003 2583 3167 2637 supra
3195 2583 3260 2621 ex
3301 2566 3492 2620 Hiero-

1910 2676 2074 2735 nymo
2100 2656 2362 2717 Joannem
2392 2663 2445 2716 in
2478 2662 2666 2731 primis
2690 2661 2950 2714 adversus
2974 2675 3311 2728 consurgens
3336 2659 3495 2713 Ebio-

1909 2757 1998 2812 nis
2020 2756 2236 2826 dogma,
2263 2771 2420 2809 suum
2448 2752 3083 2822 edidisse'Evangelium‘.
3112 2751 3302 2804 Nullus
3331 2767 3495 2820 porro

1910 2847 2191 2902 dubitandi
2225 2847 2379 2904 locus
2405 2853 2510 2909 est,
2552 2846 2685 2915 quin
2710 2843 2878 2898 divini
2919 2845 2997 2898 illi
3029 2845 3237 2913 pugiles
3281 2844 3493 2913 plenam

1910 2938 2314 3008 perfectamque
2334 2936 2595 2991 adversus
2623 2935 2720 2989 hos
2745 2934 2866 2989 ﬁdei
2885 2934 3233 2988 et'catbolicm
3254 2935 3497 2989 veritatis

1909 3032 2098 3087 hostes
2123 3025 2401 3083 victoriam
2431 3028 2848 3097 reportave'rint.
2873 3027 2938 3080 Et
2969 3035 3116 3083 certe
3139 3028 3249 3097 jam
3283 3029 3498 3082 monui-

1911 3141 2034 3179 mus
2064 3125 2185 3178 illos
2211 3139 2240 3175 a
2273 3122 2388 3179 suis
2419 3120 2732 3191 primordiis
2761 3120 2941 3175 varias
2971 3121 3025 3174 in
3069 3127 3253 3190 partes
3289 3119 3498 3176 scissos

1911 3206 2104 3279 fuisse,
2131 3224 2187 3270 et
2216 3213 2359 3269 inter
2389 3229 2448 3268 se
2476 3213 2704 3268 divisos.
2733 3212 2875 3279 Quid
2908 3223 3086 3266 autem
3117 3211 3263 3265 aliud
3293 3227 3355 3264 ex
3391 3211 3497 3264 hac

1909 3308 2252 3363 dissensione
2283 3305 2435 3374 sequi
2467 3305 2659 3373 potuit.
2696 3319 2856 3373 quam
2888 3304 3096 3373 integra
3125 3303 3288 3373 hujus
3335 3311 3499 3366 secta

1909 3401 2089 3462 ruina,
2121 3398 2503 3465 excidiumque
2530 3403 2740 3449 certum
2773 3401 2826 3448 et
2855 3395 3219 3449 celerrimum.
3245 3392 3364 3447 Non
3391 3394 3497 3448 ibi-

1911 3509 2034 3548 mus
2066 3499 2248 3545 tamen
2279 3489 2490 3543 inﬁcias
2533 3487 2718 3556 plures
2751 3485 2972 3541 Ebionis
2993 3496 3228 3540 'error‘es
3258 3487 3326 3539 ab
3368 3487 3496 3542 aliis

1911 3580 2256 3653 postmodum
2290 3578 2559 3632 haereticis
2601 3584 2914 3639 renovatos,
2948 3575 3042 3632 sed
3073 3576 3112 3629 ii
3153 3559 3494 3646 proﬂigatum

1911 3676 1979 3729 ab
2002 3673 2264 3742 apostolis
2285 3668 2662 3723 Ebionitarum
2686 3680 2904 3732 nomen,
2923 3665 3029 3722 sibi
3052 3665 3310 3735 deinceps
3335 3675 3494 3720 arro-

1900 3775 2041 3831 gare
2067 3774 2176 3813 non
2205 3757 2326 3812 ausi
2355 3766 2507 3812 sunt.

2504 3846 2737 3903 CAPUT
2763 3846 2888 3902 ‘Vll.

2337 3937 2412 3992 De
2439 3938 2625 3992 hteresi
2657 3937 3069 3996 Nazartcorum.

1981 4029 2242 4096 Quamvis
2270 4029 2512 4083 Nazaraai
2535 4044 2566 4082 a
2596 4028 2918 4098 quibusdam
2947 4027 3243 4082 Christiani
3275 4026 3492 4083 hatreti-

1911 4121 1982 4189 ei,
2011 4135 2042 4174 a
2088 4119 2365 4173 nonnullis
2394 4131 2494 4172 nec
2538 4117 2856 4182 Christiani,
2898 4133 3000 4172 nec
3023 4116 3216 4184 Juda-i,
3261 4119 3326 4172 ah
3370 4119 3492 4174 allis

1911 4212 2143 4279 denique
2173 4207 2364 4264 iisdem
2394 4223 2457 4262 ac
2499 4206 2736 4262 Ebionaei
2789 4208 3074 4263 erroribus
3104 4208 3363 4277 implicati
3407 4210 3492 4263 di-

1911 4310 2132 4365 cantur,
2168 4299 2243 4352 illi
2273 4307 2471 4362 tamen,
2509 4299 2554 4353 si
2581 4297 2882 4368 Epiphanio
2903 4300 2948 4330 "°
2981 4299 3134 4360 lides,
3168 4299 3303 4353 meri
3336 4309 3494 4353 erant

305 4379 498 4436 Tradit
525 4386 688 4438 etiam
724 4387 770 4418 “
799 4388 1060 4445 Ebionem
1115 4393 1528 4466 discipulosque
1572 4399 1692 4469 ejus
1741 4402 1804 4455 ab

1911 4390 2076 4457 Judaei
2104 4409 2116 4443 τ
2147 4388 2326 4459 Neque
2350 4388 2576 4443 lessteos
2600 4405 2672 4442 sel
2686 4389 2826 4456 ipsos
2860 4398 3065 4449 vocant,
3100 4405 3260 4459 neque
3279 4387 3491 4442 Juda'o-

231 4471 504 4526 alimentis
540 4476 780 4532 omnibus
828 4481 1158 4552 reliquoque,
1189 4484 1331 4555 quod
1371 4505 1528 4542 carne
1586 4502 1812 4559 constet,

231 4560 599 4630 abstinuisse;
628 4570 768 4638 quod
800 4571 894 4625 illa
925 4589 952 4625 e
993 4590 1274 4643 corporum
1315 4580 1459 4633 coitu
1499 4582 1810 4636 concubitu-

228 4673 332 4726 que
362 4662 666 4727 gignantur.
701 4662 810 4717 Nec
853 4666 1055 4736 pigebit
1096 4685 1159 4722 ex
1192 4671 1381 4725 eodem
1424 4672 1731 4743 Epiphanio
1762 4677 1808 4708 “

229 4747 525 4803 observare
544 4749 825 4808 Ebionitas
851 4758 1093 4824 quotidie
1116 4759 1344 4828 lavasse,
1374 4769 1426 4815 et
1449 4767 1806 4834 quotiescun-

230 4852 341 4906 que
363 4839 567 4908 aliquid
589 4841 784 4912 impuri
815 4861 873 4900 se
905 4849 1148 4917 tetigisse
1171 4853 1599 4910 arbitrabantur.
1630 4857 1804 4923 Quam

231 4931 684 4986 consuetudinem
725 4942 783 4987 ut
841 4933 985 4990 Petri
1038 4942 1363 4997 auctoritate
1416 4943 1699 4999 ﬁrmarent
1748 4952 1806 4999 et

230 5021 514 5090 exemplo:
541 5021 751 5089 Petrus,
775 5028 1112 5096 inquiebant,
1131 5031 1342 5086 lavabat
1364 5035 1614 5103 quotidie,
1638 5037 1808 5103 prius-

230 5123 390 5177 quam
437 5110 609 5164 cibum
658 5125 902 5170 sumeret.
936 5116 1114 5189 Pergit
1153 5121 1295 5176 idem
1346 5121 1682 5192 Epiphanius
1710 5125 1750 5155 ⁶⁷
1781 5144 1794 5177 :

231 5196 512 5265 Baptismo
544 5219 743 5274 quoque
769 5217 962 5274 prceter
991 5212 1361 5278 quotidianum
1392 5215 1547 5267 illum
1589 5216 1807 5268 initian-

231 5299 352 5354 tur,
395 5300 448 5345 et
501 5308 568 5346 ea:
622 5294 1052 5353 Christianorum
1112 5301 1462 5375 Ecclesia'que
1511 5307 1806 5361 imitatione

233 5641 278 5676 υ
302 5567 645 5696 ἶὲίὲῗΐέῗῖῑ

735 5573 840 5628 loc.
911 5575 1004 5628 cit.
1033 5615 1047 5636 ,

518 5641 575 5708 2,
607 5644 671 5698 ιδ
702 5653 753 5700 et
790 5645 861 5698 22
960 5641 1154 5701 "Ibid.
1189 5645 1216 5717 θ
1255 5649 1338 5703 16.
1418 5649 1462 5680 οι

1369 5575 1871 5704 υθξίῗῦρῑιδηὴιοο..
1929 5579 2021 5633 cit.
2087 5577 2244 5706 gis.

1144 5689 1154 5701 .
1329 5692 1338 5702 .
1553 5651 1626 5706 td.
1784 5642 1919 5705 lbtd.
1992 5648 2089 5721 ιε
2132 5692 2144 5704 .

1915 4500 2032 4536 rum
2062 4481 2369 4535 uocabulum
2415 4481 2657 4544 retinent,
2687 4480 2850 4549 neque
2895 4497 2948 4533 se
2994 4480 3345 4542 Christianos,
3399 4480 3488 4534 sed

1919 4573 2210 4627 Nasarteos
2254 4572 2317 4624 de
2348 4571 2444 4624 illa
2492 4571 2591 4623 loci
2620 4572 2970 4640 appellatione
3019 4581 3340 4639 nuncupant,
3369 4587 3490 4625 cum

1909 4665 2118 4717 interim
2168 4663 2298 4715 meri
2333 4664 2434 4714 sint
2483 4660 2682 4724 Judwi,
2716 4680 2874 4732 neque
2925 4661 3072 4716 aliud
3121 4672 3393 4728 prrcterca.
3425 4662 3490 4715 Et

1909 4756 2323 4810 sectione-nona
2351 4752 2563 4808 :Judwi
2598 4755 2772 4823 potius
2807 4771 2966 4824 quam
2996 4755 3225 4823 cujusvis
3267 4757 3489 4810 alterius

1907 4846 2106 4915 generis
2135 4854 2278 4908 sunt,
2311 4845 2520 4898 tametsi
2583 4844 2788 4899 Judwis
2835 4847 2940 4899 sint
2986 4847 3370 4909 inimicissimi;
3398 4866 3486 4900 ne-

1907 4953 2003 5005 que
2030 4936 2165 4988 enim
2195 4934 2505 4988 Juda'orum
2528 4937 2725 5003 posteri
2751 4939 2930 4990 solitm‘
2951 4937 3170 5004 capitali
3196 4937 3317 4990 illos
3366 4938 3486 4992 odio

1907 5036 2310 5094 prosequuntur,
2337 5025 2426 5078 sed
2454 5038 2502 5080 et
2534 5040 2684 5079 mane
2707 5044 2768 5097 ac
2795 5026 3009 5081 meridie
3026 5037 3073 5081 et
3099 5027 3167 5079 ad
3195 5044 3481 5097 t-esperam,

1910 5129 1986 5171 ter
2012 5118 2074 5171 de
2099 5119 2201 5183 die,
2233 5135 2350 5170 cum
2382 5119 2434 5170 in
2481 5119 2759 5188 synagogis
2791 5121 2899 5172 suis
2928 5119 2996 5171 ad
3022 5119 3280 5173 orandum
3310 5137 3487 5173 conue-

1910 5211 2078 5272 niunt,
2113 5198 2246 5262 diris
2279 5211 2398 5263 illos
2441 5211 2704 5276 devovent,
2738 5227 2800 5264 ac
2846 5210 3068 5264 solemni
3115 5213 3484 5282 imprecatione

1906 5300 2263 5368 proscribunt.
2297 5284 2442 5356 Ideni
2471 5309 2650 5356 tamen
2671 5298 2846 5372 'paulo
2872 5303 3051 5368 aliter,
3081 5312 3135 5359 et
3167 5304 3382 5373 planius
3413 5304 3483 5358 il-

2342 5577 2386 5649 ξ·
2420 5576 2555 5632 Ibid.
2633 5577 2830 5649 eum
2873 5577 2898 5649 ε
2937 5578 2988 5631 2.

3092 5575 3138 5606 σε
3162 5575 3279 5633 me
3331 5575 3476 5651 us.

2246 5647 2293 5680 "
2317 5646 2519 5708 Heres.
2553 5649 2624 5703 29
2668 5646 2701 5718 ᾗ
2729 5649 2777 5702 7.
