4046 6326
581 284 650 340 25
1734 293 1821 347 DE
1867 293 2171 349 OMNIBUS
2210 294 2605 350 GENERATIM
3755 301 3817 366 94

581 401 672 454 Iud
701 400 927 456 delinire
956 400 1170 458 videtur
1200 405 1283 459 bis
1315 407 1493 460 verbis
1521 425 1532 460 :
1563 405 1675 458 Hoc
1705 406 1864 474 igitur
1891 400 1993 460 uiro
2031 415 2139 459 tam
2170 409 2217 464 Α
2246 423 2372 460 usus
2401 407 2700 474 indiﬁ'erens
2725 409 3058 477 feminarum.
3089 407 3161 461 Hi
3192 425 3285 462 nea
3313 409 3377 462 ab
3407 410 3497 475 iis,
3523 425 3637 478 qua
3665 411 3818 465 idolis

588 509 619 542 a
647 489 875 556 Judteis,
903 510 1061 563 quam
1083 511 1114 547 a
1138 493 1456 549 Christianis
1485 497 1730 565 cli/ferunt
1755 511 1774 549 .'
1806 496 1870 548 ab
1901 497 2008 550 illis
2033 499 2151 567 qui-

579 582 695 635 dem
724 581 862 650 quod
892 583 946 637 in
992 582 1260 640 Christum
1297 587 1546 650 credant;
1592 604 1624 639 a
1673 583 1988 640 Christianis
2033 604 2149 642 vero

578 669 714 738 quod
738 669 978 724 Judaicis
1007 672 1193 726 ritibus
1224 675 1576 742 implicantur.

653 761 762 817 Hos
791 771 970 818 autem
1001 765 1190 819 iisdem
1221 767 1606 836 propemodum
1638 783 1700 822 ac
1729 765 1964 824 Eblonaai
1997 784 2149 823 erro-

580 852 732 907 ribus
761 852 1000 910 imbutos
1030 855 1186 910 docet
1217 855 1354 909 idem
1389 856 1718 926 Epiphanius
1740 859 1782 891 "
1808 878 1821 914 :
1847 860 2010 912 Ambo
2039 860 2147 913 col-

579 943 703 995 latis
728 944 861 996 inter
887 960 941 999 ss
962 944 1238 1012 capitibus,
1269 963 1420 998 suam
1450 950 1582 1000 alter
1609 965 1724 1003 cum
1753 951 1918 1002 altera
1952 951 2146 1018 imp‘ro-

580 1033 790 1086 bitatem
823 1051 885 1095 ac
931 1037 1215 1104 nequitiam
1242 1040 1657 1094 communicavit.
1684 1040 1850 1110 Atque
1874 1043 1973 1095 etsi
2015 1045 2163 1112 qua-'

578 1126 854 1180 damtenus
879 1145 910 1179 a
939 1144 994 1181 se
1021 1136 1201 1180 mutuo
1225 1127 1545 1192 dissideant,
1577 1131 1632 1184 in
1672 1133 2015 1202 excogitanda
2064 1143 2146 1188 ta-

579 1235 693 1270 men
722 1221 1030 1286 pravissimo
1069 1219 1309 1289 dogmate
1349 1236 1460 1274 sese
1513 1222 1727 1275 invicem
1758 1238 2140 1291 expresserunt.

581 1304 773 1360 Utrum
804 1321 932 1360 vero
963 1307 1095 1376 ipsis
1123 1317 1174 1362 et
1205 1324 1328 1362 cum
1361 1309 1725 1368 Cerinthianis
1754 1315 1942 1368 eodem
1985 1316 2144 1370 modo

580 1397 912 1460 convenerit,
943 1410 1143 1466 anceps
1173 1397 1263 1464 ille
1285 1404 1366 1458 est
1397 1417 1410 1452 :
1435 1397 1511 1457 De
1535 1397 1740 1454 Christo
1765 1417 1900 1464 vero,
1933 1403 2143 1472 inquie-

580 1484 669 1536 bat
689 1484 755 1547 ",
802 1493 940 1537 certa
984 1485 1244 1553 aﬂirmare
1288 1503 1502 1555 nequeo,
1551 1497 1727 1541 utrum
1774 1487 2027 1555 Cerinthi,
2066 1494 2143 1549 vel

579 1571 831 1635 Herinthi
856 1574 1118 1642 impietate
1145 1575 1240 1628 illa
1278 1575 1497 1644 decepti,
1539 1577 1822 1646 simplicem
1852 1580 2000 1632 illum
2049 1581 2142 1633 ho-

577 1664 768 1718 minem
797 1676 1108 1731 asseverent,
1139 1682 1200 1718 ac
1227 1666 1305 1728 uti
1328 1682 1438 1724 sese
1460 1683 1538 1720 res
1569 1667 1742 1732 habet,
1763 1683 1853 1736 per
1881 1669 2139 1738 Spiritum

577 1763 816 1812 sanctum
845 1753 910 1810 de
957 1754 1135 1813 Maria
1189 1755 1396 1825 Virgine
1420 1760 1650 1826 genitum
1695 1732 1808 1822 esse
1851 1732 2136 1830 fateantur.
2172 1732 2213 1787 Β

575 1842 951 1902 Theodoretus
979 1860 1106 1901 vero
1134 1845 1351 1903 brevius
1377 1848 1701 1918 planiusque
1743 1850 2016 1916 edisserit,
2047 1854 2140 1923 qui

578 1935 776 1990 fuerint
801 1934 1064 2001 Nazarzei,
1097 1943 1150 2002 et
1196 1952 1314 2006 qua:
1356 1953 1543 1992 eorum
1591 1939 1833 2004 haeresis,
1865 1957 1972 2011 quo
2005 1953 2142 1998 tem-

574 2041 705 2094 pore
733 2033 941 2090 exorta,
970 2034 1024 2081 et
1054 2041 1084 2079 a
1113 2026 1312 2095 quibus
1337 2025 1552 2082 tandem
1581 2039 1888 2100 expugnata
1916 2051 1929 2088 :
1956 2031 2140 2095 Nasa-

575 2119 669 2171 rcei
694 2117 874 2177 Judwi
895 2128 1037 2183 sunt,
1069 2117 1338 2173 Christum
1382 2119 1716 2186 honorantes,
1767 2132 2018 2194 tanquam
2048 2125 2145 2180 ha-v

575 2207 763 2260 minem
785 2208 1012 2276 justum,
1036 2217 1085 2263 ct
1117 2207 1394 2276 Evangelia
1423 2219 1664 2276 utuntur,
1695 2213 1832 2283 quod
1859 2216 2143 2270 secundum

576 2299 790 2360 Petrum
817 2300 1034 2357 dicitur.
1069 2303 1183 2358 Has
1214 2306 1453 2368 haereses,
1485 2307 1772 2374 imperante
1815 2306 2138 2370 Domitiano,

573 2390 830 2457 conﬂatos
874 2402 1058 2450 auctor
1085 2406 1161 2448 est
1207 2395 1482 2452 Eusebius.
1528 2395 1725 2456 Contra
1767 2412 1894 2466 quas
1935 2396 2141 2463 scripsit

573 2477 814 2546 Justinus
841 2482 1174 2552 philosophus
1203 2496 1252 2540 et
1283 2497 1505 2557 martyr,
1536 2497 1585 2542 et
1611 2485 1844 2544 Irenteus
1874 2503 2144 2543 successor

573 2573 952 2638 apostolorum,
982 2585 1031 2628 et
1063 2575 1331 2646 Origenes.

642 2659 741 2718 Hie
766 2668 942 2721 autem
991 2664 1163 2719 obiter
1200 2668 1428 2722 observa
1478 2668 1608 2722 illud
1650 2669 1964 2724 diﬂicultate
1992 2671 2142 2728 omni

572 2764 679 2806 non
692 2765 894 2818 carere,
911 2754 1054 2825 quod
1071 2755 1144 2807 ait
1165 2771 1257 2810 eos
1276 2772 1401 2810 usos
1421 2757 1706 2828 Evangelia
1733 2759 1872 2812 κατὰ
1900 2761 2104 2833 Πέτρον
2123 2803 2137 2827 ,

572 2842 1006 2911 quandoquidem
1039 2844 1266 2899 alIirmat
1296 2846 1628 2917 Epiphanius
1658 2850 1790 2904 illud
1833 2853 2139 2917 secundum

573 2932 878 3002 Matthasum
901 2973 916 2999 ,
948 2942 1000 2990 et
1038 2934 1304 2991 Hebraice
1336 2941 1596 3010 scriptum
1631 2939 1798 2996 fuisse
1818 2943 1864 2972 ⁷³
1893 2961 1904 2994 :
1938 2941 2032 2996 Est
2065 2961 2143 3002 ve-

572 3040 667 3086 ro,
712 3024 866 3086 inlit,
919 3040 1070 3094 penes
1120 3027 1238 3080 illas
1290 3027 1627 3098 Evangelium
1679 3031 1959 3084 secundum
1991 3032 2137 3087 Mat-
2167 3048 2211 3110 ο

574 3113 764 3166 ιΙιανωη
797 3113 1050 3168 Hebraice
1078 3117 1348 3185 scriptum,
1368 3128 1417 3171 et
1446 3120 1648 3188 quidem
1673 3121 2138 3184 absolutissimum.

577 3203 688 3257 "ac
737 3203 874 3260 enim
918 3206 1221 3270 certissime,
1271 3218 1423 3275 prout
1454 3209 1720 3265 Hebraicis
1754 3211 1941 3266 litteris
1992 3215 2141 3270 initio

574 3297 823 3362 scriptum
847 3303 944 3358 est,
976 3297 1027 3348 in
1056 3296 1360 3351 hodiernum
1393 3309 1588 3367 tempus
1614 3317 1772 3370 usque
1812 3313 2138 3360 conservant.

576 3385 699 3448 Περ
729 3403 859 3450 sane
905 3391 1134 3444 assertio
1166 3399 1272 3444 tam
1301 3401 1448 3458 certa
1495 3403 1549 3447 et
1581 3396 1865 3464 perspicua
1913 3412 2142 3468 scrupu-

576 3479 686 3534 lum
734 3494 864 3534 sane
899 3487 952 3534 et
995 3481 1279 3548 quamdam
1330 3483 1718 3539 dubitationem
1765 3486 1957 3553 iniicit,
2011 3503 2140 3540 num

574 3567 790 3648 aliquod
829 3569 881 3622 in
928 3577 1128 3623 textum
1178 3569 1497 3626 Theodoreti
1546 3574 1796 3627 utendum
1841 3576 2139 3648 irrepserit,

573 3657 657 3710 vel
704 3657 818 3725 ipse
867 3656 1034 3712 falsus
1073 3659 1163 3722 sit,
1214 3667 1307 3712 aut
1359 3662 1617 3714 memoria
1666 3661 1877 3731 lapsus;
1929 3678 1992 3716 ac
2043 3680 2142 3734 pro

575 3748 715 3804 κατὰ
736 3749 933 3821 Πέτρον
952 3751 1093 3819 apud
1121 3752 1293 3820 ipsum
1324 3751 1424 3820 legi
1453 3751 1664 3818 debeat,
1686 3755 1823 3806 κατὰ
1842 3755 2136 3818 Ματοαῖον.

575 3838 641 3890 lit
685 3847 830 3892 certe
881 3839 1008 3894 huic
1057 3841 1384 3909 conjectum
1429 3841 1570 3900 favet
1618 3841 1998 3914 Hieronymus,
2047 3848 2139 3902 ubi

575 3932 711 3991 dixit
732 3933 779 3964 "
804 3948 817 3984 :
840 3932 908 3987 In
936 3933 1217 4004 Evangelia
1245 3951 1344 4004 quo
1369 3944 1589 3988 utuntur
1614 3933 1886 4001 Nazareni,
1917 3949 1963 3996 et
1989 3939 2142 3992 Ebio-

576 4027 720 4089 niue,
764 4026 901 4096 quod
933 4042 1094 4094 nuper
1139 4027 1194 4078 in
1224 4023 1458 4081 Cra’cum
1487 4025 1549 4080 de
1597 4025 1820 4091 Heber
1863 4035 2140 4091 transtuli-

575 4131 712 4178 mus,
743 4125 794 4182 et
822 4113 956 4183 quod
987 4123 1201 4184 vocatur
1238 4131 1270 4166 a
1295 4114 1554 4185 plerisque
1595 4115 1835 4171 Matthwi
1879 4121 2138 4175 authenti-

576 4221 712 4258 cum.
747 4201 888 4277 idem
918 4205 1043 4258 alibi
1069 4205 1346 4273 repetit",
1379 4220 1442 4259 ac
1473 4206 1690 4261 tandem
1712 4208 1868 4263 docet
1899 4211 2139 4283 Evanges-

578 4297 709 4348 lium
755 4311 865 4367 non
912 4295 1144 4354 Matthxi
1173 4297 1267 4351 sed
1317 4296 1481 4367 Marci
1507 4295 1664 4351 Petro
1711 4298 1877 4355 fuisse
1904 4306 2134 4357 attribu-

2256 497 2617 560 immolantur,
2647 498 2786 552 cibos
2815 516 2937 552 suos
2963 509 3226 567 separant,
3251 509 3300 552 et
3328 501 3462 555 alios
3493 503 3625 554 ritus
3655 505 3819 572 genti:

2257 584 2384 637 lium
2433 587 2860 654 superstitionum
2908 605 3010 640 non
3058 599 3385 643 aversantur.
3420 587 3662 644 Narrant
3710 593 3816 646 alia

2248 673 2493 741 qutedam
2546 673 2808 742 fabulosa,
2858 675 2921 730 de
2949 675 3163 740 munda,
3210 678 3382 732 nescio
3425 694 3542 748 qua
3591 678 3818 737 barbare

2247 763 2544 829 principum
2600 765 2812 819 nomina
2869 766 3140 818 miscentes
3196 764 3636 833 disputationibus
3683 770 3811 826 suis.

2249 848 2486 904 Barbara
2514 849 2606 906 illa
2630 853 2848 906 nomina
2880 852 3044 906 refert
3072 854 3288 932 quidem
3335 853 3689 930 Epiphanius,
3721 857 3815 914 sed

2246 954 2344 994 eos
2374 940 2447 995 de.
2469 941 2656 996 iisdem
2689 943 2830 997 inter
2861 958 2918 997 se
2947 943 3236 998 dissentire
3265 953 3465 998 monet.
3500 945 3698 1014 Aliqui,
3733 947 3816 1001 in-

2247 1029 2355 1099 qui'
2480 1031 2821 1087 Barbelonem
2853 1034 3196 1102 nescioquam
3229 1035 3508 1097 celebrant,
3543 1037 3626 1088 cui
3655 1038 3707 1089 in
3730 1053 3817 1091 oa-

2246 1128 2364 1172 tavo
2392 1121 2518 1175 cteio
2549 1121 2869 1176 domicilium
2901 1123 3212 1189 attribuunt.
3244 1124 3398 1178 Hanc
3428 1143 3459 1178 a
3491 1125 3651 1180 Patre
3689 1143 3813 1194 pro:-

2244 1214 2458 1274 ductam
2478 1213 2756 1281 aﬁirmant,
2781 1222 3094 1282 matremque
3117 1214 3210 1266 alii
3234 1213 3574 1277 laldabaoth,
3602 1217 3698 1269 alii
3719 1215 3822 1271 Su»

2245 1302 2703 1370 baothfaciunt....
2726 1303 2825 1358 alii
2843 1303 3124 1356 Prunicam
3141 1303 3442 1374 quamdam,
3462 1305 3554 1357 alii
3578 1304 3813 1358 Caulau-

2243 1392 2404 1446 cauch
2427 1391 2635 1445 cuidam
2653 1391 2873 1443 eamdem
2894 1390 3252 1445 venerationem
3270 1391 3517 1461 deferunt,
3535 1411 3630 1464 quo
3647 1397 3810 1449 nami-

2241 1500 2304 1537 ne
2373 1491 2531 1534 unum
2547 1498 2609 1536 ea:
2624 1483 2942 1552 principibus
2961 1483 3222 1552 appellant
3336 1483 3374 1538 Α
3388 1484 3445 1536 lii
3455 1485 3635 1537 dicunt
3658 1485 3812 1541 initio

2245 1571 2499 1635 tenebras,
2526 1589 2588 1632 ae
2635 1574 2952 1642 voraginem,
2982 1583 3032 1626 et
3078 1590 3266 1643 aquam
3295 1574 3455 1642 fuisse
3481 1615 3496 1638 ,
3519 1591 3635 1643 qua:
3673 1592 3705 1630 a
3750 1592 3806 1637 se

2243 1665 2456 1724 invicem
2476 1665 2692 1732 spiritus
2721 1666 3006 1718 secreverit.
3040 1664 3227 1719 Verum
3249 1663 3469 1720 tenebrte
3495 1675 3680 1720 contra
3705 1667 3817 1736 spis

2243 1756 2401 1808 ritum
2434 1753 2713 1808 iracundia
2745 1772 2806 1807 ac
2835 1756 3012 1823 furore
3033 1757 3263 1822 percitis,
3291 1772 3502 1810 sursum
3530 1771 3814 1811 excurretk

2242 1853 2339 1907 tes,
2373 1860 2490 1898 cum
2517 1860 2577 1898 eo
2607 1860 2893 1914 congressa:
2920 1853 3063 1901 sunt.
3097 1841 3228 1898 Inde
3252 1845 3448 1898 matria:
3477 1845 3646 1899 nescia
3673 1861 3812 1916 quc,

2241 1934 2416 2004 genita
2461 1932 2681 2002 prodiit,
2710 1949 2825 2002 qua:
2866 1933 3098 2000 ejusdem
3128 1934 3342 2001 spiritus
3386 1934 3814 1998 consuetudinem

2241 2023 2471 2091 appetiit,
2493 2038 2556 2076 ea:
2580 2039 2740 2091 eaque
2770 2033 2994 2092 quatuor
3020 2039 3188 2078 omnes
3221 2022 3459 2092 producti
3488 2032 3630 2088 sunt,
3655 2023 3718 2075 ab
3747 2024 3812 2082 iis

2240 2123 2463 2184 quatuor
2487 2113 2660 2168 decem
2689 2114 2785 2167 alii
2809 2115 3088 2182 procreati,
3115 2116 3236 2167 item
3268 2114 3454 2167 dextro
3475 2115 3812 2183 sinistraque,

2242 2223 2332 2260 nec
2361 2223 2460 2260 non
2494 2206 2663 2260 lumen
2687 2215 2734 2262 et
2766 2205 3004 2261 tenebrse.
3038 2205 3332 2264 Secundum
3359 2205 3452 2258 has
3483 2221 3656 2258 omnes
3704 2214 3817 2257 tur-

2239 2308 2353 2362 pem
2384 2294 2658 2364 quemdam
2695 2311 2890 2352 wonem
2932 2294 3128 2349 editum
3167 2303 3408 2355 narrant,
3449 2309 3663 2361 eumque
3696 2308 3814 2362 cun;

2243 2401 2329 2450 ea,
2360 2403 2512 2455 quam
2543 2385 2702 2456 paulo
2729 2397 2847 2439 ante
2878 2385 3133 2452 diximus,
3160 2387 3376 2440 matrice
3403 2387 3590 2442 coiisse
3613 2402 3630 2446 ;
3656 2393 3703 2438 et
3747 2384 3810 2438 ab

2243 2484 2458 2544 utroque
2495 2476 2638 2540 deos,
2670 2486 2822 2545 atque
2864 2476 3093 2546 angelos,
3124 2485 3171 2530 et
3201 2475 3482 2539 daemones,
3515 2493 3575 2529 ac
3617 2484 3812 2543 septem

2242 2569 2455 2636 spiritus
2504 2577 2676 2622 ortum
2717 2567 2976 2621 habuisse.
3028 2566 3316 2637 Subjungit
3345 2567 3561 2625 tandem
3589 2586 3600 2622 :
3627 2565 3811 2621 Certos

2242 2657 2403 2712 libras
2429 2656 2754 2716 Jaldabaoth
2783 2660 2988 2714 nomine
3015 2660 3316 2730 inscriptos,
3345 2675 3408 2716 ao
3431 2659 3812 2718 commentitios

2243 2747 2452 2802 habent.

2314 2837 2424 2894 Hos
2454 2838 2762 2903 haereticos,
2794 2839 2840 2894 si
2870 2837 3130 2893 Irenaeum
3153 2839 3202 2872 '°
3227 2849 3279 2893 et
3313 2837 3608 2892 Eusebium
3635 2838 3679 2870 ⁸¹
3709 2852 3810 2890 au-

2243 2927 2381 2994 dias,
2411 2929 2649 2985 Joannes
2673 2931 2757 2984 his
2785 2930 2964 2984 verbis
2995 2931 3049 2984 in
3078 2930 3396 2999 Apocalypsi
3421 2939 3571 2984 notat
3589 2930 3634 2962 “
3663 2949 3675 2984 :
3706 2927 3808 2993 Sed

2242 3022 2336 3077 hoc
2362 3021 2517 3077 habes
2550 3022 2690 3087 boni,
2717 3022 2839 3090 quia
2870 3021 3028 3074 odisti
3058 3021 3202 3089 facta
3239 3019 3656 3084 Nicolaitarum,
3694 3038 3811 3092 qua:

2243 3123 2292 3168 et
2320 3131 2412 3182 ego
2443 3113 2550 3172 odi.
2582 3115 2624 3164 A
2653 3113 2851 3181 quibus
2881 3121 3062 3168 autem
3097 3114 3203 3170 sint
3233 3113 3546 3182 oppugnati,
3577 3113 3810 3181 accipies

2243 3219 2274 3256 a
2320 3202 2660 3257 Tbeodorcto
2680 3200 2990 3261 “:Contra
3042 3201 3156 3264 hos,
3194 3201 3387 3270 inquit,
3440 3203 3647 3270 scripsit
3687 3199 3811 3258 Cle-

2243 3311 2408 3356 mens,
2443 3303 2490 3348 et
2517 3291 2775 3354 Irenazus,
2806 3302 2852 3346 et
2887 3291 3153 3360 Origenes,
3183 3302 3230 3351 et
3264 3291 3576 3362 Hippolytus
3608 3295 3812 3361 episco-

2241 3400 2336 3453 pus
2358 3394 2406 3437 et
2426 3394 2645 3453 martyr.
2673 3383 2844 3448 Quam
2869 3398 2995 3436 vero
3019 3382 3246 3437 feliciter
3264 3393 3452 3437 contra
3475 3399 3570 3437 eos
3599 3398 3808 3453 pugna.

2241 3474 2436 3535 verint,
2471 3474 2692 3542 colligas
2719 3489 2783 3527 ex
2808 3474 3032 3527 victoria
3063 3474 3131 3528 ab
3159 3475 3238 3528 eis
3271 3489 3528 3543 perquam
3549 3475 3813 3530 citissime

2242 3572 2536 3633 reportata.
2582 3563 2792 3617 Etenim
2839 3564 2953 3617 hmc
3008 3564 3249 3627 ἣξει-θεῖς,
3299 3571 3434 3617 teste
3485 3563 3720 3618 Eusebio
3739 3563 3809 3634 “,

2243 3653 2540 3706 brevissimo
2583 3653 2826 3721 temporis
2866 3653 3036 3720 spatia
3068 3653 3374 3719 permansit.
3406 3652 3480 3708 Ex
3511 3653 3608 3706 hoc
3629 3663 3811 3709 tamen

2243 3743 2389 3800 fonte
2417 3741 2828 3811 corruptissimo
2855 3741 3122 3799 fluxerunt
3149 3739 3412 3804 Gnostici,
3442 3743 3640 3810 aliique
3667 3758 3812 3800 com-

2241 3834 2446 3904 plures,
2476 3833 2541 3884 de
2565 3830 2762 3900 quibus
2794 3829 3123 3898 Epiphanius
3147 3829 3191 3859 ⁸⁸
3219 3848 3233 3882 :
3259 3828 3336 3881 Ab
3385 3828 3481 3882 hoc
3507 3831 3672 3899 fonte,
3706 3833 3806 3905 ait,

2238 3924 2480 3984 derivati,
2507 3938 2570 3974 ac
2613 3921 2830 3986 pessime
2880 3921 2931 3972 in
2965 3919 3210 3973 mundum
3242 3919 3522 3972 introducti
3550 3930 3668 3973 sunt
3698 3920 3806 3974 hat-

2240 4015 2386 4068 retici
2416 4013 2515 4075 illi,
2547 4012 2637 4080 qui
2663 4027 2779 4063 eam
2810 4009 2930 4074 sibi,
2962 4027 3117 4078 quam
3148 4009 3286 4077 {also
3309 4012 3601 4073 nominant,
3633 4012 3807 4080 cogni-

2241 4106 2428 4162 tionem
2466 4104 2748 4163 vindicant,
2785 4101 3076 4168 cujusmodi
3106 4112 3226 4155 sunt
3259 4101 3510 4164 Gnostici,
3536 4101 3808 4156 Phibiani-

2241 4208 2324 4256 tte,
2355 4205 2401 4248 et
2432 4194 2618 4263 quibus
2661 4193 2724 4244 ab
2755 4191 3020 4259 Epiphane
3062 4209 3244 4246 nomen
3270 4203 3344 4245 est
3389 4191 3633 4246 inditum.
3671 4193 3802 4246 Tum

2239 4287 2396 4339 etiam
2431 4285 2709 4346 Militares,
2740 4283 2973 4346 Levitici,
3005 4284 3194 4352 aliique
3233 4283 3540 4353 complures.
3573 4285 3805 4350 Quorum

575 4395 688 4440 mm
712 4366 796 4441 τοέ
825 4384 927 4440 Sed
954 4399 1002 4440 ει
1052 4387 1392 4456 Evangelia",
1431 4388 1713 4457 “cundum
1760 4391 2019 4459 Marcum,
2051 4397 2138 4464 qui
2169 4371 2212 4425 D
2239 4375 2451 4444 quilibet
2482 4374 2722 4428 literesim
2767 4374 3054 4440 propriam,
3086 4373 3152 4429 ad
3195 4375 3356 4429 animi
3385 4376 3466 4428 sui
3507 4377 3803 4444 aﬂ'ectianes

577 4476 789 4534 auditor
811 4478 923 4547 ejus
950 4487 999 4534 et
1029 4479 1282 4548 interpres
1314 4482 1434 4550 fuit,
1459 4481 1634 4550 hujus,
1665 4481 1832 4548 Petri,
1859 4501 1970 4540 esse
2008 4485 2142 4556 dici-

579 4581 682 4624 Μ’
1163 4637 1388 4694 CAPUT
1427 4638 1562 4696 vui.

993 4727 1070 4786 De
1097 4729 1282 4795 ha'resi
1314 4728 1718 4788 Nicolaitarum.

646 4819 925 4897 Nicolaitae
971 4838 1160 4876 novam
1209 4839 1422 4893 quoque
1470 4824 1642 4893 primo
1691 4825 1886 4880 saeculo
1938 4835 2137 4881 sectam

579 4913 870 4970 commenti
898 4921 1044 4969 sunt.
1076 4913 1303 4969 Err'ores
1333 4930 1518 4968 eorum
1550 4918 1734 4982 paucis
1769 4918 1947 4985 verbis
1977 4933 2141 4985 expo-

582 5005 661 5057 nit
707 5002 1007 5058 lrenaaus"
1035 5023 1047 5059 :
1077 5003 1359 5059 lndiscreie
1409 5006 1600 5068 vivunt,
1649 5005 1847 5057 nullam
1895 5006 2139 5074 di/feren-

581 5096 709 5148 tiam
739 5111 848 5166 esse
877 5096 1102 5150 dicentes
1134 5096 1187 5147 in
1216 5094 1538 5153 mwchando.
1570 5105 1618 5147 et
1650 5095 1993 5166 idolothytum
2022 5096 2135 5148 ede-

580 5201 655 5240 re.
705 5184 1042 5255 Augustinus
1089 5193 1265 5240 autem
1313 5187 1474 5257 paulo
1516 5186 1808 5242 dilucidius
1831 5188 1915 5241 ηε
1960 5187 2140 5260 Placet

693 5370 738 5402 ‘“
789 5369 987 5422 Περι-(ιε.
1054 5370 1147 5439 50,
1192 5369 1216 5438 §
1277 5369 1331 5424 Ξ.
1424 5373 1470 5402 τ’
1518 5370 1718 5426 "seres.
1764 5371 1833 5424 9.9
1879 5371 1904 5439 §
1950 5372 1999 5424 7.

585 5441 650 5491 ad
703 5455 822 5520 cap.
900 5455 1010 5520 ζει..
1038 5440 1119 5520 ﬂ"
1151 5443 1253 5520 ’ρει
1311 5444 1577 5520 scriptor.__
1638 5443 1818 5520 ecclcs.
1845 5485 1860 5508 ,
1891 5445 1947 5496 in

588 5580 820 5648 "Apoc.
883 5595 944 5637 It.
1003 5579 1055 5630 6.

588 5650 633 5676 “
667 5649 822 5706 Locis
861 5650 1063 5704 citatis.

2105 5371 2397 5444 "ilmres.
2612 5369 2737 5444 §_9.

2013 5440 2208 5498 Matth.

585 5525 706 5578 cap.
742 5509 829 5561 ‘27.
908 5510 951 5538 τ’
983 5508 1098 5580 Lib.
1140 5512 1202 5560 de
1232 5508 1456 5580 Ahtvresi,‘
1677 5510 1950 5580 υμῖν-(ιδ.
2021 5511 2112 5572 9.5,
2161 5510 2186 5580 ᾗ

1158 5580 1200 5610 ⁸³
1227 5578 1342 5633 Lib.
1387 5593 1444 5637 tu
1486 5578 1681 5632 Horret.
1721 5577 1936 5644 Fobul.,
1964 5596 2081 5651 cap.
2141 5577 2188 5636 1ῖ

2243 4462 2662 4526 accommodans,
2696 4470 2964 4514 sexcentos
3012 4463 3252 4531 nequitia:
3317 4465 3426 4518 vias
3472 4465 3801 4534 excogitavit.

2241 4552 2414 4623 Atque
2458 4553 2581 4607 inde
2622 4552 2810 4621 procul
2855 4551 3020 4604 dubio
3050 4560 3166 4604 orta
3197 4561 3299 4615 est,
3333 4569 3394 4607 ea
3434 4570 3594 4623 quam
3639 4570 3805 4625 supra

2242 4644 2678 4705 memoravimus,
2703 4643 2800 4696 hos
2827 4643 2966 4696 inter
2996 4643 3368 4702 haereticosde
3392 4646 3640 4702 barbaris
3663 4649 3806 4716 prin-

2237 4736 2416 4804 cipum
2451 4735 2756 4787 nominibus
2785 4732 3072 4788 dissensio.

2313 4826 2445 4891 Quis
2478 4834 2654 4879 autem
2684 4826 2907 4894 hujusce
2951 4825 3216 4878 haereseos
3249 4835 3439 4880 auctor
3479 4826 3660 4892 fuerit,
3696 4845 3802 4884 non

2242 4919 2313 4970 ita
2352 4923 2659 4986 promptum
2689 4923 2772 4968 est
2815 4914 3058 4970 delinire.
3099 4914 3322 4968 Plurimi
3354 4916 3664 4972 existimant
3696 4936 3805 4976 non

2245 5009 2407 5060 alium
2443 5007 2609 5074 fuisse
2635 5022 2793 5076 quam
2826 5005 3125 5069 Nicolaum,
3155 5022 3321 5063 unum
3350 5022 3414 5061 ex
3451 5019 3654 5078 septem
3699 5011 3802 5066 illis

2245 5097 2496 5152 Ecclesia:
2524 5097 2860 5160 diaconibus,
2881 5095 2972 5165 qui
3005 5097 3071 5149 ab
3093 5098 3354 5165 apostolis
3393 5099 3547 5152 electi
3577 5107 3629 5155 et
3651 5100 3804 5158 inau-_

2245 5190 2421 5259 gurati
2455 5197 2601 5244 sunt.
2632 5187 2696 5240 Et
2739 5189 2851 5242 hac
2882 5189 3095 5257 quidem
3137 5186 3237 5241 fuit
3266 5186 3449 5243 Irenzei
3471 5190 3536 5255 ⁸⁸,
3571 5190 3803 5262 Epipha-

2833 5369 2879 5399 ⁷⁵
2933 5369 3052 5423 Lib.
3082 5385 3118 5422 ll
3171 5368 3459 5423 Comment.
3524 5370 3581 5423 in
3606 5370 3801 5427 Matth.

2327 5443 2372 5471 ⁷⁸
2447 5438 2923 5508 lbid.,iniPetr.
3029 5442 3071 5471 ⁷⁷
3131 5439 3248 5493 Lib.
3322 5456 3358 5492 tt
3430 5441 3558 5493 Adv.
3618 5442 3799 5494 haeres.

2243 5511 2305 5595 2.,
2341 5511 2487 5595 ξηθι
2536 5511 2590 5562 5.
2625 5507 2861 5595 "°_°‘Loc.
2917 5512 3009 5563 cit.
3081 5508 3534 5595 :‘I‘Libzlvnliist.
3570 5510 3781 5595 crop}?

2266 5582 2309 5612 ιδ
2351 5580 2465 5633 Lib.
2503 5595 2562 5634 ιιι
2618 5578 2841 5643 Ηίθεοι-η
2899 5596 3015 5650 cap.
3081 5580 3167 5634 29.
3267 5577 3542 5634 "Heres
3589 5577 3715 5653 Ξδῶ
3749 5578 3777 5632 9
