4046 6326
145 287 212 340 25
1021 289 1209 344 PRIMI
1249 289 1598 348 ECCLESIIE
1640 289 1694 345 S.

1802 290 1911 346 ou
1953 286 2470 346 scntpromses.
3227 270 3230 271 ί
3301 291 3370 345 es

137 407 207 459 nii
249 413 302 460 et
329 401 616 458 Philastrii
666 405 871 475 opinio,
914 408 1112 476 quibus
1163 409 1525 479 astipulantur
1554 407 1701 462 Hila-
1729 412 1774 468 Α
1802 411 2092 470 monstrat,
2161 403 2426 460 Clementi
2496 403 2823 472 astipulatur
2887 410 3010 476 post
3075 402 3372 458 Eusebium

137 499 244 550 rius
266 495 334 557 ",
362 493 726 565 Hieronymus
750 497 815 558 ⁸⁸,
844 495 1082 554 Isidorus
1105 499 1171 562 ⁸⁸³,
1199 500 1398 568 aliique
1431 513 1540 552 non
1569 512 1702 566 pau-

1804 495 2198 552 Theodoretus.
2228 495 2303 548 Ex
2329 497 2493 550 allato
2517 496 2718 564 quippe
2740 493 3034 551 Clementis
3060 496 3371 551 testimonio

135 586 202 640 ci.
225 584 284 638 In
310 599 505 640 eorum
535 592 713 639 tamen
743 601 900 656 grege
922 586 1286 644 Tertullianus
1310 604 1420 643 non
1440 602 1704 649 annume-
1802 588 1882 642 sic
1913 588 2002 642 ille
2032 586 2308 641 concludit
2332 586 2376 618 "
2402 605 2414 640 :
2443 585 2524 638 Ea:
2566 586 2752 654 quibus
2799 586 2993 657 liquido
3020 589 3368 654 convincitur,

137 675 334 731 randus
365 684 472 733 est.
511 675 654 730 Nihil
683 678 825 732 enim
852 677 920 732 de
949 678 1171 734 Nicolao
1202 681 1293 735 illo
1321 680 1559 749 scripsit,
1594 679 1699 733 nisi

138 769 188 827 in
208 767 384 837 capite
413 769 486 823 45
516 759 666 816 Libri
688 766 751 826 de
768 765 1245 837 pra’tcriptionibus
1273 789 1293 827 ,·
1316 770 1460 840 quod
1480 769 1700 839 quidem

136 864 290 926 caput
337 856 513 911 eidem
559 858 695 912 libro
735 859 804 913 ab
850 860 1143 930 impostore
1189 859 1423 929 quodam
1453 866 1698 914 assutum

141 947 441 1026 luisse_jam
470 950 896 1007 observavimus.

200 1035 565 1107 Refragantur
590 1048 765 1094 autem
796 1039 922 1094 huic
953 1047 1030 1094 tot
1059 1046 1439 1108 tantorumque
1459 1038 1697 1092 virorqu

136 1129 412 1184 Sententiae
440 1130 737 1198 scriptores
767 1130 1036 1198 nonnulli,
1070 1130 1328 1198 aluntque
1355 1127 1456 1181 hos
1483 1125 1698 1181 haereti-

141 1232 242 1276 £05,
265 1225 321 1272 ut
365 1218 724 1272 celeberrimo
755 1218 985 1284 alicujus
1010 1219 1249 1271 auctoris
1273 1216 1490 1270 nomine
1514 1215 1698 1268 fucum

135 1310 250 1363 aliis
299 1309 566 1371 facerent,
602 1309 744 1363 hunc
794 1308 1071 1363 Nicolaum
1105 1308 1207 1364 sibi
1255 1307 1392 1363 falso
1437 1307 1698 1362 ascivisse

135 1386 286 1455 seetse
331 1414 448 1454 suae
497 1400 816 1470 principem.
849 1399 1065 1454 Scimus
1089 1398 1306 1470 quidem
1337 1399 1390 1452 in
1420 1397 1696 1468 lgnatiana

135 1490 356 1560 quadam
385 1492 616 1559 epistola
647 1491 781 1545 illud
812 1497 997 1561 aperte
1018 1492 1188 1548 asseri
1212 1491 1257 1524 ’°
1284 1509 1296 1544 :
1324 1488 1513 1559 Fugite
1533 1491 1701 1558 impu-

133 1599 213 1642 ros
244 1581 567 1644 Nicotaitas,
591 1582 787 1651 falsum
814 1583 915 1636 sibi
938 1599 1120 1637 nomen
1147 1591 1424 1645 sumentes;
1447 1580 1542 1636 sed
1572 1596 1696 1640 cum

135 1672 241 1727 haec
269 1673 430 1728 verba
468 1673 876 1741 interpolatoris
919 1676 1046 1737 sint,
1081 1689 1188 1728 non
1218 1689 1346 1728 vero
1385 1672 1595 1743 Ignatii,
1629 1688 1692 1734 ex

135 1763 196 1828 iis
223 1761 466 1831 profecto
496 1735 631 1816 nihil
675 1763 807 1816 certi
839 1735 1087 1817 concludi
1128 1770 1324 1833 potest.
1357 1735 1694 1833 Quapropter
1724 1735 1768 1796 Β

133 1853 396 1920 opinionis
449 1853 598 1909 illius
647 1851 893 1909 fautores
924 1861 976 1909 et
1027 1853 1240 1922 patroni
1289 1868 1356 1909 ex
1401 1852 1695 1908 Clementis

133 1943 475 1998 Alexandrini
523 1944 846 2000 auctoritate
887 1944 1118 2001 validius
1163 1955 1360 2000 eruunt
1400 1959 1691 2015 argumenc

133 2043 257 2092 tum.
282 2033 329 2090 Is
357 2036 505 2089 enim
537 2033 832 2090 Nicolaitas
860 2037 1057 2106 arguit,
1082 2037 1226 2106 quod
1257 2037 1312 2090 in
1335 2037 1557 2094 haeresis
1581 2051 1694 2092 suae

135 2128 591 2182 conﬁrmationem
623 2128 787 2181 verba
811 2125 1020 2182 Nicolai
1052 2143 1248 2196 pravos
1277 2127 1330 2181 in
1376 2143 1568 2183 sensus
1595 2127 1692 2182 de-

134 2225 436 2289 torquerent
464 2237 476 2270 :
508 2216 662 2277 Tales
698 2225 837 2283 sunt,
863 2217 1142 2287 inquiebat
1181 2217 1270 2271 ille
1293 2218 1366 2280 ",
1393 2218 1482 2287 qui
1512 2216 1694 2272 dicunt

135 2327 183 2364 se
207 2311 346 2380 sequi
375 2309 682 2378 Nicolaum,
715 2311 1028 2366 alducentes
1059 2311 1170 2380 ejus
1201 2312 1310 2365 viri-
1328 2309 1528 2380 aliquid
1553 2310 1695 2364 litte-

133 2418 298 2456 rarum
329 2405 678 2457 monumentis
721 2402 1049 2468 mandatum,
1080 2403 1169 2457 sed
1214 2402 1277 2456 ab
1303 2402 1376 2455 eis
1414 2402 1692 2465 detectum,

135 2511 296 2563 nempe
319 2509 337 2546 .·
364 2494 622 2562 Oportere
647 2511 805 2550 carne
834 2497 933 2550 uti.
965 2494 1067 2549 Sed
1101 2496 1190 2549 ille
1215 2494 1418 2564 quidem
1447 2495 1524 2547 vir
1549 2510 1692 2563 prte-

135 2586 295 2640 clarus
326 2586 664 2656 signiﬁcabat
696 2596 927 2656 oportere
958 2589 1243 2656 uoluptates
1271 2604 1443 2642 arcere
1471 2597 1519 2642 et
1548 2588 1694 2656 cupi-

137 2678 329 2740 ditates,
377 2689 426 2732 et
466 2680 566 2732 hac
612 2680 982 2734 exercitatione
1029 2680 1292 2735 marcidas
1340 2679 1694 2749 ﬂaccidasque

138 2767 328 2821 reddere
349 2768 529 2822 carnis
560 2769 895 2836 appetitiones
925 2777 972 2822 et
1003 2769 1249 2823 insultus.
1277 2770 1381 2835 Qui
1402 2778 1574 2824 autem
1605 2769 1690 2822 in-

138 2868 238 2915 star
267 2858 532 2912 hircorum
563 2870 683 2914 sunt
707 2860 860 2929 effusi
888 2861 941 2914 in
970 2860 1398 2928 ooluptatem.....
1429 2860 1691 2915 decretum

136 2951 284 3016 ipsius
311 2953 615 3018 voluptatis,
645 2968 746 3004 non
771 2965 944 3006 autem
969 2953 1064 3005 viri
1085 2952 1359 3022 apostolici
1380 2962 1688 3022 sequuntur.

137 3040 196 3092 At
222 3040 466 3096 Clemens
498 3039 777 3095 Nicolaum
810 3040 951 3094 haud
981 3041 1141 3095 dubie
1168 3042 1341 3096 virum
1368 3043 1688 3111 praeclarum

137 3139 183 3188 et
209 3130 558 3201 apostolicum
596 3148 700 3187 non
726 3130 1069 3202 appellasset,
1107 3131 1152 3185 si
1184 3141 1291 3186 tam
1319 3145 1497 3201 pravae
1522 3132 1692 3188 haere-

139 3237 248 3276 seos
277 3239 472 3292 parens
503 3223 695 3282 fuisset
725 3233 778 3278 et
808 3232 1018 3282 auctor.

201 3311 329 3377 Quid
360 3314 548 3382 plura?
576 3313 719 3368 Idem
744 3312 994 3369 Clemens
1019 3326 1232 3370 omnem
1265 3312 1462 3386 impuri
1500 3312 1691 3369 crimi-

139 3404 232 3466 nis,
264 3405 326 3458 ab
351 3405 542 3460 iisdem
571 3405 837 3460 haereticis
858 3405 1080 3460 Nicolao
1110 3407 1295 3474 inusti,
1327 3410 1692 3478 suspicionem

139 3496 332 3564 egregie
357 3496 578 3567 depellit
599 3497 642 3529 "
671 3517 683 3552 :
709 3497 839 3552 Cum
869 3509 1042 3554 autem
1069 3501 1131 3554 de
1161 3502 1302 3557 dicto
1344 3501 1396 3557 Ν
1402 3503 1569 3557 icolao
1613 3503 1693 3557 lo-

139 3598 408 3648 queremur,
443 3585 579 3638 illud
603 3588 1052 3654 praztermisimus.
1090 3587 1222 3643 Cum
1263 3591 1571 3659 formosam,
1604 3594 1691 3647 in-

143 3675 334 3749 quiunt,
373 3676 583 3730 haberet
619 3693 834 3732 uxorem
859 3718 872 3742 ,
913 3688 961 3734 et
1001 3690 1116 3749 post
1152 3681 1444 3737 Servatoris
1485 3701 1694 3740 assum-

143 3766 344 3831 ptionem
365 3771 411 3822 ei
430 3770 618 3837 fuisset
647 3771 710 3824 ab
729 3772 981 3839 apostolis
1008 3772 1296 3839 exprobata
1328 3775 1606 3845 sclotypia,
1637 3779 1692 3830 in

146 3859 345 3913 medium
373 3861 871 3928 adducta'muliere,
900 3867 1133 3933 permisit
1162 3866 1245 3919 cui
1276 3867 1423 3922 vellet
1449 3884 1564 3920 eam
1593 3885 1691 3922 nu—

148 3950 261 4012 bere.
284 3954 443 4007 Aiunt
471 3955 610 4012 enim
639 3955 771 4009 hanc
802 3973 973 4010 vocem
1015 3957 1096 4011 illi
1124 3960 1232 4013 voci
1268 3970 1687 4024 consentaneum,

146 4057 243 4113 qua:
281 4045 422 4108 dicit,
453 4046 592 4116 quod
632 4062 789 4100 carne
836 4049 912 4100 uti
955 4057 1208 4115 oporteat,
1241 4050 1452 4120 ejusque
1492 4051 1690 4118 factum

145 4145 185 4186 et
205 4136 384 4190 dictum
405 4138 663 4202 absolute,
683 4148 731 4191 et
754 4138 1135 4194 inconsiderate
1157 4151 1442 4210 sequentes,
1469 4145 1555 4211 qui
1577 4142 1689 4210 ejus

145 4226 356 4281 Itwresim
398 4239 814 4299 persequuntur,
856 4230 1185 4297 impudenter
1227 4233 1484 4302 e/fuseque
1523 4234 1692 4302 forni-

145 4329 327 4375 cantur.
351 4321 458 4392 Ego
497 4331 672 4376 autem
700 4323 858 4376 audio
904 4322 1190 4376 Nicolaum
1219 4325 1418 4378 nullum
1463 4343 1690 4396 unquam

1801 678 1939 748 falso
1965 678 2063 731 sibi
2091 677 2153 731 de
2178 677 2330 746 hujus
2355 677 2701 746 appellatione
2723 695 2908 732 nomen
2929 695 3178 750 arrogare
3207 677 3373 733 Nico-

1801 770 1982 824 laitas.
2035 769 2299 825 Eusebius
2344 784 2475 824 vero
2502 769 2548 802 ⁹⁸
2591 789 2604 825 :
2651 769 2725 823 Hi
2773 768 3054 825 Nicolaum
3095 773 3371 842 quemdam

1799 874 1961 913 unum
1999 874 2064 913 ea:
2093 858 2224 922 illis,
2252 860 2341 932 qui
2379 859 2446 912 ad
2473 875 2656 913 curam
2686 861 2895 929 inopum
2921 862 3224 930 gerendam,
3265 880 3373 917 una

1799 967 1916 1006 cum
1941 951 2204 1020 Stephano
2235 951 2298 1004 ab
2318 952 2570 1021 apostolis
2590 955 2860 1009 constituti
2889 955 3098 1022 fuerant
3119 956 3371 1015 ministri.

1797 1055 1950 1100 secta'
1977 1061 2083 1099 sua:
2118 1053 2383 1098 auctorem
2405 1043 2704 1112 jactabant.
2738 1045 2878 1110 Quid
2901 1045 3046 1099 aliud
3075 1046 3179 1100 hoc
3207 1047 3374 1101 verbo

1788 1135 2090 1207 jactabant,
2125 1135 2301 1190 innuit
2345 1135 2633 1200 Eusebius,
2666 1152 2828 1206 quam
2875 1135 3159 1191 Nicolaum
3209 1137 3370 1207 hujus

1797 1228 2068 1286 haereseos
2096 1240 2204 1279 non
2233 1240 2354 1280 esse
2383 1228 2694 1281 auctorem?

1867 1315 2038 1370 Porro
2071 1324 2249 1371 autem
2285 1316 2412 1387 quid
2435 1316 2503 1370 de
2534 1316 2634 1368 hac
2656 1315 2977 1385 quaestione,
3002 1329 3164 1385 quam
3194 1323 3373 1370 tanto-

1797 1422 1918 1463 rum
1947 1406 2170 1462 Patrum
2199 1405 2497 1461 auctoritas
2522 1405 2742 1463 dubiam
2785 1405 2985 1468 reddit,
3020 1404 3371 1460 statuendum

1796 1498 1890 1562 sit,
1920 1497 1989 1552 ab
2011 1497 2135 1552 aliis
2159 1494 2432 1549 lubentius
2464 1494 2770 1549 audiemus.
2800 1492 2958 1547 Enim
2983 1507 3110 1546 vero
3135 1489 3375 1547 Irenaaus

1794 1594 1850 1643 et
1881 1587 2158 1650 Clemens,
2188 1586 2526 1655 antiquiores
2567 1593 2619 1641 et
2646 1585 3209 1656 praecipuiutriusque
3250 1583 3372 1652 opi.

1796 1680 1977 1735 nionis
2005 1679 2267 1742 fautores,
2299 1678 2463 1733 coaevi
2496 1685 2672 1740 erant,
2706 1684 2760 1731 et
2790 1693 2822 1730 a
2854 1675 3064 1731 Nieolai
3113 1675 3375 1745 tempori-

1793 1772 1898 1831 bus
1926 1777 2037 1826 tam
2067 1784 2258 1840 parum
2291 1768 2505 1832 remoti,
2537 1776 2596 1822 ut
2623 1769 2691 1822 ab
2719 1767 2969 1837 ejusdem
2990 1765 3200 1822 Nicolai
3235 1767 3375 1822 ami-

1792 1863 1876 1918 cis
1905 1871 1994 1916 aut
2027 1859 2316 1930 discipulis
2357 1860 2636 1932 potuerint
2681 1858 2841 1913 facile
2865 1857 3101 1923 discere,
3130 1874 3261 1912 num
3305 1858 3376 1914 ab

1793 1953 1886 2009 illo
1905 1966 2031 2008 vere
2061 1950 2303 2022 profecta
2326 1950 2397 2006 sit
2421 1964 2485 2005 ea
2517 1950 2760 2005 haeresis.
2788 1951 2852 2004 Et
2879 1949 3130 2005 Clemens
3153 1947 3373 2019 quidem

1794 2058 1853 2098 se
1883 2043 1936 2097 id
1966 2057 2074 2097 non
2105 2041 2454 2112 indiligenter
2497 2039 2855 2111 investigasse
2899 2040 3195 2110 significat.
3229 2037 3372 2104 Quid

1791 2147 1922 2188 vero
1963 2130 2106 2202 quod
2156 2130 2212 2184 in
2271 2129 2390 2198 ejus
2421 2127 2696 2198 opinionis
2742 2127 3145 2186 firmamentum
3176 2124 3375 2191 adduci

1793 2222 1927 2280 illud
1954 2230 2157 2293 potest,
2181 2221 2326 2292 quod
2361 2220 2633 2276 haereticis
2655 2220 2711 2273 in
2729 2234 2882 2273 more
2902 2218 3135 2288 positum
3171 2218 3242 2272 sit
3266 2231 3378 2272 ma-

1791 2330 1958 2387 gnum
1987 2313 2091 2370 sibi
2121 2312 2410 2383 quemdam
2439 2312 2710 2366 haereseos
2741 2326 2851 2366 suae
2878 2297 3140 2366 advocare
3178 2317 3372 2364 aucto-

1791 2403 1933 2459 rem?
1952 2403 2140 2473 Neque
2169 2411 2350 2458 tamen
2372 2417 2438 2457 eo
2471 2401 2806 2472 repudianda
2829 2409 2913 2455 est
2943 2399 3128 2455 Irenaei
3155 2407 3377 2454 senten-

1791 2495 1886 2558 tia,
1922 2495 2049 2565 quia
2075 2495 2145 2550 ab
2171 2509 2277 2548 uno
2306 2509 2370 2548 ex
2403 2499 2609 2563 septem
2632 2492 2823 2560 primis
2855 2491 3109 2546 Ecclesiae
3129 2490 3375 2546 diaconis

1791 2586 2042 2641 haeresim
2071 2586 2219 2639 illam
2245 2593 2424 2639 ortum
2455 2598 2614 2638 suun:
2651 2583 2875 2638 duxisse
2910 2582 3265 2652 improbabile
3295 2583 3378 2636 vi-

1793 2675 2004 2731 deatur.
2035 2673 2169 2728 Nam
2199 2689 2323 2728 cum
2360 2673 2610 2729 Christus
2641 2673 2708 2726 ab
2732 2687 2842 2726 uno
2882 2687 2912 2729 e
2942 2677 3058 2726 suis
3089 2671 3371 2741 apostolis,

1792 2779 1860 2819 ne
1889 2763 2194 2818 doctrinam
2227 2779 2379 2818 suam
2411 2770 2752 2834 prOpagaret,
2786 2762 2852 2818 ad
2879 2777 3061 2817 necem
3093 2763 3163 2816 sit
3188 2762 3376 2817 vendk

1792 2860 1902 2922 tus,
1931 2855 2108 2926 potuit
2139 2861 2192 2910 et
2223 2871 2366 2910 unus
2394 2872 2459 2910 ex
2488 2863 2692 2924 septem
2725 2854 2833 2908 illis
2868 2853 3116 2910 diaconis
3137 2853 3373 2924 alicujus

1792 2945 2064 3002 haereseos
2095 2937 2351 3002 inventor
2378 2961 2501 3000 esse
2530 2960 2594 2999 ac
2623 2944 3015 3014 promulgator.

2405 3034 2633 3091 CAPUT
2670 3033 2760 3092 IX.

1934 3132 2070 3200 Quae
2099 3149 2164 3187 ex
2192 3131 2289 3186 hac
2317 3130 2578 3186 hereseon
2608 3130 2953 3200 descriptione
2983 3129 3230 3185 utilitas?

1866 3225 2164 3294 Quorsum,
2195 3223 2430 3296 inquies.
2458 3224 2548 3276 illa
2579 3229 2661 3276 tot
2686 3223 2964 3275 hmreseon
2988 3219 3285 3290 descriptio
3309 3236 3372 3275 ac

1793 3315 2057 3372 historia?
2082 3315 2273 3370 Nonne
2305 3314 2384 3367 illi
2413 3313 2664 3366 humana:
2697 3310 2895 3365 mentis
2919 3308 3371 3364 monstrosissimi

1793 3418 1982 3482 partus
2011 3415 2272 3478 perpetuo
2293 3405 2506 3460 silentio
2530 3401 2826 3472 sepeliendi
2865 3401 3054 3456 erant?
3073 3398 3213 3466 Quid
3240 3414 3370 3454 vero
3447 3460 3462 3475 ς

1791 3520 1860 3560 ex
1888 3503 1991 3556 hac
2021 3501 2214 3556 odiosa
2253 3500 2587 3568 molestaque
2616 3495 3130 3550 commemoratione
3173 3493 3228 3547 in
3269 3492 3371 3547 Ec-

1793 3597 2016 3652 clesiam
2045 3591 2418 3654 emolumenti,
2451 3598 2505 3644 et
2551 3589 2606 3643 in
2658 3589 2890 3643 lectores
2924 3585 3206 3640 utilitatis?
3251 3584 3371 3640 Non

1793 3687 2078 3741 minimum
2132 3692 2300 3740 certe.
2347 3681 2480 3736 Nam
2512 3688 2871 3751 praeterquam
2919 3677 3062 3747 quod
3093 3678 3370 3734 haereseon

1792 3778 2103 3848 cognitione
2146 3787 2564 3842 nonnunquam,
2608 3771 2687 3824 uti
2727 3770 2988 3832 diximus,
3022 3767 3371 3823 obscuriores

1791 3870 2013 3925 Patrum
2047 3868 2150 3922 loci
2185 3866 2401 3921 facilius
2438 3863 2835 3933 intelliguntur,
2869 3860 2993 3916 inde
3022 3861 3185 3914 etiam
3227 3860 3371 3912 into-

1791 3961 2032 4018 lerabilis
2062 3959 2364 4021 hominum,
2389 3972 2526 4011 nova
2555 3970 2770 4025 semper
2793 3954 3151 4015 molientium,
3180 3967 3371 4020 super-

1791 4055 1879 4109 bia
1913 4052 2244 4113 retunditur,
2277 4065 2340 4102 ac
2377 4049 2593 4102 tandem
2628 4046 2843 4101 funesto
2874 4043 3250 4098 haereticorum
3277 4057 3370 4095 can

1791 4165 1855 4205 su
1877 4147 2142 4202 Catholici
2172 4145 2308 4198 liunt
2336 4143 2631 4197 cautiores.
2656 4139 2715 4193 In
2743 4139 2932 4209 primis
2957 4144 3140 4191 autem
3165 4150 3232 4189 ex
3261 4134 3366 4189 hac

1790 4239 2088 4293 errantium
2120 4249 2476 4302 errorumquo
2504 4232 2734 4286 historia
2761 4231 2979 4286 discunt
3011 4241 3220 4290 omnes,
3247 4239 3369 4295 quas

1792 4330 1956 4386 fuerit
1983 4331 2049 4384 ab
2080 4327 2338 4383 Ecclesiae
2363 4325 2636 4396 principio
2664 4338 2792 4377 vera
2838 4331 2891 4376 et
2923 4318 3191 4374 catholica
3235 4317 3369 4373 fides

147 4410 258 4476 alia,
280 4429 428 4481 quam
450 4431 512 4467 ea
539 4430 654 4484 qua:
675 4414 723 4468 ei
743 4421 1010 4482 nupserat,
1037 4430 1199 4468 uxore
1228 4432 1379 4469 usum
1400 4433 1528 4480 esse,
1555 4427 1602 4470 et
1625 4435 1690 4474 ex

1794 4442 1856 4480 ac
1879 4424 2146 4479 doctrina.
2198 4421 2375 4490 Atque
2407 4435 2475 4474 ne
2523 4423 2679 4472 extra
2703 4416 2940 4486 primum
2987 4413 3244 4468 Ecclesia:
3267 4426 3370 4467 saa—

146 4501 269 4555 t'llius
298 4504 470 4558 liberis
491 4505 634 4574 ﬁlias
664 4503 868 4575 quidem
890 4507 1220 4560 consenuisse
1249 4508 1490 4577 virgines,
1514 4509 1684 4577 ﬁlium

149 4602 296 4648 autem
320 4598 664 4664 permansisse
692 4599 1069 4667 incorruptum.
1101 4599 1230 4665 Qua:
1258 4615 1374 4652 cum
1400 4601 1475 4652 ita
1505 4618 1559 4655 se
1591 4602 1689 4657 ha-

150 4683 303 4747 beant,
326 4689 436 4742 uitii
465 4698 579 4744 erat
607 4689 844 4758 depulsio
869 4700 1020 4755 atque
1049 4692 1354 4759 expurgatio
1381 4692 1434 4743 in
1461 4691 1687 4746 medium

150 4778 470 4843 apostolorum
493 4781 825 4835 circumactio
850 4782 1051 4844 uxoris,
1076 4783 1225 4850 cujus
1247 4783 1516 4837 dicebatur
1545 4785 1690 4839 labo-

148 4885 250 4925 rare
269 4873 514 4942 selotypia
531 4890 550 4938 ;
578 4887 626 4929 et
657 4875 972 4929 continentia
1001 4892 1032 4928 a
1061 4876 1411 4944 voluptatibus
1441 4894 1556 4947 qua:
1585 4897 1691 4933 ma-

150 4977 231 5032 gno
251 4965 412 5019 studio
440 4974 718 5034 parantur,
745 4966 962 5021 docebat
984 4967 1123 5022 istud
1152 4987 1162 5022 :
1191 4969 1269 5020 uti
1292 4986 1466 5032 carne,
1498 4969 1592 5023 hoc
1614 4981 1690 5024 est

151 5070 356 5110 exercere
395 5075 621 5114 carnem.
655 5057 835 5126 Neque
861 5061 1020 5125 enim,
1065 5070 1122 5113 ut
1149 5061 1410 5125 existimo,
1453 5063 1690 5116 volebant

150 5149 476 5202 convenienter
504 5149 715 5203 Domini
735 5160 990 5218 prtecepto
1034 5151 1234 5204 duobus
1265 5151 1491 5205 dominis
1531 5155 1692 5207 servi-

153 5249 214 5296 re,
253 5239 493 5306 voluptati
549 5249 597 5294 et
625 5239 751 5296 Deo.
791 5239 869 5293 Ita
899 5241 987 5294 ille
1016 5247 1069 5294 et
1106 5242 1268 5294 verba
1301 5239 1506 5293 Nicolai
1551 5243 1690 5298 male

153 5325 494 5398 interpretata,
518 5341 571 5388 et
601 5347 811 5390 errores
843 5331 921 5386 illi
951 5330 1089 5386 falso
1119 5332 1412 5402 imputatos
1445 5347 1566 5387 esse
1595 5333 1689 5389 de-

619 5537 671 5590 in
740 5535 933 5590 Matth.

214 5530 250 5603 ’ξ’
293 5532 416 5603 Cap.
487 5537 556 5591 25

405 5606 448 5636 ⁸⁸
475 5606 587 5660 Lib.
614 5623 673 5660 ιιι
707 5608 909 5676 Origin.
987 5608 1030 5639 ’°
1055 5607 1205 5677 Epist
1237 5607 1303 5660 ad
1335 5607 1603 5665 Trallens.

157 5571 258 5669 cati.

1055 5537 1098 5568 ⁸⁸
1151 5536 1319 5605 Epist.
1396 5553 1433 5591 ιι
1514 5540 1577 5593 ad
1639 5540 1910 5596 Heliodor.

1682 5612 1726 5643 ἰ
1759 5613 1875 5686 Lib.
1904 5629 1938 5667 ιι
1964 5611 2241 5686 διγοηιαεη
2272 5611 2395 5686 post
2459 5611 2600 5667 med.

1791 4515 1974 4569 culum
2005 4518 2261 4569 excurrat
2301 4510 2504 4572 oratio,
2540 4524 2605 4563 ex
2635 4508 2722 4562 his
2767 4521 2886 4576 qum
2914 4520 2942 4558 a
2984 4504 3141 4559 nobis
3184 4503 3368 4558 hacte~

1791 4622 1896 4661 nus
1925 4605 2201 4674 disputata
2240 4609 2389 4665 sunt,
2424 4600 2630 4670 liquido
2661 4599 2953 4669 colligitur,
2987 4597 3115 4666 quid
3145 4597 3211 4650 de
3239 4611 3370 4664 prm-

1793 4695 1968 4763 cipuis
2000 4694 2120 4748 fidei
2153 4699 2354 4746 nostrae
2380 4690 2647 4753 articulis,
2677 4705 2815 4758 quos
2848 4688 3175 4757 respuebant
3206 4687 3366 4740 haere-

1791 4786 1904 4848 tici,
1940 4785 2005 4840 iis
2052 4785 2386 4853 temporibus
2416 4783 2486 4836 si:
2535 4789 2804 4835 assertum
2843 4788 2895 4834 et
2923 4779 3227 4833 deﬁnitum.
3263 4777 3367 4832 Ve-

1788 4894 1908 4932 rum
1953 4877 2098 4933 enim
2129 4892 2256 4931 vero
2297 4891 2420 4930 cum
2452 4870 2707 4928 Ecclesiae
2734 4872 2922 4926 Patres
2952 4870 3156 4924 erroris
3196 4869 3368 4924 haere-

1790 4984 2022 5039 seosque
2067 4984 2163 5023 eos
2221 4967 2629 5029 condemnant,
2683 4963 2777 5034 qui
2824 4962 3101 5017 Christum
3153 4975 3369 5022 merum

1790 5062 2088 5122 hominem,
2120 5075 2184 5114 ex
2222 5058 2390 5112 Maria
2417 5065 2470 5112 et
2509 5055 2732 5125 Joseph,
2769 5071 2878 5109 non
2921 5069 3080 5108 secus
3109 5067 3172 5104 ac
3205 5059 3368 5104 caete-2

1791 5168 1882 5208 ros
1929 5151 2200 5213 homines,
2231 5150 2493 5220 genitum,
2525 5164 2626 5227 nec
2656 5146 2798 5200 Patri
2848 5153 3053 5200 interno
3098 5143 3361 5211 aequalem

1795 5259 2039 5300 asserere
2070 5243 2187 5297 ausi
2218 5249 2375 5305 sunt,
2410 5240 2535 5295 inde
2567 5237 2863 5294 concludas
2891 5243 3106 5306 Oportet
3141 5234 3362 5288 eosdem

1792 5334 1980 5392 Patres
2013 5335 2116 5390 fide
2144 5334 2452 5391 certissima
2481 5331 2781 5388 credidisse
2809 5330 3089 5385 Christum
3122 5342 3244 5382 esse
3273 5325 3363 5378 Fi-

1991 5551 2112 5619 post
2211 5543 2489 5612 med.,et
2547 5539 2723 5619 epist;
2926 5536 2994 5591 ad
3074 5533 3354 5619 §abiniam

2680 5611 2723 5643 "
2772 5608 2890 5666 Lib.
2957 5624 3015 5662 ιιι
3068 5603 3350 5668 Stromat.,

175 5687 295 5742 onge
331 5685 442 5743 post
491 5679 610 5732 init.
685 5678 728 5712 ”
758 5677 884 5732 Loc.
917 5680 1006 5734 cit.
1087 5680 1130 5710 "
1165 5677 1280 5733 Lib.
1304 5695 1362 5734 ιιι
1391 5679 1594 5736 IIistor.
1626 5723 1640 5748 ,
1668 5698 1785 5756 cap.
1810 5684 1862 5737 ‘2.
