4054 6320
653 278 725 335 2⁸⁷
1834 276 1922 331 DE
1960 275 2265 333 OMNIBUS
2302 275 2703 335 GENERATIM
3815 283 3899 336 28

655 391 786 445 lium
820 385 934 451 Dei,
966 385 1111 443 Patri
1145 402 1243 443 suo
1270 395 1478 443 aeterno
1504 388 1786 458 aequalem,
1817 405 1882 443 ex
1913 389 2078 443 Maria
2109 388 2237 443 Vir-
2259 393 2308 447 Δ
2334 387 2657 460 imbuerent,
2691 390 2782 463 qui
2813 392 3015 448 divinis
3040 407 3227 447 eorum
3250 394 3597 448 sermonibus
3628 393 3695 449 ad
3725 394 3897 450 fidem
3937 458 3945 468 Ι

654 479 799 549 gine,
833 477 948 533 sola
982 476 1222 548 Spiritus
1254 480 1429 535 sancti
1468 480 1666 534 virtute
1695 478 1923 535 editum.
1959 480 2096 535 Hinc
2126 488 2227 534 au-

654 576 764 621 tem
816 582 1009 624 rursus
1069 569 1295 639 colligas
1343 585 1569 626 necesse
1622 578 1705 627 est
1757 571 2113 625 orthodoxam
2162 569 2229 626 de

654 658 863 714 Christi
888 658 1192 722 divinitate,
1218 674 1433 729 unaque
1461 660 1609 716 illius
1639 674 1761 715 cum
1792 659 1951 716 Patre
1980 662 2229 715 substan-

658 751 753 816 tia,
786 766 883 805 seu
931 750 1497 806 consubstantialitatc
1545 751 1847 805 doctrinam
1898 766 1927 804 a
1975 750 2228 806 Patribus

656 842 815 912 primi
852 841 1104 896 Ecclesia:
1130 841 1337 905 saculi,
1366 850 1419 897 et
1448 842 1603 911 longe
1634 849 1759 896 ante
1784 841 2060 895 Nicaenum
2097 856 2228 895 con-

656 932 838 986 cilium
880 930 1050 986 fuisse
1091 930 1368 994 traditam,
1400 938 1664 986 assertam
1708 938 1762 985 et
1806 938 2225 1001 propugnatam.

678 1031 797 1077 dem
828 1023 1055 1092 quilibet
1083 1030 1136 1078 et
1166 1023 1231 1077 de
1264 1022 1386 1079 aliis
1415 1023 1721 1093 quibusque
1753 1024 2054 1085 erroribus,
2089 1037 2227 1091 quos

656 1114 727 1167 ab
772 1113 1039 1169 haereticis
1088 1112 1341 1169 defensos
1371 1152 1385 1178 ,
1434 1128 1465 1167 a
1520 1111 1773 1168 Patribus
1823 1112 2055 1181 rejectos
2104 1127 2227 1167 esse

654 1202 916 1266 diximus,
940 1204 1207 1272 judicium
1240 1203 1382 1260 ferre
1409 1204 1586 1259 debet.

724 1293 845 1347 Alia
883 1310 1099 1364 quoque
1137 1311 1202 1350 ex
1248 1294 1440 1350 iisdem
1495 1294 1764 1349 haereticis
1804 1294 1932 1349 inde
1970 1301 2097 1348 nata
2141 1300 2225 1349 est

656 1382 918 1441 Ecclesiae
960 1388 1188 1449 utilitas,
1236 1384 1383 1455 quod
1435 1384 1470 1439 ii
1520 1384 1773 1439 Ecclesiae
1812 1382 2065 1439 Palribus
2096 1398 2224 1439 suos

654 1478 917 1533 adversus
949 1478 1185 1533 haereses
1216 1479 1385 1533 libros
1410 1484 1463 1533 et
1494 1482 1758 1531 tractatus
1813 1490 1952 1545 quos
1974 1475 2223 1531 fortassis

653 1586 932 1641 nunquam
955 1572 1271 1635 edidissent,
1294 1570 1564 1625 scribendi
1588 1569 1836 1624 dederint
1858 1567 2221 1622 occasionem.

656 1661 751 1717 His
773 1677 903 1732 ergo
926 1662 1215 1725 haereticis,
1251 1662 1376 1715 licet
1406 1660 1591 1715 invitis
1616 1668 1667 1715 et
1698 1660 1896 1729 saepius
1924 1658 2224 1713 reclaman-

654 1756 826 1819 tibus,
858 1754 1117 1809 debemus
1148 1755 1384 1823 pretiosa
1412 1754 1502 1806 illa
1530 1760 1806 1807 tantorum
1840 1752 2078 1805 virorum
2106 1764 2223 1802 mo~

656 1851 938 1909 numenta,
971 1861 1034 1899 ex
1066 1845 1267 1914 quibus
1299 1858 1580 1900 sacrorum
1612 1843 1736 1897 fidei
1765 1843 2075 1912 dogmatum
2110 1848 2224 1895 tra-

655 1934 791 1987 ditio
817 1932 882 1986 ad
913 1947 1012 1989 nos
1041 1950 1213 2003 usque
1248 1933 1477 1988 deducta
1506 1939 1608 1985 est.
1637 1930 1820 1999 Neque
1854 1931 1998 1986 aliud
2033 1931 2132 1983 hac
2162 1929 2217 1983 in

656 2040 716 2080 re
760 2025 938 2094 magis
983 2025 1293 2093 lugendum,
1338 2009 1497 2092 quam
1546 2022 1688 2093 quod
1739 2023 1920 2076 omnia
1961 2022 2225 2092 ejusmodi

656 2115 856 2183 scripta
888 2113 952 2167 ad
976 2130 1075 2167 nos
1115 2129 1223 2168 non
1254 2115 1431 2169 solum
1465 2129 1574 2168 non
1599 2114 1965 2183 pervenerint,
1997 2114 2091 2168 sed
2123 2128 2224 2168 nec

657 2206 766 2259 ulla
795 2205 1028 2274 plurium
1074 2212 1252 2261 exstet
1301 2206 1533 2275 amplius
1581 2205 1861 2268 memoria,
1914 2220 2014 2260 nec
2056 2205 2223 2258 ullum

656 2293 1033 2352 eorum‘uilibi
1070 2297 1227 2352 nobis
1257 2298 1540 2367 vestigium
1582 2295 1841 2365 supersit.

1284 2408 1507 2464 CAPUT
1546 2409 1614 2463 Χ.

889 2501 964 2556 De
995 2501 1289 2556 scholarum
1316 2502 1739 2556 Christianarum
1768 2503 1986 2571 origine.

728 2592 1028 2647 Adversum
1090 2594 1373 2648 haereticos
1430 2609 1537 2647 non
1598 2594 1809 2647 calamo
1866 2594 2130 2646 duntaxat
2173 2601 2227 2648 et

658 2688 900 2758 scriptis,
926 2689 1018 2741 sed
1035 2688 1164 2740 ‘viva
1195 2688 1357 2739 etiam
1385 2701 1538 2749 voce,
1564 2686 1845 2755 variisque
1877 2686 2225 2742 sermonibus

655 2778 1010 2834 decertabant
1041 2778 1336 2845 scriptores
1366 2775 1559 2839 nostri,
1595 2775 2046 2846 Christianosque
2099 2792 2224 2831 eum

655 2884 867 2926 morum
913 2870 1221 2938 praeceptis,
1277 2875 1387 2921 tum
1423 2868 1543 2921 fidei
1592 2868 1841 2922 doctrina
1878 2868 2223 2922 erudiebant.

657 2960 784 3014 Illos
814 2965 993 3012 autem
1018 2973 1080 3013 ea
1111 2956 1378 3015 docebant
1406 2960 1459 3011 in
1492 2958 1625 3013 locis
1657 2958 1906 3026 privatis,
1951 2973 2014 3011 ac
2046 2973 2223 3028 quan-

2332 480 2567 547 adducti,
2587 483 2950 539 Christianam
2973 484 3309 554 religionem,
3339 486 3581 554 pristinis
3605 488 3939 543 erroribuS‘

2331 572 2617 642 depositis,
2652 576 2734 629 vel
2767 575 2985 644 publica
3010 576 3331 645 sinceraque
3362 575 3702 646 professione
3730 586 3901 633 erant

2330 665 2640 733 amplexati,
2672 666 2882 734 veljam
2902 667 3013 735 jam
3046 668 3448 737 amplexaturos
3480 683 3538 721 se
3567 683 3710 733 esse,
3733 661 3901 725 eerto

2330 752 2747 822 pollicebantur.
2783 752 2879 808 liis
2929 763 3131 818 autem,
3178 762 3236 808 ut
3268 755 3482 823 plenius
3525 754 3648 809 fidei
3695 755 3902 811 Chris-

2329 843 2488 897 tianae
2516 848 2798 912 praeceptis
2818 850 2871 897 et
2890 843 3233 915 dogmatibus
3251 842 3697 907 informarentur,
3721 860 3899 914 quos-

2329 932 2452 985 dam
2473 934 2860 1001 praeficiebant,
2890 949 3029 1003 quos
3049 934 3340 1004 Apostolus
3369 931 3484 1004 ipse
3509 936 3762 990 doctores
3790 951 3899 1004 ap-

2330 1023 2513 1091 pellat,
2532 1031 2584 1077 et
2617 1040 2645 1075 a
2667 1025 2885 1078 austeris
2911 1024 3022 1077 fere
3045 1020 3300 1077 omnibus
3327 1023 3583 1079 Ecclesiae
3616 1012 3897 1079 ministris

2329 1122 2513 1182 aperte
2546 1113 2830 1168 discernit.
2854 1112 2929 1167 De
2958 1114 3025 1168 iis
3054 1117 3253 1183 quippe
3288 1112 3433 1168 hunc
3462 1116 3518 1168 in
3552 1114 3772 1167 modum
3797 1114 3898 1168 ille

2328 1204 2394 1258 ad
2471 1200 2733 1271 Ephesios
2784 1204 3013 1259 set-ibit:
3050 1204 3120 1257 Et
3156 1208 3261 1273 ipse
3301 1205 3438 1258 dedit
3486 1207 3742 1277 quosdam
3776 1207 3898 1276 qui-

2326 1298 2442 1352 dem
2471 1298 2757 1365 apostolos,
2790 1301 3045 1367 quosdam
3075 1314 3191 1353 vero
3214 1310 3512 1368 prophetas,
3544 1299 3679 1353 alios
3710 1309 3896 1351 autem

2323 1395 2562 1456 pastores
2602 1395 2653 1439 et
2678 1387 2914 1440 doctores
2963 1388 3027 1440 ".
3076 1386 3139 1439 Et
3177 1387 3242 1440 ad
3280 1384 3525 1440 Corinth.
3566 1406 3579 1442 :
3614 1386 3899 1453 Quosdam

2324 1478 2530 1547 quidem
2555 1480 2728 1548 posuit
2748 1478 2894 1532 'Deus
2942 1479 2997 1531 in
3046 1478 3302 1540 Ecclesia,
3339 1479 3565 1545 primum
3596 1480 3895 1547 apostolos,

2324 1566 2548 1621 secundo
2600 1567 2901 1636 prophetas,
2952 1568 3099 1619 tertio
3126 1565 3363 1620 doctores
3394 1567 3459 1621 ".
3504 1566 3676 1622 Porro
3706 1577 3897 1622 autem

2328 1658 2459 1711 illud
2488 1658 2729 1712 doctoris
2760 1673 2957 1711 munus
2984 1658 3255 1726 episcopis
3278 1659 3622 1726 potissimum
3648 1659 3897 1716 delatum

2325 1762 2448 1803 esse
2477 1746 2616 1802 idem
2642 1762 2748 1801 non
2772 1749 3005 1802 obscure
3042 1749 3201 1802 docet
3232 1749 3406 1817 prima
3447 1749 3512 1803 ad
3544 1748 3899 1804 Timotheum

2325 1839 2564 1908 Epistoia
2600 1858 2611 1893 :
2646 1838 2867 1907 Oportet
2892 1854 3012 1909 ergo
3058 1842 3352 1908 episcopum
3390 1842 3901 1909 irreprehensibilem

2323 1945 2549 1985 esse.....
2590 1930 2920 1998 hospitalem,
2971 1931 3233 1985 doctorem
3258 1934 3324 1989 ".
3358 1932 3438 1987 Ad
3490 1930 3669 1989 Titum
3715 1950 3896 1989 vero:

2328 2021 2541 2091 Oportet
2570 2024 2865 2091 episcopum
2899 2026 3011 2077 sine
3052 2026 3268 2077 crimine
3300 2042 3534 2085 esse“...
3574 2027 3903 2094 amplecten-

2328 2122 2428 2169 tem
2456 2131 2593 2177 cum,
2620 2117 2708 2183 qui
2737 2116 3021 2169 secundum
3052 2116 3352 2170 doctrinam
3393 2128 3493 2179 est,
3532 2118 3737 2187 ﬁdelem
3780 2136 3902 2172 ser—

2324 2220 2561 2268 monem;
2593 2216 2648 2258 ut
2680 2216 2855 2259 ootens
2899 2209 2971 2260 sit
2994 2208 3264 2261 exhortari
3294 2212 3345 2261 in
3371 2210 3611 2263 dectrina
3640 2228 3816 2274 sacra,
3846 2220 3902 2264 et

2322 2315 2410 2352 eos
2433 2300 2521 2367 qui
2541 2300 2910 2353 contradicunt
2936 2317 3155 2370 arguere
3190 2302 3277 2356 η’.

2396 2386 2538 2443 Idem
2564 2396 2748 2442 tamen
2794 2390 3035 2443 doctoris
3067 2389 3299 2445 oflicium
3343 2392 3486 2453 aliis,
3518 2391 3775 2461 episcopo
3804 2393 3901 2445 in-

2327 2479 2657 2543 ferioribus,
2704 2494 3094 2547 nonnunquam
3155 2480 3603 2534 dcmandahatur.
3655 2479 3903 2533 Rursum

2324 2570 2466 2624 enim
2498 2569 2698 2625 Paulus
2723 2570 2789 2623 ad
2818 2569 3193 2625 Timotheum:
3221 2572 3325 2636 Qui
3354 2574 3496 2633 bene,
3529 2572 3723 2641 inquit,
3755 2589 3905 2639 prte-

2326 2671 2449 2714 sunt
2507 2662 2817 2732 presbyteri,
2872 2662 3074 2732 duplici
3129 2662 3327 2718 honore
3382 2664 3526 2735 digni
3576 2665 3900 2728 habeantur,

2325 2754 2553 2807 maxime
2589 2755 2679 2822 qui
2721 2753 2965 2807 laborant
3011 2756 3064 2808 in
3112 2755 3262 2808 verba
3286 2765 3335 2808 et
3378 2754 3620 2809 doctrina
3651 2758 3689 2812 ⁸.
3738 2758 3904 2822 Quod

2326 2847 2374 2901 si
2432 2861 2493 2900 ea
2548 2846 2841 2917 presbyteri
2909 2863 3043 2901 VOCU
3089 2849 3376 2918 episcopos
3426 2849 3575 2917 ipstis
3619 2847 3903 2918 designari

2335 2937 2673 3006 pertinacius
2704 2938 3027 3002 contendas,
3071 2946 3124 2992 et
3156 2947 3210 2992 tu
3262 2941 3380 3008 ipse
3421 2938 3645 2994 fatearis
3666 2956 3903 2995 necesse

657 3052 835 3120 doque
875 3052 1126 3121 publicis,
1166 3058 1428 3121 quantum
1462 3051 1741 3120 pacatiora
1775 3053 2230 3121 persecutionum
2256 3032 2299 3090 C
2331 3039 2414 3084 est
2445 3030 2680 3099 duplicis
2710 3033 2929 3100 generis
2961 3031 3129 3084 fuisse
3162 3032 3471 3099 episcopos,
3500 3045 3732 3099 quorum
3759 3046 3905 3085 non-

657 3150 904 3213 tempora
952 3142 1001 3196 id
1049 3141 1314 3205 ferebant,
1341 3141 1423 3196 vel
1454 3156 1547 3195 eos
1579 3156 1822 3196 summus
1852 3143 2097 3214 martyrii
2136 3158 2225 3195 ar-

657 3230 757 3287 dor
792 3233 860 3286 ad
891 3231 1288 3303 praedicandam
1322 3231 1476 3285 fidem
1509 3230 1837 3300 impellebat.
1874 3231 1952 3286 Ac
1987 3232 2225 3301 primum

658 3322 876 3393 quidem
912 3329 1064 3376 extra
1110 3324 1539 3377 controversiam
1586 3332 1669 3379 est
1716 3327 2016 3396 apostolos,
2062 3333 2225 3396 atque

657 3429 847 3470 eorum
892 3413 1189 3483 discipulos
1232 3414 1286 3469 in
1315 3415 1556 3471 vicorum
1586 3417 1910 3487 urbiumque
1930 3418 2137 3487 plateas
2174 3426 2226 3473 et

658 3505 919 3573 compita,
954 3504 1009 3559 in
1038 3503 1345 3559 Iudaeorum
1392 3518 1693 3577 synagogas
1723 3522 1775 3562 et
1805 3516 2021 3564 scholas
2050 3510 2228 3580 genti-

658 3596 790 3651 lium
823 3611 943 3652 sese
997 3597 1299 3651 incredibili
1331 3613 1554 3667 prorsus
1579 3600 1774 3655 ardore
1805 3600 2010 3656 idcirco
2035 3610 2223 3657 contu-

658 3687 812 3749 lisse,
843 3696 901 3741 ut
926 3687 1274 3757 Evangelium
1295 3688 1518 3752 Christi,
1550 3697 1602 3743 et
1636 3704 1847 3745 sacram
1876 3691 1995 3761 ejus
2022 3692 2228 3748 doctri-

660 3794 786 3833 nam
818 3780 1223 3843 annuntiarent,
1254 3795 1481 3849 eamque
1517 3782 1908 3851 persuaderent
1950 3785 2223 3840 omnibus.

659 3867 727 3921 Et
767 3882 899 3922 sane
928 3865 1130 3921 Paulus
1164 3884 1288 3921 cum
1317 3868 1557 3925 Athenas
1587 3871 1827 3926 venisset
1859 3891 1872 3927 :
1911 3872 2228 3941 Disputabat

659 3959 712 4010 in
743 3954 1021 4026 Synagoga
1048 3972 1166 4009 cum
1193 3955 1397 4011 Judceis
1424 3966 1472 4012 et
1497 3959 1807 4025 colentibus,
1838 3970 1891 4015 et
1916 3966 1969 4017 in
1996 3965 2112 4032 foro
2136 3980 2227 4035 per

660 4061 835 4098 omnes
858 4047 967 4098 dies
994 4044 1062 4096 ad
1090 4062 1195 4107 eos,
1226 4047 1315 4114 qui
1339 4046 1575 4102 aderant.
1609 4047 1838 4115 Quidam
1861 4050 2229 4122 autem’Epicu-

659 4132 735 4186 rei
768 4142 815 4184 et
840 4132 1005 4188 Stoici
1046 4132 1338 4202 philosophi
1380 4133 1703 4189 disserebant
1760 4154 1878 4191 cum
1924 4155 1982 4192 eo
2000 4137 2068 4202 °',
2114 4149 2221 4198 etc.

660 4222 797 4276 Cum
844 4229 1024 4277 autem
1084 4212 1280 4291 Ephesi
1355 4232 1662 4278 moraretur
1696 4220 1717 4280 ἐ
1766 4224 2126 4298 Introgrcssus
2171 4232 2226 4285 in

2328 3124 2487 3187 nulli,
2518 3122 2690 3176 Paulo
2718 3131 2878 3189 teste,
2911 3125 2965 3176 in
2996 3122 3145 3176 verbo
3192 3132 3240 3177 et
3279 3123 3519 3177 doctrina
3551 3122 3899 3178 laborabant.

2328 3214 2712 3269 Verumtamen
2742 3222 2793 3268 et
2817 3215 2952 3269 alios
2983 3216 3050 3269 ab
3069 3215 3342 3284 episcopis
3378 3215 3564 3269 munia
3607 3214 3901 3269 doctorum

2327 3307 2528 3363 obiisse
2549 3306 2690 3361 haud
2712 3306 2944 3361 obscure
2955 3306 3329 3361 demonstrant
3351 3322 3412 3361 ea
3428 3307 3686 3360 Actorum
3702 3306 3898 3359 verba:

2330 3395 2500 3453 Erant
2527 3410 2701 3452 autem
2735 3400 2789 3451 in
2821 3398 3060 3452 Ecclesia
3080 3399 3373 3454 Antiochia:
3400 3399 3662 3467 propheta:
3694 3404 3743 3449 et
3772 3396 3903 3448 doc-

2330 3499 2485 3554 tores,
2529 3490 2795 3559 inquibus
2819 3499 2868 3543 et
2911 3490 3189 3543 Barnabas
3231 3500 3280 3544 et
3318 3489 3524 3553 Simon,
3551 3490 3639 3559 qui
3681 3490 3903 3542 uocaba-

2330 3590 2416 3635 tur
2457 3581 2639 3651 Niger,
2680 3590 2729 3634 et
2777 3580 2970 3635 Lucius
3015 3581 3346 3651 Cyrenensis,
3403 3590 3452 3634 et
3485 3579 3769 3642 Manu/ten,
3808 3580 3902 3648 qui

2326 3681 2441 3727 erat
2490 3672 2715 3727 Herodis
2764 3673 3065 3727 Tetrarchae
3111 3674 3489 3735 collactaneus,
3536 3682 3584 3726 et
3631 3672 3875 3726 Saulus'

2328 3761 2439 3819 Hos
2462 3766 2608 3819 enim
2641 3780 2834 3820 omnes
2864 3774 2918 3820 et
2944 3766 3190 3834 singulos
3227 3765 3294 3818 ad
3318 3765 3637 3835 dignitatem
3681 3766 3903 3833 episco-

2328 3855 2507 3926 palem
2542 3864 2763 3910 evectos
2790 3855 2961 3911 fuisse
2992 3857 3115 3926 quis
3145 3856 3344 3911 audeat
3368 3856 3675 3910 affirmare?

2397 3945 2478 3999 Ad
2509 3947 2820 4001 scholarum
2853 3963 3017 4016 porro
3045 3948 3312 4017 originem
3361 3948 3492 4001 illud
3519 3948 3693 4017 magis
3724 3951 3898 4018 perti-

2327 4054 2459 4093 nere
2490 4038 2716 4094 forsitan
2748 4039 3041 4104 videbitur,
3068 4038 3211 4110 quod
3247 4039 3533 4094 Timotheo
3562 4041 3741 4094 adhuc
3764 4020 3901 4095 scri-

2327 4129 2406 4184 bit
2427 4128 2629 4185 Paulus
2659 4150 2672 4184 :
2706 4129 2837 4194 Quae
2864 4130 3063 4184 audisti
3091 4149 3123 4184 a
3152 4149 3231 4185 me
3248 4149 3338 4202 per
3366 4133 3557 4186 multos
3588 4142 3761 4196 testes,
3786 4132 3902 4191 lucc

2328 4221 2635 4275 commenda
2663 4221 2905 4289 ﬁdelibus
2936 4222 3257 4287 hominibus,
3306 4225 3395 4293 qui
3440 4223 3618 4278 idonei
3669 4235 3821 4278 erunt
3850 4236 3899 4279 et

660 4312 996 4385 Synagogam
1023 4329 1139 4366 cum
1171 4314 1369 4382 fiducia
1399 4314 1708 4385 loquebatur
1732 4333 1823 4386 per
1861 4327 1963 4375 tres
2000 4337 2220 4387 menses,
2253 4354 2302 4412 Β
2329 4314 2463 4369 alios
2494 4316 2677 4370 docere
2707 4314 2746 4368 ⁸.
2794 4314 2873 4369 Ex
2904 4315 2992 4370 his
3051 4317 3252 4385 quippe
3290 4316 3477 4370 verbis
3507 4316 3637 4378 duo,
3678 4332 3800 4385 quae
3830 4319 3905 4372 ad

658 4405 936 4474 disputans
966 4414 1015 4458 et
1042 4405 1267 4461 suadens
1301 4406 1364 4461 de
1386 4424 1542 4478 regno
1582 4408 1701 4465 Dei.
1739 4408 1872 4464 Cum
1901 4420 2077 4466 autem
2101 4416 2222 4484 qui-

660 4496 783 4549 dum
835 4496 1213 4551 indurarentur
1261 4506 1310 4551 et
1349 4514 1450 4552 non
1504 4498 1791 4564 crederent,
1859 4502 2221 4560 maledicentes

660 4586 798 4639 uiam
844 4586 1058 4641 Domini
1088 4604 1268 4642 coram
1308 4588 1663 4652 multitudine,
1701 4591 1970 4647 discedens
2015 4594 2079 4647 ab
2123 4597 2218 4660 eis,

659 4680 942 4748 segregavit
972 4680 1278 4748 discipulos,
1326 4680 1556 4750 quotidie
1602 4682 1878 4750 disputans
1943 4685 1998 4738 in
2040 4686 2221 4740 schola

662 4769 874 4837 tyranni
902 4771 1199 4838 cujusdam.
1234 4772 1349 4826 Hoc
1375 4781 1545 4826 autem
1573 4774 1773 4842 factum
1818 4783 1897 4829 est
1942 4791 2033 4843 per
2079 4776 2224 4831 bien-

658 4861 803 4913 nium
828 4900 842 4925 ,
876 4862 952 4915 ita
993 4871 1049 4915 ut
1100 4879 1274 4916 omnes
1302 4864 1392 4933 qui
1425 4862 1733 4916 habitabant
1764 4865 1817 4918 in
1862 4865 1990 4919 Asia
2014 4904 2029 4930 ,
2069 4867 2217 4920 audi-

658 4960 772 5005 rent
798 4952 1007 5005 verbum
1037 4952 1249 5007 Domini
1274 4953 1452 5007 Judtei
1480 4963 1634 5025 atque
1697 4956 1914 5025 gentiles
1939 4957 2004 5010 ".
2030 4956 2223 5013 Nullus

659 5051 840 5099 autem
897 5044 1183 5100 dubitandi
1236 5047 1387 5100 locus
1425 5052 1527 5110 est,
1582 5045 1717 5115 quin
1747 5044 1971 5112 Paulus,
2018 5050 2222 5119 aliique

660 5136 915 5204 apostoli,
944 5138 1148 5194 similes
1199 5136 1321 5193 aliis
1363 5137 1419 5191 in
1452 5134 1587 5191 locis
1628 5136 2028 5207 disputationes
2061 5140 2220 5195 insti-

659 5227 883 5282 tuerint.

733 5314 791 5371 In
851 5320 1093 5387 privatas
1142 5335 1272 5374 vero
1301 5320 1493 5375 domos
1523 5318 1723 5388 saepius
1774 5318 1810 5372 ii
1840 5319 2175 5388 cogebantur
2201 5363 2216 5386 ,

662 5422 772 5478 quo
804 5424 960 5463 sacra
992 5410 1371 5480 mysteriorum
1406 5416 1719 5464 nostrorum
1770 5410 2081 5479 cognitione
2127 5428 2223 5470 eos

740 5616 783 5647 ’⁸
825 5615 942 5671 Act.
976 5631 1108 5675 XVII,
1145 5616 1227 5671 Π,
1306 5615 1350 5650 u
1380 5617 1495 5671 Act.
1531 5630 1645 5677 snt,
1672 5614 1703 5667 8

676 5682 759 5754 ⁸.
804 5685 931 5743 iiut.
964 5704 1012 5751 ν,
1038 5687 1121 5741 17.
1197 5686 1365 5752 PAct.
1408 5702 1527 5752 χιιι,
1564 5686 1616 5742 i.
1693 5683 1778 5737 ³11
1810 5682 2035 5752 Tim.u,
2068 5690 2114 5739 ‘2.

2329 4405 2637 4461 institutum
2666 4415 2915 4461 nostrum
2950 4408 3183 4460 maxime
3207 4407 3543 4469 conducunt,
3580 4422 3685 4460 non
3717 4408 3901 4476 inepte

2330 4514 2463 4555 sane
2483 4499 2836 4569 colliguntur.
2859 4495 3044 4550 Primo
3069 4497 3285 4569 quidem
3312 4496 3514 4550 Paulus
3547 4495 3900 4552 Timotheum

2328 4591 2578 4646 doctrina
2612 4589 2924 4644 Christiana
2945 4587 3250 4651 erudierat,
3283 4602 3373 4654 per
3411 4587 3602 4641 multos
3638 4597 3821 4651 testes,
3847 4589 3902 4643 id

2331 4688 2434 4744 est,
2456 4694 2638 4733 coram
2662 4679 2869 4740 multis,
2889 4678 2982 4746 qui
3004 4694 3125 4732 eum
3149 4687 3201 4731 et
3219 4676 3501 4731 docentem
3520 4677 3832 4739 audierant,
3849 4686 3902 4733 et

2327 4771 2538 4827 traditae
2584 4771 2867 4825 Timotheo
2933 4770 3198 4823 doctrina:
3262 4768 3674 4838 locupletissimi
3728 4777 3901 4825 testes

2326 4874 2503 4919 erant.
2531 4862 2697 4931 Atqui
2748 4860 2795 4915 si
2844 4860 3049 4914 Paulus
3087 4858 3431 4912 Timotheum
3482 4859 3749 4928 aliosque,
3804 4862 3899 4929 qui

2323 4972 2445 5012 eum
2468 4952 2721 5009 audiendi
2745 4968 2912 5007 causa
2932 4952 2987 5005 in
3017 4952 3271 5007 eumdem
3296 4951 3473 5006 locum
3500 4962 3895 5016 convenerant,

2324 5050 2404 5103 sic
2437 5046 2688 5101 doctrina
2722 5044 2847 5099 fidei
2886 5044 3145 5107 instituit,
3195 5042 3321 5111 quis
3350 5041 3685 5095 inﬁciabitur
3715 5042 3894 5111 ipsum

2326 5139 2515 5194 eodem
2546 5135 2775 5191 docendi
2808 5136 2971 5189 modo
3021 5135 3158 5189 alios
3185 5150 3403 5203 quoque
3433 5134 3733 5204 discipulos
3763 5150 3894 5190 suos

2327 5231 2525 5290 iisdem
2558 5228 2824 5283 imbuisse
2853 5226 3152 5282 institutis?
3183 5224 3437 5281 Secundo
3472 5226 3675 5281 Paulus
3706 5226 3895 5281 Timo-

2324 5322 2451 5373 theo
2483 5317 2727 5388 praecipit
2766 5317 2906 5370 alios
2954 5315 3173 5379 docere,
3210 5315 3265 5369 id
3294 5324 3380 5370 est
3409 5317 3595 5369 eadem
3644 5332 3766 5385 quae
3819 5317 3888 5369 ab

2326 5414 2445 5484 ipso
2474 5409 2741 5473 audierat,
2773 5409 2896 5463 aliis
2920 5408 3109 5463 eadem
3154 5408 3411 5463 methodo
3452 5408 3688 5463 tradere.
3734 5409 3887 5474 Quod

1819 5615 1863 5684 :7
1951 5607 2146 5679 Ephes.
2176 5627 2224 5665 ιι·

2327 5622 2360 5674 l.
2414 5620 2458 5652 "
2501 5614 2662 5673 lCor.
2699 5633 2791 5684 xu,
2823 5615 2912 5671 28.
2990 5611 3032 5647 ”
3064 5613 3245 5669 ιΤίω.
3276 5630 3361 5679 ιιι,
3388 5614 3439 5668 2.
3464 5620 3530 5652 ηδ
3571 5606 3674 5665 Tit.
3698 5610 3801 5677 1,7,
3820 5608 3874 5667 9.
