4046 6326
604 245 673 306 BI
1726 242 1815 296 AD
1854 240 1913 296 S.
1953 237 2373 295 CLEMENTEM
2413 236 2434 290 ι
2472 235 2698 291 PAPAM
3773 229 3859 280 52

3100 381 3735 397 __________.__..._
3759 380 3861 405 ευ

1148 638 1149 641 ‘
1292 574 1498 785 S.
1663 569 2878 782 CLEMENS
3031 574 3126 775 Ι

1442 910 2162 1038 PONTIFEX
2257 915 2745 1032 ROMAN
2766 916 2970 1033 US.

964 1308 1399 1387 NOTITIA
1468 1306 1586 1384 EX
1648 1307 1945 1384 LlBRO
2010 1300 2675 1383 PONTIFICALI
2754 1299 3128 1377 DAMAS!
3199 1301 3503 1379 ΡᾹΡλΈ.

645 1482 841 1549 (Mum,
867 1462 1067 1544 constt,
1096 1482 1135 1543 ι,
1153 1482 1297 1531 ss.—
1317 1479 1385 1532 cr.
1411 1480 1655 1529 variorum
1678 1484 1821 1527 notas
1843 1478 1902 1527 ad
1918 1477 2049 1541 hunc
2072 1477 2233 1525 locum
2255 1475 2390 1526 Libri
2424 1477 2529 1526 Pon
2546 1475 2751 1531 tlflcalls.
2779 1477 2921 1561 Patr.
2966 1470 3143 1523 Latini:
3178 1477 3214 1521 t.
3240 1472 3467 1533 cxxvu,
3490 1473 3584 1522 col.
3626 1469 3804 1532 1079.)

646 393 2889 423 W

2162 1644 2238 1663 η-

674 1704 913 1761 Clemens
928 1706 1135 1759 natione
1158 1702 1445 1769 Romanus,
1456 1700 1521 1757 de
1533 1700 1737 1772 regione
1750 1698 1915 1757 Caelio
1926 1714 2116 1766 monte,
2130 1720 2193 1757 ex
2205 1713 2353 1771 patre
2370 1699 2645 1763 Faustino,
2661 1698 2791 1753 sedit
2806 1699 2957 1754 annis
2986 1699 3018 1753 9
3039 1698 3051 1764 ι
3066 1714 3228 1753 mens.
3248 1713 3307 1761 ιι,
3319 1696 3353 1748 d
3363 1738 3374 1751 .
3395 1694 3473 1767 it}.
3499 1692 3626 1747 Fuit
3643 1706 3831 1747 autem

606 1797 924 1867 “inparibus
936 1794 1118 1851 Galba:
1128 1806 1177 1849 et
1204 1793 1531 1864 Vespasiani,
1545 1809 1578 1846 a
1590 1791 1867 1846 consulatu
1884 1793 2097 1864 Tragali
2112 1791 2434 1867 [Trachale
2452 1800 2501 1846 et
2522 1788 2724 1853 Italici,
2740 1805 2900 1859 usque
2911 1790 2978 1843 ad
3006 1789 3383 1858 Vespasianum
3400 1803 3535 1840 nono
3545 1795 3594 1839 et
3614 1784 3799 1839 Titum
3811 1827 3827 1840 .

610 1891 713 1944 llic
727 1906 844 1943 cum
858 1890 1024 1943 multo
1036 1888 1197 1943 libros
1215 1888 1325 1942 zelo
1342 1885 1464 1950 ﬁdei
1481 1895 1530 1939 et
1543 1882 1860 1939 Christianae
1876 1886 2140 1958 religionis
2158 1886 2426 1947 scriberet,
2440 1883 2694 1953 martyrio
2711 1891 3013 1937 coronatur.
3036 1881 3083 1933 Η
3090 1883 3135 1935 ic
3149 1882 3269 1951 fecit
3288 1896 3361 1934 vn
3415 1879 3646 1948 regiones
3662 1877 3839 1931 dividi

606 1982 831 2039 notariis
860 1980 1101 2049 ﬁdelibus
1125 1978 1394 2040 Ecclesiae,
1418 1977 1507 2048 qui
1527 1986 1673 2047 gesta
1702 1988 1994 2049 martyrum
2012 1982 2234 2036 sollicite
2258 1989 2306 2035 et
2332 1979 2559 2043 curiose,
2584 1976 2934 2047 unusquisque
2953 1992 3045 2045 per
3082 1977 3340 2046 regionem
3364 1991 3537 2038 suam,
3560 1972 3837 2045 perquire-

603 2080 739 2126 rent.
774 2068 873 2123 Hic
901 2069 1025 2137 fecit
1051 2068 1185 2122 duas
1211 2065 1482 2135 epistolas,
1536 2082 1651 2136 qua
1679 2065 1963 2125 Canonicaz
1996 2071 2357 2125 nominantur.
2391 2066 2494 2124 Hic
2521 2080 2585 2121 ex
2609 2076 2862 2134 praecepto
2892 2065 2955 2121 Β.
2984 2066 3130 2121 Petri
3161 2066 3384 2134 suscepit
3424 2064 3671 2119 Ecclesia:
3697 2081 3859 2133 pan-7

603 2160 867 2230 tiﬁcatttm
893 2159 1312 2230 gubernandum.
1335 2158 1470 2212 sicut
1489 2159 1538 2212 ei
1555 2158 1730 2228 fuerat
1760 2176 1791 2212 a
1814 2158 2039 2215 Domino
2057 2159 2187 2215 Iesu
2210 2158 2418 2215 Christo
2444 2157 2695 2213 cathedra
2724 2157 2923 2210 tradita
2952 2157 3027 2211 vel
3055 2158 3351 2212 commissa.
3387 2155 3580 2210 Tamen
3613 2157 3666 2209 in
3697 2156 3833 2224 Epi-

604 2252 742 2305 stola
768 2266 886 2322 qua
913 2253 981 2305 ad
1003 2250 1261 2305 Iacobum
1290 2251 1486 2318 scripta
1514 2259 1615 2313 est,
1650 2253 1876 2321 qualiter
1898 2255 1945 2308 ei
1964 2256 2246 2309 commissa
2274 2262 2352 2309 est
2378 2270 2411 2306 a
2441 2252 2505 2306 Β.
2541 2251 2697 2304 Petro
2721 2250 2982 2317 Ecclesia,
3014 2252 3253 2318 reperies.
3282 2249 3407 2303 Ideo
3435 2248 3599 2301 Linus
3628 2258 3677 2303 et
3709 2248 3837 2302 Cle-

606 2351 689 2397 ttts
715 2352 836 2397 ante
873 2360 991 2397 eum
1028 2342 1452 2411 conscribuntur,
1483 2344 1608 2414 quia
1648 2343 1712 2397 ab
1741 2345 1852 2399 ipso
1883 2344 2131 2415 Principe
2168 2346 2549 2418 apostolorum,
2588 2343 2655 2397 ad
2693 2344 3043 2397 ministerium
3078 2344 3406 2399 sacerdotale
3483 2342 3837 2398 exhibendum

604 2445 724 2490 sunt
743 2436 965 2505 episcopi
992 2435 1243 2491 ordinati.
1269 2435 1371 2490 Hic
1393 2436 1516 2505 fecit
1542 2436 1897 2491 ordinationes
1921 2436 2054 2493 duas
2076 2456 2167 2508 per
2190 2454 2417 2494 mensem
2442 2436 2792 2497 Decembrem.
2820 2437 3143 2505 presbyteros
3182 2437 3374 2497 decem.
3400 2437 3646 2490 diaconos
3670 2437 3828 2498 duos,

603 2532 873 2597 episcopos
896 2543 989 2595 per
1014 2526 1225 2581 diversa
1254 2527 1369 2581 loca
1397 2528 1714 2597 quindecim.
1746 2528 2120 2602 Obiit-martyr
2151 2548 2288 2587 anno
2332 2528 2555 2599 Trajani
2589 2529 2759 2583 tertio.
2793 2529 2897 2595 Qui
2917 2530 3072 2583 etiam
3090 2531 3322 2599 sepultus
3339 2540 3413 2585 est
3445 2533 3497 2585 in
3524 2528 3728 2584 Gra'cia
3769 2546 3827 2585 Ix

604 2614 832 2673 Kalend.
864 2616 1101 2673 Decemb.
1136 2614 1205 2669 Et
1232 2619 1450 2673 cessavit
1478 2618 1804 2687 episcopatus
1826 2618 1935 2673 dies
1965 2635 2081 2676 ιιι.

1202 2878 2195 3041 VARIORUM
2326 2882 3228 3039 PRO(EMIA

1816 3141 2635 3203 HlSTORICO-LITTERARIA

904 3319 1053 3411 AD
1123 3319 1764 3414 EPISTOLAS
1820 3317 2232 3411 SANCTI
2312 3279 3087 3412 CLEMENTIS'I
3170 3323 3536 3411 mm.

619 2744 3834 2783 Ἦ

1218 3809 1433 3936 EX
1521 3806 2253 3939 EDITIONE
2352 3814 3233 3995 COTELERII.

1588 4042 1793 4108 (Patres
1808 4043 2075 4109 apostoltci,
2100 4048 2476 4109 Amstelaedaml,
2504 4047 2638 4110 172$,
2663 4049 2846 4108 in-fol.)

1394 4292 2077 4413 VETERUM
2165 4218 3039 4415 EESTIMONIA

1156 4524 1304 4612 DE
1376 4527 1786 4620 SANCTI
1862 4533 2531 4713 CLEMFN'HS
2607 4534 3264 4627 EPISTOLIS.

1481 4743 1541 4802 S.
1582 4747 1826 4805 ΙιιεΜῐυε
1851 4792 1865 4815 ,
1902 4754 1993 4808 lib.
2027 4770 2090 4808 in
2112 4794 2126 4819 ,
2158 4754 2405 4809 adversus
2450 4754 2686 4809 Hrereses
2708 4795 2721 4815 .
2752 4770 2871 4824 cap.
2910 4756 2963 4810 ὅ.

857 4830 1226 4897 Interpretatio
1252 4844 1413 4891 uetus.
1659 4839 1812 4910 Apud
1838 4843 2127 4903 Eusebium
2152 4847 2296 4903 Hist.
2334 4847 2461 4902 eccl.
2492 4848 2526 4901 l.
2559 4863 2610 4910 ν,
2639 4862 2687 4900 c.
2720 4846 2770 4899 6.
3026 4845 3402 4916 Interpretatio
3437 4845 3648 4903 Valesii.

684 4956 725 5012 F
731 4958 1001 5015 undantes
1030 4969 1192 5032 igitur
1218 4969 1273 5016 ct
1303 4962 1636 5019 instruentes
1709 4958 1713 4971 ’
1769 4967 2201 5038 Θεμελιώσαντες
2228 4967 2282 5025 οὗ

2228 4967 2431 5031 οὖν,καὶ
2452 4974 2725 5045 οἱκοδθμή-
2868 4977 3111 5032 Fundata
3135 4978 3243 5047 jam
3271 4993 3323 5032 et
3343 4978 3603 5032 aediﬁcata
3632 4978 3810 5033 Eccle-

610 5046 755 5101 beati
814 5048 1043 5117 apostoli
1108 5048 1445 5113 Ecclesiam,
1499 5050 1634 5105 Lino
1708 5074 1893 5122 σαντες
1923 5062 1970 5112 οἱ
2007 5062 2208 5133 μακάρι

2213 5079 2261 5118 ο.
2315 5064 2599 5117 ἀπόστολοι
2628 5070 2724 5138 τὴν
2795 5070 2873 5122 sio
2898 5108 2911 5131 ,
2944 5068 3242 5123 beatissimi
3273 5069 3501 5136 apostoli
3534 5069 3810 5139 episcopa-

611 5144 981 5212 episcopatum
1050 5144 1488 5201 administrandae
1535 5145 1635 5199 Ec—
1717 5149 2054 5221 Ἐκκλησίαν,
2085 5153 2209 5223 Αίνιε

2205 5154 2352 5225 pcipi
2381 5155 2478 5224 τῆς
2506 5158 2724 5211 ἐπισκο-
2794 5167 2882 5213 tus
2944 5157 3175 5212 ollicium
3253 5157 3389 5211 Lino
3451 5159 3803 5218 tradiderunt.

612 5233 789 5287 clesim
849 5234 1209 5291 tradiderunt.
1274 5233 1447 5305 Hujus
1514 5236 1633 5291 Lini
1710 5241 1820 5309 πῆς
1846 5241 2210 5314 λειτουργίανι

2206 5245 2552 5317 ἐνεχείρισαν.
2590 5250 2721 5302 Τού-
2792 5249 2964 5319 Hujus
3002 5248 3117 5302 Lini
3150 5250 3475 5302 mentionem
3510 5248 3635 5302 facit
3671 5248 3801 5307 Pau-

613 5326 813 5383 Paulus
837 5328 891 5381 in
923 5328 1008 5382 his
1033 5344 1151 5396 quae
1186 5337 1312 5382 sunt
1344 5328 1409 5382 ad
1448 5328 1631 5383 Tinio-
1705 5331 2211 5386 τουτοῦΛίνουΠαῦ]

2213 5336 2727 5411 λοςὲνταίςπρὸςΤι-
2797 5340 2881 5393 lus
2938 5341 2994 5394 in
3050 5339 3272 5394 Litteris
3337 5341 3403 5394 ad
3453 5340 3811 5397 Timotheum.

610 5423 793 5476 theum
821 5422 1038 5477 Litteris
1083 5423 1345 5476 meminit.
1382 5420 1632 5477 Succedit
1706 5422 1894 5492 μόοεον
1930 5424 2207 5477 Ἐπιστολα

2204 5427 2261 5488 μῖς
2295 5426 2592 5498 μέμνηται’
2622 5429 2726 5480 δια·
2798 5428 2932 5483 Huic
2975 5432 3242 5484 successit
3289 5429 3634 5484 Anenclctus.
3686 5430 3802 5483 Post

612 5522 791 5566 autem
818 5513 866 5565 ei
891 5512 1199 5569 Anacletus.
1226 5512 1353 5567 Post
1376 5528 1499 5567 eum
1526 5521 1631 5569 ter-
1700 5514 1975 5582 δέχεταιδὲ
1991 5515 2153 5568 αὐτὸν
2178 5518 2210 5567 ’ὲ

2178 5517 2523 5587 Ἀνέγκλητος
2548 5536 2559 5548 ·
2593 5520 2727 5590 μετὰ
2798 5536 2955 5589 quem
2982 5522 3138 5574 tertio
3162 5522 3229 5573 ab
3254 5521 3513 5589 apostolis
3543 5521 3659 5574 loco
3684 5538 3774 5589 pon

612 5610 688 5662 tio
716 5607 832 5663 loco
864 5608 928 5663 ab
958 5608 1215 5679 apostolis
1261 5608 1627 5679 episcopatum
1703 5604 1888 5658 τοῦτον
1909 5606 1961 5658 δὲ
1978 5607 2141 5676 τρίτῳ
2165 5624 2210 5660 τε

2202 5607 2436 5677 ὀπῳάπὸ
2465 5609 2567 5662 τῶν
2596 5611 2726 5663 ἀπο·
2798 5609 3059 5665 tilicatum
3123 5611 3344 5666 sortitus
3397 5618 3478 5666 est
3533 5612 3800 5676 Clemens;
