4054 6320
177 331 263 389 33

1426 309 1759 367 PROOEMIA
1795 305 2177 364 VAHIORUM.

3367 303 3438 359 ὃὸ

1137 427 1194 483 S.
1221 424 1487 489 lusimus,
1516 425 1610 480 lib.
1642 441 1701 479 ιιι
1725 422 1971 477 adversus
2002 421 2266 482 Ha'reses,
2298 431 2414 487 cap.
2446 417 2502 472 5.

445 528 817 599 Interpretatio
846 535 1010 580 vetus.

173 628 422 681 sortitur
465 624 745 685 Clemens;
795 619 885 688 qui
961 620 1014 669 et
1090 612 1224 667 vidit

174 715 346 785 ipsos
388 711 683 784 apostolos,
722 719 777 763 et
821 705 1050 761 contulit
1097 717 1220 756 cum

172 809 306 872 eis;
362 814 416 860 et
468 818 590 857 cum
641 801 819 854 adhuc
880 799 1221 850 insonantem

179 894 638 964 praedicationem
707 887 1112 960 apostolorum,
1170 889 1221 935 et

175 989 544 1042 traditionem
583 989 709 1036 ante
738 978 927 1034 oculos
965 975 1216 1035 haberet,

177 1058 304 1130 non
341 1076 526 1130 solus:
560 1069 736 1124 adhuc
764 1068 908 1124 enim
935 1063 1090 1119 multi
1130 1077 1222 1116 su-

178 1178 450 1241 pererant
472 1177 624 1230 tunc,
659 1164 728 1217 ab
764 1159 1024 1232 apostolis
1053 1157 1219 1210 docti.

182 1263 313 1320 Sub
348 1265 450 1319 hoc
481 1263 646 1332 igitur
673 1258 973 1318 Clemente,
1011 1250 1225 1305 dissen-

180 1362 354 1416 sione
393 1375 500 1413 non
542 1356 756 1411 modica
806 1353 949 1406 inter
995 1364 1088 1404 eos
1130 1345 1222 1416 qui

178 1447 446 1502 Corinthi
503 1451 687 1500 essent
755 1439 951 1494 fratres
1037 1435 1220 1498 facta,

180 1536 423 1606 scripsit
440 1549 557 1605 quae
572 1543 654 1588 est
669 1529 852 1584 Romae
864 1524 1108 1580 Ecclesia
1127 1539 1225 1593 po-

180 1628 538 1684 tentissimas
577 1625 785 1677 litteras
807 1616 1125 1678 Corinthiis,
1155 1613 1224 1668 ad

181 1735 384 1789 pacem
431 1732 524 1772 eos
569 1726 922 1783 congregans,
970 1715 1023 1762 et
1068 1720 1226 1774 repa-

182 1825 326 1863 rans
357 1806 512 1862 fidem
542 1819 726 1860 eorum
749 1841 762 1866 ,
796 1808 848 1855 et
893 1798 1223 1853 annuntians

183 1912 358 1966 quam
402 1898 456 1950 in
491 1892 697 1949 recenti
731 1893 798 1945 ab
826 1888 1087 1960 apostolis
1132 1902 1223 1940 ac-

181 1996 420 2058 ceperat
460 1986 803 2041 traditiouem
831 2022 845 2045 ,
890 1978 1217 2033 annuntian-

182 2086 305 2133 tem
355 2092 520 2131 unum
568 2075 736 2129 Deum
775 2071 1218 2144 omnipotentem’

183 2173 455 2226 factorem
489 2169 613 2224 caeli
637 2177 688 2222 et
721 2177 898 2229 teme,
928 2163 1222 2233 plasmate-

1285 518 1441 588 Apud
1471 516 1760 572 Eusebium
1785 515 1927 569 Hist.
1959 514 2098 567 Eccl.
2126 513 2162 566 l.
2183 529 2236 565 ν.
2260 526 2309 563 c.
2342 508 2391 562 6..

1298 610 1500 663 στόλων
1544 608 1642 678 τὴν
1683 607 1988 677 ἐπισκοπὴν
2031 603 2328 676 κληροῦται

1292 708 1546 775 Κλήμης·
1577 701 1603 752 ὁ
1633 700 1728 755 καὶ
1772 696 2029 770 ἑωρακὼς
2071 697 2195 757 τοὺς
2232 711 2332 764 μα-

1295 793 1515 866 καρίους
1540 788 1885 849 ἀποστόλους,
1916 786 2010 838 καὶ
2033 783 2335 854 συμϐεϐλη-

1294 888 1405 950 κὼς
1435 886 1616 947 αὑτοῖς
1636 901 1648 913 ·
1681 883 1774 936 καὶ
1803 881 1882 932 ἔτι
1911 877 2130 931 ἔναυλον
2147 875 2205 928 τὸ
2236 876 2331 946 κήα

1297 995 1479 1051 ρυγμα
1507 976 1612 1029 τῶν
1633 972 1963 1034 ἀποστόλων,
1992 971 2085 1022 καὶ
2105 968 2202 1039 τὴν
2231 986 2334 1020 πα⁴

1297 1069 1509 1139 ρὰδοσιν
1528 1065 1633 1136 πρὸ
1673 1061 1963 1132 ὀφθαλμῶν
1992 1059 2127 1130 ἔχων
2162 1059 2222 1111 οὐ
2246 1057 2334 1128 μόι

1297 1175 1385 1220 νος
1421 1173 1434 1186 ·
1483 1156 1561 1208 ἔτι
1605 1153 1715 1224 γὰρ
1748 1150 1942 1224 ’πολλοὶ
1981 1147 2332 1201 ὑπελείποντο

1294 1248 1414 1302 τότε
1460 1245 1562 1299 ὑπὸ
1609 1220 1717 1296 μὲῶῆ
1745 1220 2077 1296 ’ἀποστόλων
2133 1235 2332 1290 δεδιδᾰά

1295 1339 1504 1409 γμένοι.
1537 1336 1657 1388 Ἐτιῇ⁴
1674 1332 1862 1386 τούτου
1876 1327 1968 1384 οὖν
1981 1328 2074 1382 τοῦ
2091 1328 2334 1398 Κλήμεν-

1294 1446 1405 1490 τος,
1440 1426 1679 1485 στάσεως
1733 1423 1833 1476 οὐκ
1875 1420 2061 1491 ὀλίγης
2115 1421 2226 1481 τοῖς
2273 1417 2330 1469 ὲν

1292 1516 1541 1589 Κορίνθῳ
1560 1514 1857 1584 γενομένης
1879 1512 2145 1580 ἀδελφοῖς,
2169 1510 2267 1562 ἐπέ
2303 1492 2330 1549 ὲ

1296 1604 1500 1659 στειλεν
1531 1603 1644 1672 ἡὲν
1679 1599 1861 1671 Ῥώμῃ
1890 1598 2181 1669 Ἐκκλησία
2213 1599 2330 1650 ἱκα-

1295 1693 1536 1763 νωτάτην
1556 1690 1893 1762 γραφὴντοῖς
1907 1687 2233 1760 Κορινθίοις,
2252 1690 2330 1750 εἰς

1298 1784 1516 1854 εἰρήνην
1571 1797 1633 1833 συ
1643 1777 1980 1850 μὸιὸάζουσα
2000 1779 2217 1842 αὐτοὺς,
2236 1779 2330 1830 καὶ

1295 1872 1594 1949 ᾲνανεοῦσα.
1638 1871 1736 1941 τὴν
1781 1869 1963 1922 πίστιν
2007 1869 2205 1933 αὐτῶν,
2237 1870 2330 1922 καὶ

1294 1963 1359 2032 ἣν
1387 1960 1579 2014 νεωστὶ⁸
1609 1958 1716 2011 ἀπὸ
1742 1955 1849 2009 τῶν
1890 1956 2198 2015 ἀποστόλων
2227 1974 2330 2010 πα-

1296 2049 1507 2121 ράδοσιν
1536 2047 1766 2118 εἰλήφει.

2634 508 3006 579 Interpretatio
3045 510 3258 566 Valesii.

2403 601 2492 670 qui
2536 601 2752 670 quidem
2785 605 3128 658 beatissimos
3163 608 3438 673 apostolos

2403 693 2634 758 viderat,
2656 703 2854 749 etcum
2883 685 3069 751 iisdem
3097 696 3437 752 familiariter

2403 796 2653 841 versatus
2680 788 2887 854 fuerat;
2916 797 2969 843 et
2991 791 3434 858 praedicationem

2405 873 2773 939 apostolorum
2825 875 3005 928 adhue
3053 877 3279 930 auribus
3320 878 3436 930 suis

2406 956 2745 1012 insonantem
2770 997 2783 1020 ,
2833 959 3292 1027 traditiouemque
3329 976 3440 1028 pra:

2404 1049 2574 1104 oculis
2609 1051 2858 1103 habebat.
2901 1047 3010 1103 Nec
3035 1065 3162 1104 vero
3189 1051 3304 1119 ipse
3344 1067 3437 1105 so-

2402 1139 2511 1206 lus,
2544 1142 2633 1195 sed
2672 1153 2723 1195 et
2748 1141 2837 1194 alii
2867 1141 3085 1209 plurimi
3128 1143 3292 1196 etiam
3325 1152 3440 1198 tum

2403 1236 2746 1297 supererant,
2781 1231 2848 1284 ab
2867 1231 3141 1300 apostolis
3172 1233 3430 1286 instituti.

2403 1317 2578 1387 Hujus
2612 1320 2908 1375 Clementis
2949 1323 3287 1390 temporibus
3311 1339 3435 1376 cum

2401 1414 2720 1484 gravissima
2824 1415 3095 1471 dissensio
3185 1417 3434 1472 Corinthi

2402 1514 2587 1558 exorta
2610 1513 2754 1560 esset
2785 1505 2929 1561 inter
2947 1507 3164 1572 fratres,
3193 1509 3435 1564 Ecclesia

2402 1595 2644 1651 Romana
2694 1599 3177 1655 luculentissimam
3233 1605 3429 1672 episto-

2403 1689 2506 1740 lam
2542 1690 2841 1745 Corinthiis
2871 1691 3126 1762 scripsit,
3161 1709 3266 1762 qua
3345 1708 3439 1747 eos

2381 1779 2468 1832 ‘ad
2504 1794 2688 1848 pacem
2718 1781 3180 1853 concordiamque
3211 1798 3431 1837 revoca-

2404 1877 2520 1936 ret,
2555 1877 2608 1925 et
2658 1871 2815 1927 ﬁdem
2873 1873 3114 1950 illorum,
3168 1880 3222 1928 et
3271 1889 3433 1944 quam

2403 1976 2596 2015 recens
2669 1962 2738 2017 ab
2803 1965 3068 2031 apostolis
3118 1975 3436 2035 susceperat

2401 2052 2749 2106 traditionem
2776 2063 3081 2109 renovaret.

183 2279 307 2318 rem
334 2263 606 2324 hominis,
629 2263 724 2332 qui
752 2262 1023 2314 induxerit
1051 2261 1460 2330 cataelysmum,
1485 2263 1538 2309 et
1554 2254 1900 2310 advocaverit
1922 2253 2217 2318 Abraham,
2247 2255 2339 2325 qui
2365 2255 2614 2311 eduxerit
2641 2257 2895 2326 populum
2918 2257 2983 2313 de
3015 2266 3156 2312 terra
3187 2257 3436 2329 Egypti,

183 2357 287 2427 qui
317 2357 622 2411 collocutus
652 2356 720 2410 sit
746 2355 937 2427 Moysi,
960 2357 1049 2427 qui
1083 2357 1253 2424 legem
1289 2350 1651 2420 disposuerit,
1700 2355 1753 2402 et
1782 2347 2077 2417 praphetas
2132 2347 2362 2413 miserit,
2395 2349 2488 2418 qui
2517 2348 2693 2418 ignem
2721 2351 3103 2420 praeparaverit
3137 2351 3352 2405 diabolo
3380 2362 3434 2406 et

187 2451 402 2519 angelis
422 2450 561 2517 ejus.
583 2447 738 2501 Hunc
757 2446 971 2502 Patrem
997 2445 1209 2501 Domini
1231 2442 1404 2496 nostri
1429 2439 1555 2495 Jesu
1583 2440 1782 2494 Christi
1808 2443 1876 2492 ab
1929 2437 2174 2493 Ecclesia
2211 2441 2545 2503 annuntiari,
2593 2455 2657 2494 ex
2690 2440 2807 2509 ipsa
2839 2440 3116 2508 Scriptura
3146 2443 3236 2509 qui
3268 2442 3436 2496 velint

187 2543 404 2596 discere
424 2546 681 2608 possunt,
709 2547 763 2594 et
785 2540 1137 2607 apostolicam
1172 2533 1428 2590 Ecclesiae
1456 2533 1807 2585 traditionem
1830 2545 1985 2584 zeum
2015 2529 2086 2583 sit
2108 2531 2372 2585 vetustior
2403 2531 2630 2600 epistola
2654 2529 2738 2586 his
2763 2531 2855 2601 qui
2879 2548 3024 2585 nunc
3049 2531 3188 2587 falso
3213 2534 3432 2597 docent,

186 2641 245 2687 et
277 2635 507 2686 alterum
541 2631 709 2685 Deum
747 2647 908 2700 super
929 2630 1281 2701 Demiurgum
1318 2635 1372 2684 et
1416 2627 1673 2681 factorem
1705 2625 1901 2676 horum
1941 2623 2184 2677 omnium
2216 2639 2337 2692 quae
2367 2632 2532 2689 sunt,
2565 2622 3052 2680 cdmmentiuntur.

1773 2716 1840 2771 ll.

458 2820 710 2876 CLsuEss
764 2818 1161 2873 Alexandrinus
1182 2815 1198 2880 ,'
1223 2811 1440 2884 Στρωμ.
1467 2814 1560 2867 lib.
1592 2828 1628 2866 ι.
1671 2828 1754 2882 ειη

1862 2813 1891 2874 ⁷,
1943 2809 2075 2867 edit.
2111 2809 2309 2876 Oxon.,
2352 2827 2442 2866 an.
2489 2811 2647 2876 1715,
2686 2819 2820 2865 tom.
2866 2810 2906 2874 l,
2943 2827 2998 2881 p.
3045 2809 3170 2866 559.

134 2981 159 2998 ⁸
273 2916 399 2968 Ἐὰν
432 2915 488 2967 δὲ
519 2915 616 2985 τὴν
663 2913 939 2983 βασιλικήν
971 2929 1028 2964 τε
1075 2912 1162 2964 κα)
1200 2908 1518 2978 αὐθεντικὴν
1563 2905 1754 2959 εἴσοδοι

1945 2904 2098 2968 Quod
2131 2906 2174 2960 si
2201 2906 2341 2960 viam
2377 2906 2578 2975 regiam
2609 2913 2662 2961 et
2703 2905 3076 2957 authenticum
3125 2906 3435 2972 ingressum

185 3009 382 3079 ζητῇς,
405 3006 641 3077 ἀκούσῃ·
675 3006 831 3071 Αὕτη
863 3005 899 3072 ἠ
931 3005 1092 3068 πύλη
1127 3001 1231 3055 τοῦ
1263 3002 1483 3068 Κυρίου
1505 3016 1517 3029 ο
1551 2997 1754 3050 δίκαιοι

1871 2996 2093 3064 quaeris,
2122 2997 2311 3051 audies
2339 3016 2351 3050 :
2388 2996 2516 3051 Hart:
2540 3005 2617 3051 est
2647 3006 2800 3065 porta
2828 2994 3038 3049 Domini
3065 3010 3080 3046 :
3094 2995 3232 3062 justi
3265 2997 3433 3049 intra-

184 3101 641 3153 εἰσελεύσονται
670 3096 739 3149 ἐν
764 3093 934 3160 αὐτῇ.
967 3093 1181 3146 Πολλῶν
1209 3093 1386 3144 τοίνυν
1408 3089 1754 3159 ἀνεῳγμένων

1871 3079 1997 3132 bunt
2028 3082 2082 3134 in
2111 3099 2225 3135 cam
2253 3083 2294 3137 '.
2327 3083 2461 3138 Cum
2495 3099 2624 3154 ergo
2665 3084 3077 3153 multaaapertae
3114 3087 3223 3137 sint
3267 3096 3435 3154 portae

188 3191 375 3244 πυλῶν
405 3192 462 3242 ὲν
492 3187 821 3256 δικαιοσύνῃ,
856 3185 993 3256 αὕτη
1027 3181 1094 3256 ἦν
1124 3185 1179 3237 ὲν
1208 3182 1447 3255 Χριστῷ.

1870 3171 1924 3223 in
1952 3171 2186 3241 justitia,
2231 3174 2346 3228 haec
2394 3175 2448 3228 in
2491 3174 2711 3232 Christo
2754 3175 3081 3231 invenienda
3115 3184 3219 3232 est.
3259 3178 3430 3232 CLEI.

1867 3264 2027 3332 epist.
2067 3265 2118 3329 1,
2154 3280 2275 3335 cap.
2314 3266 2404 3321 48.

1371 3357 1500 3410 lusu
1523 3396 1537 3419 ,
1572 3354 1723 3418 ibid.,
1755 3352 1855 3406 lib.
1894 3362 1948 3408 et
1977 3371 2095 3426 cap.
2147 3356 2264 3413 citt.

249 3458 462 3511 Αὐτίκα
489 3457 516 3510 ὁ
542 3456 767 3526 Κλήμης
794 3455 850 3508 ὲν
876 3458 940 3524 τῇ
972 3453 1106 3524 πρὸς
1133 3452 1455 3524 Κορινθίους
1483 3449 1754 3520 ἐπιστολῇ,

1941 3449 2058 3504 Jam
2088 3451 2339 3507 Clemens
2378 3453 2433 3506 in
2476 3453 2704 3522 epistola
2736 3457 2802 3507 ad
2831 3453 3143 3526 Corinthios
3187 3453 3273 3508 his
3308 3469 3429 3508 ver-

185 3549 334 3601 κατά
361 3548 502 3611 λέξιν
531 3523 680 3617 φησί,
712 3523 809 3609 τὰς
825 3523 1084 3617 διαφορὰς
1112 3543 1456 3614 ἐκτιθέμενος
1485 3541 1590 3593 τῶν
1621 3540 1754 3593 κατὰ

1869 3541 1953 3596 bis
1982 3543 2178 3612 inquit,
2227 3559 2504 3613 exponens
2535 3523 2895 3600 differentiam
2937 3561 3124 3600 eorum
3172 3545 3264 3615 qui
3305 3555 3432 3600 sunt

183 3642 287 3711 τὴν
331 3639 645 3709 Ἐκκλησίαν
683 3637 951 3708 δοκίμων⁶
985 3640 1140 3692 Ἠτω
1188 3653 1276 3700 τις
1325 3633 1535 3698 πιστός
1567 3643 1582 3661 ⁸
1644 3631 1754 3698 ἤτω

1868 3634 2084 3703 probati
2118 3635 2172 3689 in
2205 3633 2447 3691 Ecclesia
2476 3654 2489 3692 :
2525 3635 2606 3691 Sit
2638 3636 2830 3705 aliquis
2852 3637 3048 3705 ﬁdelis,
3072 3638 3140 3690 sit
3170 3647 3348 3706 potens
3375 3639 3430 3691 in

184 3733 448 3797 δυνατός
477 3749 565 3797 τις
594 3729 818 3800 γνῶσιν
843 3727 1102 3806 εξειπεῖν
1129 3735 1141 3748 '
1165 3725 1286 3793 ἤτω
1320 3724 1510 3792 σοφὸς
1540 3723 1609 3774 ἐν
1637 3722 1754 3774 δια-

1866 3727 2186 3796 explicanda
2216 3731 2533 3800 cognitione,
2558 3732 2627 3784 sit
2659 3733 2864 3799 sapiens
2893 3731 2949 3783 in
2981 3730 3292 3784 discretione
3323 3748 3432 3784 ser-

186 3826 386 3890 κρίσει
415 3824 624 3890 λόγων·
654 3821 774 3889 ἤτω
800 3820 1010 3889 γοργὸς
1037 3818 1105 3872 ὲν
1133 3818 1342 3885 ἔργοις.
1376 3815 1577 3869 Eadem
1605 3828 1754 3882 repe-

1868 3835 2102 3884 monum,
2141 3823 2209 3895 sit
2240 3825 2529 3892 stupendus
2567 3824 2623 3876 iu
2667 3823 2926 3890 oreribus.
2959 3819 3136 3876 Locus
3172 3815 3348 3878 exstat
3378 3825 3430 3876 in

186 3911 826 3969 t.tAlexandrinusinfra
849 3912 942 3966 lib.
959 3927 1009 3964 vx
1033 3950 1047 3971 ,
1075 3924 1195 3978 cap.
1225 3909 1280 3972 8,
1305 3915 1437 3962 tum.
1458 3907 1521 3971 ll,
1541 3922 1595 3976 p.
1633 3905 1756 3959 775.
1866 3910 2054 3964 eodem
2087 3927 2206 3981 cap.
2241 3913 2333 3975 48,
2357 3914 2515 3983 epist.
2545 3913 2594 3967 1.

1013 4019 1182 4083 insit,
1227 4019 1384 4083 ibid.,
1419 4019 1512 4073 lib.
1561 4035 1636 4083 ιν,
1671 4033 1754 4088 ca]

1866 4021 1915 4090 7,
1958 4030 2090 4079 tom.
2138 4022 2178 4089 1,
2215 4040 2308 4095 pp.
2353 4026 2489 4091 609,-
2520 4026 2642 4083 610.
3239 4071 3244 4073 ›

256 4114 365 4166 Ναὶ
397 4114 501 4183 μὴν
529 4114 587 4164 ὲν
617 4115 682 4183 τῇ
712 4112 845 4183 πρὸς
885 4112 1202 4183 Κορινθίους
1246 4109 1502 4182 ἐπιστολῇ
1544 4111 1572 4163 ὁ
1626 4109 1754 4162 ἁπό-

1938 4110 2109 4167 Porro
2142 4123 2322 4170 autem
2372 4116 2621 4172 Clemens
2665 4119 2942 4187 apostolus
3000 4120 3055 4174 in
3091 4120 3321 4189 epistola
3361 4120 3427 4174 ad

188 4206 375 4268 στολος
407 4206 655 4277 Κλήμης,
688 4207 778 4259 καί
806 4205 964 4270 αὐτὸς
997 4206 1123 4275 ἡμῖν
1149 4205 1314 4259 τύπον
1341 4203 1461 4257 τινὰ
1502 4201 1593 4255 τοῦ
1625 4217 1754 4270 γνω-

1866 4205 2202 4271 Corinthios,
2249 4210 2364 4278 ipse
2394 4225 2610 4280 quoque
2652 4212 2810 4266 nobis
2848 4213 3138 4281 quamdam
3182 4212 3425 4267 Gnostici

188 4297 378 4350 στικοῦ
407 4298 756 4367 ὑπογράφων,
785 4297 928 4364 λέγει
946 4313 962 4327 ·
999 4297 1092 4362 Τίς
1119 4298 1227 4365 γὰρ
1270 4294 1754 4364 παρεπιδημήσας

1866 4296 2154 4368 imaginem
2179 4298 2514 4364 describens,
2550 4301 2717 4356 dicit:
2751 4301 2884 4368 Quis
2905 4305 3042 4356 enim
3069 4304 3208 4371 apud
3238 4320 3322 4357 vos
3354 4304 3428 4354 di-

187 4389 340 4458 πρὸς
358 4387 529 4457 ὑμᾶς,
562 4407 614 4441 κ.
650 4407 699 4441 τ.
722 4388 771 4440 λ.
819 4387 918 4442 ilic
946 4387 1196 4443 Clemens
1227 4387 1378 4443 Alex.
1407 4387 1584 4456 capita
1614 4401 1643 4440 e
1672 4403 1754 4442 rc-

1863 4401 2121 4454 versatus,
2154 4398 2259 4446 etc.
2298 4391 2468 4461 Epist.
2500 4393 2550 4453 1.
2590 4409 2747 4464 capp.
2783 4397 2834 4463 1,
2867 4395 3036 4461 9,10,
3076 4397 3163 4460 11,
3204 4395 3290 4459 12,
3337 4397 3424 4450 17.

186 4481 352 4550 gione
380 4488 562 4534 notata
585 4480 875 4549 excerpsit.

1864 4481 1950 4544 is,
1983 4482 2187 4546 21,22,
2223 4483 2312 4549 56,
2341 4484 2430 4548 58,
2462 4484 2552 4548 ιο,
2591 4486 2681 4550 ιι,
2715 4486 2804 4554 ιε,
2835 4486 2924 4555 49,
2959 4487 3046 4556 50,
3080 4487 3286 4556 51,55.

1090 4589 1241 4659 insit,
1271 4590 1424 4655 ibid.,
1464 4591 1560 4646 lib.
1595 4608 1648 4655 ν,
1680 4605 1800 4661 cap.
1841 4591 1928 4659 12,
1962 4601 2093 4650 tom.
2127 4594 2193 4658 ll,
2235 4609 2359 4665 pag.
2404 4595 2531 4651 695.

297 4687 455 4741 Ἀλλὰ
501 4689 604 4741 κάν
633 4689 698 4758 τῇ
741 4687 874 4757 πρὸς
930 4684 1246 4756 Κορινθίους
1306 4687 1587 4755 Ῥωμαίων
1638 4689 1757 4739 ἐπι-

192 4778 351 4849 στολῇ
371 4796 384 4808 ·
421 4781 692 4844 Ὠκεανὸς
719 4769 1044 4845 ἀπέραντος
1071 4777 1398 4845 ἀνθρώποις
1425 4778 1754 4850 γέγραπται,

191 4871 289 4922 καὶ
321 4873 374 4923 oi
396 4871 524 4940 μετ’
553 4869 740 4924 αὑτὸν
768 4871 1000 4937 κόσμοι.

267 5053 538 5120 Τοσούτῳ
580 5049 688 5118 γὰρ
715 5049 951 5118 μᾶλλον
987 5051 1465 5118 ταπεινοφρονεῑν
1511 5055 1757 5122 ὀφείλει,

1935 4687 2078 4754 Quin
2127 4690 2292 4742 etiam
2340 4693 2395 4742 in
2438 4689 2665 4759 epistola
2712 4689 3080 4762 Romanorum
3123 4691 3188 4745 ad
3227 4691 3422 4745 Corin-

1862 4781 2007 4836 thios
2048 4782 2311 4851 scriptum
2343 4789 2464 4834 est:
2518 4781 2754 4836 Oceanus
2787 4785 3047 4852 inﬁnitus,
3078 4795 3125 4836 et
3167 4785 3255 4852 qui
3298 4795 3419 4835 sunt

1856 4883 1974 4943 post
2004 4874 2172 4940 ipsum
2206 4871 2412 4926 mundi.
2440 4871 2611 4942 Epist.
2649 4876 2697 4938 1,
2728 4889 2847 4943 cap.
2880 4874 2970 4929 20.

1113 4954 1263 5020 Iesu,
1297 4958 1449 5022 ibid.,
1481 4959 1575 5015 lib.
1608 4976 1682 5026 vr,
1716 4978 1837 5035 cap.
1873 4963 1931 5024 8.
1967 4971 2100 5017 tam.
2133 4960 2200 5028 ll,
2229 4976 2349 5030 pag.
2379 4960 2500 5015 775.

1935 5056 2013 5110 Eo
2044 5056 2180 5110 enim
2218 5053 2364 5108 debet
2382 5071 2493 5108 esse
2514 5053 2779 5122 humilior,
2805 5073 2904 5125 quo
2934 5057 3139 5111 videtur
3165 5075 3277 5111 esse
3301 5078 3411 5115 ma-

193 5147 316 5209 ὅσῳ
343 5143 508 5198 δοκεῖ
522 5141 759 5210 μᾶλλον
780 5138 990 5209 μείζων
1019 5140 1169 5193 εἶναι
1187 5156 1202 5170 ο
1250 5142 1278 5194 ὁ
1320 5142 1568 5214 Κλήμης,
1602 5147 1659 5200 ὲν
1687 5150 1753 5220 τῇ

1862 5151 1962 5216 ior,
1993 5151 2124 5204 dicit
2146 5149 2395 5204 Clemens
2426 5150 2480 5202 in
2527 5150 2757 5218 epistola
2795 5150 2862 5204 ad
2891 5150 3220 5208 Corinthios.
3241 5153 3393 5224 Epist

194 5238 328 5310 πρὸς
354 5233 672 5304 Κορινθίους
701 5232 848 5302 φησί.

1855 5242 1908 5306 1,
1937 5257 2055 5310 cap.
2086 5240 2177 5295 48.

1758 5331 1843 5388 ΙΙΙ.

507 5416 955 5492 ΟιιιοειιεεΛΙερὶ
978 5416 1195 5491 ἀρχῶν,
1219 5417 1314 5471 lib.
1345 5431 1561 5488 tt,.cap.
1607 5419 1662 5485 5,
1699 5437 1754 5475 ni

1889 5421 1946 5487 6,
1985 5421 2118 5475 edit.
2150 5419 2349 5485 Paris.,
2383 5419 2536 5482 1755,
2567 5428 2697 5473 tom.
2729 5420 2772 5485 l,
2805 5437 2924 5491 pag.
2954 5422 3042 5477 82.

265 5510 510 5564 leminit
542 5524 673 5564 sane
693 5508 943 5565 Clemens
972 5509 1339 5580 apostolorum
1368 5510 1668 5581 discipulus
1697 5515 1859 5569 etiam
1885 5529 2073 5569 eorum
2102 5528 2240 5584 quos
2273 5512 2585 5583 ἀντίχθονας
2619 5510 2791 5568 ϐπερὶ
2838 5517 3210 5581 nominarunt,
3245 5525 3408 5589 atque

201 5605 340 5658 alias
366 5609 555 5672 partes
580 5600 727 5654 orbis
755 5607 914 5657 terrae
941 5602 1009 5656 ad
1035 5617 1172 5667 quas
1196 5619 1374 5674 neque
1395 5613 1708 5661 nostrorum
1735 5604 2023 5678 quisquam
2056 5607 2314 5664 accedere
2342 5612 2555 5676 potest,
2591 5621 2766 5676 neque
2798 5622 2861 5662 ex
2903 5608 3010 5665 illis
3042 5613 3131 5680 qui
3175 5611 3245 5666 ibi
3281 5623 3406 5667 sunt

270 5710 292 5741 ³
317 5708 464 5767 Psal.
496 5722 666 5774 cxvu,
694 5708 784 5764 20.
