4054 6320
673 374 742 435 35

1793 375 1883 429 AD
1924 375 1981 434 S.
2019 369 2442 431 CLEMENTEM
2485 371 2504 430 Ι
2544 375 2777 432 PAPAM

3853 382 3934 441 30

673 493 963 566 quisquam
990 491 1226 549 transire
1258 490 1322 545 ad
1357 505 1458 547 nos
1481 507 1495 557 ;
1521 504 1660 561 quos
1688 497 1742 546 et
1773 491 1924 561 ipsos
1952 489 2174 546 mundos
2205 490 2518 561 appellavit,
2562 506 2684 546 cum
2713 493 2820 548 ait:
2863 482 3100 548 Oceanus
3130 494 3580 550 intransmeabilis
3617 504 3697 550 est
3741 497 3934 552 Aonii-

674 588 851 647 nibus.
878 593 926 642 et
957 581 1010 640 hi
1038 587 1127 656 qui
1159 595 1306 639 trans
1333 584 1500 651 ipsum
1538 588 1659 634 sunt
1684 581 1886 644 mundi,
1917 579 2005 650 qui
2037 579 2116 632 his
2140 579 2332 633 eisdem
2364 578 2712 632 dominatoris
2743 579 2839 632 Dei
2882 579 3316 649 dispositionibus
3346 581 3724 650 gubernantur.
3766 580 3928 638 Pau-

672 679 865 751 cisque
891 672 1306 747 interjectis.....
1340 674 1414 728 Ex
1452 672 1538 728 his
1569 682 1750 728 tamen
1786 687 1907 742 quae
1935 673 2186 726 Clemens
2215 669 2364 725 visus
2395 675 2477 724 est
2507 668 2750 724 indicare
2780 683 2901 723 cum
2936 669 3070 724 dicit
3103 689 3115 726 :
3158 670 3397 726 Oceanus
3427 674 3514 742 qui
3553 674 3923 729 intransmrao-

677 777 798 831 bilis
819 785 899 831 est
925 771 1247 831 hominibus,
1283 778 1331 821 et
1365 768 1417 819 hi
1441 766 1625 820 mundi
1647 766 1736 835 qui
1764 775 1882 836 post
1920 766 2088 832 ipsum
2125 773 2284 816 sunt:
2316 763 2408 833 qui
2435 770 2557 833 post
2603 764 2777 832 ipsum
2819 769 2947 816 sunt
2987 764 3220 818 mundos
3251 764 3536 834 pluraliter
3581 766 3879 820 nominans
3905 806 3920 830 ,

671 887 809 942 quos
836 874 888 924 et
915 867 1102 922 eadem
1154 864 1247 921 Dei
1285 861 1624 935 providentia
1659 860 1742 930 agi
1775 860 1995 929 regique
2035 855 2323 925 significat,
2365 857 2573 910 semina
2603 858 2849 926 quaedam
2882 858 3040 913 nobis
3074 859 3382 929 hujusmodi
3429 860 3798 930 intelligentiae
3837 863 3928 915 vi-

676 965 836 1019 detur
865 975 1177 1030 aspergere,
1208 971 1316 1027 quo
1346 961 1570 1026 putetur
1591 952 1770 1006 omnis
1800 951 2017 1020 quidem
2051 947 2382 1002 universitas
2410 962 2598 1001 eorum
2628 963 2747 1017 quae
2785 956 2912 1002 sunt
2954 956 3115 1019 atque
3154 951 3484 1016 subsistunt,
3521 953 3828 1019 cceleslium
3865 963 3924 1007 et

669 1055 1175 1126 supercoelestium,
1211 1060 1557 1106 terrenorum
1591 1047 2061 1112 inlernorumque,
2097 1058 2238 1097 unus
2267 1050 2321 1097 et
2347 1040 2620 1110 perfectus
2645 1041 2880 1096 mundus
2915 1044 3240 1112 generaliter
3271 1042 3378 1099 dici
3411 1063 3423 1096 :
3459 1044 3602 1098 intra
3631 1061 3790 1116 quem
3829 1048 3921 1102 vel

669 1163 699 1202 a
741 1163 851 1218 quo
881 1147 945 1217 (si
974 1146 1064 1215 qui
1092 1146 1168 1199 illi
1198 1147 1344 1213 sunt)
1378 1140 1600 1211 putandi
1634 1147 1760 1194 sunt
1791 1137 2080 1191 contineri.
2117 1133 2288 1205 Epist.
2327 1135 2377 1200 i,
2405 1151 2524 1205 cap.
2560 1135 2648 1189 20.

1568 1253 1715 1314 ipsis,
1742 1255 1796 1306 in
1834 1252 2119 1314 Ezecliiel.,
2155 1267 2272 1321 cap.
2307 1251 2360 1315 8,
2390 1260 2524 1306 tom.
2558 1249 2646 1312 lll,
2680 1267 2802 1322 pag.
2829 1252 3033 1317 422,A.

728 1350 863 1419 Φησὶ
889 1349 941 1402 δὲ
962 1351 989 1401 ὁ
1005 1348 1118 1418 Κλή
1129 1322 1232 1418 μης
1253 1366 1264 1378 ·
1300 1347 1570 1413 Ὠκεανὸς
1586 1344 1876 1414 ἀπέρατος
1904 1344 2248 1412 ἀνθρώποις,

2434 1343 2572 1399 Dicit
2619 1358 2833 1414 quoque
2877 1344 3164 1400 Clemens:
3219 1345 3456 1401 Oceanus
3508 1348 3919 1417 impermeabilis

661 1438 759 1492 καὶ
788 1441 842 1493 cl
869 1440 994 1508 μετ’
1025 1441 1211 1494 αὐτὸν
1245 1440 1457 1507 κόσμοι
1473 1440 1789 1504 τοσαύταις
1805 1437 2105 1507 διαταγαῖς
2133 1438 2237 1492 τοῦ

2340 1435 2653 1498 hominibus,
2683 1445 2730 1489 et
2751 1438 2839 1506 qui
2861 1447 2974 1505 post
3005 1451 3120 1489 eum
3147 1436 3349 1501 mundi,
3381 1441 3546 1493 tantis
3583 1440 3793 1497 Domini
3819 1461 3916 1498 or-

2339 1527 2701 1581 dinationibus
2726 1527 3108 1596 gubernantur.
3141 1527 3313 1598 Epist.
3348 1530 3399 1594 1,
3432 1546 3552 1602 cap.
3577 1533 3668 1590 ΞΟ.

655 1532 957 1586 Δοσκότου
989 1531 1371 1584 διοικοῦνται.

1229 1643 1380 1704 lusu,
1419 1643 1471 1696 in
1495 1639 1682 1705 Joan.,
1712 1651 1842 1695 tom.
1877 1639 1965 1693 IX.
1998 1648 2138 1710 part.
2175 1655 2236 1702 ιι,
2271 1655 2394 1710 pag.
2423 1639 2547 1702 145,
2581 1637 2711 1693 edit.
2738 1635 2896 1690 liuet.
2929 1637 3142 1700 Colon.,
3185 1637 3343 1694 l685.

721 1752 1155 1825 Μεμαρτύρηται
1187 1752 1242 1805 δὲ
1275 1753 1367 1804 καὶ
1399 1751 1552 1823 παρὰ
1579 1754 1692 1815 τοῖς
1725 1751 1950 1814 ἔθνεσιν,
1994 1752 2074 1803 ὅτι
2107 1749 2234 1803 πολ-

654 1845 734 1900 λοί
764 1863 906 1908 τινες
935 1843 1196 1915 λοιμικῶν
1246 1843 1632 1915 ὲνσκηψάντων
1664 1843 1982 1914 νοσημάτων
2013 1844 2236 1907 ἑαυτοὺς

657 1935 860 2007 σφάγια
892 1938 1030 2008 ὑπὲρ
1058 1936 1152 1990 τοῦ
1189 1935 1371 1990 κοινοῦ
1404 1934 1814 2008 παραδεδώκασι
1839 1952 1850 1965 ·
1877 1937 1969 1988 καὶ
1999 1936 2235 2004 παραδέ-

652 2046 806 2100 χεται
846 2028 996 2082 ταῦθ’
1035 2027 1206 2090 οὕτως
1251 2026 1531 2096 γεγονέναι
1577 2027 1677 2080 οὐκ
1709 2026 1913 2094 ἀλόγως
1944 2027 2238 2092 πιστεύσας

651 2115 770 2184 ταῖς
799 2119 1061 2191 ίστορίαις
1099 2121 1124 2172 ὁ
1156 2119 1344 2182 πιστὸς
1374 2117 1625 2189 Κλήμης,
1661 2117 1765 2170 ὑπὸ
1795 2116 2005 2171 Παύλου
2041 2136 2238 2190 μαρτυ-

654 2212 934 2282 ρούμενος,
968 2209 1220 2280 λέγοντος
1246 2227 1257 2240 ·
1293 2209 1456 2265 Μετὰ
1485 2209 1845 2280 Κλήμεντος,
1882 2227 1936 2263 κ.
1968 2227 2017 2264 τ.
2049 2210 2096 2263 λ.

897 2567 1088 2639 Ruﬁno
1131 2570 1432 2639 interprete.

718 2676 891 2747 Hujus
920 2680 1216 2736 Clementis
1248 2682 1478 2751 epistola
1519 2682 1684 2736 habe-

2335 2313 2455 2368 Cap.
2482 2295 2568 2350 55.

2141 2480 2154 2503 ο
2229 2457 2317 2516 iV.

1687 2570 1973 2637 Essemus,
2000 2572 2142 2627 Hist.
2193 2574 2349 2636 eccl.,
2386 2573 2477 2627 lib.
2511 2585 2592 2631 Ill,
2624 2583 2742 2636 cap.
2789 2564 2871 2618 l6.

1828 2685 2030 2738 Τούτου
2079 2685 2142 2758 δὴ
2195 2682 2286 2740 οὖν
2333 2683 2425 2737 τοῦ
2483 2685 2795 2756 Κλήμεντος

2407 1745 2652 1800 Relatum
2687 1751 2864 1798 autem
2891 1751 3052 1814 atque
3083 1751 3341 1800 testatum
3367 1748 3508 1818 apud
3555 1755 3780 1817 gentiles
3801 1765 3910 1822 est,

2337 1838 2538 1892 multos
2574 1851 2696 1890 cum
2727 1835 3042 1905 pestilentes
3074 1837 3248 1891 morbi
3288 1852 3689 1908 grassarentur,
3731 1864 3788 1902 se
3817 1849 3908 1919 ip-

2339 1946 2430 1985 sos
2463 1939 2522 1983 ut
2559 1927 2808 1981 victimas
2847 1941 2946 1997 pro
2985 1929 3160 1996 patria
3201 1930 3537 1988 tradidisse:
3587 1944 3745 2006 atque
3789 1936 3913 1999 haec

2343 2027 2418 2080 ita
2443 2023 2689 2078 evenisse
2719 2021 2953 2074 admittit
2981 2035 3086 2074 non
3114 2021 3232 2075 sine
3261 2038 3424 2078 causa
3450 2065 3462 2088 ,
3498 2027 3740 2086 historiis
3778 2048 3911 2087 cre—

2341 2115 2475 2170 dens
2505 2113 2754 2168 Clemens
2782 2112 2870 2166 ille
2903 2110 3095 2173 lidelis.
3131 2113 3217 2167 cui
3255 2115 3626 2172 testimonium
3663 2122 3915 2190 perhibet

2339 2205 2542 2261 Paulus
2592 2205 2780 2259 dicens
2821 2221 2832 2257 :

2888 2199 3020 2256 Cum
3086 2202 3348 2258 Clemente
3381 2245 3396 2271 ,
3464 2217 3568 2264 etc.
3624 2208 3796 2282 Epist.
3852 2215 3912 2281 1,

3134 2564 3344 2619 Vulctio
3373 2567 3669 2639 interprete.

2946 2674 3120 2744 Hujus
3170 2677 3332 2748 igitur
3382 2679 3675 2735 Clementis
3727 2689 3909 2735 exstat

650 2776 740 2823 tur
789 2770 854 2824 ad
884 2769 1197 2826 Corinthios
1231 2774 1453 2842 scripta,
1493 2773 1684 2842 przeci-
1755 2772 2156 2845 ὁμολογουμένη
2207 2791 2239 2844 μ

2353 2772 2606 2844 ἐπιστολὴ
2640 2772 2798 2843 φέρερ
2874 2769 3104 2838 epistola
3153 2786 3260 2825 uno
3313 2786 3581 2826 consensu
3645 2781 3856 2841 recepta
3886 2812 3904 2837 ,

647 2876 752 2932 pua
828 2864 985 2931 plane
1042 2872 1095 2918 et
1153 2864 1308 2920 valde
1377 2865 1679 2919 mirabilis:

645 2967 808 3021 quam
863 2955 1011 3007 velut
1044 2970 1106 3008 ex
1151 2971 1380 3024 persona
1425 2954 1682 3010 Romana:

645 3039 911 3095 Ecclesiae
951 3041 1210 3112 dictavit,
1247 3058 1369 3096 cum
1410 3042 1684 3098 dissensio

645 3132 789 3201 apud
849 3131 1163 3188 Corinthios
1219 3133 1409 3187 luisset
1471 3143 1679 3189 exorta.

645 3219 818 3287 Quam
864 3223 1148 3290 epistolam
1201 3223 1253 3276 in
1288 3224 1536 3293 plurimis
1581 3225 1682 3280 Ec-

644 3311 827 3366 clesiis
868 3313 1082 3381 publice
1117 3314 1238 3383 legi,
1275 3322 1327 3369 et
1361 3326 1596 3370 veterum
1625 3327 1678 3372 et

645 3408 854 3462 nostris
885 3410 1047 3463 etiam
1080 3412 1415 3480 temporibus
1443 3422 1675 3468 constat.

643 3494 851 3552 Verum
908 3501 974 3556 de
1023 3503 1289 3557 seditione
1341 3503 1480 3557 facta
1539 3504 1678 3572 apud

645 3584 966 3644 Corinthios
998 3605 1060 3645 ac
1100 3592 1441 3647 dissensione
1484 3594 1679 3666 plebis,

648 3682 803 3737 testis
862 3685 1018 3742 valde
1086 3686 1260 3744 lidelis
1344 3687 1681 3762 Hegesippus

646 3776 872 3833 indicat.

888 3987 1074 4058 Ruﬁno
1132 3991 1426 4060 interprete.

713 4076 967 4134 Clemens
1009 4080 1064 4133 in
1104 4081 1332 4149 epistola
1363 4097 1523 4151 quam
1573 4082 1678 4138 Co-

645 4171 867 4226 rinthiis
916 4175 1126 4237 scribit,
1171 4177 1422 4230 meminit
1469 4176 1680 4248 Episto-

647 4260 710 4313 ltc
750 4259 901 4314 Pauli
958 4262 1020 4316 ad
1076 4262 1353 4327 llehrzeos,
1404 4274 1456 4321 et
1513 4269 1683 4320 utitur

648 4347 769 4417 ejus
815 4351 1166 4405 testimoniis.
1221 4351 1374 4407 Unde
1417 4363 1677 4420 constat,

648 4443 793 4512 quod
827 4445 1121 4514 Apostolus
1147 4457 1400 4517 tanquam
1442 4449 1682 4508 Hebraeis

650 4531 969 4586 mittendam
1023 4536 1199 4604 patrio
1254 4551 1392 4589 eam-
1437 4553 1683 4594 sermone

650 4628 1074 4694 conscripserit,
1119 4640 1170 4682 et
1224 4637 1281 4682 ut
1314 4632 1529 4698 quidam
1574 4641 1686 4687 tra-

650 4711 805 4774 dunt,
864 4711 1063 4766 Lucam
1113 4716 1540 4784 evangelistam,
1594 4720 1681 4772 alii

649 4811 829 4856 autem
863 4803 1011 4873 hunc
1041 4805 1213 4873 ipsum
1241 4807 1568 4862 Clementem
1602 4811 1680 4862 in-

649 4872 1005 4962 terpretatitm
1036 4872 1178 4951 esse.
1230 4897 1384 4962 Quod
1428 4907 1480 4952 et
1512 4901 1678 4971 magis

647 4999 833 5037 verum
893 4992 994 5048 est,
1057 4988 1181 5055 quia
1237 4995 1288 5041 et
1344 4990 1516 5059 stylus
1569 4991 1681 5061 ipse

646 5076 891 5144 epistolas
919 5077 1212 5133 Clementis
1256 5094 1380 5133 cum
1415 5081 1516 5135 hac
1548 5097 1679 5136 con-

646 5167 837 5220 cordat
862 5209 876 5234 ,
900 5176 952 5223 et
977 5185 1170 5225 sensus
1201 5171 1452 5226 nimirum
1479 5176 1679 5230 utrius-

647 5274 751 5325 que
785 5257 1079 5329 Scripturte
1109 5263 1393 5331 plurimam
1428 5266 1678 5320 similitu-

647 5349 827 5403 dinem
863 5351 1060 5406 ferunt.
1095 5353 1302 5409 Dicitur
1328 5365 1508 5412 tamen
1557 5375 1677 5414 esse

648 5452 701 5496 et
752 5444 852 5496 alia
888 5443 1180 5503 Clementis
1222 5451 1468 5518 epistola,
1513 5451 1673 5520 cujus

651 5550 751 5590 nos
782 5538 1028 5593 notitiam
1060 5555 1171 5594 non
1209 5543 1540 5625 accepimus.

1754 2879 1877 2926 ται,
1926 2863 2131 2934 μεγάλη
2164 2880 2221 2915 τε
2267 2865 2358 2916 καὶ
2393 2863 2688 2934 Θαυμασία,
2732 2865 2795 2932 ἢν

1755 2953 1966 3016 ὼςάπὸ
1997 2954 2094 3024 τῆς
2137 2954 2419 3024 Ῥωμαίων
2478 2955 2796 3024 Ἐκκλησίας

1758 3047 1823 3116 τῇ
1880 3045 2180 3116 Κορινθίων
2225 3044 2614 3108 διετυπὼσατο,
2674 3045 2796 3098 στά-

1761 3151 1896 3197 σεως
1937 3133 2193 3205 τηνικάδε
2225 3134 2365 3188 κατὰ
2406 3135 2503 3206 τὴν
2532 3134 2793 3205 Κόρινθον

1756 3224 2072 3295 γενομένης.
2109 3225 2323 3297 Ταύτην
2361 3226 2414 3278 δὲ
2445 3228 2537 3279 καὶ
2557 3228 2612 3279 ὲν
2643 3226 2792 3279 πλεί-

1757 3311 2255 3386 σταιςἘκκλησίαις
2279 3317 2372 3369 ἐπὶ
2397 3317 2490 3370 τοῦ
2514 3317 2692 3370 κοινοῦ
2713 3319 2795 3372 δε-

1751 3405 2180 3478 δημοσιευμένην
2228 3407 2394 3462 πάλαι
2441 3427 2498 3462 τε
2543 3413 2635 3464 καὶ
2673 3407 2791 3466 καθ’

1754 3497 1899 3567 ἡμᾶς
1947 3499 2143 3561 αὐτοὺς
2184 3498 2446 3570 ἔγνωμεν.
2483 3501 2590 3554 Καὶ
2620 3501 2700 3554 ὅτι
2731 3519 2793 3571 γε

1755 3591 1896 3644 κατὰ
1927 3590 2016 3643 τὸν
2059 3591 2404 3664 δηλούμενον,
2448 3593 2517 3646 τὰ
2565 3595 2662 3665 τῆς
2696 3595 2795 3648 Κο-

1759 3685 1978 3755 ρινθίων
2035 3689 2290 3758 κεκίνητο
2339 3691 2597 3758 στάσεως,
2649 3696 2792 3761 ἀξιό-

1753 3792 1928 3846 χρεως
1952 3776 2158 3847 μάρτυς
2179 3781 2213 3832 ὸ
2246 3781 2602 3850 Ἡγήσιππος.
2651 3783 2791 3858 Lege

1755 3863 2126 3931 Nicsruonuu,
2169 3868 2262 3922 lib.
2295 3885 2378 3934 ιιι,
2413 3886 2536 3943 cap.
2575 3873 2660 3930 l6.

1861 3996 2011 4062 laesi,
2041 3999 2194 4064 ibid.,
2227 4001 2320 4055 lib.
2359 4017 2438 4064 ιιι,
2470 4017 2590 4074 cap.
2621 4007 2708 4060 08.

1819 4088 1923 4141 Τοῦ
1958 4091 2268 4161 Κλήμεντος
2312 4095 2368 4147 ἐν
2407 4100 2471 4168 τῇ
2513 4099 2782 4170 ἀνωμολο-

1749 4179 1959 4252 γημένῃ
1983 4182 2131 4251 παρὰ
2163 4185 2344 4245 πᾶσιν,
2379 4187 2442 4255 ἣν
2470 4188 2533 4240 ὲκ
2566 4190 2782 4260 προσώ-

1753 4281 1853 4316 που
1887 4265 1982 4335 τῆς
2027 4267 2309 4338 Ῥωμαίων
2361 4273 2681 4346 Ἐκκλησίας
2718 4281 2782 4349 τῇ

1755 4353 2058 4424 Κορινθίων
2087 4356 2476 4414 διετυπὼσατο.
2523 4360 2661 4438 Ἐνῇ
2692 4367 2789 4437 τῆς

1759 4448 1892 4518 πρὸς
1923 4449 2202 4522 Ἐϐραίους
2233 4453 2400 4506 πολλὰ
2427 4457 2669 4528 νοήματα
2693 4477 2789 4512 πα-

1761 4541 1960 4609 ραθεὶς,
1996 4543 2091 4614 ἤδη
2111 4544 2164 4597 δὲ
2185 4546 2276 4597 καὶ
2305 4545 2577 4610 αὑτολεξεὶ
2609 4552 2788 4619 ῥητοῖς

1755 4644 1894 4680 τισιν
1926 4629 1984 4694 ἐξ
2016 4632 2182 4701 αὐτῆς
2212 4637 2550 4704 χρησάμενος
2574 4675 2587 4696 ,
2635 4637 2788 4705 σαφέ-

1760 4732 1925 4770 στατα
1939 4720 2264 4790 παρίστησιν
2286 4723 2366 4774 ὅτι
2391 4723 2462 4794 μὴ
2480 4725 2594 4776 νέον
2615 4725 2787 4796 ὑπάρ-

1753 4821 1834 4874 χει
1877 4806 1936 4859 τὸ
1980 4807 2331 4880 σύγγραμμα.
2359 4812 2514 4865 Ὅθεν
2566 4815 2786 4878 εἰκότως

1755 4897 1949 4961 ἔδοξεν,
1999 4900 2129 4952 αὐτὸ
2171 4905 2279 4966 τοῖς
2316 4901 2521 4966 λοιποῖς
2554 4907 2784 4972 ἐγκατα-

1752 4987 2005 5059 λεχθῆναι
2057 4991 2343 5061 γράμμασι
2387 4992 2478 5045 τοῦ
2534 4995 2783 5047 Ἀποστό-

1755 5079 1868 5132 λου.
1908 5079 2398 5153 Ἑϐραίοιςγὰρδιὰ
2425 5084 2521 5154 τῆς
2549 5085 2779 5155 πατρίου

1750 5171 1990 5242 γλώττης
2018 5173 2305 5244 ἐγγράφως
2326 5174 2658 5245 ὡμιληκότος
2687 5177 2778 5230 τοῦ

1751 5261 1982 5325 Παύλου,
2020 5264 2067 5314 οἱ
2122 5264 2216 5332 μὲν
2247 5264 2335 5316 τὸν
2394 5266 2780 5340 εὐαγγελιστὴν

1750 5354 1982 5415 Λουκᾶν,
2005 5356 2052 5406 οἱ
2081 5354 2136 5408 δὲ
2167 5355 2254 5407 τὸν
2289 5355 2575 5427 Κλήμεντά
2595 5357 2780 5412 τοῦτον

1749 5445 1930 5505 αὐτὸν,
1955 5445 2284 5516 ἑρμηνεῦσαι
2302 5446 2514 5516 λέγουσι
2531 5451 2628 5521 τὴν
2656 5468 2779 5521 γρα-

1748 5544 1871 5613 φήν.
1913 5545 1974 5596 Ὃ
2005 5547 2095 5598 καὶ
2130 5547 2322 5617 μᾶλλον
2355 5550 2435 5618 εἴη
2470 5549 2533 5601 ἂν
2563 5549 2776 5619 ἀληθὲς,

1747 5634 1823 5703 τῷ
1851 5634 1939 5685 τὸν
1984 5636 2163 5706 ὅμοιον
2209 5639 2303 5706 τῆς
2336 5640 2582 5708 φράσεως
2611 5660 2778 5713 χαρα-

1750 5724 1923 5796 κτῆρα
1953 5728 2048 5797 τήν
2082 5745 2138 5781 τε
2184 5728 2273 5782 τοῦ
2312 5731 2622 5801 Κλήμεντος
2660 5734 2776 5786 ἐπι-

1753 5821 1975 5886 στολὴν,
2023 5826 2114 5878 καὶ
2162 5826 2258 5897 τὴν
2306 5827 2438 5897 πρὸς
2494 5827 2775 5899 Ἐϐραίους

2869 2856 3067 2910 eximia
3112 2871 3334 2925 prorsus
3387 2868 3547 2929 atque
3590 2854 3855 2918 mirabilis
3885 2906 3905 2929 ,

2868 2966 3029 3020 quam
3077 2951 3292 3006 nomine
3342 2949 3596 3006 Ecclesia;
3645 2952 3910 3010 Romanae

2867 3045 2934 3098 ad
2961 3044 3364 3100 Corinthiorum
3394 3045 3694 3101 Ecclesiam
3728 3050 3909 3118 scrip-

2867 3139 2956 3199 sit,
3004 3151 3126 3189 cum
3186 3135 3328 3204 apud
3386 3151 3479 3190 eos
3533 3138 3714 3206 gravis
3755 3149 3910 3194 esset

2868 3235 3054 3280 exorta
3091 3226 3381 3284 dissensio.
3428 3225 3578 3280 Hanc
3624 3232 3674 3281 in
3709 3229 3913 3297 pleris-

2868 3338 2972 3392 que
3009 3323 3264 3378 Ecclesiis
3311 3331 3362 3378 et
3407 3332 3593 3378 nostra
3643 3332 3695 3377 et
3737 3341 3909 3394 supe-

2867 3413 3000 3467 riori
3027 3415 3284 3467 memoria
3311 3414 3483 3483 palam
3517 3415 3734 3468 recitari
3764 3430 3907 3469 con-

2869 3505 3108 3558 suevisse
3157 3506 3543 3574 comperimus.
3584 3503 3752 3558 Porro
3803 3521 3908 3560 su-

2866 3591 3099 3661 pradicti
3131 3592 3427 3647 Clementis
3471 3601 3710 3663 tempore
3747 3594 3905 3648 sedi-

2867 3681 3067 3735 tionem
3096 3683 3234 3737 inter
3257 3683 3569 3740 Corinthios
3601 3701 3718 3739 esse
3748 3700 3907 3739 com-

2866 3782 3065 3828 motam
3109 3775 3573 3845 locupletissimus
3612 3779 3766 3833 testis
3811 3787 3906 3834 est

2865 3862 3221 3934 llegesippus.

3123 4008 3329 4063 Valesio
3362 4021 3659 4081 interprete.

2923 4103 3213 4161 Clementis
3237 4107 3322 4160 illa
3344 4110 3615 4179 (epistola)
3643 4112 3707 4163 ab
3724 4115 3870 4166 omni

2856 4196 2960 4252 bus
3001 4210 3235 4267 recepta,
3274 4215 3432 4269 quam
3482 4200 3737 4256 Ecclesia“:
3779 4201 3896 4256 Ro-

2860 4303 3032 4342 mana:
3083 4291 3301 4343 nomine
3353 4291 3418 4345 ad
3478 4290 3892 4350 Corinthiorum

2861 4377 3153 4434 Ecclesium
3207 4381 3444 4450 scripsit.
3501 4383 3557 4436 ln
3602 4400 3709 4452 qua
3760 4400 3890 4438 cum

2862 4470 3060 4523 multas
3082 4470 3281 4525 inserat
3312 4475 3608 4529 sententias
3633 4477 3896 4545 desump-

2862 4564 2945 4612 tas
2977 4573 3040 4611 ex
3090 4558 3325 4628 Epistola
3362 4560 3426 4613 ad
3471 4560 3747 4624 Hebraeos,
3792 4566 3893 4618 iis-

2861 4642 3089 4714 demque
3129 4647 3399 4700 interdum
3444 4649 3624 4704 verbis
3664 4659 3890 4717 utatur,

2861 4733 2993 4788 satis
3047 4735 3250 4788 indicat
3305 4751 3440 4805 opus
3490 4737 3620 4792 illud
3682 4756 3893 4810 nequa-

2859 4839 3016 4893 quam
3072 4841 3260 4880 recens
3321 4843 3461 4884 esse.
3522 4829 3891 4894 Quamobrem

2857 4934 2977 4973 cum
3006 4921 3230 4991 reliquis
3254 4923 3496 4993 Apostoli
3524 4927 3745 4998 scriptis
3777 4943 3891 4982 non

2857 5013 2974 5068 sine
3028 5030 3192 5070 causa
3229 5017 3329 5072 hoc
3357 5020 3519 5072 etiam
3553 5022 3887 5074 recensitum

2861 5107 3091 5163 videtur.
3126 5107 3259 5164 Cum
3313 5113 3454 5165 enim
3511 5113 3575 5166 ad
3627 5112 3889 5170 Hebraeos

2854 5200 3030 5268 patrio
3055 5217 3302 5256 sermone
3326 5205 3634 5272 scripsisset
3658 5204 3884 5267 Paulus,

2854 5291 2945 5343 alii
3014 5289 3211 5344 Lucam
3279 5295 3710 5363 evangelistam,
3790 5298 3885 5352 alii

2853 5378 2996 5432 hunc
3023 5380 3088 5432 de
3106 5396 3211 5448 quo
3230 5380 3499 5450 loquimur
3523 5382 3880 5439 Clementem.

2853 5463 3143 5534 Epistolam
3190 5471 3330 5524 illam
3387 5488 3506 5527 esse
3553 5474 3880 5543 interpreta-

2852 5561 2962 5606 tum
3012 5554 3208 5610 l'crunt.
3255 5557 3406 5621 Quod
3437 5559 3650 5627 quidem
3691 5563 3879 5615 verius

2850 5646 3094 5702 videtur.
3145 5663 3265 5700 cum
3313 5651 3605 5715 praesertim
3655 5658 3706 5703 et
3755 5649 3876 5704 Cle-

2849 5741 3063 5804 mentis,
3083 5753 3131 5796 et
3158 5738 3240 5792 illa
3261 5737 3326 5791 ad
3357 5737 3602 5794 llebratos
3631 5741 3868 5813 Epistom

2848 5831 3094 5886 eumdem
3171 5832 3399 5888 habeant
3458 5834 3693 5906 stylum,
3766 5849 3867 5890 nec
