4054 6320
186 351 257 407 37
1431 336 1775 394 PROCEMlA
1813 335 2199 410 VARlORUM.
3370 335 3448 392 38

184 461 534 526 ἀποσώζειν·
568 461 662 515 καὶ
691 459 770 531 τῷ
819 457 892 530 μὴ
937 457 1126 530 πόρρω
1166 453 1237 509 τὰ
1264 454 1320 507 ὲν
1353 453 1634 525 ἑκατέροις
1664 454 1747 505 τοῑ

1880 453 2169 521 utriusque
2200 447 2392 521 scripti
2422 448 2709 505 sententia:
2765 446 2924 504 valde
2970 446 3114 504 inter
3142 462 3201 504 se
3243 445 3454 506 discre-

186 555 596 627 συγγράμμασι
616 554 861 623 νοήματα
894 548 1240 604 καθεστάναι.
1274 545 1464 601 Ἰστέον
1494 545 1550 597 δὲ
1569 544 1653 608 ὡς
1679 561 1747 598 κα

1886 550 2038 616 pent.
2075 539 2373 595 Sciendum
2427 548 2606 595 tamen
2634 547 2718 594 est
2782 539 3006 595 alteram
3082 554 3300 610 quoque
3329 538 3460 595 Cle-

183 648 424 718 δευτέρα
454 663 537 709 τις
587 639 725 698 εἶναι
757 643 973 711 λέγεται
1003 640 1096 694 τοῦ
1135 640 1448 710 Κλήμεντος
1477 635 1734 708 ἐπιστολή

1869 635 2070 690 mentis
2129 631 2415 702 epistolam
2468 629 2833 687 circumferri.
2884 629 3087 686 Verum
3140 631 3281 686 hanc
3338 647 3450 686 non

183 741 246 793 οὐ
271 740 389 812 μὴν
409 739 484 792 ἔθ’
511 738 714 809 ὁμοίως
741 738 807 807 τῇ
838 733 1078 807 προτέρᾳ
1120 733 1214 785 καὶ
1254 729 1456 800 ταύτην
1498 729 1747 800 γνώριμοε

1873 725 2101 798 perinde
2148 731 2422 792 receptam
2469 729 2632 792 atque
2683 722 3037 803 approbatatn
3096 721 3268 777 fuisse
3295 762 3311 788 ,
3350 737 3451 793 pro

185 831 540 902 ἐπιστάμεθα
558 848 570 859 ·
590 830 673 882 ὅτι
691 828 820 900 μηδὲ
835 828 962 888 τοὺς
977 824 1232 896 ἀρχαίους
1249 823 1385 893 αὐτῇ
1402 838 1569 892 κεχρη
1581 819 1747 890 μένου

1876 825 2030 873 certo
2078 816 2384 871 habemus:
2441 812 2882 883 quandoquidem
2950 814 3283 870 vetustiores
3328 816 3448 883 ejus

185 925 370 994 ῐσμεν.
397 923 463 978 Et
507 922 650 977 infra
683 940 697 976 :
731 922 792 975 Ἦ
827 921 922 991 μὲν
967 915 1059 972 οὖν
1087 916 1181 970 τοῦ
1226 915 1539 986 Κλήμεντος
1579 913 1747 982 ὁμολο¹

1875 909 2191 966 testimonio
2252 920 2598 976 nequaquam
2626 920 2754 960 usos
2803 919 2926 960 esse
2958 906 3346 976 comperimus.
3380 905 3450 962 Et

186 1015 438 1085 γουμένη
483 1002 688 1085 γραφὴ,
721 1011 998 1083 πρόδηλος.
1034 1009 1173 1080 Lege
1191 1005 1558 1070 Nicerttontnt,
1578 1005 1674 1060 lib.
1701 1020 1747 1070 tt,

1872 1004 2020 1072 infra
2055 1016 2075 1052 .'
2107 999 2173 1053 Et
2201 996 2498 1053 Clementis
2533 995 2752 1066 quidem
2799 1010 2922 1065 quae
2969 997 3203 1065 genuina
3245 1002 3298 1051 et
3330 1012 3452 1051 ont-

185 1120 309 1176 cap.
335 1105 434 1170 46,
459 1111 513 1161 et
536 1105 631 1160 lib.
659 1119 741 1167 ιιι,
778 1117 900 1172 cap.
926 1102 1013 1158 18.

442 1333 632 1403 Ruﬁno
674 1333 972 1401 interprete.

225 1435 439 1505 _Sitnu1
469 1450 523 1495 et
573 1441 639 1496 de
669 1440 897 1511 epistola
935 1439 1230 1500 Clementis

185 1527 439 1599 quaedam
508 1534 899 1584 commemorat
947 1526 1226 1596 (Hegesip-

187 1619 309 1692 pus)
363 1634 490 1689 quae
560 1620 719 1676 etiam
779 1620 1022 1672 inserere
1097 1615 1228 1669 huic

186 1712 335 1781 Operi
365 1719 560 1767 nostro
590 1709 969 1767 necessarium
990 1706 1138 1763 duxi.

433 1916 625 1988 Ruﬁno
675 1918 973 1986 interprete.
1066 1918 1070 1921 ’

248 2025 308 2081 In
352 2027 460 2082 hac
515 2029 630 2098 ipsa
657 2026 928 2095 scriptura
975 2022 1220 2077 meminit

185 2120 345 2172 etiam
398 2116 737 2188 (Dionysius)
787 2116 1030 2186 epistolae
1093 2115 1217 2170 Cle-

186 2208 382 2262 mentis
415 2207 487 2260 ad
517 2206 834 2262 Corinthios
864 2207 1111 2276 scriptae;
1147 2207 1222 2261 si-

186 2297 452 2366 gniﬁcans
485 2299 654 2352 veteri
706 2298 956 2364 instituto
994 2307 1048 2353 et
1079 2299 1221 2351 anti-

189 2402 288 2454 qua
323 2388 723 2442 consuetudine
784 2403 999 2458 semper
1047 2388 1219 2457 ipsam

190 2478 475 2545 epistolam
510 2479 704 2533 lectam
724 2494 846 2534 esse
869 2481 923 2532 in
953 2478 1217 2534 Ecclesia.

191 2567 426 2638 Denique
481 2570 562 2625 sic
609 2570 787 2625 dicit:
834 2571 1076 2634 Beatam,
1136 2571 1220 2624 in—

191 2659 318 2725 quit,
349 2660 600 2714 duximus
647 2661 951 2715 hodiernam
980 2662 1219 2717 Domini-

193 2766 302 2802 cam
327 2751 489 2816 diem,
534 2753 590 2804 in
619 2769 723 2823 qua
781 2753 996 2823 legimus
1027 2755 1220 2822 episto-

193 2840 290 2891 lam
314 2854 578 2906 vestram,
618 2861 777 2912 quam
821 2855 869 2898 et
917 2862 1115 2914 semper
1151 2847 1218 2898 ad

192 2935 350 2986 nostri
371 2938 828 2990 commonitionem
847 2938 1092 3007 legemus,
1118 2940 1222 2992 sic-

192 3033 245 3074 ut
289 3036 335 3078 et
364 3027 525 3081 illam
549 3031 777 3097 priorem
803 3046 833 3082 a
861 3027 1122 3084 Clemente
1148 3031 1218 3098 ad

193 3129 278 3168 nos
300 3119 576 3184 scriptam.

427 3249 620 3318 Ruﬁno
669 3251 968 3320 interprete.

261 3365 436 3420 Utitur
460 3381 595 3422 sane
623 3370 908 3439 exemplis,
939 3370 1100 3425 etiam
1145 3387 1211 3427 ex

195 3455 272 3510 bis
305 3458 461 3513 libris
494 3457 587 3527 qui
623 3473 650 3510 a
676 3461 956 3515 nonnullis
990 3462 1213 3519 minime

195 3548 475 3616 recipiendi
537 3547 791 3603 videntur
822 3568 834 3603 :
873 3550 926 3604 id
963 3558 1045 3606 est
1072 3593 1086 3618 ,
1145 3568 1214 3607 ex

197 3634 462 3706 Sapientia
494 3653 615 3708 qua:
639 3639 841 3693 dicitur
885 3639 1214 3710 Salomonis,

199 3733 320 3780 ctu
343 3726 620 3797 Sapientia
656 3727 846 3782 Sirach
878 3746 998 3799 quas
1032 3732 1216 3800 appel-

198 3815 325 3872 latur
350 3819 769 3875 Ecclesiasticus
799 3823 938 3890 apud
966 3820 1209 3879 Latinos:

201 3910 283 3963 sed
311 3920 362 3965 et
410 3913 477 3968 de
517 3912 799 3978 Barnabas,
829 3923 882 3969 et
917 3915 1212 3973 Clementis

200 4000 406 4068 epistola
435 4006 590 4076 ponit
625 4021 776 4060 excm
782 4007 891 4076 pla.

1870 1096 2023 1149 nium
2086 1105 2360 1147 consensu

1868 1187 2059 1259 liquet.
2089 1183 2231 1255 Lege
2266 1181 2528 1235 Mutavit
2569 1181 2621 1232 in
2647 1179 2862 1249 prologo
2895 1178 2962 1232 ad
3003 1195 3161 1248 opera
3184 1178 3446 1250 Dionysii.
3542 1216 3546 1222 -

1294 1324 1560 1380 Euszsms
1594 1306 1738 1378 Hist.
1785 1321 1944 1386 eccl.,
1976 1320 2074 1378 lib.
2104 1335 2176 1384 tv,
2208 1332 2328 1388 cap.
2355 1316 2448 1374 22.

1379 1438 1631 1493 Ἀκοῦσαί
1673 1438 1738 1507 γέ
1780 1457 1861 1492 τοι
1901 1436 2154 1508 πάρεστι,
2201 1433 2338 1505 μετά

1296 1548 1417 1584 τινα
1447 1530 1573 1601 περὶ
1601 1529 1701 1598 τῆς
1727 1528 2042 1600 Κλήμεντος
2063 1526 2199 1598 πρὸς
2227 1529 2307 1579 Κο

1296 1620 1530 1693 ρινθίους
1562 1618 1852 1690 ἐπιστολῆς
1881 1616 2028 1687 αὐτῷ
2047 1616 2330 1687 εἰρημένα,

1297 1710 1639 1778 ἐπιλέγοντος
1667 1708 1859 1762 ταῦτα.
1895 1707 2035 1778 Lege
2066 1704 2292 1761 NICEPH.
2312 1745 2327 1770 ,

1297 1798 1394 1854 lib.
1431 1814 1503 1863 tv,
1539 1814 1661 1868 cap.
1687 1799 1742 1854 5.
1783 1849 1786 1853 .

1389 1910 1544 1976 insit,
1581 1911 1733 1976 ibid.,
1772 1912 1865 1966 lib.
1902 1927 1974 1975 tv,
2008 1925 2128 1981 cap.
2165 1910 2257 1963 25.

1375 2022 1462 2074 Ἐν
1496 2022 1632 2092 αὐτῇ
1663 2021 1718 2074 δὲ
1746 2021 1914 2092 ταύτῃ
1946 2021 2038 2074 καὶ
2064 2020 2164 2089 τῆς
2185 2018 2331 2090 Κλή-

1297 2133 1488 2186 μεντος
1533 2115 1668 2186 πρὸς
1701 2115 2018 2186 Κορινθίους
2061 2114 2328 2184 μέμνηται

1294 2207 1602 2278 ἐπιπολῆς,
1638 2206 1810 2278 δηλῶν
1842 2205 2102 2260 ἀνέκαθεν
2143 2204 2201 2268 ἐξ
2230 2206 2329 2276 ἅρ-

1293 2300 1444 2369 χαίου
1464 2298 1615 2360 ἔθους
1632 2299 1722 2350 ἐπὶ
1752 2297 1849 2367 τῆς
1885 2291 2204 2365 Ἐκκλησίας
2232 2293 2328 2364 τὴν

1292 2390 1594 2459 ἀνάγνωσιν
1636 2390 1806 2458 αὐτῆς
1837 2386 2123 2441 ποιεῖσθαι.
2169 2387 2329 2454 Λέγει

1294 2482 1457 2550 γοῦν*
1511 2483 1630 2550 Τὴν
1673 2480 1938 2550 σήμερον
1979 2480 2090 2534 οὖν
2117 2483 2331 2546 Κυριαι

1291 2576 1409 2645 κὴν
1447 2577 1624 2646 ἁγίαν
1668 2576 1896 2643 ἡμέραν
1937 2573 2291 2643 διηγάγομεν
2314 2612 2328 2636 ,

1289 2667 1405 2736 ἐνῇ
1442 2667 1854 2737 ἀνεγνώκαμεν
1881 2664 2046 2734 ὑμῶν
2070 2665 2184 2733 τὴν
2211 2665 2333 2716 ἐπι-

1287 2759 1521 2825 στολήν
1540 2777 1553 2790 ’
1573 2759 1652 2827 ἢν
1666 2759 1880 2827 ἕξομεν
1910 2757 2002 2812 ἀει
2022 2771 2164 2809 ποτε
2193 2756 2335 2810 ἁνα-

1289 2850 1684 2920 γινώσκοντες
1738 2847 2146 2904 νουθετεῖσθαι
2170 2886 2184 2912 ,
2255 2847 2334 2912 ὡς
2377 2904 2380 2905 ν

1292 2940 1388 2994 καὶ
1414 2942 1526 3007 τὴν
1555 2938 1850 3007 προτέραν
1879 2937 2023 3006 ἡμῖν
2051 2936 2148 2989 διὰ
2175 2934 2333 3000 Κλή-

1285 3047 1502 3098 μεντος
1535 3028 1886 3098 γραφεῖσαν.
1919 3025 2061 3096 Lege
2081 3023 2331 3090 Ntcera.,

1288 3126 1382 3182 lib.
1415 3142 1490 3182 tv.
1520 3142 1639 3196 cap.
1670 3124 1723 3180 8.

1398 3256 1552 3322 luent,
1585 3257 1740 3323 ibid.,
1774 3257 1868 3314 lib.
1900 3258 1975 3320 t'v,
2005 3271 2125 3324 cap.
2161 3253 2248 3308 l5.

1354 3376 1635 3447 Κέχρηται
1680 3374 1723 3426 δ’
1767 3375 1824 3428 ὲν
1855 3374 2037 3436 αὐτοῖς
2065 3379 2159 3425 καὶ
2205 3371 2326 3431 ταῖς

1285 3466 1394 3519 ἀπὸ
1447 3467 1554 3520 τῶν
1619 3464 2045 3536 ἀντιλεγομένων
2100 3460 2327 3535 Γραφῶν

1293 3557 1644 3630 μαρτυρίαις·
1681 3557 1782 3627 τῆς
1808 3574 1866 3608 τε
1895 3555 2190 3626 λεγομένης
2229 3555 2328 3606 Σο-

1287 3649 1559 3720 λομῶντος
1585 3648 1806 3718 Σοφίας,
1855 3647 1949 3702 καὶ
1993 3646 2093 3716 τῆς
2148 3643 2324 3716 Ἰησοῦ

1286 3739 1381 3793 τοῦ
1411 3738 1602 3809 Σιρὰχ,
1633 3736 1844 3806 καὶτῆς
1863 3736 2001 3808 πρὸς
2042 3736 2325 3807 Ἑϐραίους

2424 1096 2644 1157 recepta
2695 1087 2807 1142 sint
2858 1087 3062 1156 scripta
3094 1126 3114 1166 ,ν
3143 1087 3257 1156 jam
3313 1088 3449 1144 satis

2652 1312 2858 1368 Valesio‘
2885 1315 3186 1384 interprete.

2477 1425 2771 1497 Postquam
2801 1425 3184 1500 (Hegesippus)
3223 1427 3290 1482 de
3323 1426 3449 1484 Cle-

2406 1522 2607 1576 mentis
2678 1522 2739 1577 ad
2826 1522 3142 1578 Corinthios
3212 1521 3446 1592 epistola

2403 1611 2653 1680 quadam
2711 1610 3179 1676 commemoravit,
3209 1611 3321 1666 haec
3351 1611 3444 1665 ad-

2403 1703 2502 1770 dit,
2533 1719 2653 1774 quae
2679 1718 2799 1768 nos,
2833 1703 2878 1757 si
2907 1703 3105 1773 placet,
3134 1703 3444 1773 audiamus,

2640 1908 2849 1964 Valesio
2871 1910 3169 1980 interprete.

2473 2019 2531 2075 ln
2578 2022 2682 2076 hac
2720 2023 2838 2091 ipsa
2877 2023 3038 2077 etiam
3088 2021 3319 2093 epistola
3353 2023 3444 2094 (ad

2404 2108 2673 2182 Soterem)
2715 2113 2966 2166 meminit
2992 2111 3306 2184 (Dionysius
3336 2114 3443 2169 Co-

2401 2203 2662 2273 rinthius)
2734 2201 3036 2258 Clementis
3091 2205 3335 2272 epistola
3374 2203 3443 2258 ad

2401 2294 2716 2349 Corinthios
2751 2294 2988 2368 scriptae,
3022 2310 3184 2363 quam
3209 2311 3273 2349 ex
3301 2295 3446 2366 pris-

2403 2399 2467 2438 ca
2497 2384 2895 2440 consuetudine
2928 2385 2982 2439 in
3040 2384 3286 2441 Ecclesia
3337 2387 3443 2456 legi

2405 2478 2620 2533 solitam
2652 2493 2774 2534 esse
2831 2485 3066 2534 testatur
3093 2479 3178 2533 his
3211 2479 3391 2534 verbis
3425 2497 3439 2533 :

2408 2569 2602 2632 Hodie,
2633 2570 2831 2639 inquit,
2858 2585 3069 2623 sacrum
3096 2568 3233 2622 diem
3265 2568 3446 2622 Domi-

2407 2661 2579 2713 nicum
2609 2660 2978 2730 transegimus,
3015 2659 3068 2711 in
3102 2676 3203 2730 quo
3248 2660 3438 2728 episto-

2409 2752 2511 2806 lam
2531 2763 2754 2807 vestram
2771 2753 3011 2823 legimus,
3058 2769 3213 2822 quant
3232 2752 3444 2822 quidem

2403 2855 2647 2912 perpetuo
2671 2845 2908 2912 deinceps
2934 2844 3154 2913 legentes
3174 2884 3187 2905 ,
3223 2841 3440 2912 perinde

2406 2951 2466 2988 ac
2491 2937 2716 3004 priorem
2751 2935 2901 2988 illam
2944 2935 3091 2988 nobis
3117 2951 3148 2986 a
3177 2932 3442 2992 Clemente

2405 3026 2656 3094 scriptam
2680 3026 2977 3093 epistolam,
3010 3025 3223 3093 optimis
3251 3040 3444 3093 pra'ce-

2402 3115 2504 3181 ptis
2530 3131 2591 3168 ac
2615 3116 2938 3169 documentis
3031 3113 3438 3168 abundabimus.
3479 3103 3482 3108 ’

2691 3246 2901 3302 Valesio
2928 3248 3224 3316 interprete.

2473 3365 2531 3420 ln
2552 3365 2742 3422 iisdem
2773 3365 2930 3422 libris
2955 3363 3332 3440 (Stromateis)
3358 3367 3442 3421 af-

2400 3459 2505 3512 fert
2529 3456 2802 3520 (Clemens
2829 3455 3255 3529 Alexandrinus)
3286 3461 3442 3513 testi-

2401 3547 2589 3602 monia
2621 3546 3030 3617 Scripturarum
3069 3562 3189 3618 qua:
3217 3562 3248 3601 a
3297 3563 3438 3604 non-

2405 3643 2572 3697 nullis
2597 3642 2953 3710 repudiantur
2977 3660 2989 3696 :
3023 3658 3218 3712 nempe
3237 3657 3302 3697 ex
3337 3641 3438 3697 Sa-

2406 3733 2609 3804 pientia
2641 3748 2761 3803 quae
2785 3733 2987 3789 dicitur
3010 3732 3341 3798 Salomonis,
3385 3746 3436 3790 et

1299 3829 1637 3899 Ἐπιστολῆς,
1680 3829 1747 3899 τῆ

1857 3846 1877 3880 ε
1915 3827 2189 3898 Βαρνάϐα,
2232 3829 2326 3882 καὶ
2398 3839 2466 3877 cx
2530 3821 2806 3893 Sapientia
2866 3821 2994 3878 Jesu
3066 3821 3161 3875 lilii
3205 3821 3433 3892 Sirach;

1285 3922 1620 3994 Κλήμεντος,
1665 3921 1747 3973 καῖ

1862 3919 2007 3972 ούδα.
2055 3914 2276 3974 Νιοεριι.
2303 3962 2319 3988 ,
2395 3910 2523 3974 item
2561 3934 2627 3972 ex
2674 3918 2917 3988 Epistola
2959 3918 3025 3972 ad
3071 3917 3352 3984 Hebraeos,
3381 3926 3436 3973 ct

1285 4011 1378 4066 lib.
1406 4027 1479 4077 tv,
1503 4026 1623 4082 cap.
1653 4011 1739 4066 55.

1775 4182 1842 4240 ν.

2393 4025 2462 4065 ex
2491 4008 2768 4076 Barnabas,
2801 4009 3120 4077 Clementis,
3176 4009 3437 4080 Judaeque

2393 4099 2659 4171 epistolis.

896 4284 899 4285 ⁷
989 4294 1259 4351 CvntLLus
1285 4294 1829 4366 Hierosolymitanus,
1859 4294 2148 4354 Cateches.
2179 4315 2336 4370 xvut,
2365 4318 2486 4375 cap.
2527 4303 2583 4371 8,

1322 4389 1451 4442 edit.
1483 4386 1686 4454 Paris.,
1722 4388 1884 4454 i720,
1917 4405 2040 4461 pag.
2065 4392 2191 4458 288,
2219 4392 2283 4448 Ι).

260 4500 406 4572 ’ῌδει
447 4501 580 4563 Θεὸς
608 4501 714 4554 τῶν
749 4502 1050 4573 ἀνθρώπων
1089 4503 1184 4573 τὴν
1212 4504 1488 4565 ἀπιστίαν,
1521 4503 1613 4555 καὶ
1662 4502 1747 4574 ὅρ-

1929 4504 2166 4560 Noverat
2189 4506 2334 4563 Deus
2385 4507 2526 4564 hanc
2550 4509 2830 4565 hominum
2868 4512 2924 4566 in
2953 4511 3227 4568 credendo
3251 4517 3434 4584 pervi-

203 4606 304 4644 νεον
318 4597 390 4656 είς
401 4588 565 4646 ’τοῦτο
579 4595 996 4666 κατειργάσατο,
1017 4597 1229 4664 φοίνικα
1241 4595 1381 4652 οὕτω
1397 4596 1747 4666 καλούμενον.

204 4683 371 4750 Τοῦτο,
421 4687 497 4750 ὡς
528 4687 729 4758 γράφει
757 4687 1007 4758 Κλήμης,
1057 4689 1149 4740 καὶ
1179 4688 1449 4760 ἱστοροῦσι
1482 4689 1749 4752 πλείονες,

205 4779 466 4844 μονογενὲς
487 4778 749 4849 ὑπάρχον,
765 4779 906 4832 κατὰ
922 4779 1017 4849 τὴν
1032 4781 1337 4846 Αἰγυπτίων
1367 4781 1548 4851 χώραν
1577 4782 1750 4833 ἐνέπε-

207 4866 374 4934 ριόδοις
425 4871 794 4924 πεντακοσίων
839 4870 974 4923 ἐτῶν
1018 4871 1328 4941 ἐρχόμενον,
1373 4871 1608 4924 δείκνυσι
1652 4870 1748 4943 τὴν

204 4955 491 5014 ἀνάστασιν·
545 4961 643 5014 οὐκ
682 4962 740 5014 ὲν
772 4963 1002 5033 ἐρήμοις
1041 4964 1243 5026 τόποις,
1276 4963 1361 5015 ἵνα
1396 4964 1468 5035 μὴ
1509 4964 1745 5036 ἁγνοηθῇ

207 5047 257 5098 τδ
282 5054 566 5124 μυστήριον
593 5053 887 5123 γινόμενον,
919 5054 1029 5106 ἀλλ’
1063 5055 1120 5108 ἐν
1153 5057 1360 5126 φανερᾷ
1390 5056 1539 5108 πόλει
1570 5074 1751 5129 παρα-

208 5139 484 5209 γενόμενον,
533 5144 618 5196 ἵνα
664 5144 953 5215 ψηλαφηθῇ
999 5145 1060 5197 τὸ
1098 5147 1512 5218 ἀπιστούμενον.
1574 5148 1748 5218 Σηκὸν

208 5229 298 5299 γὰρ
320 5234 485 5306 ἑαυτῷ
517 5237 746 5308 ποιῆσαν
775 5238 840 5290 ὲκ
866 5238 1079 5291 λιϐάνου
1110 5240 1203 5292 καὶ
1245 5240 1507 5311 σμύρνης,
1532 5241 1624 5293 καὶ
1641 5241 1749 5294 λοι-

210 5322 308 5375 πιῖδν
349 5330 668 5400 ἀρωμάτων,
712 5333 804 5384 καὶ
834 5332 891 5384 ὲν
933 5334 998 5402 τῇ
1045 5333 1430 5403 συμπληρώσει
1461 5334 1568 5386 τῶν
1614 5332 1748 5385 ὲτῶν

211 5415 274 5475 εἰς
313 5419 486 5475 τοῦτον
532 5423 785 5485 εἰσελθὸν,
814 5423 1036 5493 τελευτᾷ
1076 5425 1320 5495 φανερῶς
1349 5427 1441 5477 καὶ
1485 5427 1745 5496 σήπεται’

211 5499 309 5558 εἶτα
352 5511 410 5564 ὲκ
458 5516 558 5583 τῆς
608 5516 867 5584 σαπείσης
915 5515 1115 5585 σαρκὸς
1155 5515 1248 5568 τοῦ
1293 5516 1745 5587 τελευτήσαντος,

214 5597 398 5669 σκώληξ
421 5621 501 5667 τις
530 5609 800 5672 γεννᾶται·
833 5607 926 5658 καὶ
969 5597 1121 5668 οὗτος
1153 5606 1422 5676 αὐξηθεὶς,
1457 5610 1535 5671 είς
1564 5609 1747 5679 ὄρνεον

218 5693 500 5760 μορφοῦται.
551 5696 853 5768 Paucisqne
883 5697 1216 5768 intcrjectis:
1265 5695 1396 5753 Εἶτα
1442 5702 1745 5772 πτεροφυή-

1859 4598 2089 4662 caciam,
2122 4607 2284 4669 atque
2315 4599 2382 4653 ad

1861 4693 2206 4762 appellatam.
2239 4692 2384 4759 Hinc,

1851 5151 2035 5220 spicua
2053 5159 2372 5219 prmsentcm

2409 4600 2462 4654 id
2516 4615 2669 4656 avem
2716 4605 3074 4672 comparavit,
3120 4605 3430 4675 phoenicem

2419 4701 2477 4748 ut
2520 4696 2709 4749 scribit
2740 4697 3015 4759 Clemens,
3046 4697 3247 4767 aliique
3275 4714 3430 4753 com-

1860 4786 2045 4853 plures
2091 4795 2337 4849 narrant,
2371 4801 2496 4839 cum
2543 4787 2614 4842 sit
2653 4789 2908 4858 unigena,
2942 4789 2994 4842 in
3048 4787 3431 4860 {Egyptiorum

1858 4876 2135 4945 regionem
2182 4875 2494 4946 quingentis
2537 4875 2847 4946 quibusque
2901 4877 3060 4931 annis
3109 4877 3426 4941 adveniens,

1855 4966 2316 5019 resurrectionem
2346 4965 2583 5022 ostendit
2618 4985 2631 5020 :
2672 4981 2782 5019 non
2811 4965 2864 5019 in
2893 4965 3127 5022 desertis
3156 4967 3313 5027 locis,
3361 4983 3430 5022 ne

1855 5071 1945 5110 res
1970 5056 2060 5109 illa
2098 5055 2416 5125 mys'erium
2451 5055 2614 5120 facta,
2642 5056 2862 5122 lateret;
2889 5055 2982 5110 sed
3010 5057 3064 5109 in
3097 5057 3230 5110 urbe
3292 5071 3427 5110 con-

2405 5167 2462 5206 se
2493 5151 2718 5214 sistens,
2762 5159 2820 5204 ut
2862 5166 3025 5204 manu
3058 5158 3429 5206 contrectctur

1857 5243 2000 5310 quod
2033 5242 2236 5311 alioqui
2273 5241 2431 5296 ﬁdem
2469 5257 2578 5296 non
2608 5241 2900 5296 inveniret.
2929 5241 3259 5296 Constructo
3281 5241 3424 5295 enim

1858 5334 1962 5388 sibi
1985 5351 2046 5389 ex
2078 5335 2258 5400 thure,
2299 5334 2520 5404 myrrha
2547 5335 2867 5401 caet'erisque
2899 5333 3236 5388 aromatibus
3273 5332 3423 5394 nido,

1858 5426 1912 5479 in
1945 5427 2090 5480 hunc
2121 5428 2333 5495 expleto
2365 5441 2632 5479 annorum
2665 5427 2942 5481 curriculo
2971 5427 3283 5494 ingrediens
3304 5440 3425 5478 tuo-

1855 5523 1993 5574 ritur
2043 5520 2216 5589 palam
2272 5533 2335 5571 ac
2394 5519 2677 5588 putrescit.
2740 5517 2942 5573 Deinde
3001 5535 3067 5573 ex
3122 5517 3425 5587 putrefacta

1856 5620 2084 5664 mortuae
2128 5608 2242 5663 avis
2275 5623 2438 5661 carne
2469 5607 2670 5661 vermis
2704 5608 2921 5676 quidam
2956 5610 3270 5675 enascitur;
3307 5606 3425 5660 ltic-

1856 5717 1959 5770 quc
1992 5707 2339 5769 augmentum
2363 5698 2605 5769 capiens,
2645 5697 2698 5750 in
2724 5699 2998 5754 volucrem
3025 5699 3418 5754 conformatur.
