4046 6326
679 357 751 414 39
1794 355 1884 414 AD
1926 357 1984 412 5.
2028 347 2448 414 CLEMENTEM
2486 361 2504 416 Ι
2542 360 2771 419 PAPAM
3842 369 3918 422 AO

681 485 783 531 σας
821 467 850 520 δ
900 466 1292 538 προειρημένος
1335 463 1525 535 φοῖνιξ,
1569 469 1662 520 καὶ⁵
1705 466 1907 532 τέλειος
1940 462 2051 531 οἷος
2103 464 2170 540 ἦν
2214 470 2242 520 ὁ

2345 472 2640 544 Paucisque
2690 475 2973 545 interfectis
3015 493 3034 530 :

3092 476 3289 534 Postea
3341 479 3558 549 phmnix
3603 483 3921 552 praedictus

677 556 962 632 πρότερος,
996 559 1168 629 φοῖνιξ
1212 559 1513 629 γενόμενος,
1554 558 1841 613 ἀνίπταται
1879 559 2117 622 τοιοῦτος
2163 561 2242 621 είς

2347 560 2650 629 plumescit,
2683 563 3081 634 perfectusque,
3113 569 3288 636 qualis
3320 577 3438 623 erat
3465 570 3634 639 prior,
3677 572 3919 641 plicenix

676 653 850 723 ἀέρα,
898 647 1009 714 οἷος
1054 652 1148 704 καὶ
1195 650 1590 734 ἐτετελευτήκει
1637 650 1977 721 σαφεστάτην
2030 650 2236 722 νεκρῶν

675 744 970 799 ἀνάστασιν
997 742 1302 815 ἀνθρώποις
1327 742 1614 807 ἐπιδείξαςι

2205 879 2210 884 ’
2241 918 2327 978 Vl.

2343 650 2538 718 factus,
2569 651 2622 705 in
2653 667 2776 706 acra
2801 654 2922 708 talis
2951 657 3149 719 avolat,
3189 659 3365 727 qualis
3398 669 3516 713 erat
3565 675 3688 714 cum
3722 677 3921 716 more-

2340 751 2510 806 retur,
2559 743 3017 799 evidentissimam
3057 757 3393 809 mortuorum
3438 752 3916 806 resurrectionem

2338 827 2648 888 hominibus
2673 841 2972 891 ostentans.
3000 835 3171 903 Epist.
3202 839 3250 903 1,
3275 855 3393 908 cap.
3421 839 3510 896 25.

1442 1019 1788 1082 Ερινιιιιιιυε,
1812 1017 2030 1072 Adoers.
2073 1014 2483 1085 Carpocrasios,
2516 1016 2720 1073 Περι-σιεί
2747 1019 2835 1084 27,
2863 1037 3012 1077 num.
3061 1021 3114 1079 6.

744 1113 906 1182 Λέγει
935 1113 1043 1184 γὰρ
1073 1114 1132 1168 ἐν
1165 1114 1263 1185 μιᾷ
1289 1113 1396 1167 τῶν
1423 1112 1722 1166 ἐπιστολῶν
1749 1109 1912 1164 αὑτοῦ
1931 1126 1944 1140 ·
1991 1109 2244 1176 Ἀναχω-

2416 1108 2553 1164 Dicit
2577 1112 2719 1165 enim
2748 1112 3039 1184 (Clemens)
3067 1115 3120 1167 in
3150 1130 3255 1168 una
3271 1116 3622 1185 epistolarum
3649 1130 3913 1172 suarum:

663 1206 773 1276 ρῶ,
797 1206 1017 1276 ἄπειμι,
1039 1205 1381 1272 ἑνσταθήινω
1401 1209 1433 1259 ό
1449 1205 1599 1271 λαὸς
1624 1204 1729 1258 τοῦ
1753 1203 1918 1257 Θεοῦ·
1951 1201 2062 1254 τισὶ
2086 1199 2243 1254 τοῦτο

2342 1198 2560 1264 Recedo,
2591 1201 2738 1266 abeo,
2772 1205 2925 1257 instet
2983 1205 3207 1272 populus
3255 1206 3382 1269 Dei;
3423 1209 3703 1262 nonnullis
3748 1207 3913 1260 vide-

675 1297 1081 1369 συμϐουλεύων·
1127 1298 1357 1369 εὕρομεν
1397 1295 1505 1367 γὰρ
1546 1295 1603 1350 ἐν
1644 1310 1785 1349 τισιν
1829 1294 2240 1381 ὑπομνηματισ-

675 1392 794 1457 μοῖς
821 1389 976 1442 τοῦτο
997 1389 1328 1459 ἐγκείμενον.

2340 1291 2466 1344 licet
2513 1291 2615 1346 hoc
2667 1295 2826 1348 modo
2868 1296 3161 1349 consulens
3213 1315 3226 1351 :
3280 1311 3404 1350 nam
3435 1297 3510 1352 .in
3570 1294 3908 1366 quibusdam

2339 1383 2746 1438 commentariis
2799 1383 2872 1437 ita
2920 1385 3179 1454 scriptum
3241 1388 3564 1456 reperimus.
3619 1386 3796 1457 Epist.
3850 1386 3906 1448 1,

2313 1487 2455 1542 cap.
2481 1471 2568 1527 δέ.

1605 1588 1756 1650 loti,
1780 1586 1996 1640 Advers.
2032 1581 2330 1644 Ebiomeos,
2357 1579 2557 1637 Hzeresi
2583 1583 2672 1649 50,
2711 1599 2862 1638 num.
2897 1586 2981 1640 15.

740 1671 909 1749 Ali-:8;
942 1679 1399 1756 Κλήμηςαύτοὺς
1426 1681 1566 1737 κατά
1595 1681 1771 1735 πάντα
1799 1675 2006 1746 ἐλέγχει
2034 1674 2126 1742 ἀφ’
2158 1666 2232 1725 ὧν

667 1777 899 1849 ἔγραψεν
942 1775 1238 1830 ἐπιστολῶν
1285 1773 1604 1843 ἐγκυκλίων,
1645 1771 1751 1824 τῶν
1799 1771 1856 1822 ἐν
1887 1768 2005 1829 ταῖς
2051 1764 2231 1833 ἁγίαις

671 1850 1016 1937 Ἕκκλησίαιξ
1047 1863 1584 1933 ἀναγινωσκομένων,
1621 1862 1701 1913 ὅτι
1731 1859 1884 1915 ἄλλον
1918 1859 2028 1928 ἔχει
2054 1864 2225 1928 χαρα-

662 1963 840 2033 κτῆρα
867 1965 899 2030 ὴ
929 1947 1117 2012 ἑαυτοῦ
1167 1956 1347 2016 πίστις
1379 1954 1473 2007 καὶ
1506 1955 1532 2004 ὁ
1566 1953 1750 2019 λόγος,
1812 1949 1962 2021 παρά
2007 1949 2075 2003 τά
2121 1949 2225 2001 ὑπὸ

661 2052 862 2105 τούτων
895 2051 973 2111 εἰς
1003 2049 1169 2118 ὄνομα
1193 2045 1352 2098 αὑτοῦ
1393 2046 1450 2096 ἐν
1477 2046 1596 2105 ταῖς
1636 2040 1938 2110 Περιόδοις
1981 2040 2224 2094 νενοθευ-

664 2143 799 2212 μένα
823 2158 835 2171 ·
865 2142 1027 2203 αὐτὸς
1054 2139 1162 2211 γὰρ
1195 2136 1488 2207 παρθενίαν
1514 2134 1754 2187 διδάσκει
1777 2169 1792 2196 ,
1832 2131 1926 2184 καὶ
1966 2131 2116 2184 αὐτοὶ
2163 2131 2224 2184 ού

659 2230 933 2300 δέχονται·
966 2228 1125 2289 αὐτὸς
1151 2226 1260 2297 γὰρ
1293 2223 1624 2294 ἐγκωμιάζει
1662 2221 1878 2286 Ἠλίαν,
1922 2221 2015 2275 καὶ
2039 2221 2222 2280 Δαὸὶδ,

665 2318 758 2368 καὶ
800 2317 1058 2388 Σαμψὼν,
1089 2319 1184 2372 καὶ
1214 2317 1421 2378 πάντας
1451 2317 1578 2378 τοὺς
1606 2313 1909 2386 προφήτας,
1950 2306 2044 2369 οὓς
2081 2301 2225 2358 οὗτοι

666 2406 1050 2477 βδελύττονται.

2409 1672 2660 1728 Clemens
2705 1675 2817 1745 ipse
2882 1678 3133 1732 omnibus
3173 1679 3293 1733 illos
3340 1676 3666 1748 (Ebionaaos)
3713 1678 3901 1732 modis

2339 1763 2611 1833 redarguit
2640 1765 2706 1820 iis
2736 1768 2981 1836 epistolis
3015 1770 3394 1831 circularibus,
3422 1785 3541 1837 qua:
3567 1769 3633 1822 ab
3661 1784 3725 1823 eo
3754 1770 3902 1824 scri-

2334 1862 2435 1922 pta:
2484 1856 2538 1908 in
2589 1860 2955 1913 sacrosanctis
2986 1861 3244 1915 Ecclesiis
3284 1861 3551 1931 leguntur.
3582 1859 3660 1913 Ex
3687 1860 3898 1927 quibus

2333 1953 2567 2009 constat,
2603 1948 2758 2017 longe
2808 1951 2875 2002 ab
2924 1951 2990 2004 iis
3035 1963 3156 2019 qua;
3201 1951 3254 2004 in
3287 1947 3604 2002 Circuilibus
3648 1949 3758 2003 illis
3787 1950 3897 2002 sub

2333 2035 2452 2104 ejus
2483 2038 2704 2093 nomine
2735 2040 3036 2093 adulterina
3067 2050 3300 2104 exstant,
3335 2040 3477 2094 illius
3507 2041 3660 2094 ﬁdem
3688 2056 3750 2093 ac
3773 2055 3895 2094 ser-

2335 2143 2546 2181 monem
2594 2130 2958 2186 abhorruisse.
2988 2132 3196 2185 Etenim
3231 2133 3590 2201 virginitatem
3633 2131 3892 2185 Clemens

2331 2218 2570 2282 edocuit,
2599 2229 2652 2274 et
2676 2221 2764 2275 isti
2802 2223 3124 2291 repudiauit:
3166 2221 3255 2276 ille
3302 2221 3494 2285 Eliam,
3527 2220 3782 2275 Davidem
3832 2228 3890 2273 et

2332 2303 2682 2373 Sampsonem
2709 2325 3002 2380 omnesque
3034 2311 3324 2381 prophetas
3347 2309 3720 2375 commendat,
3743 2325 3888 2378 quos

2328 2389 2382 2443 hi
2414 2391 2774 2450 detestantur.

2203 2522 2314 2577 VII.

1121 2629 1486 2695 Hisnourlos,
1524 2628 1629 2684 lib.
1662 2627 1734 2682 De
1753 2626 1878 2680 viris
1898 2620 2216 2681 illustribus,
2251 2637 2255 2662 ι

2322 2631 2370 2685 p.
2405 2615 2491 2681 15,
2526 2633 2649 2674 cum
2684 2631 2860 2677 vetere
2892 2623 3077 2678 Graeco
3108 2627 3424 2697 interprete.

733 2705 1000 2784 Κλήμης,
1042 2712 1172 2786 περὶ
1196 2709 1259 2767 οὗ
1294 2705 1502 2780 Παῦλος
1526 2719 1554 2770 ὁ
1603 2718 1920 2782 ’Δπόστολος
1952 2721 2087 2792 πρὸς
2132 2723 2231 2777 Φι-

662 2799 986 2876 λιππησίους
1029 2807 1275 2875 γράφων,
1307 2806 1452 2875 λέγει
1476 2824 1489 2837 ·
1517 2809 1677 2862 Μετὰ
1712 2809 1811 2862 καὶ
1852 2810 2226 2881 Κλήμεντος,

661 2893 805 2958 κτλ..
841 2894 1100 2967 τέταρτος
1129 2898 1264 2967 μετὰ
1286 2898 1487 2970 Πέτρον
1520 2893 1732 2972 Ῥώμης
1759 2902 2080 2967 ἐπίσκοπος·
2108 2905 2228 2959 δεύ-

657 3001 814 3055 τερος
845 2983 953 3055 γὰρ
984 2987 1140 3048 Λίνος
1170 2987 1401 3054 ἐγένετο,
1436 2988 1616 3058 τρίτος
1655 2990 2027 3062 Ἀνέγκλητος,
2063 2995 2112 3046 εἰ
2132 2997 2224 3049 καὶ

658 3074 840 3129 πολλοὶ
864 3074 970 3128 τῶν
1021 3075 1301 3146 Ῥωμαίων
1324 3077 1780 3149 ὑπολαμϐάνουσι,
1806 3081 2054 3154 δεύτερον
2085 3085 2222 3153 μετά

655 3169 746 3221 τὸν
777 3168 1069 3221 ἀπόστολον
1100 3170 1300 3240 Πέτρον
1328 3170 1650 3240 γεγενῆσθαι
1672 3172 1981 3243 Κλήμεντα.
2023 3177 2225 3249 Ἔγρα-

652 3260 751 3330 ψεν
784 3262 848 3313 ἐκ
889 3259 1177 3332 προσώπου
1212 3263 1310 3332 τῆς
1355 3262 1675 3331 Ἐκκλησίας
1715 3264 1932 3335 Ῥώμης
1960 3269 2094 3337 πρὸς
2125 3268 2224 3340 τὴν

652 3353 711 3408 ιν
737 3353 986 3424 Κορίνθῳ
1028 3350 1351 3422 Ἐκκλησίαν
1384 3353 1667 3422 ἐπιστολὴν
1702 3355 1841 3407 πάνυ
1866 3356 2180 3429 Θαυμαστὴν
2203 3398 2219 3425 ,

651 3444 773 3514 ἥτις
807 3447 864 3498 ἐν
893 3447 1144 3516 φανεροῖς
1165 3445 1347 3506 τόποις
1379 3444 1609 3517 δημοσίᾳ
1659 3447 2111 3515 ἀναγινώσκεται,
2145 3450 2221 3520 τῷ

651 3537 960 3608 χαρακτῆρι
1002 3537 1099 3608 τῆς
1145 3537 1279 3610 πρὸς
1323 3537 1602 3608 Ἐϐραίους
1645 3538 1959 3609 Ἐπιστολῆς
2008 3539 2219 3593 Παύλου

652 3629 968 3698 συνᾴδουσα,
1003 3628 1063 3681 οὐ
1089 3629 1246 3698 μόνον
1273 3630 1554 3698 νοήμασιν,
1590 3629 1726 3684 ἀλλά
1754 3632 1846 3684 καὶ
1877 3631 2076 3701 λόγοις.
2111 3633 2223 3688 Καὶ

653 3716 835 3776 ἁπλῶς
868 3715 1094 3785 μεγίστη
1135 3714 1283 3767 ἐστὶν
1312 3715 1369 3766 ἐν
1402 3713 1634 3784 ἑκατέρα
1679 3716 1949 3783 ὁμοίωσις.
1993 3715 2214 3784 Φέρεται

652 3807 745 3858 καὶ
786 3806 946 3875 ἐτέρα
995 3804 1054 3869 ἐξ
1106 3805 1365 3875 ὀνόματος
1407 3804 1569 3858 αὑτοῦ
1610 3799 1748 3856 εἶναι
1788 3804 2060 3876 ἐπιστολὴ,
2096 3807 2213 3875 ἥτις

652 3896 801 3967 παρὰ
835 3895 1047 3948 πάντων
1072 3895 1548 3966 ἀποδοκιμάζεται.
1598 3897 1707 3948 Καὶ
1733 3895 1974 3964 διάλογος
2006 3897 2210 3966 Πέτρου

651 3987 744 4038 καὶ
785 3987 1050 4049 Ἀπίωνος
1085 3986 1279 4057 μακρῷ
1305 3985 1447 4055 λόγῳ
1485 3990 1824 4054 συνταγεῖσα,
1867 3988 2052 4057 1ἡντινα
2107 3983 2212 4040 E6-

647 4061 824 4126 σέδιος
859 4063 1070 4118 εὐθύνει
1114 4064 1173 4118 ἐν
1199 4064 1275 4135 τῷ
1307 4063 1474 4136 τρίτῳ
1529 4060 1629 4134 τῆς
1684 4061 2216 4134 Ἐκκλησία-συκῆς

586 4185 590 4188 -
641 4156 907 4224 Ιστορίας
939 4156 1137 4227 τεύχει.
1160 4156 1396 4226 Τελευτᾴ
1419 4155 1498 4226 τῷ
1523 4157 1691 4228 τρίτῳ
1733 4158 1964 4228 ἐνιαυτῷ
2006 4158 2213 4227 Τραῖα-

647 4246 758 4310 νοῦ,
783 4246 873 4300 καὶ
901 4246 998 4316 τὴν
1014 4247 1200 4300 τούτου
1227 4257 1327 4317 μνη
1337 4265 1440 4318 μην
1460 4249 1584 4320 ἄχρι
1599 4250 1835 4321 τήμερον
1856 4250 1911 4303 ἐν
1929 4251 1994 4319 τῇ
2028 4247 2211 4321 Ῥώμη

646 4340 1058 4411 οἰκοδομηθεῖσα
1094 4338 1356 4410 ἐκκλησία
1387 4340 1667 4410 φυλάττει.

2393 2706 2664 2772 Clemens.
2696 2713 2762 2766 de
2788 2730 2894 2782 quo
2922 2717 3200 2784 apostolus
3245 2716 3445 2773 Paulus
3469 2717 3534 2772 ad
3567 2717 3886 2789 Philippen-

2324 2814 2413 2854 ses
2461 2803 2559 2870 (tv,
2593 2803 2644 2872 3)
2677 2805 2922 2859 scribens
2968 2808 3040 2859 ait
3082 2809 3254 2862 :Cum
3298 2809 3556 2864 Clemente
3585 2820 3632 2864 et
3673 2815 3880 2867 ceteris

2320 2895 2740 2958 cooperatoribus
2772 2895 2919 2958 meis,
2947 2913 3165 2965 quorum
3193 2901 3402 2952 nomina
3425 2901 3621 2968 scripta
3651 2912 3774 2954 sunt
3823 2903 3880 2955 in

2319 2977 2453 3030 libro
2481 2979 2597 3031 vita:
2630 2995 2648 3033 :
2691 2988 2917 3048 quartus
2946 2991 3068 3049 post
3084 2983 3300 3037 Petrum
3338 2983 3518 3039 Romae
3545 2987 3833 3058 episcopus
3859 3003 3876 3047 ι

2318 3068 2585 3137 siquidem
2622 3072 2900 3126 secundus
2939 3071 3108 3128 Linus
3141 3074 3262 3138 fuit,
3307 3077 3500 3131 tertius
3543 3077 3874 3147 Anaclctus;

2321 3160 2534 3214 tametsi
2563 3160 2803 3229 plerique
2821 3160 3158 3229 Latinorum,
3184 3165 3479 3219 secundum
3510 3177 3632 3236 post
3653 3167 3875 3223 Petrum

2319 3251 2624 3318 apostolum
2687 3259 2876 3320 putent
2915 3252 3084 3308 fuisse
3135 3254 3482 3309 Clementem.
3539 3256 3770 3327 Scripsit
3804 3275 3874 3314 ex

2315 3359 2548 3412 persona
2580 3343 2836 3400 Romana:
2860 3345 3114 3401 Ecclesia:
3151 3349 3216 3400 ad
3240 3346 3535 3403 Ecclesium
3567 3349 3877 3405 Corinthio—

2315 3448 2434 3487 rum
2457 3435 2611 3489 valde
2642 3437 2826 3490 utilem
2858 3437 3164 3507 epistolam,
3191 3454 3310 3508 quae
3331 3447 3385 3493 et
3412 3439 3465 3492 in
3492 3441 3767 3495 nonnullis
3791 3441 3871 3495 lo-

2314 3525 2395 3581 cis
2449 3528 2663 3597 publice
2708 3528 2922 3599 legitur,
2950 3544 3069 3598 quae
3117 3531 3248 3583 mihi
3306 3531 3519 3584 videtur
3569 3531 3869 3586 characteri

2310 3614 2578 3685 Epistolas,
2597 3634 2716 3688 quae
2741 3621 2841 3674 sub
2868 3619 3019 3673 Pauli
3051 3622 3267 3676 nomine
3297 3623 3360 3676 ad
3390 3621 3641 3677 Hebraeos
3672 3623 3865 3686 fertur,

2311 3710 2623 3766 convenire.
2657 3701 2760 3764 Sed
2791 3717 2842 3764 et
2895 3712 3076 3766 multis
3105 3713 3172 3767 de
3227 3713 3412 3767 eadem
3455 3714 3703 3784 epistola,
3758 3729 3866 3768 non

2311 3801 2484 3854 solum
2507 3801 2779 3866 sensibus,
2806 3801 3065 3870 sedjusta
3084 3804 3367 3857 verborum
3389 3820 3601 3873 quoque
3619 3803 3863 3857 ordinem

2311 3893 2569 3946 abutitur.
2596 3892 2829 3947 Omnino
2849 3893 3066 3962 grandis
3098 3895 3150 3947 in
3182 3904 3412 3963 utraque
3440 3895 3737 3949 similitudo
3758 3903 3856 3948 est.

2308 3984 2499 4038 Fertur
2528 3992 2581 4039 et
2623 3985 2858 4040 secunda
2880 3985 2996 4055 ejus
3022 3987 3239 4040 nomine
3266 3986 3517 4054 epistola,
3553 4001 3671 4056 qua:
3715 4001 3742 4039 a
3769 4001 3859 4040 ves

2308 4078 2516 4132 teribus
2553 4078 2894 4147 reprobatur.
2937 4077 3002 4130 Et
3047 4078 3338 4146 disputatio
3371 4077 3516 4132 Petri
3548 4087 3600 4132 et
3638 4077 3859 4147 Apionis

2306 4170 2467 4237 longo
2493 4184 2743 4225 sermone
2777 4169 3104 4238 conscripta,
3127 4185 3287 4238 quam
3316 4169 3582 4224 Eusebius
3614 4171 3665 4222 in
3699 4169 3856 4222 tertio

2309 4257 2566 4313 Historia:
2602 4260 2970 4318 ecclesiastica:
3003 4262 3274 4318 volumine
3294 4264 3552 4332 coarguit.
3589 4261 3855 4316 Obiitter-

2305 4352 2381 4408 tio
2409 4352 2628 4421 Trajani
2656 4368 2818 4416 anno,
2843 4359 2896 4406 et
2924 4353 3157 4407 nominis
3179 4355 3296 4421 ejus
3329 4355 3640 4408 memoriam
3685 4369 3852 4423 usque

2304 4445 2464 4499 hodie
2497 4443 2679 4498 Romae
2713 4451 2986 4499 exstructa
3039 4445 3270 4499 ecclesia
3299 4446 3551 4500 custodit.

1652 4551 1802 4618 luent,
1828 4555 1922 4624 lib.
1950 4572 1966 4610 ι
1994 4559 2196 4619 advers.
2258 4562 2618 4622 Iovinianum,
2653 4575 2771 4628 cap.
2800 4557 2849 4614 7.

715 4639 792 4693 Ad
817 4641 917 4695 hos
949 4639 1275 4714 (eunuchos)
1299 4661 1353 4700 et
1383 4642 1631 4702 Clemens
1657 4663 1948 4704 successor
1969 4658 2201 4721 apostoli
2227 4656 2390 4717 Petri,
2425 4657 2581 4720 cujus
2606 4651 2806 4706 Paulus
2829 4653 3105 4719 apostolus
3159 4651 3403 4706 meminit
3439 4649 3656 4720 (Philip.
3681 4662 3760 4714 ιν,
3792 4641 3843 4720 5)

642 4729 835 4784 scribit
855 4729 1140 4797 epistolas,
1177 4744 1500 4801 omnemque
1530 4749 1665 4802 pene
1684 4751 1986 4792 sermonem
2013 4756 2169 4795 suum
2194 4744 2259 4798 de
2283 4742 2612 4815 virginitatis
2633 4740 2868 4809 puritate
2895 4741 3190 4798 contexuit.

1658 4819 1811 4888 locu,
1840 4827 1933 4882 lib.
1966 4842 2057 4884 ιιι·
2090 4831 2379 4889 Comment.
2407 4835 2460 4886 in
2487 4831 2598 4885 Isa.
2633 4842 2728 4891 Lit,
2759 4829 2842 4882 15.

710 4914 958 4969 Clemens
1013 4912 1097 4964 vir
1143 4915 1494 4982 apostolicus,
1521 4917 1614 4984 qui
1673 4925 1795 4986 post
1841 4915 2057 4973 Petrum
2109 4925 2250 4976 rexit
2297 4924 2617 4986 Ecclesium,
2671 4921 2861 4975 scribit
2908 4921 2974 4974 ad
3030 4919 3384 4976 Corinthios:
3430 4919 3700 4990 Sceptrum
3747 4924 3839 4977 Dei

640 5007 894 5061 Dominus
925 5001 1080 5056 Jesus
1117 5002 1383 5070 Christus,
1419 5019 1520 5058 non
1560 5008 1698 5060 venit
1738 5008 1792 5060 in
1825 5007 2094 5076 jactantia
2119 5013 2394 5081 superbiae,
2426 5029 2542 5065 cum
2569 5013 2734 5082 possit
2780 5012 2974 5074 omnia,
3006 5009 3094 5064 sed
3145 5011 3197 5062 in
3226 5009 3542 5067 humilitate.
3576 5013 3745 5083 Epist.
3784 5015 3831 5079 1,

636 5117 757 5171 cap.
786 5098 875 5152 16.

1518 5165 1670 5229 lusu,
1703 5167 1796 5221 lib.
1831 5183 1848 5221 1
1882 5166 2170 5226 Comment.
2200 5172 2255 5225 in
2275 5169 2442 5240 Epist.
2480 5169 2546 5223 ad
2580 5168 2790 5233 Ephes.,
2825 5184 2884 5222 ll.
2917 5167 2971 5222 ε.

704 5265 1008 5330 ρυπτίπιιιε
1034 5276 1249 5331 quoque
1285 5263 1416 5330 quid
1447 5263 1555 5315 sit:
1585 5260 1648 5314 In
1686 5261 1871 5331 quibus
1920 5265 2203 5334 aliquando
2233 5266 2545 5321 ambulaslis
2573 5264 2855 5320 secundum
2895 5263 3143 5317 sarculum
3173 5264 3354 5318 mundi
3379 5265 3532 5335 hujus
3565 5282 3584 5319 :
3630 5274 3830 5322 utruma

631 5370 758 5411 nam
793 5365 851 5410 et
886 5351 1030 5406 aliud
1061 5353 1315 5406 szeculum
1342 5352 1431 5416 sit,
1462 5351 1603 5420 quod
1641 5366 1748 5404 non
1779 5352 2046 5420 pertineat
2100 5353 2166 5406 ad
2209 5353 2468 5408 mundum
2518 5355 2705 5418 istum,
2760 5356 2852 5408 sed
2899 5352 2965 5405 ad
3014 5351 3244 5406 mundos
3277 5355 3431 5418 alios,
3464 5355 3531 5408 de
3559 5358 3755 5424 quibus
3777 5365 3826 5410 et

629 5443 882 5502 Clemens
910 5447 964 5500 in
989 5444 1227 5516 Epistola
1257 5457 1355 5499 sua
1384 5443 1611 5498 scribit:
1645 5441 1902 5508 Oceanus,
1933 5453 1981 5496 et
2013 5444 2193 5498 mundi
2225 5445 2314 5514 qui
2346 5455 2492 5498 trans
2517 5447 2686 5513 ipsum
2716 5453 2856 5500 sunt.
2880 5443 3048 5514 Epist.
3083 5444 3136 5510 1,
3165 5459 3284 5514 cap.
3321 5445 3410 5503 20.

1725 5533 1878 5598 1οει,
1927 5536 2082 5601 ibid.,
2109 5536 2204 5592 lib.
2238 5552 2299 5601 ιι,
2333 5537 2400 5590 ad
2441 5552 2561 5606 cap.
2591 5553 2663 5599 iv,
2699 5536 2750 5593 1.

702 5627 873 5697 Cujus
898 5629 977 5684 rei
1005 5636 1057 5686 et
1097 5627 1344 5687 Clemens
1379 5626 1446 5682 ad
1473 5625 1787 5691 Corinthios
1836 5627 1992 5684 testis
2021 5637 2106 5685 est
2135 5650 2150 5686 :
2210 5628 2480 5685 Vinculum
2510 5627 2783 5684 charitatis
2828 5627 2926 5686 Dei
2965 5631 3080 5701 quis
3120 5632 3306 5699 poterit
3335 5636 3621 5690 enarrare?
3652 5631 3814 5704 Epist.

633 5721 688 5786 1,
719 5734 837 5792 cap.
870 5720 956 5775 i9.
