4054 6320
653 430 723 483 43
1819 427 1909 480 AD
1937 425 1995 484 S.
2035 428 2465 484 CLEMENTEM
2507 432 2525 484 Ι
2565 429 2801 484 PAPAM
3845 435 3915 489 ﬂ

649 541 755 593 οὐδ’
797 542 830 612 ὴ
877 542 1067 612 πρώτη
1098 542 1412 614 ἀπήλλακτο
1453 542 1746 606 παντελῶς.
1796 545 1905 597 Καὶ
1947 545 2223 616 ἑρμηνείας

2303 570 2315 613 ι
2347 549 2469 604 dem
2498 549 2726 619 epistola
2757 549 2980 603 omnino
3012 557 3188 604 vacat.
3229 547 3295 603 Et
3328 549 3806 619 interpretationes
3833 549 3917 602 lo-

646 632 702 687 δὲ
732 633 910 705 ῥητῶν
938 653 1099 690 τινων
1123 637 1444 700 ἀλλοκότους
1474 638 1584 708 ἔχει
1607 655 1622 666 ·
1853 655 1912 689 τε
1956 638 2012 691 δὲ
2048 639 2140 691 καὶ
2167 640 2234 692 τὰ

644 726 702 777 ἐν
733 725 925 790 αὑταῖς
967 730 1211 800 νοήματα
1254 731 1562 802 ἐρριμμένα
1604 748 1742 794 πως,
1789 731 1882 784 καὶ
1925 732 1986 784 οὐ
2033 732 2228 801 συνεχῆ

643 815 740 886 τὴν
771 817 1090 894 ἀκολουθίαν
1123 821 1335 906 ὑπῆρχε
1360 821 1713 890 φυλάττοντα.

2341 655 2534 694 eorum
2595 639 2960 710 quorumdam
3014 641 3307 697 alieniores
3363 640 3590 712 profert.
3655 640 3916 714 Alioquin

2337 730 2455 798 ipsa
2488 746 2609 800 qua:
2641 731 2696 784 in
2719 731 2806 785 his
2835 731 3083 800 epistolis
3107 731 3296 786 insunt
3324 746 3510 795 sensa,
3535 731 3784 786 nonnihil
3811 730 3916 786 ab-

2334 818 2478 886 iecta
2509 828 2674 884 sunt,
2712 818 2900 895 neque
2931 823 3298 878 continentem
3346 822 3543 877 seriem
3586 837 3651 877 ac
3709 837 3916 878 conse-

2331 913 2610 980 quentiam
2640 919 2880 967 servant.
3255 904 3259 907 ’

2221 1019 2334 1075 XII.

1310 1136 1646 1190 Amsnsms
1677 1134 2150 1200 BibliOthecarius,
2190 1138 2333 1194 Hist.
2387 1141 2599 1202 eadem,
2634 1138 2764 1194 edit.
2793 1138 2999 1203 Paris,
3028 1154 3150 1209 pag.
3185 1139 3271 1193 l7.

721 1222 895 1296 Hujus
925 1227 1268 1300 (Clementis)
1324 1228 1565 1295 Epistola
1593 1227 1767 1285 fertur
1823 1228 1889 1283 ad
1925 1230 2242 1288 Corinthios
2297 1234 2497 1296 missa,
2536 1249 2696 1303 quam
2729 1241 2844 1288 tota
2898 1233 3108 1302 recipit.
3167 1244 3224 1286 ut
3281 1232 3620 1305 Hegesippus
3649 1242 3907 1303 testatur,

651 1315 920 1374 Ecclesia.

2205 1416 2340 1472 XIII.

1595 1508 1766 1577 NICON
1793 1511 2118 1575 monachus,
2152 1513 2207 1565 in
2241 1511 2496 1566 Pandect.
2549 1504 2716 1568 Serm.
2760 1512 2847 1566 13.

702 1614 1050 1684 Κλήμεντος
1089 1615 1331 1687 Ῥώμης.
1366 1621 1584 1673 Δίκαιον
1612 1617 1706 1673 οὖν
1750 1622 1846 1675 καὶ
1873 1623 2084 1675 ὅσιον...
2129 1624 2223 1675 καὶ

635 1709 849 1773 στάσεις
877 1707 970 1762 τοῦ
998 1708 1434 1782 ἀπαλλοτριῶσαι
1463 1712 1613 1782 ἡμᾶς
1638 1711 1732 1765 τοῦ
1773 1713 1953 1777 καλῶς
1984 1713 2215 1783 ἔχοντος.

631 1800 819 1853 Τοίνυν
848 1799 1296 1872 ἀκολουθήσωμεν
1325 1805 1438 1865 τοῖς
1472 1805 1588 1872 μετ’
1630 1804 1974 1868 εὐσεϐείας...
2025 1805 2218 1876 uappa,

2402 1620 2684 1678 Clementis
2718 1621 2962 1677 Romani.
2993 1621 3210 1677 Iustum
3241 1637 3371 1694 ergo
3408 1632 3462 1679 et
3490 1633 3811 1696 sanctum...
3845 1629 3910 1685 in

2329 1714 2558 1770 dissidia
2581 1724 2636 1770 et
2666 1714 2965 1769 seditiones
3006 1715 3280 1785 (homines
3315 1716 3677 1788 cotlimantes)
3711 1727 3769 1774 ut
3797 1733 3912 1774 nos

2324 1821 2355 1858 a
2385 1814 2538 1861 recto
2582 1813 2636 1860 et
2683 1807 2915 1861 honesto
2947 1813 3216 1861 avertant.
3271 1805 3377 1862 Eos
3423 1822 3555 1877 ergo
3579 1824 3907 1879 sequamur,

628 1891 819 1962 ἀπέχει
858 1893 951 1945 ἀπ’
1001 1893 1204 1983 sitcf)":
1240 1895 1606 1966 Κολληθῶμεν
1637 1891 1731 1947 οὖν
1759 1899 1873 1959 τοῖς
1900 1896 2097 1960 ἀθώοις
2124 1898 2218 1950 καὶ

2324 1895 2566 1968 quicum
2597 1899 2798 1968 pietate
2831 1939 2844 1951 .
2883 1940 2898 1953 .
2936 1939 2949 1952 .
2977 1895 3232 1952 Procula
3261 1915 3348 1954 me
3375 1899 3530 1955 abest
3565 1941 3578 1956 .
3615 1943 3628 1956 .
3666 1943 3678 1956 .
3702 1902 3913 1957 Adhae-

627 1981 856 2046 δικαίοις
875 2001 889 2013 ο
921 1985 1028 2036 εἰσὶ
1055 1985 1111 2037 δὲ
1140 1977 1286 2038 οὗτοι
1315 1987 1562 2041 ἐκλεκτοὶ
1589 1986 1686 2040 τοῦ
1715 1987 1870 2041 Θεοῦ.
1904 1989 2216 2060 Γέγραπται

627 2073 766 2144 γάρ·
803 2073 1148 2130 Κολλᾶσθαι
1193 2078 1317 2144 τοῖς
1359 2078 1571 2147 ἁγίοις,
1624 2079 1715 2133 ὅτι
1755 2083 1810 2134 οι
1851 2079 2217 2150 κολλώμενοι

626 2164 850 2232 αὐτοῖς,
877 2167 1365 2235 ἀτιασθήσονται.
1411 2169 1520 2224 Καὶ
1559 2171 1589 2223 ὁ
1637 2170 1840 2243 Κύριος
1883 2171 2050 2239 λέγει’
2105 2174 2216 2226 Τὸν

627 2257 1085 2326 ὁμολογήσω-τά
1281 2261 1385 2314 τοῦ
1409 2262 1636 2329 Πατρός
1657 2279 1796 2330 μου.
1840 2263 1926 2316 Ἑν
1953 2263 2058 2315 τίνι
2088 2263 2209 2316 δὲ...

624 2348 732 2400 τῶν
759 2348 1002 2402 ἐντολῶν.
1039 2348 1162 2404 Haec
1189 2366 1257 2405 ex
1279 2352 1436 2409 codd.
1461 2352 1643 2421 Regiis
1662 2352 1826 2416 2418,
1851 2353 2013 2417 2423,
2046 2353 2208 2419 εδει,

626 2439 918 2509 descripsit
944 2441 1266 2505 Cotelerius,
1315 2442 1595 2512 ediditque
1655 2443 1709 2498 in
1760 2453 1874 2497 not.
1921 2443 1989 2497 ad
2033 2443 2196 2513 epist.

622 2526 796 2585 Clem.
831 2546 950 2602 cap.
985 2532 1073 2595 Η,
1108 2534 1250 2588 unde
1298 2534 1404 2586 huc
1436 2534 1702 2588 translata
1735 2543 1879 2608 sunt.

2321 2002 2543 2042 reamus
2565 2003 2696 2058 ergo
2728 1989 2860 2044 viris
2913 1988 3161 2045 honestis
3190 1996 3243 2044 et
3268 1990 3462 2058 justis:
3499 1990 3552 2044 hi
3603 2007 3733 2046 vero
3767 2001 3911 2048 sunt

2323 2079 2481 2134 electi
2505 2078 2622 2133 Dei.
2659 2077 2936 2148 Scriptum
2965 2087 3052 2134 est
3098 2081 3286 2135 enim:
3344 2079 3532 2136 Facite
3586 2092 3645 2135 ut
3696 2085 3908 2138 sanctis

2321 2170 2661 2236 adhcreatis,
2678 2172 2807 2238 quia
2831 2172 2920 2240 qui
2947 2171 3058 2226 illis
3077 2171 3366 2235 att/iterent.
3395 2174 3903 2242 sanctiﬁcabuntttr.

2319 2260 2385 2314 Et
2414 2260 2684 2316 Dominus
2713 2261 2844 2316 dicit
2870 2280 2883 2315 :
2919 2260 3023 2327 Qui
3052 2277 3130 2315 me
3153 2262 3419 2330 confessus
3442 2263 3603 2331 fuerit
3635 2305 3653 2324 .
3687 2305 3705 2323 .
3739 2305 3752 2319 .
3783 2263 3917 2319 Pav-

2318 2354 2413 2406 tris
2486 2353 2605 2407 mei.
2655 2350 2714 2405 In
2763 2367 3004 2423 quonam
3063 2362 3244 2406 autem
3278 2395 3293 2409 .
3329 2395 3341 2408 .
3375 2395 3389 2408 .
3430 2354 3688 2408 mandata
3746 2356 3907 2412 illius

2312 2443 2445 2511 (non
2470 2442 3009 2514 spernendo).Epist.
3033 2442 3086 2508 l,
3115 2459 3237 2514 cap.
3258 2444 3344 2510 lt,
3377 2445 3444 2499 15
3471 2455 3524 2499 et
3565 2447 3662 2512 46;
3713 2444 3905 2516 Epist.

2310 2535 2367 2597 2,
2399 2550 2521 2605 cap.
2555 2537 2606 2590 δᾳ

2369 2691 2526 2700 ..ι-..-

1406 2855 1973 2971 JUDICIA
2055 2853 3083 2969 RECENTIORUM

1974 3094 2042 3132 ετ
2079 3092 2282 3132 νιηιωι
2311 3094 2511 3142 nomen

1411 3249 1945 3339 PATRICII
2025 3250 2362 3340 JUNII
2447 3245 3138 3339 PREFATIO.

693 3523 752 3580 Si
780 3524 995 3596 plenius
1044 3522 1112 3578 de
1155 3521 1434 3578 Clemente
1461 3532 1651 3576 nostro
1699 3530 1755 3576 et
1799 3520 1922 3590 ejus
1952 3521 2195 3590 scriptis,
2225 3526 2267 3583 ο
2301 3520 2712 3576 ornatissimum
2734 3528 2788 3576 et
2814 3520 3183 3576 clarissimum
3217 3520 3394 3576 virum
3425 3520 3705 3576 dominum
3736 3519 3895 3578 Tho-

619 3619 792 3672 smice
819 3615 1034 3679 Lector,
1067 3614 1207 3670 scire
1243 3611 1543 3677 desideras,
1566 3609 1884 3682 Gregorium
1917 3609 2200 3666 Turonen-
2303 3627 2443 3665 mam
2493 3610 2629 3676 Roe,
2668 3613 2904 3682 equitem
2960 3620 3233 3676 auratum,
3281 3619 3336 3666 et
3386 3612 3529 3681 apud
3575 3610 3892 3670 Turcaruln

621 3725 737 3763 sein
773 3707 849 3763 De
873 3713 1165 3776 martyrum
1188 3706 1381 3776 gloria,
1426 3701 1735 3759 Simeonem
1758 3702 2194 3772 Metapbrastem,

617 3797 942 3855 Pontiﬁcum
973 3796 1340 3852 Romanorum
1383 3794 1730 3866 βιογράφους,
1753 3793 2068 3858 Baronium,
2099 3807 2198 3846 an-

620 3893 826 3947 natium
871 3889 1231 3956 conditorem,
1277 3886 1490 3941 Sixtum
1544 3885 1864 3949 Senensem,
1917 3883 2198 3939 Bellarmi-

616 4000 748 4040 num
771 3990 824 4038 et
854 3983 1009 4045 alios,
1039 3982 1130 4050 qui
1163 3978 1568 4034 ecclesiasticos
1597 3977 1892 4046 scriptores
1918 3982 1971 4030 et
2004 3989 2194 4028 eorum

617 4074 824 4143 scripta
863 4071 1022 4125 nobis
1071 4067 1434 4129 tradiderunt,
1466 4081 1576 4136 per.
1611 4066 1782 4120 otium
1813 4074 1965 4134 potes
1996 4077 2195 4117 consu-

616 4163 749 4216 lere.
779 4159 891 4214 Nos
920 4159 1066 4213 nube
1094 4157 1196 4210 hac
1228 4163 1339 4208 tam
1368 4155 1663 4209 illustrium
1689 4153 1933 4217 testium,
1969 4167 2108 4222 quos
2139 4151 2193 4202 in

614 4263 960 4307 antecessum
1004 4248 1403 4320 praemisimus,
1463 4228 1726 4308 contenti,
1777 4244 1954 4298 oculis
1999 4242 2107 4296 tuis
2141 4249 2196 4297 et

614 4344 876 4415 patientia
905 4341 1111 4396 dLutius
1141 4340 1289 4394 abuti
1327 4337 1653 4398 desinimus,
1683 4343 1736 4390 et
1774 4335 1841 4390 de
1876 4333 1979 4388 tide
2007 4342 2060 4388 et
2090 4349 2191 4387 au-

612 4436 868 4489 ctoritate
885 4434 1046 4503 hujus
1063 4433 1244 4502 operis
1264 4430 1486 4500 γνησίου
1508 4429 1602 4482 καὶ
1629 4425 2017 4498 ἀναμφιϐόλου,
2037 4425 2192 4494 plura

612 4527 682 4580 de
724 4533 914 4579 nostro
963 4522 1200 4592 adjicere
1255 4517 1694 4588 supersedemus,
1741 4531 1810 4570 ne
1861 4517 1962 4571 soli
2014 4515 2192 4570 lucem

611 4615 869 4679 fenerari,
921 4621 976 4668 et
1016 4613 1248 4668 faculam
1289 4611 1579 4665 obscuram
1630 4608 1855 4665 meridie
1894 4605 2194 4662 accendere

607 4708 754 4762 velle
789 4707 1091 4761 videamur.
1137 4705 1443 4773 Antequam
1475 4711 1656 4757 autem
1689 4701 1758 4756 ad
1785 4701 2076 4756 lectionem
2109 4699 2193 4754 di-

613 4797 723 4852 vini
757 4797 921 4865 hujus
961 4806 1015 4850 et
1058 4796 1216 4865 plane
1260 4795 1544 4864 apostolici
1595 4794 1784 4864 scripti
1815 4801 1868 4848 te
1908 4793 2187 4862 accingas,

2302 3703 2470 3774 impp.
2522 3705 2855 3760 serenissimi
2891 3706 3034 3776 regis
3065 3705 3237 3759 nostri
3278 3712 3585 3770 oratorem,
3634 3721 3762 3760 eum
3811 3721 3893 3762 ex

2299 3793 2520 3850 Oriente
2558 3797 2788 3861 rediret,
2831 3796 2975 3854 dono
3011 3796 3077 3850 ad
3111 3793 3525 3851 serenissimum
3558 3810 3740 3866 regem
3778 3811 3895 3851 ne»

2299 3896 2473 3942 strum
2494 3889 2821 3943 transmisit.
2839 3888 2919 3943 Ad
2942 3890 3146 3942 calcem
3167 3889 3462 3943 venerandi
3485 3888 3647 3956 hujus
3669 3887 3893 3945 codicis

2300 3986 2352 4034 et
2383 3978 2665 4049 κειμηλίου
2705 3979 3163 4050 τιμαλφεστάτου,
3191 3979 3252 4032 in.
3279 3980 3612 4034 membranis
3653 3979 3885 4044 laceris,

2301 4070 2507 4137 adjecta
2533 4077 2649 4124 erat
2677 4069 2969 4124 Clementis
2998 4068 3065 4122 ad
3087 4069 3402 4124 Corinthios
3421 4069 3661 4140 Epistola
3683 4069 3886 4124 eadem

2298 4175 2461 4213 manu
2485 4161 2710 4228 scripta,
2742 4174 2904 4229 quam
2930 4176 3075 4214 nunc
3112 4161 3255 4213 bono
3281 4160 3502 4229 publico
3530 4169 3583 4215 et
3613 4168 3707 4215 tuo
3749 4161 3885 4216 usui

2298 4247 2557 4317 inglucetn
2578 4247 2804 4320 damus,
2835 4248 2970 4318 legis
2995 4247 3369 4318 Pythagorica:
3388 4263 3496 4301 non
3529 4247 3886 4303 immemores

2296 4340 2459 4410 (quae,
2492 4348 2550 4394 ut
2578 4337 2840 4411 Synesius
2892 4340 2947 4394 in
2986 4338 3146 4396 Dione
3193 4348 3388 4394 auctor
3413 4347 3517 4402 est,
3543 4339 3644 4392 οὐκ
3674 4341 3739 4410 ἐᾷ
3765 4343 3888 4404 τοῖς

2298 4419 2530 4504 βιϐλίοις
2557 4434 2848 4494 ὲπιποιείν,
2872 4431 3006 4484 ἀλλὰ
3026 4432 3272 4501 βούλεται
3290 4432 3469 4502 μένειν
3499 4431 3637 4484 αὐτὰ
3667 4432 3760 4484 ἐπὶ
3778 4431 3890 4502 τῆς

2294 4520 2516 4609 πρώτης
2540 4518 2739 4589 χειρὸς,
2755 4519 2903 4580 ὅπως
2927 4517 3055 4570 ποτὲ
3077 4519 3198 4588 ἔσχε
3212 4519 3400 4589 τύχης,
3429 4519 3460 4589 ἢ
3482 4518 3717 4589 τέχνης),
3745 4518 3890 4574 nihil

2294 4611 2595 4679 dementes,
2625 4611 2758 4664 nihil
2796 4610 2863 4664 de
2911 4619 3100 4664 nostro
3131 4611 3416 4674 addentes,
3450 4626 3556 4664 non
3589 4610 3886 4680 syllabam,

2293 4717 2402 4756 non
2426 4703 2680 4764 litteram,
2705 4718 2813 4756 non
2841 4701 3050 4771 apicem
3079 4709 3172 4754 aut
3202 4699 3310 4755 iota
3344 4716 3536 4764 unum,
3562 4699 3888 4756 ﬁdelissime

2292 4803 2556 4864 quantum
2586 4794 2761 4862 potuit
2805 4793 2919 4847 fieri
2947 4793 3338 4861 expressimus.
3371 4790 3546 4846 Voces
3573 4777 3752 4845 autem
3780 4792 3889 4846 de-

610 4899 817 4962 patere,
847 4903 1054 4957 quaeso,
1112 4896 1171 4942 ut
1218 4888 1284 4944 de
1334 4887 1659 4956 antiquitate
1689 4886 2018 4955 exemplaris
2076 4899 2184 4954 quo
2219 4866 2263 4920 Ῑ)
2293 4885 2537 4955 perditas
2569 4892 2622 4938 et
2655 4884 2866 4938 litteras
2897 4891 3164 4939 vetustate
3210 4898 3426 4947 exesas,
3473 4884 3662 4952 Spatiis
3696 4891 3749 4936 et
3791 4882 3892 4937 in.

606 4995 710 5035 nos
739 4980 824 5034 usi
848 4995 1058 5063 sumus,
1088 4987 1142 5033 et
1171 4977 1236 5031 de
1267 4978 1518 5032 versione
1549 4986 1734 5031 nostra
1761 4977 1920 5047 plana
1949 4984 2004 5030 et
2035 4976 2181 5040 rudi,

606 5070 797 5144 paucis
831 5078 882 5124 te
905 5085 1254 5124 .moneamus.
1291 5068 1544 5138 Cyrillus,
1578 5070 1671 5139 qui
1724 5069 1883 5123 hodie
1914 5069 2188 5122 Constan-

606 5162 833 5232 tinopoli
867 5160 1296 5231 patriarchatum
1327 5160 1558 5222 obtinet,
1589 5161 1674 5214 vir
1704 5161 1901 5229 pietate
1922 5167 1975 5214 et
2000 5158 2187 5213 erudi-

604 5261 754 5308 tione
785 5253 1037 5323 insignis,
1068 5268 1131 5306 ex
1167 5251 1421 5322 Egypto,
1460 5267 1583 5305 cum
1630 5252 1814 5306 sedem
1865 5249 2188 5305 Alexandri-

604 5363 730 5401 nam
784 5347 1136 5414 relinqueret,
1176 5360 1425 5414 magnam
1479 5345 1738 5398 librorum
1791 5345 2180 5415 supellectilem

605 5453 790 5492 secum
823 5436 1060 5499 advexit,
1097 5437 1237 5491 inter
1280 5437 1709 5506 quos.codicem
1750 5437 1993 5491 omnium
2024 5434 2180 5490 vetu-

605 5529 910 5585 stissimum
954 5534 1007 5580 et
1039 5528 1196 5597 longe
1229 5528 1688 5596 pretiosissimum
1736 5529 1812 5597 (in
1835 5544 1944 5598 quo
1983 5528 2180 5584 veteris

605 5633 658 5674 et
705 5621 830 5676 novi
881 5621 1101 5675 fmderis
1148 5621 1266 5675 libri
1322 5622 1517 5676 litteris
1567 5621 1970 5690 grandioribus,
2014 5637 2180 5677 manu

607 5714 822 5769 Thecla:
870 5714 1067 5769 nobilis
1113 5713 1322 5768 femina:
1358 5714 1645 5783 Egyptim,
1681 5716 1826 5768 circa
1855 5716 2012 5785 primi
2047 5732 2182 5769 con-

617 5809 714 5862 tilii
747 5807 949 5862 Nicmni
999 5815 1261 5878 tempora.
1300 5808 1595 5863 bellissime
1640 5809 1842 5863 exarati
1895 5810 2040 5876 sunt)
2087 5823 2181 5875 per

2292 4977 2542 5032 terstitiis
2572 4977 2984 5030 accuratissime
3004 4975 3262 5037 dimensi,
3290 4991 3387 5043 pro
3410 4974 3668 5043 ingenioli
3699 4977 3884 5029 noetri

2289 5071 2554 5127 tenuitate
2584 5070 2956 5139 supplevimus
3005 5077 3059 5123 et
3098 5069 3266 5122 minio
3293 5068 3460 5122 rubro
3490 5069 3654 5136 (novo
3684 5067 3788 5121 hoc
3825 5077 3885 5122 et

2287 5163 2552 5218 inusitato
2593 5162 2939 5231 imprimendi
2983 5160 3226 5234 genere),
3259 5159 3614 5223 notavimus;
3656 5157 3802 5228 quod
3847 5174 3881 5214 a

2289 5257 2448 5310 nobis
2480 5255 2731 5310 consulto
2766 5255 2968 5308 factum
2994 5261 3096 5320 est,
3131 5269 3202 5307 ne
3235 5252 3548 5321 rejicientes
3588 5259 3641 5304 te
3671 5251 3882 5323 szepius

2289 5349 2353 5403 ad
2388 5356 2566 5410 notas,
2611 5347 2915 5402 molestiam
2965 5346 3063 5401 tibi
3111 5345 3359 5400 inutilem
3407 5358 3741 5407 crearemus,
3787 5346 3876 5399 vel

2288 5455 2437 5493 oram
2482 5441 2605 5494 libri
2634 5441 3025 5508 supplementis
3065 5447 3117 5493 et
3157 5436 3632 5492 emendationibus
3661 5436 3882 5493 crebris

2289 5535 2513 5587 nimium
2547 5533 2902 5595 ftedaremus,
2936 5531 3169 5602 denique
3199 5548 3266 5586 ne
3293 5532 3582 5586 industriis
3620 5529 3880 5584 feliciori-

2288 5626 2390 5679 bus
2434 5635 2486 5678 et
2527 5625 2760 5694 ingeniis
2784 5624 3302 5694 στοχαστικωτέροις
3331 5623 3700 5692 conjecturam
3734 5619 3878 5674 libe-

2288 5731 2402 5767 ram
2432 5717 2495 5768 ad
2518 5716 2786 5782 judicium
2824 5714 3046 5768 liberius
3079 5715 3509 5782 prieriperetnus.
3557 5709 3614 5762 lu
3657 5709 3877 5778 reliquo

2287 5809 2445 5863 etiam
2477 5823 2656 5873 opere.
2687 5816 2865 5862 errata
2895 5808 3295 5877 quamplurima
3323 5818 3707 5875 cxpunxnmus,
3729 5810 3783 5857 et
3811 5818 3876 5858 ut
