4046 6326
695 390 762 443 t?
1855 397 1945 451 AD
1975 397 2031 453 S.
2070 398 2489 456 CLEMENTEM
2531 401 2549 456 Ι
2584 402 2818 458 PAPAM
3841 415 3905 468 ια

689 502 982 602 contigerit,
1011 519 1168 602 quant
1206 504 1263 560 in
1289 504 1609 565 bibliothecis
1632 509 1844 602 alicubi
1887 512 2069 574 latere,
2113 530 2253 581 apem
2282 522 2326 576 Α
2356 518 2550 572 calcent
2565 516 2792 588 Operam
2816 518 3084 590 Fulgentii
3099 537 3118 585 ;
3144 531 3296 590 atque
3322 523 3521 577 utinam
3554 525 3609 577 id
3638 526 3906 596 aliquando

685 592 835 647 neiis
868 593 998 662 facit
1026 596 1297 666 catalogus
1333 601 1573 653 codicum
1613 600 1843 669 fratrum
1891 602 2248 667 Lobisnsium,
2353 609 2574 670 exiliat,
2597 617 2646 661 cl
2676 624 2790 677 spes
2817 621 3008 664 nostra:
3033 627 3136 664 non
3163 613 3342 668 inanes
3366 592 3841 682 deprehendantur!

681 698 829 749 qum
861 683 1006 738 domi
1054 685 1299 740 habemus
1344 689 1596 758 scriptum
1651 701 1771 746 ante
1799 693 1905 747 ιοο
1951 710 2141 760 annos,
2179 694 2248 747 ad

1067 921 1168 981 Ex
1201 923 1474 999 epistola
1504 925 1741 989 Gallica
1778 929 1852 990 V.
1880 932 1956 992 A.
1989 931 2371 1013 Hieronymi
2402 936 2701 1014 Bignonii
2734 935 2810 997 ad
2841 936 3183 1016 Hugonem
3224 938 3544 1018 Grotium,

1679 1033 1819 1093 data
1850 1034 2117 1096 Lutetiea
2171 1060 2225 1099 a.
2283 1044 2339 1101 d.
2378 1040 2417 1099 7
2446 1040 2716 1117 Augusti
2753 1039 2926 1101 1633.

750 1131 920 1190 Velim
961 1132 1104 1189 scire
1145 1130 1419 1203 quodnam
1446 1134 1517 1187 sit
1547 1141 1700 1186 tuum
1723 1132 1990 1202 judicium
2023 1132 2090 1188 de
2128 1135 2247 1204 epi-
2346 1153 2493 1192 xtnm
2518 1133 2887 1208 apostolorum
2915 1137 3217 1210 discipulo;
3247 1145 3496 1214 quamvis
3524 1151 3616 1217 qui
3663 1162 3785 1204 eum
3821 1165 3882 1207 se

672 1226 815 1280 stola
843 1224 1140 1279 Clementis
1170 1239 1342 1294 nuper
1385 1224 1439 1277 in
1466 1223 1658 1294 Anglia
1700 1223 1868 1278 edita.
1901 1221 2061 1278 Fides
2095 1225 2246 1280 codi-
2343 1231 2454 1284 cuti
2490 1239 2642 1296 sunt,
2669 1244 2735 1286 eo
2756 1241 3076 1302 argumento
3098 1235 3184 1289 usi
3218 1235 3351 1300 sint,
3381 1237 3478 1293 sed
3511 1247 3706 1294 conm
3729 1241 3876 1296 ειδηί

670 1321 752 1378 eis
781 1319 1160 1388 manuscripti,
1191 1317 1286 1385 qui
1316 1333 1382 1372 ex
1414 1315 1635 1372 Oriente
1669 1316 1928 1372 advectus
1960 1317 2166 1372 dicitur
2187 1328 2242 1373 ct
2341 1333 2437 1374 cos
2476 1329 2530 1375 et
2572 1321 2948 1392 philosophos,
2998 1325 3163 1395 inque
3217 1327 3436 1397 scriptis
3484 1328 3632 1384 alius
3673 1332 3892 1400 generis.

672 1411 749 1468 bl.
769 1410 1064 1464 Britannia:
1083 1410 1197 1480 regi
1221 1408 1476 1470 donatus,
1502 1408 1792 1463 sinceritas
1819 1406 2036 1462 Patricii
2065 1407 2236 1474 Junii,
2341 1423 2503 1477 quam
2537 1416 2622 1465 est
2670 1410 2899 1480 epistola
2928 1411 2994 1466 ad
3031 1410 3326 1470 Ecclesiam
3369 1418 3720 1488 apostolicam
3755 1421 3901 1488 data,

667 1505 760 1573 qui
783 1517 904 1558 eam
929 1501 1122 1566 edidit,
1145 1502 1455 1557 testimonia
1474 1518 1505 1555 a
1536 1500 1810 1556 veteribus
1832 1514 1895 1553 ex
1917 1515 1979 1554 ea
2008 1503 2236 1570 epistola
2337 1514 2566 1571 quaeque
2617 1500 2938 1570 aliquandiu
2978 1517 3080 1573 pro
3119 1507 3386 1561 canonica
3435 1507 3619 1563 habita
3646 1517 3749 1564 est.
3799 1509 3903 1568 Oc-

663 1595 1006 1664 deprompta,
1045 1608 1166 1663 quae
1188 1593 1242 1646 in
1271 1592 1373 1645 hac.
1386 1594 1682 1646 etiamnum
1706 1591 1978 1659 leguntur,
2003 1592 2236 1660 primum

663 1699 846 1737 veram
873 1692 931 1736 ut
981 1684 1258 1737 crederem
1307 1681 1601 1736 Clementis
1631 1680 1915 1750 epistolam
1949 1697 2034 1736 me
2065 1681 2237 1736 addu-

664 1782 886 1830 xerunt.
938 1773 1130 1829 Postea
1176 1773 1300 1843 styli
1357 1774 1604 1842 quaedam
1638 1773 1779 1826 ratio
1808 1779 1862 1826 et
1893 1773 2141 1841 spiritus,
2177 1782 2235 1827 ut

2337 1591 2510 1643 currit
2557 1590 2723 1645 etiam
2769 1591 2944 1657 locus,
2996 1595 3052 1648 in
3093 1610 3202 1666 quo
3246 1597 3555 1655 oblationes
3596 1602 3714 1670 vult
3765 1602 3899 1670 loco,

2335 1686 2577 1750 tempore
2593 1689 2647 1734 et
2669 1681 2821 1738 horis
2842 1685 3008 1742 certis
3023 1685 3344 1758 σηιξη-ἕψει.
3369 1689 3501 1745 δεδι
3523 1691 3611 1756 53,
3631 1692 3722 1747 ubi
3742 1695 3906 1747 etiam

2336 1771 2536 1840 legitur
2565 1774 2760 1826 vocula
2791 1775 2983 1836 laicus,
3027 1791 3149 1846 quas
3198 1778 3622 1849 mihisuspecta
3651 1790 3754 1838 est.
3798 1782 3900 1837 Pa-

661 1868 737 1920 ita
764 1866 964 1929 dicam,
1007 1865 1190 1919 saeculi
1258 1865 1331 1917 ita
1362 1865 1412 1919 ei
1438 1864 1616 1917 inesse
1662 1862 2008 1925 videbantur,
2040 1872 2099 1917 ut
2144 1863 2232 1917 vix
2333 1863 2460 1933 gina
2487 1864 2651 1918 etiam
2682 1865 2753 1919 62
2773 1863 3068 1922 Fcclesiam
3109 1867 3441 1925 Corinthiam
3465 1873 3698 1943 ἀρχαίαν
3725 1885 3897 1939 vocat,

658 1954 946 2012 dubitandi
980 1962 1126 2010 esset
1165 1955 1334 2008 locus.
1367 1954 1640 2014 Attamen,
1665 1953 1792 2006 dum
1823 1966 1941 2007 eam
1976 1952 2112 2022 lego,
2149 1951 2232 2004 fa-
2269 1943 2311 1997 Β
2337 1951 2482 2019 quod
2508 1954 2597 2005 vix
2624 1950 2891 2009 Clementi
2915 1959 3210 2014 convenire
3237 1971 3417 2030 queat.
3469 1961 3733 2032 Denique,
3777 1980 3899 2020 cum

657 2057 777 2103 teor
801 2047 932 2100 mihi
956 2045 1202 2115 qumdam
1230 2044 1284 2098 in
1313 2059 1377 2099 ea
1400 2059 1689 2098 occurrere
1709 2060 1736 2096 a
1767 2043 1908 2114 stylo
1929 2043 2232 2113 apostolico
2338 2041 2603 2111 scriptum
2662 2043 2956 2113 genuinum
3007 2061 3260 2103 censeam
3284 2088 3301 2113 ,
3349 2051 3672 2108 crediderim
3724 2065 3904 2110 ιιωω

656 2140 855 2194 aliena.
887 2139 1078 2192 insunt
1126 2136 1495 2205 frequentiora
1543 2135 1802 2205 epitheta,
1834 2133 2229 2206 ampliﬁcandi-
2336 2133 2521 2202 plures
2543 2135 2818 2190 clausulas
2839 2146 2893 2192 et
2922 2125 3085 2194 voces
3115 2140 3170 2194 ei
3187 2141 3404 2196 additas
3429 2143 3498 2196 ab
3523 2144 3591 2199 iis
3640 2159 3672 2198 a
3704 2145 3900 2215 quibus

654 2247 762 2300 que
800 2229 1062 2294 formulae,
1103 2243 1225 2298 quae
1255 2241 1430 2280 aevum
1482 2227 1759 2295 posterius
1780 2263 1795 2287 ,
1845 2223 2228 2293 Liturgiasque
2334 2233 2522 2293 postea
2551 2227 2826 2298 exscripta
2854 2237 2974 2296 est;
3009 2230 3154 2300 quod
3182 2231 3345 2286 etiam
3375 2233 3507 2289 aliis
3533 2234 3776 2303 ejusdem
3811 2251 3898 2290 ano

652 2331 707 2376 et
761 2319 1091 2391 Enchologia
1138 2317 1451 2372 Graecorum
1502 2332 1694 2388 sapere
1737 2315 2008 2370 videntur.
2059 2317 2228 2384 Argu-
2330 2315 2603 2387 ti‘quitatis
2635 2317 2881 2387 scriptis,
2917 2320 3133 2390 ipsique
3169 2322 3308 2378 adeo
3349 2321 3617 2380 Clementi
3648 2327 3895 2396 contigit.

653 2427 897 2474 utentum
947 2430 978 2470 e
1039 2414 1288 2483 phoenice
1346 2415 1600 2478 ductum,
1649 2412 1878 2482 ejusque
1933 2409 2230 2480 descriptio
2335 2405 2593 2464 Libenter
2623 2410 2925 2466 audiverim
2968 2414 3099 2482 quid
3128 2415 3196 2470 de
3224 2429 3284 2470 re
3329 2416 3536 2471 sentias
3567 2425 3644 2481 tu,
3676 2419 3898 2477 cuinon

651 2511 849 2574 aliena,
883 2520 1007 2561 meo
1034 2507 1253 2575 quidem
1279 2505 1510 2575 judicio,
1537 2512 1666 2560 sunt
1697 2518 1727 2556 a
1758 2503 2056 2567 Clemente,
2097 2515 2226 2571 pro-
2330 2498 2508 2565 facile,
2534 2501 2603 2555 ad
2635 2503 2765 2557 talia
2791 2505 3004 2575 egregie
3029 2505 3282 2574 sapienti.
3307 2507 3511 2576 imponi
3546 2514 3731 2574 queat.

2221 2618 2292 2630 -Ω

651 2700 835 2775 Ilugo
867 2691 1129 2758 Grotius
1162 2688 1416 2770 epistol.
1449 2687 1524 2748 ad
1558 2685 1787 2775 Gallos
1810 2702 1974 2775 cuv,
2006 2683 2081 2775 ad
2115 2680 2593 2775 amplissimum
2636 2682 3339 2775 virumnnieronymum
3372 2684 3789 2764 Bignonium,
3821 2682 3898 2748 in

1397 2782 1708 2844 supremo
1754 2766 1991 2825 Senatu
2023 2760 2366 2822 Parisiensi
2402 2761 2803 2823 Advocatum
2834 2760 3134 2840 Regium;

720 2893 1014 2966 Epistolam
1043 2907 1164 2964 qua:
1193 2889 1488 2946 Clementis
1517 2889 1584 2941 ad
1614 2886 1929 2942 Corinthios
1959 2886 2213 2941 inscribi-

642 2997 756 3052 tur,
803 2986 886 3040 vir
922 2983 1285 3054 amplissime,
1331 2980 1400 3033 ab
1448 2979 1634 3049 Anglis
1690 2980 2015 3049 promissam
2077 2977 2211 3034 mihi

635 3080 750 3149 jam
782 3075 1012 3147 pridem,
1053 3088 1176 3126 cum
1218 3069 1515 3139 Hamburgi
1553 3070 1755 3123 frustra
1781 3067 1873 3121 diu
1904 3076 2212 3137 exspectas-

640 3185 776 3234 sem,
809 3183 955 3224 nunc
1001 3166 1239 3229 demum,
1276 3171 1564 3234 postquam
1597 3159 2014 3215 Francofnrlum
2061 3159 2206 3223 veni,

638 3261 744 3315 viri
775 3258 1018 3322 maximi,
1069 3255 1369 3310 Succorum
1418 3253 1552 3324 regii
1582 3252 1896 3308 cancellarii
1932 3261 2148 3314 vocatu,
2175 3267 2205 3304 a

636 3351 843 3409 familia
874 3346 1160 3420 Anglicani
1190 3345 1350 3416 legati
1378 3344 1609 3416 accipio.
1643 3341 1804 3396 Nolui
1841 3357 1967 3396 vero
1996 3340 2063 3394 ad
2097 3357 2206 3394 mo-

634 3460 752 3500 ram
775 3444 939 3506 hanc,
974 3442 1093 3496 sine
1123 3455 1240 3494 mea
1273 3438 1429 3508 culpa
1464 3446 1667 3496 natam,
1690 3434 1854 3486 aliam
1890 3432 2203 3503 adjungere,

635 3534 885 3604 quamvis
906 3547 1006 3587 nec
1036 3532 1228 3585 litterae
1255 3537 1361 3584 ῑυε
1391 3528 1592 3600 quibus
1621 3539 1942 3594 reSponsum
1973 3531 2082 3577 tam
2112 3524 2206 3578 diu

633 3626 828 3688 debeo,
881 3633 1064 3680 essent
1116 3623 1183 3678 ad
1229 3636 1475 3682 manum,
1529 3631 1706 3686 neque
1746 3615 2032 3679 librorum,
2068 3629 2208 3683 quos

633 3719 912 3788 inspectos
945 3717 1161 3780 vellem,
1191 3713 1370 3785 copia.
1404 3709 1557 3778 Quod
1587 3723 1754 3763 unum
1786 3707 1958 3778 potui,
2003 3707 2207 3776 episto-

633 3810 742 3866 lam
787 3808 934 3862 illam
981 3807 1084 3877 legi
1140 3805 1418 3880 relegique
1474 3800 1798 3872 aliquoties,
1849 3807 1902 3853 et
1954 3799 2207 3852 omnibus

632 3912 902 3974 quantum
945 3915 1188 3954 mearum
1232 3907 1316 3954 est
1361 3896 1559 3950 virium
1598 3893 1873 3963 expensis,
1915 3891 2072 3944 aliter
2098 3891 2208 3944 exi-

633 3997 860 4049 stimare
891 4007 996 4046 non
1031 3991 1202 4061 potui,
1233 3990 1366 4060 quin
1396 3988 1514 4042 haec
1545 3985 1616 4042 sit
1644 3985 1832 4040 eadem
1878 3998 2039 4053 quam
2076 3982 2205 4052 legit

629 4084 881 4147 Photius,
915 4082 1076 4153 cujus
1114 4089 1354 4150 tempore
1392 4093 1516 4132 cum
1547 4075 1839 4138 exstiterit,
1870 4089 1978 4126 non
2006 4075 2203 4126 mirum

627 4186 734 4238 est,
766 4175 812 4230 si
845 4172 914 4227 ad
949 4179 1137 4226 nostra
1159 4177 1403 4240 tempora
1428 4169 1482 4222 in
1510 4166 1883 4222 sanctioribus
1915 4165 2068 4218 libris
2096 4178 2207 4218 ser-

628 4271 757 4315 vata
786 4260 968 4315 inerit.
1001 4257 1188 4329 Neque
1228 4273 1354 4312 vero
1380 4271 1559 4311 causae
1586 4253 1882 4324 quidquam
1906 4254 2084 4317 video,
2106 4268 2205 4307 cur

629 4363 722 4408 aut
753 4353 842 4408 illa
871 4367 1033 4423 quam
1072 4351 1299 4406 Phntius
1332 4349 1479 4420 legit,
1512 4364 1622 4403 non
1649 4348 1836 4403 eadem
1862 4349 1932 4402 sit
1966 4363 2090 4402 cum
2139 4361 2204 4401 ea

627 4456 792 4512 quam
823 4438 1183 4510 Hieronymus
1224 4448 1279 4492 et
1320 4446 1446 4493 ante
1487 4453 1611 4492 eum
1669 4435 1924 4492 Clemens
1969 4435 2205 4489 Alexan-

626 4532 842 4595 drinus,
875 4530 1208 4600 propiusque
1235 4525 1530 4582 Clementis
1572 4525 1802 4580 Romani
1829 4535 2071 4595 tempora
2093 4523 2205 4580 Ire-

2315 2885 2606 2957 λοπρεπές,
2634 2884 3155 2957 ἀπροαωπολήπτως
3183 2884 3601 2957 ῥιψοκινδύνως,
3632 2886 3896 2942 αὐτεπαίο

2312 2994 2481 3041 νετος,
2498 2978 2932 3050 ἔργοπαρέκτης,
2975 2976 3367 3048 ἀξιαγάπητος,
3388 2981 3894 3050 μωμοσκοπεῑσθαι,

2313 3070 2668 3144 ἑτεροκλινές,
2726 3069 3136 3140 ἑτερογνώμων,
3195 3079 3270 3134 et,
3314 3086 3424 3142 quo
3479 3071 3656 3128 Lucas
3693 3074 3893 3139 utitur,

2309 3162 2725 3235 ἀντοφθαλμεῖν,
2750 3164 2964 3233 aliaque
2992 3163 3212 3218 similia.
3241 3162 3447 3235 Ebipse
3467 3179 3668 3230 sermo,
3693 3183 3805 3222 non
3831 3179 3896 3223 ut

2311 3256 2657 3328 ἕδραῖξουσιν
2679 3256 2732 3308 in
2762 3255 3022 3310 minutias
3045 3256 3324 3319 concisus,
3348 3255 3440 3310 sed
3463 3257 3664 3328 largius
3690 3257 3891 3316 fluens.

2307 3347 2441 3402 Nam
2492 3356 2546 3401 et
2577 3347 2774 3401 lectum
2812 3346 2882 3399 ab
2931 3346 3024 3400 illo
3083 3345 3399 3415 Euripidem
3447 3355 3500 3401 et
3559 3347 3892 3418 Sophoclem

2305 3438 2601 3494 ostendunt
2633 3437 2913 3492 sententia:
2943 3453 3010 3492 ex
3041 3438 3186 3492 illius
3216 3434 3524 3500 Fluminis,
3545 3438 3705 3508 hujus
3726 3440 3896 3509 Ajace

2309 3531 2604 3584 translataa.
2629 3527 2909 3582 Accedunt
2945 3528 3146 3583 indicia
3188 3543 3297 3582 non
3330 3529 3601 3583 simulata:
3638 3537 3896 3583 vetusta-

2307 3621 2378 3674 tis
2405 3639 2416 3673 :
2441 3619 2596 3685 Quod
2628 3618 2696 3673 de
2724 3616 2946 3673 Christo
2991 3635 3206 3689 semper
3237 3607 3502 3689 loquitur,
3550 3634 3658 3674 non
3699 3627 3758 3673 ut
3787 3635 3890 3689 po-

2303 3712 2562 3767 steriores
2599 3709 3093 3781 πλατωνικώτερον,
3127 3709 3219 3764 sed
3250 3710 3571 3779 simpliciter
3601 3712 3781 3781 plane,
3829 3720 3894 3766 et

2305 3813 2366 3857 ut
2396 3801 2597 3856 Paulus
2623 3802 2904 3870 apostolus
2935 3802 3091 3857 solet.
3122 3799 3241 3852 Alia
3264 3815 3481 3869 quoque
3503 3800 3757 3870 dogmata
3781 3816 3884 3871 po-

2304 3901 2420 3948 stea
2448 3891 2703 3946 subtilius
2731 3889 3000 3960 explicata
3049 3897 3245 3944 tractat
3278 3887 3658 3960 ἁφελέστερον,
3686 3896 3742 3943 et
3783 3903 3889 3945 vo-

2303 3985 2462 4038 cibus
2522 3983 2786 4054 κλήσεως,
2861 3980 3098 4051 κλητῶνί
3161 3981 3450 4053 ἐκλεκτῶν,
3504 3997 3668 4038 sensu
3715 3981 3887 4051 plane

2303 4077 2532 4132 Paulino
2573 4077 2774 4141 utitur;
2830 4075 2976 4146 quod
3006 4079 3064 4128 in
3092 4071 3300 4130 Veteris
3347 4072 3698 4130 lnstrumenti
3739 4074 3887 4133 locis

2305 4169 2653 4240 purissimam
2704 4183 2881 4237 neque
2938 4166 3117 4220 adhuc
3179 4167 3558 4237 interpolatam
3624 4167 3886 4236 sequitur

2307 4259 2656 4331 Septuaginta
2680 4275 2870 4314 senum
2897 4259 3224 4314 versionem.
3258 4256 3364 4312 Sed
3389 4273 3488 4312 nec
3519 4257 3641 4312 illos
3664 4260 3888 4327 spernit

2305 4351 2654 4408 Hebrzeorum
2688 4351 2877 4412 libros,
2911 4351 3003 4420 qui
3037 4349 3335 4404 secundum
3353 4350 3514 4404 Vetus
3541 4349 3860 4404 lnstrumen

2307 4455 2418 4499 tum
2449 4443 2589 4515 apud
2622 4443 3060 4498 Christianorum
3107 4441 3519 4511 antiquissimos
3565 4442 3882 4495 auctorita-

2305 4547 2412 4592 tem
2451 4536 2720 4600 babuere;
2752 4534 2895 4603 quod
2938 4533 3119 4587 verbis
3151 4533 3422 4602 rebusque
3447 4532 3618 4585 utitur
3647 4532 3884 4587 desum-

623 4639 801 4686 ηεαδ.
832 4623 1174 4677 habuerunt:
1200 4629 1293 4675 aut
1321 4636 1420 4674 cur
1441 4620 1517 4674 illi
1538 4620 1678 4674 alius
1709 4618 1922 4673 dandus
1951 4619 2022 4672 sit
2055 4619 2194 4672 scri-
2225 4631 2269 4686 ι)
2299 4630 2407 4702 piis
2434 4644 2500 4682 ex
2549 4628 2614 4681 iis
2666 4641 2786 4696 qum
2814 4624 3034 4689 Paulus,
3065 4623 3260 4680 Petrus
3281 4631 3333 4679 et
3376 4624 3469 4677 alii
3501 4624 3566 4678 ad
3613 4623 3884 4680 Hebmos

625 4724 771 4787 pter,
812 4728 973 4784 quam
1016 4713 1065 4767 is
1095 4713 1210 4782 ipse
1240 4711 1488 4766 Clemens
1536 4709 1835 4772 Romanus,
1867 4709 2012 4778 quod
2041 4715 2196 4762 tanto

624 4821 902 4863 consensu
933 4806 1001 4859 ab
1027 4803 1280 4858 omnibus
1313 4801 1586 4872 proditum
1629 4809 1729 4857 est.
1760 4799 1876 4854 Non
1927 4802 2043 4854 loca
2070 4810 2182 4855 tan-

627 4910 742 4953 tum
771 4898 976 4962 omnia,
1005 4912 1127 4968 qua:
1153 4894 1222 4948 ab
1251 4893 1489 4964 antiquis
1516 4893 1881 4952 adducuntur,
1911 4892 1999 4946 hic
2025 4906 2193 4962 appa-

625 5000 771 5055 rent,
803 4991 898 5046 sed
919 4999 974 5045 et
995 5005 1083 5044 res
1114 4989 1406 5059 ipsa,quas
1427 4986 1680 5040 observat
1705 4984 1950 5048 Pbotius,
1968 4993 2022 5041 et
2046 4985 2192 5056 quod

624 5082 959 5144 maximum,
1000 5079 1285 5133 character
1322 5076 1651 5148 Hieronymo
1696 5076 1904 5141 dictus,
1937 5076 2004 5130 ad
2041 5077 2190 5131 illum

624 5175 721 5246 qui
761 5182 846 5230 est
893 5179 948 5228 in
996 5171 1233 5244 Epistola
1264 5171 1331 5226 ad
1386 5169 1642 5226 Hebrzeos
1693 5169 1966 5224 accedere.
2019 5167 2189 5236 Cujus

623 5282 794 5326 causa
818 5283 927 5321 non
969 5266 1072 5319 alia
1094 5275 1196 5328 est,
1229 5279 1391 5335 quam
1421 5263 1568 5335 quod
1608 5263 1695 5318 hic
1730 5263 2003 5324 Clemens,
2033 5269 2092 5315 ut
2134 5267 2190 5315 et

625 5361 823 5426 Lucas.
847 5369 903 5417 et
927 5359 1176 5431 quisquis
1205 5359 1294 5414 ille
1321 5365 1406 5412 est
1437 5356 1671 5427 scriptor
1691 5354 1758 5410 ad
1791 5353 2042 5409 Hebraeos
2063 5351 2190 5422 Epi-

624 5456 799 5520 stulae,
857 5462 1145 5525 antequam
1191 5450 1488 5507 Christiani
1535 5450 1746 5513 tierent,
1786 5448 2031 5504 Graecum
2074 5461 2188 5502 ser--

625 5563 840 5603 mortem
863 5563 928 5603 ex
958 5546 1188 5604 eruditis
1217 5543 1532 5599 auctoribus
1557 5542 1876 5606 hauserant,
1907 5543 2065 5611 cujus
2101 5542 2188 5595 ni-

625 5647 733 5704 tor,
764 5637 854 5694 ubi
877 5653 986 5694 non
1013 5638 1188 5694 aliena
1226 5637 1394 5699 dicta,
1421 5644 1514 5690 aut
1536 5650 1603 5690 ex
1647 5635 1820 5690 sacris
1861 5635 2055 5689 litteris
2084 5633 2182 5688 de-

627 5739 870 5801 prompta
897 5730 1059 5786 verba
1082 5730 1198 5785 suis
1241 5728 1514 5794 inserunt,
1545 5727 1634 5782 sed
1669 5727 1908 5782 liberiori
1941 5726 2184 5781 dictione

627 5832 870 5888 utuntur,
903 5821 1058 5877 facile
1086 5821 1452 5893 cognoscitur.
1488 5818 1625 5874 llinc
1656 5819 1759 5874 ille
1789 5831 1967 5876 voces.
2014 5834 2181 5887 μεγαο

2299 4721 2588 4788 scripserc,
2615 4733 2725 4771 non
2773 4717 2936 4770 etiam
2981 4732 3048 4770 ex
3081 4714 3188 4770 illis
3219 4715 3376 4770 libris
3407 4731 3526 4785 quae
3574 4714 3882 4784 Evangelia

2299 4823 2401 4864 nos
2431 4821 2710 4870 vocamus,
2751 4821 2979 4877 quaeque
3027 4815 3149 4875 post
3195 4804 3466 4875 Epistolas
3505 4805 3878 4875 prodierunt;

2299 4901 2442 4974 quod
2478 4900 2624 4955 dicta
2679 4899 2928 4970 quaedam
2974 4907 3203 4967 usurpat
3250 4911 3360 4952 non
3407 4899 3630 4967 scripta,
3672 4899 3771 4954 sed
3814 4907 3876 4953 ut

2297 4994 2558 5050 memoria
2590 5001 2808 5047 recente
2838 5006 2935 5061 per
2950 5005 3147 5044 manus
3172 4989 3373 5044 tradita
3393 5008 3407 5056 ;
3426 4989 3571 5059 quod
3589 5002 3879 5059 nusquam

2298 5087 2546 5142 meminit
2593 5085 2831 5140 exsertis
2880 5083 3027 5137 illius
3078 5082 3461 5152 episc0porum
3492 5083 3877 5147 auctoritatis,

2293 5193 2412 5248 quae
2456 5176 2714 5232 Ecclesia:
2757 5173 3174 5239 consuetudine,
3225 5181 3346 5242 post
3383 5172 3550 5227 Marci
3600 5181 3874 5235 mortem,

2292 5268 2648 5330 Alexandriae,
2675 5274 2836 5335 atque
2872 5281 2939 5320 eo
2977 5265 3223 5333 exemplo
3247 5263 3398 5326 alibi,
3426 5264 3697 5318 introduci
3749 5278 3878 5319 cat-

2291 5361 2391 5430 pit,
2421 5358 2517 5415 sed
2550 5358 2708 5429 plane
2738 5367 2796 5411 nt
2816 5355 3021 5410 Paulus
3044 5355 3347 5425 apostolus.
3381 5355 3621 5409 ostendit
3673 5356 3872 5410 eccle-

2291 5453 2402 5506 sias
2440 5448 2714 5504 communi
2751 5447 3222 5518 presbyterorum,
3255 5446 3346 5516 qui
3385 5446 3544 5499 iidem
3580 5459 3775 5499 omnes
3812 5453 3878 5500 et

2290 5541 2528 5612 episcopi
2558 5539 2660 5610 ipsi
2687 5538 2860 5592 Paulo
2887 5538 3163 5600 dicuntur,
3200 5535 3433 5591 consilio
3463 5535 3632 5589 fuisse
3660 5534 3878 5605 guber-

2293 5643 2467 5689 natas.
2529 5629 2664 5684 Nam
2721 5629 2867 5700 quod
2921 5628 3204 5700 ἀρχιερέα,
3259 5627 3472 5688 λευιτας
3528 5635 3582 5681 et
3634 5625 3875 5690 λαῖκοὺς

2291 5724 2553 5787 nominat,
2584 5722 2767 5776 omnia
2798 5722 2904 5776 ista
2926 5721 3148 5775 nomina
3181 5735 3289 5774 non
3317 5717 3384 5772 ad
3415 5717 3739 5778 Ecclesiam,
3761 5717 3872 5772 sed

2287 5819 2354 5873 ad
2384 5816 2646 5885 templum
2685 5814 3218 5874 llierosolvmiticum
3259 5811 3566 5882 pertinent;
3597 5808 3746 5867 unde
3770 5809 3874 5864 in-
