  <div class='ocr_page' id='page_1' title='image "/cluster/home/n/w/nwhite01/storage/ocr_20150623/1/pst.000005711796/032.png"; bbox 0 0 4054 6320; ppageno 0'>
   <div class='ocr_carea' id='block_1_1' title="bbox 235 289 333 349">
    <p class='ocr_par' dir='ltr' id='par_1_1' title="bbox 235 289 333 349">
     <span class='ocr_line' id='line_1_1' title="bbox 235 289 333 349; baseline 0.041 -5"><span class='ocrx_word' id='word_1_1' title='bbox 235 289 333 349; x_wconf 25' lang='grc' dir='ltr'><strong>ιθ»</strong></span> 
     </span>
    </p>
   </div>
   <div class='ocr_carea' id='block_1_2' title="bbox 1489 292 1828 351">
    <p class='ocr_par' dir='ltr' id='par_1_2' title="bbox 1489 293 1828 351">
     <span class='ocr_line' id='line_1_2' title="bbox 1489 293 1828 351; baseline -0.006 -1"><span class='ocrx_word' id='word_1_2' title='bbox 1489 293 1828 351; x_wconf 56' lang='grc' dir='ltr'><strong>ΡιιοωδιιΑ</strong></span> 
     </span>
    </p>
   </div>
   <div class='ocr_carea' id='block_1_3' title="bbox 1911 292 3509 351">
    <p class='ocr_par' dir='ltr' id='par_1_3' title="bbox 1911 292 3509 351">
     <span class='ocr_line' id='line_1_3' title="bbox 1911 292 3509 351; baseline 0.003 -4"><span class='ocrx_word' id='word_1_3' title='bbox 1911 292 2255 349; x_wconf 74' lang='lat' dir='ltr'><strong>&#39;ARIORUM.</strong></span> <span class='ocrx_word' id='word_1_4' title='bbox 3440 297 3509 351; x_wconf 63' lang='grc' dir='ltr'><strong>ὅθ</strong></span> 
     </span>
    </p>
   </div>
   <div class='ocr_carea' id='block_1_4' title="bbox 235 406 1828 483">
    <p class='ocr_par' dir='ltr' id='par_1_4' title="bbox 235 408 1821 482">
     <span class='ocr_line' id='line_1_4' title="bbox 235 408 1821 482; baseline -0.001 -19"><span class='ocrx_word' id='word_1_5' title='bbox 235 409 352 464; x_wconf 83' lang='lat' dir='ltr'><strong>fert</strong></span> <span class='ocrx_word' id='word_1_6' title='bbox 396 408 579 464; x_wconf 81' lang='lat' dir='ltr'><strong>omnia</strong></span> <span class='ocrx_word' id='word_1_7' title='bbox 608 415 763 465; x_wconf 86' lang='lat' dir='ltr'><strong>certo</strong></span> <span class='ocrx_word' id='word_1_8' title='bbox 813 410 1005 465; x_wconf 82' lang='lat' dir='ltr'><strong>ordine</strong></span> <span class='ocrx_word' id='word_1_9' title='bbox 1046 410 1275 482; x_wconf 84' lang='lat' dir='ltr'><strong>agenda,</strong></span> <span class='ocrx_word' id='word_1_10' title='bbox 1310 412 1354 467; x_wconf 86' lang='lat' dir='ltr'><strong>si</strong></span> <span class='ocrx_word' id='word_1_11' title='bbox 1396 410 1620 474; x_wconf 80' lang='lat' dir='ltr'><strong>Judaeis,</strong></span> <span class='ocrx_word' id='word_1_12' title='bbox 1666 417 1821 463; x_wconf 89' lang='lat' dir='ltr'><strong>tanto</strong></span> 
     </span>
    </p>
   </div>
   <div class='ocr_carea' id='block_1_5' title="bbox 1911 406 3507 483">
    <p class='ocr_par' dir='ltr' id='par_1_5' title="bbox 1926 406 3507 483">
     <span class='ocr_line' id='line_1_5' title="bbox 1926 406 3507 483; baseline -0.016 2"><span class='ocrx_word' id='word_1_13' title='bbox 1926 416 2129 483; x_wconf 73' lang='grc' dir='ltr'><strong>πιοηθιν</strong></span> <span class='ocrx_word' id='word_1_14' title='bbox 2164 408 2238 481; x_wconf 78' lang='grc' dir='ltr'><strong>μὴ</strong></span> <span class='ocrx_word' id='word_1_15' title='bbox 2296 408 2403 478; x_wconf 73' lang='grc' dir='ltr'><strong>γάρ</strong></span> <span class='ocrx_word' id='word_1_16' title='bbox 2457 424 2538 470; x_wconf 81' lang='grc' dir='ltr'><strong>τις</strong></span> <span class='ocrx_word' id='word_1_17' title='bbox 2568 406 2721 477; x_wconf 78' lang='grc' dir='ltr'><strong>ὑμῶν</strong></span> <span class='ocrx_word' id='word_1_18' title='bbox 2775 407 3031 478; x_wconf 77' lang='grc' dir='ltr'><strong>πασχέτω</strong></span> <span class='ocrx_word' id='word_1_19' title='bbox 3077 408 3153 472; x_wconf 83' lang='grc' dir='ltr'><strong>ὡς</strong></span> <span class='ocrx_word' id='word_1_20' title='bbox 3206 410 3419 479; x_wconf 77' lang='grc' dir='ltr'><strong>φονεὺς,</strong></span> <span class='ocrx_word' id='word_1_21' title='bbox 3472 413 3507 483; x_wconf 73' lang='grc' dir='ltr'>ἢ</span> 
     </span>
    </p>
   </div>
   <div class='ocr_carea' id='block_1_6' title="bbox 233 500 1824 576">
    <p class='ocr_par' dir='ltr' id='par_1_6' title="bbox 233 500 1824 576">
     <span class='ocr_line' id='line_1_6' title="bbox 233 500 1824 576; baseline 0 -21"><span class='ocrx_word' id='word_1_22' title='bbox 233 501 420 572; x_wconf 86' lang='lat' dir='ltr'><strong>magis</strong></span> <span class='ocrx_word' id='word_1_23' title='bbox 470 500 828 557; x_wconf 77' lang='lat' dir='ltr'><strong>Christianis.</strong></span> <span class='ocrx_word' id='word_1_24' title='bbox 870 500 1127 573; x_wconf 71' lang='lat' dir='ltr'><strong>Tempus’</strong></span> <span class='ocrx_word' id='word_1_25' title='bbox 1153 504 1331 573; x_wconf 91' lang='lat' dir='ltr'><strong>ipsum</strong></span> <span class='ocrx_word' id='word_1_26' title='bbox 1373 520 1483 576; x_wconf 91' lang='lat' dir='ltr'><strong>quo</strong></span> <span class='ocrx_word' id='word_1_27' title='bbox 1504 503 1709 573; x_wconf 84' lang='lat' dir='ltr'><strong>seripta</strong></span> <span class='ocrx_word' id='word_1_28' title='bbox 1741 510 1824 556; x_wconf 89' lang='lat' dir='ltr'><strong>est</strong></span> 
     </span>
    </p>
   </div>
   <div class='ocr_carea' id='block_1_7' title="bbox 234 592 1822 665">
    <p class='ocr_par' dir='ltr' id='par_1_7' title="bbox 234 592 1822 665">
     <span class='ocr_line' id='line_1_7' title="bbox 234 592 1822 665; baseline 0 -18"><span class='ocrx_word' id='word_1_29' title='bbox 234 592 362 649; x_wconf 64' lang='lat' dir='ltr'><strong>hac</strong></span> <span class='ocrx_word' id='word_1_30' title='bbox 392 593 647 665; x_wconf 88' lang='lat' dir='ltr'><strong>epistola,</strong></span> <span class='ocrx_word' id='word_1_31' title='bbox 698 610 798 665; x_wconf 89' lang='lat' dir='ltr'><strong>ego</strong></span> <span class='ocrx_word' id='word_1_32' title='bbox 828 595 893 648; x_wconf 92' lang='lat' dir='ltr'><strong>ad</strong></span> <span class='ocrx_word' id='word_1_33' title='bbox 935 593 1096 650; x_wconf 81' lang='lat' dir='ltr'><strong>ﬁnem</strong></span> <span class='ocrx_word' id='word_1_34' title='bbox 1146 594 1400 658; x_wconf 82' lang='lat' dir='ltr'><strong>Neronis,</strong></span> <span class='ocrx_word' id='word_1_35' title='bbox 1455 602 1550 649; x_wconf 86' lang='lat' dir='ltr'><strong>aut</strong></span> <span class='ocrx_word' id='word_1_36' title='bbox 1578 601 1728 649; x_wconf 90' lang='lat' dir='ltr'><strong>certe</strong></span> <span class='ocrx_word' id='word_1_37' title='bbox 1758 594 1822 647; x_wconf 90' lang='lat' dir='ltr'><strong>ad</strong></span> 
     </span>
    </p>
   </div>
   <div class='ocr_carea' id='block_1_8' title="bbox 231 684 1821 758">
    <p class='ocr_par' dir='ltr' id='par_1_8' title="bbox 231 684 1821 758">
     <span class='ocr_line' id='line_1_8' title="bbox 231 684 1821 758; baseline -0.002 -17"><span class='ocrx_word' id='word_1_38' title='bbox 231 700 339 741; x_wconf 81' lang='lat' dir='ltr'><strong>eos</strong></span> <span class='ocrx_word' id='word_1_39' title='bbox 364 699 538 740; x_wconf 90' lang='lat' dir='ltr'><strong>annos</strong></span> <span class='ocrx_word' id='word_1_40' title='bbox 591 686 686 757; x_wconf 88' lang='lat' dir='ltr'><strong>qui</strong></span> <span class='ocrx_word' id='word_1_41' title='bbox 711 684 1035 756; x_wconf 83' lang='lat' dir='ltr'><strong>Vespasiani</strong></span> <span class='ocrx_word' id='word_1_42' title='bbox 1058 688 1347 758; x_wconf 88' lang='lat' dir='ltr'><strong>imperium</strong></span> <span class='ocrx_word' id='word_1_43' title='bbox 1374 692 1821 749; x_wconf 87' lang='lat' dir='ltr'><strong>antecesserunt,</strong></span> 
     </span>
    </p>
   </div>
   <div class='ocr_carea' id='block_1_9' title="bbox 231 774 1825 850">
    <p class='ocr_par' dir='ltr' id='par_1_9' title="bbox 231 774 1825 850">
     <span class='ocr_line' id='line_1_9' title="bbox 231 774 1825 850; baseline -0.002 -17"><span class='ocrx_word' id='word_1_44' title='bbox 231 777 497 833; x_wconf 75' lang='lat' dir='ltr'><strong>referam.</strong></span> <span class='ocrx_word' id='word_1_45' title='bbox 530 774 664 831; x_wconf 87' lang='lat' dir='ltr'><strong>Nam</strong></span> <span class='ocrx_word' id='word_1_46' title='bbox 694 777 1031 834; x_wconf 89' lang='lat' dir='ltr'><strong>oblationum</strong></span> <span class='ocrx_word' id='word_1_47' title='bbox 1064 778 1333 841; x_wconf 75' lang='lat' dir='ltr'><strong>meminit,</strong></span> <span class='ocrx_word' id='word_1_48' title='bbox 1359 794 1482 850; x_wconf 87' lang='lat' dir='ltr'><strong>quae</strong></span> <span class='ocrx_word' id='word_1_49' title='bbox 1520 778 1576 832; x_wconf 92' lang='lat' dir='ltr'><strong>in</strong></span> <span class='ocrx_word' id='word_1_50' title='bbox 1622 777 1825 846; x_wconf 89' lang='lat' dir='ltr'><strong>templo</strong></span> 
     </span>
    </p>
   </div>
   <div class='ocr_carea' id='block_1_10' title="bbox 228 870 1822 941">
    <p class='ocr_par' dir='ltr' id='par_1_10' title="bbox 228 870 1822 941">
     <span class='ocr_line' id='line_1_10' title="bbox 228 870 1822 941; baseline -0.003 -16"><span class='ocrx_word' id='word_1_51' title='bbox 228 885 309 925; x_wconf 73' lang='lat' dir='ltr'><strong>ex</strong></span> <span class='ocrx_word' id='word_1_52' title='bbox 334 871 451 941; x_wconf 91' lang='lat' dir='ltr'><strong>lege</strong></span> <span class='ocrx_word' id='word_1_53' title='bbox 475 870 688 936; x_wconf 81' lang='lat' dir='ltr'><strong>fierent,</strong></span> <span class='ocrx_word' id='word_1_54' title='bbox 732 872 878 927; x_wconf 92' lang='lat' dir='ltr'><strong>sicut</strong></span> <span class='ocrx_word' id='word_1_55' title='bbox 912 878 967 926; x_wconf 92' lang='lat' dir='ltr'><strong>et</strong></span> <span class='ocrx_word' id='word_1_56' title='bbox 998 872 1065 926; x_wconf 91' lang='lat' dir='ltr'><strong>ad</strong></span> <span class='ocrx_word' id='word_1_57' title='bbox 1096 870 1353 927; x_wconf 81' lang='lat' dir='ltr'><strong>Hebraeos</strong></span> <span class='ocrx_word' id='word_1_58' title='bbox 1398 872 1658 941; x_wconf 77' lang='lat' dir='ltr'><strong>scriptor,</strong></span> <span class='ocrx_word' id='word_1_59' title='bbox 1700 875 1822 940; x_wconf 86' lang='lat' dir='ltr'><strong>post</strong></span> 
     </span>
    </p>
   </div>
   <div class='ocr_carea' id='block_1_11' title="bbox 228 961 1823 1034">
    <p class='ocr_par' dir='ltr' id='par_1_11' title="bbox 228 961 1823 1034">
     <span class='ocr_line' id='line_1_11' title="bbox 228 961 1823 1034; baseline 0 -19"><span class='ocrx_word' id='word_1_60' title='bbox 228 962 402 1029; x_wconf 85' lang='lat' dir='ltr'><strong>cujus</strong></span> <span class='ocrx_word' id='word_1_61' title='bbox 456 961 747 1032; x_wconf 72' lang='lat' dir='ltr'><strong>epistolam</strong></span> <span class='ocrx_word' id='word_1_62' title='bbox 822 963 964 1018; x_wconf 89' lang='lat' dir='ltr'><strong>banc</strong></span> <span class='ocrx_word' id='word_1_63' title='bbox 1025 962 1190 1019; x_wconf 86' lang='lat' dir='ltr'><strong>credo</strong></span> <span class='ocrx_word' id='word_1_64' title='bbox 1250 965 1511 1034; x_wconf 82' lang='lat' dir='ltr'><strong>scriptam</strong></span> <span class='ocrx_word' id='word_1_65' title='bbox 1571 979 1587 1017; x_wconf 86' lang='lat'><strong>:</strong></span> <span class='ocrx_word' id='word_1_66' title='bbox 1648 975 1823 1030; x_wconf 89' lang='lat' dir='ltr'><strong>eoque</strong></span> 
     </span>
    </p>
   </div>
   <div class='ocr_carea' id='block_1_12' title="bbox 231 1052 1824 1126">
    <p class='ocr_par' dir='ltr' id='par_1_12' title="bbox 231 1052 1824 1126">
     <span class='ocr_line' id='line_1_12' title="bbox 231 1052 1824 1126; baseline -0.002 -18"><span class='ocrx_word' id='word_1_67' title='bbox 231 1055 358 1124; x_wconf 69' lang='lat' dir='ltr'><strong>fieri</strong></span> <span class='ocrx_word' id='word_1_68' title='bbox 394 1064 452 1110; x_wconf 94' lang='lat' dir='ltr'><strong>ut</strong></span> <span class='ocrx_word' id='word_1_69' title='bbox 484 1054 665 1125; x_wconf 89' lang='lat' dir='ltr'><strong>aliqua</strong></span> <span class='ocrx_word' id='word_1_70' title='bbox 695 1054 819 1111; x_wconf 90' lang='lat' dir='ltr'><strong>inde</strong></span> <span class='ocrx_word' id='word_1_71' title='bbox 852 1064 1067 1126; x_wconf 90' lang='lat' dir='ltr'><strong>sumpta</strong></span> <span class='ocrx_word' id='word_1_72' title='bbox 1103 1070 1215 1111; x_wconf 75' lang='lat' dir='ltr'><strong>suae</strong></span> <span class='ocrx_word' id='word_1_73' title='bbox 1248 1054 1543 1109; x_wconf 79' lang='lat' dir='ltr'><strong>intexuerit</strong></span> <span class='ocrx_word' id='word_1_74' title='bbox 1579 1052 1824 1122; x_wconf 65' lang='lat' dir='ltr'><strong>epistolae</strong></span> 
     </span>
    </p>
   </div>
   <div class='ocr_carea' id='block_1_13' title="bbox 226 1142 1821 1218">
    <p class='ocr_par' dir='ltr' id='par_1_13' title="bbox 226 1142 1821 1218">
     <span class='ocr_line' id='line_1_13' title="bbox 226 1142 1821 1218; baseline -0.003 -17"><span class='ocrx_word' id='word_1_75' title='bbox 226 1145 511 1202; x_wconf 85' lang='lat' dir='ltr'><strong>Clemens.</strong></span> <span class='ocrx_word' id='word_1_76' title='bbox 554 1146 749 1201; x_wconf 80' lang='lat' dir='ltr'><strong>Mirum</strong></span> <span class='ocrx_word' id='word_1_77' title='bbox 791 1147 962 1203; x_wconf 87' lang='lat' dir='ltr'><strong>videri</strong></span> <span class='ocrx_word' id='word_1_78' title='bbox 1003 1149 1176 1218; x_wconf 86' lang='lat' dir='ltr'><strong>possit</strong></span> <span class='ocrx_word' id='word_1_79' title='bbox 1214 1146 1442 1203; x_wconf 88' lang='lat' dir='ltr'><strong>dissidia</strong></span> <span class='ocrx_word' id='word_1_80' title='bbox 1493 1146 1595 1201; x_wconf 90' lang='lat' dir='ltr'><strong>ista</strong></span> <span class='ocrx_word' id='word_1_81' title='bbox 1626 1142 1821 1197; x_wconf 83' lang='lat' dir='ltr'><strong>Corin-</strong></span> 
     </span>
    </p>
   </div>
   <div class='ocr_carea' id='block_1_14' title="bbox 230 1235 1822 1319">
    <p class='ocr_par' dir='ltr' id='par_1_14' title="bbox 230 1235 1822 1319">
     <span class='ocr_line' id='line_1_14' title="bbox 230 1235 1822 1319; baseline -0.003 -28"><span class='ocrx_word' id='word_1_82' title='bbox 230 1238 479 1292; x_wconf 84' lang='lat' dir='ltr'><strong>thiorum</strong></span> <span class='ocrx_word' id='word_1_83' title='bbox 526 1238 969 1294; x_wconf 84' lang='lat' dir='ltr'><strong>Christianorum</strong></span> <span class='ocrx_word' id='word_1_84' title='bbox 1002 1240 1069 1295; x_wconf 88' lang='lat' dir='ltr'><strong>ad</strong></span> <span class='ocrx_word' id='word_1_85' title='bbox 1102 1240 1209 1294; x_wconf 85' lang='lat' dir='ltr'><strong>vim</strong></span> <span class='ocrx_word' id='word_1_86' title='bbox 1243 1255 1439 1319; x_wconf 75' lang='lat' dir='ltr'><strong>usque,</strong></span> <span class='ocrx_word' id='word_1_87' title='bbox 1469 1248 1523 1291; x_wconf 86' lang='lat' dir='ltr'><strong>et</strong></span> <span class='ocrx_word' id='word_1_88' title='bbox 1551 1244 1611 1290; x_wconf 90' lang='lat' dir='ltr'><strong>ut</strong></span> <span class='ocrx_word' id='word_1_89' title='bbox 1642 1235 1822 1305; x_wconf 87' lang='lat' dir='ltr'><strong>loqui-</strong></span> 
     </span>
    </p>
   </div>
   <div class='ocr_carea' id='block_1_15' title="bbox 230 1327 1820 1402">
    <p class='ocr_par' dir='ltr' id='par_1_15' title="bbox 230 1327 1820 1402">
     <span class='ocr_line' id='line_1_15' title="bbox 230 1327 1820 1402; baseline -0.003 -18"><span class='ocrx_word' id='word_1_90' title='bbox 230 1339 348 1393; x_wconf 90' lang='lat' dir='ltr'><strong>tur,</strong></span> <span class='ocrx_word' id='word_1_91' title='bbox 376 1330 597 1395; x_wconf 88' lang='lat' dir='ltr'><strong>bellum,</strong></span> <span class='ocrx_word' id='word_1_92' title='bbox 621 1330 673 1385; x_wconf 88' lang='lat' dir='ltr'><strong>id</strong></span> <span class='ocrx_word' id='word_1_93' title='bbox 688 1338 795 1397; x_wconf 85' lang='lat' dir='ltr'><strong>est,</strong></span> <span class='ocrx_word' id='word_1_94' title='bbox 825 1332 1022 1393; x_wconf 79' lang='lat' dir='ltr'><strong>rixam,</strong></span> <span class='ocrx_word' id='word_1_95' title='bbox 1049 1346 1360 1402; x_wconf 82' lang='lat' dir='ltr'><strong>progressa,</strong></span> <span class='ocrx_word' id='word_1_96' title='bbox 1388 1329 1497 1384; x_wconf 85' lang='lat' dir='ltr'><strong>nisi</strong></span> <span class='ocrx_word' id='word_1_97' title='bbox 1525 1336 1579 1383; x_wconf 91' lang='lat' dir='ltr'><strong>et</strong></span> <span class='ocrx_word' id='word_1_98' title='bbox 1604 1327 1672 1382; x_wconf 91' lang='lat' dir='ltr'><strong>de</strong></span> <span class='ocrx_word' id='word_1_99' title='bbox 1697 1327 1820 1395; x_wconf 81' lang='lat' dir='ltr'><strong>aliis</strong></span> 
     </span>
    </p>
   </div>
   <div class='ocr_carea' id='block_1_16' title="bbox 226 1421 1821 1495">
    <p class='ocr_par' dir='ltr' id='par_1_16' title="bbox 226 1421 1821 1495">
     <span class='ocr_line' id='line_1_16' title="bbox 226 1421 1821 1495; baseline -0.004 -17"><span class='ocrx_word' id='word_1_100' title='bbox 226 1437 303 1478; x_wconf 73' lang='lat' dir='ltr'><strong>ex</strong></span> <span class='ocrx_word' id='word_1_101' title='bbox 329 1421 554 1479; x_wconf 65' lang='lat' dir='ltr'><strong>Hebraea</strong></span> <span class='ocrx_word' id='word_1_102' title='bbox 584 1431 743 1495; x_wconf 85' lang='lat' dir='ltr'><strong>gente</strong></span> <span class='ocrx_word' id='word_1_103' title='bbox 771 1422 1105 1481; x_wconf 83' lang='lat' dir='ltr'><strong>Christianis</strong></span> <span class='ocrx_word' id='word_1_104' title='bbox 1131 1424 1331 1480; x_wconf 89' lang='lat' dir='ltr'><strong>similia</strong></span> <span class='ocrx_word' id='word_1_105' title='bbox 1361 1426 1821 1477; x_wconf 87' lang='lat' dir='ltr'><strong>commemoraret</strong></span> 
     </span>
    </p>
   </div>
   <div class='ocr_carea' id='block_1_17' title="bbox 228 1512 1817 1588">
    <p class='ocr_par' dir='ltr' id='par_1_17' title="bbox 228 1512 1817 1588">
     <span class='ocr_line' id='line_1_17' title="bbox 228 1512 1817 1588; baseline -0.003 -19"><span class='ocrx_word' id='word_1_106' title='bbox 228 1514 291 1569; x_wconf 84' lang='lat' dir='ltr'><strong>in</strong></span> <span class='ocrx_word' id='word_1_107' title='bbox 322 1513 566 1585; x_wconf 82' lang='lat' dir='ltr'><strong>Epistula</strong></span> <span class='ocrx_word' id='word_1_108' title='bbox 588 1514 848 1572; x_wconf 68' lang='lat' dir='ltr'><strong>Iacobus.</strong></span> <span class='ocrx_word' id='word_1_109' title='bbox 878 1516 957 1571; x_wconf 84' lang='lat' dir='ltr'><strong>Ex</strong></span> <span class='ocrx_word' id='word_1_110' title='bbox 989 1518 1058 1573; x_wconf 91' lang='lat' dir='ltr'><strong>iis</strong></span> <span class='ocrx_word' id='word_1_111' title='bbox 1083 1528 1287 1582; x_wconf 88' lang='lat' dir='ltr'><strong>autem,</strong></span> <span class='ocrx_word' id='word_1_112' title='bbox 1329 1530 1566 1588; x_wconf 90' lang='lat' dir='ltr'><strong>quorum</strong></span> <span class='ocrx_word' id='word_1_113' title='bbox 1608 1513 1676 1569; x_wconf 90' lang='lat' dir='ltr'><strong>ad</strong></span> <span class='ocrx_word' id='word_1_114' title='bbox 1706 1512 1817 1566; x_wconf 83' lang='lat' dir='ltr'><strong>vim</strong></span> 
     </span>
    </p>
   </div>
   <div class='ocr_carea' id='block_1_18' title="bbox 227 1604 1817 1679">
    <p class='ocr_par' dir='ltr' id='par_1_18' title="bbox 227 1604 1817 1679">
     <span class='ocr_line' id='line_1_18' title="bbox 227 1604 1817 1679; baseline -0.005 -13"><span class='ocrx_word' id='word_1_115' title='bbox 227 1620 415 1674; x_wconf 79' lang='lat' dir='ltr'><strong>usque</strong></span> <span class='ocrx_word' id='word_1_116' title='bbox 445 1622 735 1678; x_wconf 86' lang='lat' dir='ltr'><strong>progressa</strong></span> <span class='ocrx_word' id='word_1_117' title='bbox 772 1616 891 1663; x_wconf 87' lang='lat' dir='ltr'><strong>erat</strong></span> <span class='ocrx_word' id='word_1_118' title='bbox 922 1609 1089 1665; x_wconf 90' lang='lat' dir='ltr'><strong>animi</strong></span> <span class='ocrx_word' id='word_1_119' title='bbox 1118 1610 1457 1679; x_wconf 88' lang='lat' dir='ltr'><strong>impotentia,</strong></span> <span class='ocrx_word' id='word_1_120' title='bbox 1490 1604 1756 1678; x_wconf 89' lang='lat' dir='ltr'><strong>quosdam</strong></span> <span class='ocrx_word' id='word_1_121' title='bbox 1785 1619 1817 1659; x_wconf 91' lang='lat' dir='ltr'><strong>a</strong></span> 
     </span>
    </p>
   </div>
   <div class='ocr_carea' id='block_1_19' title="bbox 225 1696 1817 1771">
    <p class='ocr_par' dir='ltr' id='par_1_19' title="bbox 225 1696 1817 1771">
     <span class='ocr_line' id='line_1_19' title="bbox 225 1696 1817 1771; baseline 0 -20"><span class='ocrx_word' id='word_1_122' title='bbox 225 1696 648 1767; x_wconf 76' lang='lat' dir='ltr'><strong>magistratibus</strong></span> <span class='ocrx_word' id='word_1_123' title='bbox 684 1701 741 1754; x_wconf 90' lang='lat' dir='ltr'><strong>in</strong></span> <span class='ocrx_word' id='word_1_124' title='bbox 772 1716 1047 1757; x_wconf 80' lang='lat' dir='ltr'><strong>carcerem</strong></span> <span class='ocrx_word' id='word_1_125' title='bbox 1072 1702 1252 1765; x_wconf 89' lang='lat' dir='ltr'><strong>datos,</strong></span> <span class='ocrx_word' id='word_1_126' title='bbox 1281 1716 1391 1758; x_wconf 91' lang='lat' dir='ltr'><strong>non</strong></span> <span class='ocrx_word' id='word_1_127' title='bbox 1422 1709 1507 1757; x_wconf 88' lang='lat' dir='ltr'><strong>est</strong></span> <span class='ocrx_word' id='word_1_128' title='bbox 1536 1700 1683 1771; x_wconf 91' lang='lat' dir='ltr'><strong>quod</strong></span> <span class='ocrx_word' id='word_1_129' title='bbox 1714 1697 1817 1752; x_wconf 86' lang='lat' dir='ltr'><strong>mi-</strong></span> 
     </span>
    </p>
   </div>
   <div class='ocr_carea' id='block_1_20' title="bbox 1929 480 3509 572">
    <p class='ocr_par' dir='ltr' id='par_1_20' title="bbox 1929 480 3509 572">
     <span class='ocr_line' id='line_1_20' title="bbox 1929 480 3509 572; baseline 0.002 -20"><span class='ocrx_word' id='word_1_130' title='bbox 1929 480 2186 571; x_wconf 59' lang='grc' dir='ltr'><strong>κλὲἆττης,</strong></span> <span class='ocrx_word' id='word_1_131' title='bbox 2234 499 2267 571; x_wconf 74' lang='grc' dir='ltr'><strong>ἢ</strong></span> <span class='ocrx_word' id='word_1_132' title='bbox 2320 499 2631 562; x_wconf 74' lang='grc' dir='ltr'><strong>κακοποιὸς.</strong></span> <span class='ocrx_word' id='word_1_133' title='bbox 2683 497 2777 553; x_wconf 70' lang='lat' dir='ltr'><strong>lia:</strong></span> <span class='ocrx_word' id='word_1_134' title='bbox 2830 510 2960 554; x_wconf 82' lang='lat' dir='ltr'><strong>sunt</strong></span> <span class='ocrx_word' id='word_1_135' title='bbox 3016 514 3219 565; x_wconf 70' lang='lat' dir='ltr'><strong>causae,</strong></span> <span class='ocrx_word' id='word_1_136' title='bbox 3269 514 3371 556; x_wconf 81' lang='lat' dir='ltr'><strong>cur</strong></span> <span class='ocrx_word' id='word_1_137' title='bbox 3404 480 3509 572; x_wconf 76' lang='lat' dir='ltr'><strong>ego</strong></span> 
     </span>
    </p>
   </div>
   <div class='ocr_carea' id='block_1_21' title="bbox 1928 592 3507 662">
    <p class='ocr_par' dir='ltr' id='par_1_21' title="bbox 1928 592 3507 662">
     <span class='ocr_line' id='line_1_21' title="bbox 1928 592 3507 662; baseline 0.003 -17"><span class='ocrx_word' id='word_1_138' title='bbox 1928 592 2070 646; x_wconf 91' lang='lat' dir='ltr'><strong>hanc</strong></span> <span class='ocrx_word' id='word_1_139' title='bbox 2097 592 2390 661; x_wconf 87' lang='lat' dir='ltr'><strong>epistolam</strong></span> <span class='ocrx_word' id='word_1_140' title='bbox 2422 606 2532 645; x_wconf 90' lang='lat' dir='ltr'><strong>non</strong></span> <span class='ocrx_word' id='word_1_141' title='bbox 2561 592 2721 646; x_wconf 90' lang='lat' dir='ltr'><strong>modo</strong></span> <span class='ocrx_word' id='word_1_142' title='bbox 2769 592 3063 662; x_wconf 76' lang='lat' dir='ltr'><strong>genuinam</strong></span> <span class='ocrx_word' id='word_1_143' title='bbox 3113 594 3369 659; x_wconf 83' lang='lat' dir='ltr'><strong>arbitrer,</strong></span> <span class='ocrx_word' id='word_1_144' title='bbox 3410 593 3507 649; x_wconf 88' lang='lat' dir='ltr'><strong>sed</strong></span> 
     </span>
    </p>
   </div>
   <div class='ocr_carea' id='block_1_22' title="bbox 1924 674 3505 758">
    <p class='ocr_par' dir='ltr' id='par_1_22' title="bbox 1924 674 3505 758">
     <span class='ocr_line' id='line_1_22' title="bbox 1924 674 3505 758; baseline 0.004 -20"><span class='ocrx_word' id='word_1_145' title='bbox 1924 691 1979 739; x_wconf 92' lang='lat' dir='ltr'><strong>et</strong></span> <span class='ocrx_word' id='word_1_146' title='bbox 2011 684 2161 738; x_wconf 90' lang='lat' dir='ltr'><strong>nulla</strong></span> <span class='ocrx_word' id='word_1_147' title='bbox 2194 684 2249 737; x_wconf 90' lang='lat' dir='ltr'><strong>in</strong></span> <span class='ocrx_word' id='word_1_148' title='bbox 2295 700 2356 738; x_wconf 90' lang='lat' dir='ltr'><strong>ea</strong></span> <span class='ocrx_word' id='word_1_149' title='bbox 2399 699 2595 739; x_wconf 86' lang='lat' dir='ltr'><strong>manus</strong></span> <span class='ocrx_word' id='word_1_150' title='bbox 2624 674 2887 741; x_wconf 63' lang='lat' dir='ltr'><strong>adulterae</strong></span> <span class='ocrx_word' id='word_1_151' title='bbox 2926 686 3157 757; x_wconf 87' lang='lat' dir='ltr'><strong>vestigia</strong></span> <span class='ocrx_word' id='word_1_152' title='bbox 3187 702 3505 758; x_wconf 80' lang='lat' dir='ltr'><strong>agnoscam.</strong></span> 
     </span>
    </p>
   </div>
   <div class='ocr_carea' id='block_1_23' title="bbox 1928 772 3505 849">
    <p class='ocr_par' dir='ltr' id='par_1_23' title="bbox 1928 772 3505 849">
     <span class='ocr_line' id='line_1_23' title="bbox 1928 772 3505 849; baseline 0.001 -19"><span class='ocrx_word' id='word_1_153' title='bbox 1928 777 2165 832; x_wconf 84' lang='lat' dir='ltr'><strong>Alteram</strong></span> <span class='ocrx_word' id='word_1_154' title='bbox 2197 772 2506 847; x_wconf 76' lang='lat' dir='ltr'><strong>epistolam,</strong></span> <span class='ocrx_word' id='word_1_155' title='bbox 2535 778 2694 847; x_wconf 87' lang='lat' dir='ltr'><strong>cujus</strong></span> <span class='ocrx_word' id='word_1_156' title='bbox 2726 777 3088 849; x_wconf 82' lang='lat' dir='ltr'><strong>fragmentum</strong></span> <span class='ocrx_word' id='word_1_157' title='bbox 3121 778 3367 834; x_wconf 90' lang='lat' dir='ltr'><strong>additum</strong></span> <span class='ocrx_word' id='word_1_158' title='bbox 3396 788 3505 844; x_wconf 87' lang='lat' dir='ltr'><strong>est,</strong></span> 
     </span>
    </p>
   </div>
   <div class='ocr_carea' id='block_1_24' title="bbox 1923 870 3507 943">
    <p class='ocr_par' dir='ltr' id='par_1_24' title="bbox 1923 870 3507 943">
     <span class='ocr_line' id='line_1_24' title="bbox 1923 870 3507 943; baseline 0.001 -18"><span class='ocrx_word' id='word_1_159' title='bbox 1923 886 2238 943; x_wconf 85' lang='lat' dir='ltr'><strong>quanquam</strong></span> <span class='ocrx_word' id='word_1_160' title='bbox 2302 870 2597 924; x_wconf 81' lang='lat' dir='ltr'><strong>Clementis</strong></span> <span class='ocrx_word' id='word_1_161' title='bbox 2646 878 2701 924; x_wconf 84' lang='lat' dir='ltr'><strong>et</strong></span> <span class='ocrx_word' id='word_1_162' title='bbox 2751 870 2869 940; x_wconf 90' lang='lat' dir='ltr'><strong>ipsa</strong></span> <span class='ocrx_word' id='word_1_163' title='bbox 2911 870 2968 924; x_wconf 91' lang='lat' dir='ltr'><strong>in</strong></span> <span class='ocrx_word' id='word_1_164' title='bbox 3019 870 3178 924; x_wconf 86' lang='lat' dir='ltr'><strong>libris</strong></span> <span class='ocrx_word' id='word_1_165' title='bbox 3223 871 3507 926; x_wconf 78' lang='lat' dir='ltr'><strong>nonnullis</strong></span> 
     </span>
    </p>
   </div>
   <div class='ocr_carea' id='block_1_25' title="bbox 1923 961 3506 1034">
    <p class='ocr_par' dir='ltr' id='par_1_25' title="bbox 1923 961 3506 1034">
     <span class='ocr_line' id='line_1_25' title="bbox 1923 961 3506 1034; baseline -0.001 -16"><span class='ocrx_word' id='word_1_166' title='bbox 1923 980 2122 1020; x_wconf 90' lang='lat' dir='ltr'><strong>nomen</strong></span> <span class='ocrx_word' id='word_1_167' title='bbox 2172 964 2445 1034; x_wconf 64' lang='lat' dir='ltr'><strong>praetulit,</strong></span> <span class='ocrx_word' id='word_1_168' title='bbox 2499 978 2605 1017; x_wconf 89' lang='lat' dir='ltr'><strong>non</strong></span> <span class='ocrx_word' id='word_1_169' title='bbox 2650 978 2771 1017; x_wconf 89' lang='lat' dir='ltr'><strong>esse</strong></span> <span class='ocrx_word' id='word_1_170' title='bbox 2817 968 2999 1017; x_wconf 81' lang='lat' dir='ltr'><strong>tamen</strong></span> <span class='ocrx_word' id='word_1_171' title='bbox 3044 963 3092 1017; x_wconf 83' lang='lat' dir='ltr'><strong>ei</strong></span> <span class='ocrx_word' id='word_1_172' title='bbox 3136 961 3506 1027; x_wconf 85' lang='lat' dir='ltr'><strong>tribuendam,</strong></span> 
     </span>
    </p>
   </div>
   <div class='ocr_carea' id='block_1_26' title="bbox 1922 1053 3509 1124">
    <p class='ocr_par' dir='ltr' id='par_1_26' title="bbox 1922 1053 3509 1124">
     <span class='ocr_line' id='line_1_26' title="bbox 1922 1053 3509 1124; baseline -0.001 -14"><span class='ocrx_word' id='word_1_173' title='bbox 1922 1058 2086 1110; x_wconf 90' lang='lat' dir='ltr'><strong>etiam</strong></span> <span class='ocrx_word' id='word_1_174' title='bbox 2114 1053 2664 1123; x_wconf 88' lang='lat' dir='ltr'><strong>veteresjudicarunt</strong></span> <span class='ocrx_word' id='word_1_175' title='bbox 2690 1068 2703 1105; x_wconf 92' lang='lat'>:</span> <span class='ocrx_word' id='word_1_176' title='bbox 2736 1069 2969 1124; x_wconf 91' lang='lat' dir='ltr'><strong>quorum</strong></span> <span class='ocrx_word' id='word_1_177' title='bbox 3003 1053 3317 1107; x_wconf 88' lang='lat' dir='ltr'><strong>auctoritati</strong></span> <span class='ocrx_word' id='word_1_178' title='bbox 3349 1067 3509 1108; x_wconf 86' lang='lat' dir='ltr'><strong>acce-</strong></span> 
     </span>
    </p>
   </div>
   <div class='ocr_carea' id='block_1_27' title="bbox 1923 1144 3503 1215">
    <p class='ocr_par' dir='ltr' id='par_1_27' title="bbox 1923 1144 3503 1215">
     <span class='ocr_line' id='line_1_27' title="bbox 1923 1144 3503 1215; baseline -0.003 -14"><span class='ocrx_word' id='word_1_179' title='bbox 1923 1146 2004 1201; x_wconf 86' lang='lat' dir='ltr'><strong>dit</strong></span> <span class='ocrx_word' id='word_1_180' title='bbox 2057 1146 2395 1201; x_wconf 89' lang='lat' dir='ltr'><strong>cbaracteris</strong></span> <span class='ocrx_word' id='word_1_181' title='bbox 2446 1146 2763 1202; x_wconf 88' lang='lat' dir='ltr'><strong>diversitas.</strong></span> <span class='ocrx_word' id='word_1_182' title='bbox 2823 1144 3012 1215; x_wconf 84' lang='lat' dir='ltr'><strong>Neque</strong></span> <span class='ocrx_word' id='word_1_183' title='bbox 3057 1153 3240 1199; x_wconf 88' lang='lat' dir='ltr'><strong>tamen</strong></span> <span class='ocrx_word' id='word_1_184' title='bbox 3288 1144 3503 1207; x_wconf 84' lang='lat' dir='ltr'><strong>dubito,</strong></span> 
     </span>
    </p>
   </div>
   <div class='ocr_carea' id='block_1_28' title="bbox 1921 1238 3505 1311">
    <p class='ocr_par' dir='ltr' id='par_1_28' title="bbox 1921 1238 3505 1311">
     <span class='ocr_line' id='line_1_28' title="bbox 1921 1238 3505 1311; baseline -0.003 -16"><span class='ocrx_word' id='word_1_185' title='bbox 1921 1241 2053 1311; x_wconf 88' lang='lat' dir='ltr'><strong>quin</strong></span> <span class='ocrx_word' id='word_1_186' title='bbox 2086 1240 2247 1310; x_wconf 86' lang='lat' dir='ltr'><strong>primi</strong></span> <span class='ocrx_word' id='word_1_187' title='bbox 2302 1239 2487 1294; x_wconf 70' lang='lat' dir='ltr'><strong>smculi</strong></span> <span class='ocrx_word' id='word_1_188' title='bbox 2538 1240 2611 1293; x_wconf 85' lang='lat' dir='ltr'><strong>sit</strong></span> <span class='ocrx_word' id='word_1_189' title='bbox 2645 1254 2804 1310; x_wconf 89' lang='lat' dir='ltr'><strong>opus,</strong></span> <span class='ocrx_word' id='word_1_190' title='bbox 2838 1239 3107 1307; x_wconf 88' lang='lat' dir='ltr'><strong>scriptum</strong></span> <span class='ocrx_word' id='word_1_191' title='bbox 3139 1246 3264 1292; x_wconf 90' lang='lat' dir='ltr'><strong>ante</strong></span> <span class='ocrx_word' id='word_1_192' title='bbox 3296 1238 3505 1293; x_wconf 86' lang='lat' dir='ltr'><strong>consti-</strong></span> 
     </span>
    </p>
   </div>
   <div class='ocr_carea' id='block_1_29' title="bbox 1921 1326 3506 1391">
    <p class='ocr_par' dir='ltr' id='par_1_29' title="bbox 1921 1326 3506 1391">
     <span class='ocr_line' id='line_1_29' title="bbox 1921 1326 3506 1391; baseline -0.001 -9"><span class='ocrx_word' id='word_1_193' title='bbox 1921 1338 2099 1383; x_wconf 90' lang='lat' dir='ltr'><strong>tutum</strong></span> <span class='ocrx_word' id='word_1_194' title='bbox 2146 1327 2506 1384; x_wconf 83' lang='lat' dir='ltr'><strong>ecclesiarum</strong></span> <span class='ocrx_word' id='word_1_195' title='bbox 2535 1343 2810 1383; x_wconf 89' lang='lat' dir='ltr'><strong>consensu</strong></span> <span class='ocrx_word' id='word_1_196' title='bbox 2842 1341 3134 1391; x_wconf 89' lang='lat' dir='ltr'><strong>canonem,</strong></span> <span class='ocrx_word' id='word_1_197' title='bbox 3166 1334 3220 1381; x_wconf 91' lang='lat' dir='ltr'><strong>ct</strong></span> <span class='ocrx_word' id='word_1_198' title='bbox 3252 1326 3392 1381; x_wconf 89' lang='lat' dir='ltr'><strong>forte</strong></span> <span class='ocrx_word' id='word_1_199' title='bbox 3424 1328 3506 1380; x_wconf 90' lang='lat' dir='ltr'><strong>al-</strong></span> 
     </span>
    </p>
   </div>
   <div class='ocr_carea' id='block_1_30' title="bbox 1921 1418 3506 1491">
    <p class='ocr_par' dir='ltr' id='par_1_30' title="bbox 1921 1418 3506 1491">
     <span class='ocr_line' id='line_1_30' title="bbox 1921 1418 3506 1491; baseline -0.002 -15"><span class='ocrx_word' id='word_1_200' title='bbox 1921 1422 2094 1477; x_wconf 89' lang='lat' dir='ltr'><strong>terius</strong></span> <span class='ocrx_word' id='word_1_201' title='bbox 2124 1421 2363 1491; x_wconf 82' lang='lat' dir='ltr'><strong>alicujus</strong></span> <span class='ocrx_word' id='word_1_202' title='bbox 2396 1419 2718 1477; x_wconf 87' lang='lat' dir='ltr'><strong>Clementis.</strong></span> <span class='ocrx_word' id='word_1_203' title='bbox 2766 1420 2893 1475; x_wconf 71' lang='lat' dir='ltr'><strong>Haec</strong></span> <span class='ocrx_word' id='word_1_204' title='bbox 2922 1433 3044 1490; x_wconf 69' lang='lat' dir='ltr'><strong>qua:</strong></span> <span class='ocrx_word' id='word_1_205' title='bbox 3074 1418 3205 1473; x_wconf 90' lang='lat' dir='ltr'><strong>mihi</strong></span> <span class='ocrx_word' id='word_1_206' title='bbox 3238 1419 3378 1482; x_wconf 86' lang='lat' dir='ltr'><strong>visa,</strong></span> <span class='ocrx_word' id='word_1_207' title='bbox 3412 1433 3506 1473; x_wconf 87' lang='lat' dir='ltr'><strong>ea-</strong></span> 
     </span>
    </p>
   </div>
   <div class='ocr_carea' id='block_1_31' title="bbox 1919 1510 3501 1585">
    <p class='ocr_par' dir='ltr' id='par_1_31' title="bbox 1919 1510 3501 1585">
     <span class='ocr_line' id='line_1_31' title="bbox 1919 1510 3501 1585; baseline -0.004 -15"><span class='ocrx_word' id='word_1_208' title='bbox 1919 1515 2043 1570; x_wconf 89' lang='lat' dir='ltr'><strong>dem</strong></span> <span class='ocrx_word' id='word_1_209' title='bbox 2070 1514 2319 1571; x_wconf 83' lang='lat' dir='ltr'><strong>libertate</strong></span> <span class='ocrx_word' id='word_1_210' title='bbox 2344 1529 2451 1585; x_wconf 88' lang='lat' dir='ltr'><strong>qua</strong></span> <span class='ocrx_word' id='word_1_211' title='bbox 2481 1512 2721 1584; x_wconf 88' lang='lat' dir='ltr'><strong>colloqui</strong></span> <span class='ocrx_word' id='word_1_212' title='bbox 2748 1520 2930 1568; x_wconf 90' lang='lat' dir='ltr'><strong>tecum</strong></span> <span class='ocrx_word' id='word_1_213' title='bbox 2962 1510 3091 1565; x_wconf 86' lang='lat' dir='ltr'><strong>mihi</strong></span> <span class='ocrx_word' id='word_1_214' title='bbox 3121 1524 3501 1575; x_wconf 88' lang='lat' dir='ltr'><strong>concesseras,</strong></span> 
     </span>
    </p>
   </div>
   <div class='ocr_carea' id='block_1_32' title="bbox 1918 1602 3501 1672">
    <p class='ocr_par' dir='ltr' id='par_1_32' title="bbox 1918 1602 3501 1672">
     <span class='ocr_line' id='line_1_32' title="bbox 1918 1602 3501 1672; baseline -0.005 -11"><span class='ocrx_word' id='word_1_215' title='bbox 1918 1607 1983 1662; x_wconf 87' lang='lat' dir='ltr'><strong>ad</strong></span> <span class='ocrx_word' id='word_1_216' title='bbox 2008 1607 2421 1662; x_wconf 79' lang='lat' dir='ltr'><strong>exactissimum</strong></span> <span class='ocrx_word' id='word_1_217' title='bbox 2452 1606 2519 1660; x_wconf 92' lang='lat' dir='ltr'><strong>de</strong></span> <span class='ocrx_word' id='word_1_218' title='bbox 2547 1604 2713 1662; x_wconf 87' lang='lat' dir='ltr'><strong>rebus</strong></span> <span class='ocrx_word' id='word_1_219' title='bbox 2741 1605 3004 1658; x_wconf 89' lang='lat' dir='ltr'><strong>omnibus</strong></span> <span class='ocrx_word' id='word_1_220' title='bbox 3022 1602 3294 1672; x_wconf 86' lang='lat' dir='ltr'><strong>judicium</strong></span> <span class='ocrx_word' id='word_1_221' title='bbox 3323 1608 3501 1663; x_wconf 84' lang='lat' dir='ltr'><strong>tuum,</strong></span> 
     </span>
    </p>
   </div>
   <div class='ocr_carea' id='block_1_33' title="bbox 1919 1692 3504 1771">
    <p class='ocr_par' dir='ltr' id='par_1_33' title="bbox 1919 1692 3504 1771">
     <span class='ocr_line' id='line_1_33' title="bbox 1919 1692 3504 1771; baseline -0.003 -16"><span class='ocrx_word' id='word_1_222' title='bbox 1919 1700 2005 1755; x_wconf 91' lang='lat' dir='ltr'><strong>vir</strong></span> <span class='ocrx_word' id='word_1_223' title='bbox 2032 1700 2180 1755; x_wconf 91' lang='lat' dir='ltr'><strong>omni</strong></span> <span class='ocrx_word' id='word_1_224' title='bbox 2206 1716 2269 1755; x_wconf 81' lang='lat' dir='ltr'><strong>ex</strong></span> <span class='ocrx_word' id='word_1_225' title='bbox 2301 1696 2940 1771; x_wconf 87' lang='lat' dir='ltr'><strong>parteincomparabilis,</strong></span> <span class='ocrx_word' id='word_1_226' title='bbox 2962 1695 3173 1762; x_wconf 83' lang='lat' dir='ltr'><strong>defero,</strong></span> <span class='ocrx_word' id='word_1_227' title='bbox 3194 1699 3302 1751; x_wconf 85' lang='lat' dir='ltr'><strong>etc.</strong></span> <span class='ocrx_word' id='word_1_228' title='bbox 3331 1692 3504 1750; x_wconf 81' lang='lat' dir='ltr'><strong>Fran-</strong></span> 
     </span>
    </p>
   </div>
   <div class='ocr_carea' id='block_1_34' title="bbox 223 1760 2552 1867">
    <p class='ocr_par' dir='ltr' id='par_1_34' title="bbox 223 1760 2552 1867">
     <span class='ocr_line' id='line_1_34' title="bbox 223 1760 2552 1867; baseline 0.001 -22"><span class='ocrx_word' id='word_1_229' title='bbox 223 1760 437 1845; x_wconf 68' lang='grc' dir='ltr'><strong>ηηῖυτ.</strong></span> <span class='ocrx_word' id='word_1_230' title='bbox 483 1789 669 1863; x_wconf 88' lang='lat' dir='ltr'><strong>Neque</strong></span> <span class='ocrx_word' id='word_1_231' title='bbox 712 1794 857 1848; x_wconf 89' lang='lat' dir='ltr'><strong>enim</strong></span> <span class='ocrx_word' id='word_1_232' title='bbox 906 1795 972 1849; x_wconf 91' lang='lat' dir='ltr'><strong>de</strong></span> <span class='ocrx_word' id='word_1_233' title='bbox 1013 1795 1190 1850; x_wconf 77' lang='lat' dir='ltr'><strong>nihilo</strong></span> <span class='ocrx_word' id='word_1_234' title='bbox 1227 1760 1349 1861; x_wconf 63' lang='lat' dir='ltr'><strong>est,</strong></span> <span class='ocrx_word' id='word_1_235' title='bbox 1379 1792 1526 1867; x_wconf 89' lang='lat' dir='ltr'><strong>quod</strong></span> <span class='ocrx_word' id='word_1_236' title='bbox 1555 1760 1813 1846; x_wconf 41' lang='lat' dir='ltr'><strong>lPonticis</strong></span> <span class='ocrx_word' id='word_1_237' title='bbox 1847 1760 1890 1815; x_wconf 72' lang='grc' dir='ltr'><strong>Β</strong></span> <span class='ocrx_word' id='word_1_238' title='bbox 1920 1792 2117 1849; x_wconf 88' lang='lat' dir='ltr'><strong>cofurti</strong></span> <span class='ocrx_word' id='word_1_239' title='bbox 2154 1760 2369 1849; x_wconf 70' lang='lat' dir='ltr'><strong>multi</strong></span> <span class='ocrx_word' id='word_1_240' title='bbox 2395 1790 2552 1847; x_wconf 71' lang='grc'><strong>1654.</strong></span> 
     </span>
    </p>
   </div>
   <div class='ocr_carea' id='block_1_35' title="bbox 222 1878 1809 1955">
    <p class='ocr_par' dir='ltr' id='par_1_35' title="bbox 222 1878 1809 1955">
     <span class='ocr_line' id='line_1_35' title="bbox 222 1878 1809 1955; baseline 0.001 -19"><span class='ocrx_word' id='word_1_241' title='bbox 222 1878 562 1942; x_wconf 80' lang='lat' dir='ltr'><strong>Christianis</strong></span> <span class='ocrx_word' id='word_1_242' title='bbox 618 1885 869 1942; x_wconf 89' lang='lat' dir='ltr'><strong>scribens</strong></span> <span class='ocrx_word' id='word_1_243' title='bbox 918 1885 1116 1944; x_wconf 88' lang='lat' dir='ltr'><strong>Petrus</strong></span> <span class='ocrx_word' id='word_1_244' title='bbox 1143 1887 1189 1918; x_wconf 86' lang='lat'><strong><em>&quot;</em></strong></span> <span class='ocrx_word' id='word_1_245' title='bbox 1242 1894 1356 1955; x_wconf 85' lang='lat' dir='ltr'><strong>tam</strong></span> <span class='ocrx_word' id='word_1_246' title='bbox 1429 1884 1662 1943; x_wconf 82' lang='lat' dir='ltr'><strong>sollicite</strong></span> <span class='ocrx_word' id='word_1_247' title='bbox 1710 1896 1809 1938; x_wconf 88' lang='lat' dir='ltr'><strong>eos</strong></span> 
     </span>
    </p>
   </div>
   <div class='ocr_carea' id='block_1_36' title="bbox 706 2088 3014 2188">
    <p class='ocr_par' dir='ltr' id='par_1_36' title="bbox 706 2088 3014 2188">
     <span class='ocr_line' id='line_1_36' title="bbox 706 2088 3014 2188; baseline -0.003 -23"><span class='ocrx_word' id='word_1_248' title='bbox 706 2104 797 2165; x_wconf 78' lang='lat' dir='ltr'><strong>Ex</strong></span> <span class='ocrx_word' id='word_1_249' title='bbox 829 2102 954 2167; x_wconf 83' lang='lat' dir='ltr'><strong>alia</strong></span> <span class='ocrx_word' id='word_1_250' title='bbox 986 2103 1260 2184; x_wconf 89' lang='lat' dir='ltr'><strong>epistola</strong></span> <span class='ocrx_word' id='word_1_251' title='bbox 1293 2105 1589 2187; x_wconf 81' lang='lat' dir='ltr'><strong>ejusdem</strong></span> <span class='ocrx_word' id='word_1_252' title='bbox 1631 2104 1972 2188; x_wconf 84' lang='lat' dir='ltr'><strong>Bignonii,</strong></span> <span class='ocrx_word' id='word_1_253' title='bbox 2016 2125 2069 2165; x_wconf 86' lang='lat' dir='ltr'><strong>a.</strong></span> <span class='ocrx_word' id='word_1_254' title='bbox 2134 2111 2190 2168; x_wconf 92' lang='lat' dir='ltr'><strong>d.</strong></span> <span class='ocrx_word' id='word_1_255' title='bbox 2235 2104 2315 2164; x_wconf 78' lang='lat'><strong>28</strong></span> <span class='ocrx_word' id='word_1_256' title='bbox 2346 2100 2620 2181; x_wconf 81' lang='lat' dir='ltr'><strong>Augusti</strong></span> <span class='ocrx_word' id='word_1_257' title='bbox 2659 2088 3014 2177; x_wconf 48' lang='lat' dir='ltr'><strong>163h&#39;dala.</strong></span> 
     </span>
    </p>
   </div>
   <div class='ocr_carea' id='block_1_37' title="bbox 294 2221 1811 2299">
    <p class='ocr_par' dir='ltr' id='par_1_37' title="bbox 294 2221 1811 2299">
     <span class='ocr_line' id='line_1_37' title="bbox 294 2221 1811 2299; baseline 0.004 -20"><span class='ocrx_word' id='word_1_258' title='bbox 294 2221 520 2279; x_wconf 86' lang='lat' dir='ltr'><strong>Gratias</strong></span> <span class='ocrx_word' id='word_1_259' title='bbox 546 2224 639 2279; x_wconf 89' lang='lat' dir='ltr'><strong>tibi</strong></span> <span class='ocrx_word' id='word_1_260' title='bbox 672 2239 805 2296; x_wconf 79' lang='lat' dir='ltr'><strong>ago,</strong></span> <span class='ocrx_word' id='word_1_261' title='bbox 837 2225 1039 2281; x_wconf 89' lang='lat' dir='ltr'><strong>eruditi</strong></span> <span class='ocrx_word' id='word_1_262' title='bbox 1084 2232 1141 2281; x_wconf 91' lang='lat' dir='ltr'><strong>et</strong></span> <span class='ocrx_word' id='word_1_263' title='bbox 1174 2226 1335 2283; x_wconf 88' lang='lat' dir='ltr'><strong>solidi</strong></span> <span class='ocrx_word' id='word_1_264' title='bbox 1376 2228 1457 2284; x_wconf 91' lang='lat' dir='ltr'><strong>tui</strong></span> <span class='ocrx_word' id='word_1_265' title='bbox 1495 2228 1711 2299; x_wconf 91' lang='lat' dir='ltr'><strong>judicii,</strong></span> <span class='ocrx_word' id='word_1_266' title='bbox 1740 2228 1811 2285; x_wconf 88' lang='lat' dir='ltr'><strong>de</strong></span> 
     </span>
    </p>
   </div>
   <div class='ocr_carea' id='block_1_38' title="bbox 221 2313 1809 2388">
    <p class='ocr_par' dir='ltr' id='par_1_38' title="bbox 221 2313 1809 2388">
     <span class='ocr_line' id='line_1_38' title="bbox 221 2313 1809 2388; baseline 0.002 -18"><span class='ocrx_word' id='word_1_267' title='bbox 221 2313 528 2379; x_wconf 81' lang='lat' dir='ltr'><strong>Clemente,</strong></span> <span class='ocrx_word' id='word_1_268' title='bbox 562 2330 750 2372; x_wconf 84' lang='lat' dir='ltr'><strong>causa.</strong></span> <span class='ocrx_word' id='word_1_269' title='bbox 786 2317 949 2373; x_wconf 88' lang='lat' dir='ltr'><strong>Solus</strong></span> <span class='ocrx_word' id='word_1_270' title='bbox 982 2316 1143 2373; x_wconf 83' lang='lat' dir='ltr'><strong>hodie</strong></span> <span class='ocrx_word' id='word_1_271' title='bbox 1172 2316 1321 2373; x_wconf 72' lang='lat' dir='ltr'><strong>hora:</strong></span> <span class='ocrx_word' id='word_1_272' title='bbox 1360 2326 1638 2374; x_wconf 88' lang='lat' dir='ltr'><strong>momento</strong></span> <span class='ocrx_word' id='word_1_273' title='bbox 1658 2320 1809 2388; x_wconf 84' lang='lat' dir='ltr'><strong>ejus-</strong></span> 
     </span>
    </p>
   </div>
   <div class='ocr_carea' id='block_1_39' title="bbox 220 2406 1811 2479">
    <p class='ocr_par' dir='ltr' id='par_1_39' title="bbox 220 2406 1811 2479">
     <span class='ocr_line' id='line_1_39' title="bbox 220 2406 1811 2479; baseline 0.002 -19"><span class='ocrx_word' id='word_1_274' title='bbox 220 2407 372 2461; x_wconf 86' lang='lat' dir='ltr'><strong>modi</strong></span> <span class='ocrx_word' id='word_1_275' title='bbox 411 2421 501 2462; x_wconf 89' lang='lat' dir='ltr'><strong>res</strong></span> <span class='ocrx_word' id='word_1_276' title='bbox 529 2406 788 2471; x_wconf 87' lang='lat' dir='ltr'><strong>dirimere</strong></span> <span class='ocrx_word' id='word_1_277' title='bbox 844 2419 1021 2476; x_wconf 90' lang='lat' dir='ltr'><strong>potes,</strong></span> <span class='ocrx_word' id='word_1_278' title='bbox 1079 2409 1241 2479; x_wconf 89' lang='lat' dir='ltr'><strong>idque</strong></span> <span class='ocrx_word' id='word_1_279' title='bbox 1296 2408 1475 2464; x_wconf 78' lang='lat' dir='ltr'><strong>cuivis</strong></span> <span class='ocrx_word' id='word_1_280' title='bbox 1524 2409 1728 2464; x_wconf 63' lang='lat' dir='ltr'><strong>saeculo</strong></span> <span class='ocrx_word' id='word_1_281' title='bbox 1756 2416 1811 2463; x_wconf 91' lang='lat' dir='ltr'><strong>et</strong></span> 
     </span>
    </p>
   </div>
   <div class='ocr_carea' id='block_1_40' title="bbox 222 2498 1807 2572">
    <p class='ocr_par' dir='ltr' id='par_1_40' title="bbox 222 2498 1807 2572">
     <span class='ocr_line' id='line_1_40' title="bbox 222 2498 1807 2572; baseline 0.001 -19"><span class='ocrx_word' id='word_1_282' title='bbox 222 2498 508 2569; x_wconf 82' lang='lat' dir='ltr'><strong>scriptori,</strong></span> <span class='ocrx_word' id='word_1_283' title='bbox 542 2500 687 2570; x_wconf 92' lang='lat' dir='ltr'><strong>quod</strong></span> <span class='ocrx_word' id='word_1_284' title='bbox 714 2498 763 2556; x_wconf 89' lang='lat' dir='ltr'><strong>ei</strong></span> <span class='ocrx_word' id='word_1_285' title='bbox 785 2500 1035 2565; x_wconf 87' lang='lat' dir='ltr'><strong>debetur,</strong></span> <span class='ocrx_word' id='word_1_286' title='bbox 1063 2500 1313 2564; x_wconf 89' lang='lat' dir='ltr'><strong>reddere,</strong></span> <span class='ocrx_word' id='word_1_287' title='bbox 1340 2510 1394 2556; x_wconf 87' lang='lat' dir='ltr'><strong>et</strong></span> <span class='ocrx_word' id='word_1_288' title='bbox 1425 2501 1689 2566; x_wconf 88' lang='lat' dir='ltr'><strong>fructum,</strong></span> <span class='ocrx_word' id='word_1_289' title='bbox 1711 2501 1807 2572; x_wconf 88' lang='lat' dir='ltr'><strong>qui</strong></span> 
     </span>
    </p>
   </div>
   <div class='ocr_carea' id='block_1_41' title="bbox 220 2590 1809 2662">
    <p class='ocr_par' dir='ltr' id='par_1_41' title="bbox 220 2590 1809 2662">
     <span class='ocr_line' id='line_1_41' title="bbox 220 2590 1809 2662; baseline 0.001 -17"><span class='ocrx_word' id='word_1_290' title='bbox 220 2606 289 2645; x_wconf 77' lang='lat' dir='ltr'><strong>ex</strong></span> <span class='ocrx_word' id='word_1_291' title='bbox 320 2605 388 2645; x_wconf 87' lang='lat' dir='ltr'><strong>eo</strong></span> <span class='ocrx_word' id='word_1_292' title='bbox 424 2590 545 2662; x_wconf 88' lang='lat' dir='ltr'><strong>capi</strong></span> <span class='ocrx_word' id='word_1_293' title='bbox 596 2592 796 2662; x_wconf 89' lang='lat' dir='ltr'><strong>possit,</strong></span> <span class='ocrx_word' id='word_1_294' title='bbox 826 2593 1137 2650; x_wconf 89' lang='lat' dir='ltr'><strong>ostendere.</strong></span> <span class='ocrx_word' id='word_1_295' title='bbox 1172 2592 1501 2652; x_wconf 81' lang='lat' dir='ltr'><strong>Rationibus</strong></span> <span class='ocrx_word' id='word_1_296' title='bbox 1530 2594 1642 2651; x_wconf 87' lang='lat' dir='ltr'><strong>tuis</strong></span> <span class='ocrx_word' id='word_1_297' title='bbox 1672 2593 1809 2649; x_wconf 88' lang='lat' dir='ltr'><strong>nihil</strong></span> 
     </span>
    </p>
   </div>
   <div class='ocr_carea' id='block_1_42' title="bbox 219 2683 1810 2761">
    <p class='ocr_par' dir='ltr' id='par_1_42' title="bbox 219 2683 1810 2761">
     <span class='ocr_line' id='line_1_42' title="bbox 219 2683 1810 2761; baseline 0.001 -23"><span class='ocrx_word' id='word_1_298' title='bbox 219 2683 477 2761; x_wconf 81' lang='lat' dir='ltr'><strong>estquod</strong></span> <span class='ocrx_word' id='word_1_299' title='bbox 509 2683 826 2755; x_wconf 88' lang='lat' dir='ltr'><strong>objiciatur,</strong></span> <span class='ocrx_word' id='word_1_300' title='bbox 856 2684 1160 2758; x_wconf 84' lang='lat' dir='ltr'><strong>judiciique</strong></span> <span class='ocrx_word' id='word_1_301' title='bbox 1190 2690 1269 2742; x_wconf 90' lang='lat' dir='ltr'><strong>tui</strong></span> <span class='ocrx_word' id='word_1_302' title='bbox 1312 2687 1697 2742; x_wconf 86' lang='lat' dir='ltr'><strong>auctoritatem</strong></span> <span class='ocrx_word' id='word_1_303' title='bbox 1730 2686 1810 2740; x_wconf 80' lang='lat' dir='ltr'><strong>ir-</strong></span> 
     </span>
    </p>
   </div>
   <div class='ocr_carea' id='block_1_43' title="bbox 221 2770 1804 2850">
    <p class='ocr_par' dir='ltr' id='par_1_43' title="bbox 221 2770 1804 2850">
     <span class='ocr_line' id='line_1_43' title="bbox 221 2770 1804 2850; baseline 0.003 -23"><span class='ocrx_word' id='word_1_304' title='bbox 221 2770 609 2843; x_wconf 88' lang='lat' dir='ltr'><strong>refragabilem</strong></span> <span class='ocrx_word' id='word_1_305' title='bbox 659 2790 784 2830; x_wconf 87' lang='lat' dir='ltr'><strong>esse</strong></span> <span class='ocrx_word' id='word_1_306' title='bbox 827 2791 927 2847; x_wconf 91' lang='lat' dir='ltr'><strong>par</strong></span> <span class='ocrx_word' id='word_1_307' title='bbox 955 2787 1059 2833; x_wconf 90' lang='lat' dir='ltr'><strong>est.</strong></span> <span class='ocrx_word' id='word_1_308' title='bbox 1100 2776 1409 2833; x_wconf 86' lang='lat' dir='ltr'><strong>Genuinum</strong></span> <span class='ocrx_word' id='word_1_309' title='bbox 1436 2779 1655 2850; x_wconf 88' lang='lat' dir='ltr'><strong>quidem</strong></span> <span class='ocrx_word' id='word_1_310' title='bbox 1682 2792 1804 2833; x_wconf 82' lang='lat' dir='ltr'><strong>om-</strong></span> 
     </span>
    </p>
   </div>
   <div class='ocr_carea' id='block_1_44' title="bbox 221 2863 1805 2942">
    <p class='ocr_par' dir='ltr' id='par_1_44' title="bbox 221 2863 1805 2942">
     <span class='ocr_line' id='line_1_44' title="bbox 221 2863 1805 2942; baseline 0.004 -24"><span class='ocrx_word' id='word_1_311' title='bbox 221 2863 354 2918; x_wconf 84' lang='lat' dir='ltr'><strong>nino</strong></span> <span class='ocrx_word' id='word_1_312' title='bbox 382 2874 801 2921; x_wconf 87' lang='lat' dir='ltr'><strong>monumentum</strong></span> <span class='ocrx_word' id='word_1_313' title='bbox 833 2868 935 2923; x_wconf 88' lang='lat' dir='ltr'><strong>hoc</strong></span> <span class='ocrx_word' id='word_1_314' title='bbox 969 2885 1092 2926; x_wconf 87' lang='lat' dir='ltr'><strong>esse</strong></span> <span class='ocrx_word' id='word_1_315' title='bbox 1123 2879 1465 2941; x_wconf 79' lang='lat' dir='ltr'><strong>putaveram,</strong></span> <span class='ocrx_word' id='word_1_316' title='bbox 1501 2872 1598 2929; x_wconf 84' lang='lat' dir='ltr'><strong>sed</strong></span> <span class='ocrx_word' id='word_1_317' title='bbox 1623 2870 1805 2942; x_wconf 83' lang='lat' dir='ltr'><strong>suspi-</strong></span> 
     </span>
    </p>
   </div>
   <div class='ocr_carea' id='block_1_45' title="bbox 219 2956 1804 3035">
    <p class='ocr_par' dir='ltr' id='par_1_45' title="bbox 219 2956 1804 3035">
     <span class='ocr_line' id='line_1_45' title="bbox 219 2956 1804 3035; baseline 0.007 -26"><span class='ocrx_word' id='word_1_318' title='bbox 219 2956 390 3011; x_wconf 88' lang='lat' dir='ltr'><strong>cabar</strong></span> <span class='ocrx_word' id='word_1_319' title='bbox 429 2957 479 3012; x_wconf 87' lang='lat' dir='ltr'><strong>ei</strong></span> <span class='ocrx_word' id='word_1_320' title='bbox 510 2958 769 3028; x_wconf 83' lang='lat' dir='ltr'><strong>periodos</strong></span> <span class='ocrx_word' id='word_1_321' title='bbox 797 2971 891 3016; x_wconf 89' lang='lat' dir='ltr'><strong>aut</strong></span> <span class='ocrx_word' id='word_1_322' title='bbox 918 2977 1082 3019; x_wconf 87' lang='lat' dir='ltr'><strong>voces</strong></span> <span class='ocrx_word' id='word_1_323' title='bbox 1123 2965 1333 3035; x_wconf 89' lang='lat' dir='ltr'><strong>aliquot</strong></span> <span class='ocrx_word' id='word_1_324' title='bbox 1372 2980 1402 3018; x_wconf 88' lang='lat' dir='ltr'><strong>a</strong></span> <span class='ocrx_word' id='word_1_325' title='bbox 1441 2965 1683 3021; x_wconf 90' lang='lat' dir='ltr'><strong>librariis</strong></span> <span class='ocrx_word' id='word_1_326' title='bbox 1709 2980 1804 3020; x_wconf 83' lang='lat' dir='ltr'><strong>as-</strong></span> 
     </span>
    </p>
   </div>
   <div class='ocr_carea' id='block_1_46' title="bbox 220 3038 1875 3129">
    <p class='ocr_par' dir='ltr' id='par_1_46' title="bbox 220 3038 1875 3129">
     <span class='ocr_line' id='line_1_46' title="bbox 220 3038 1875 3129; baseline 0.006 -26"><span class='ocrx_word' id='word_1_327' title='bbox 220 3056 397 3105; x_wconf 87' lang='lat' dir='ltr'><strong>sutas.</strong></span> <span class='ocrx_word' id='word_1_328' title='bbox 434 3048 518 3104; x_wconf 85' lang='lat' dir='ltr'><strong>Tu</strong></span> <span class='ocrx_word' id='word_1_329' title='bbox 560 3068 688 3107; x_wconf 86' lang='lat' dir='ltr'><strong>vero</strong></span> <span class='ocrx_word' id='word_1_330' title='bbox 716 3054 1060 3113; x_wconf 91' lang='lat' dir='ltr'><strong>dubitatione</strong></span> <span class='ocrx_word' id='word_1_331' title='bbox 1094 3058 1184 3112; x_wconf 85' lang='lat' dir='ltr'><strong>illa</strong></span> <span class='ocrx_word' id='word_1_332' title='bbox 1214 3074 1301 3115; x_wconf 91' lang='lat' dir='ltr'><strong>me</strong></span> <span class='ocrx_word' id='word_1_333' title='bbox 1323 3058 1493 3121; x_wconf 83' lang='lat' dir='ltr'><strong>levas,</strong></span> <span class='ocrx_word' id='word_1_334' title='bbox 1519 3059 1627 3113; x_wconf 90' lang='lat' dir='ltr'><strong>nisi</strong></span> <span class='ocrx_word' id='word_1_335' title='bbox 1657 3058 1800 3129; x_wconf 90' lang='lat' dir='ltr'><strong>quod</strong></span> <span class='ocrx_word' id='word_1_336' title='bbox 1831 3038 1875 3097; x_wconf 67' lang='grc' dir='ltr'><strong>(ἶ</strong></span> 
     </span>
    </p>
   </div>
   <div class='ocr_carea' id='block_1_47' title="bbox 219 3142 1805 3213">
    <p class='ocr_par' dir='ltr' id='par_1_47' title="bbox 219 3142 1805 3213">
     <span class='ocr_line' id='line_1_47' title="bbox 219 3142 1805 3213; baseline 0.008 -21"><span class='ocrx_word' id='word_1_337' title='bbox 219 3142 465 3196; x_wconf 87' lang='lat' dir='ltr'><strong>narratio</strong></span> <span class='ocrx_word' id='word_1_338' title='bbox 485 3142 555 3198; x_wconf 92' lang='lat' dir='ltr'><strong>de</strong></span> <span class='ocrx_word' id='word_1_339' title='bbox 586 3144 839 3208; x_wconf 64' lang='lat' dir='ltr'><strong>phoenice</strong></span> <span class='ocrx_word' id='word_1_340' title='bbox 859 3164 945 3204; x_wconf 89' lang='lat' dir='ltr'><strong>me</strong></span> <span class='ocrx_word' id='word_1_341' title='bbox 965 3150 1263 3205; x_wconf 88' lang='lat' dir='ltr'><strong>etiamnum</strong></span> <span class='ocrx_word' id='word_1_342' title='bbox 1284 3152 1535 3206; x_wconf 90' lang='lat' dir='ltr'><strong>nonnihil</strong></span> <span class='ocrx_word' id='word_1_343' title='bbox 1556 3151 1805 3213; x_wconf 71' lang='lat' dir='ltr'><strong>offendit;</strong></span> 
     </span>
    </p>
   </div>
   <div class='ocr_carea' id='block_1_48' title="bbox 218 3233 1806 3317">
    <p class='ocr_par' dir='ltr' id='par_1_48' title="bbox 218 3233 1806 3317">
     <span class='ocr_line' id='line_1_48' title="bbox 218 3233 1806 3317; baseline 0.011 -34"><span class='ocrx_word' id='word_1_344' title='bbox 218 3233 419 3304; x_wconf 86' lang='lat' dir='ltr'><strong>quippe</strong></span> <span class='ocrx_word' id='word_1_345' title='bbox 434 3251 557 3305; x_wconf 75' lang='lat' dir='ltr'><strong>qua:</strong></span> <span class='ocrx_word' id='word_1_346' title='bbox 569 3237 845 3308; x_wconf 90' lang='lat' dir='ltr'><strong>c0piosior</strong></span> <span class='ocrx_word' id='word_1_347' title='bbox 861 3250 945 3297; x_wconf 90' lang='lat' dir='ltr'><strong>est</strong></span> <span class='ocrx_word' id='word_1_348' title='bbox 962 3252 1013 3297; x_wconf 88' lang='lat' dir='ltr'><strong>et</strong></span> <span class='ocrx_word' id='word_1_349' title='bbox 1031 3244 1482 3317; x_wconf 77' lang='grc' dir='ltr'><strong>σοφιστικωτέρα,</strong></span> <span class='ocrx_word' id='word_1_350' title='bbox 1508 3260 1670 3314; x_wconf 91' lang='lat' dir='ltr'><strong>quam</strong></span> <span class='ocrx_word' id='word_1_351' title='bbox 1691 3254 1806 3316; x_wconf 86' lang='lat' dir='ltr'><strong>sty-</strong></span> 
     </span>
    </p>
   </div>
   <div class='ocr_carea' id='block_1_49' title="bbox 222 3321 1805 3406">
    <p class='ocr_par' dir='ltr' id='par_1_49' title="bbox 222 3321 1805 3406">
     <span class='ocr_line' id='line_1_49' title="bbox 222 3321 1805 3406; baseline 0.011 -32"><span class='ocrx_word' id='word_1_352' title='bbox 222 3321 305 3378; x_wconf 91' lang='lat' dir='ltr'><strong>lus</strong></span> <span class='ocrx_word' id='word_1_353' title='bbox 333 3326 675 3396; x_wconf 84' lang='lat' dir='ltr'><strong>apostolicus</strong></span> <span class='ocrx_word' id='word_1_354' title='bbox 697 3331 956 3400; x_wconf 87' lang='lat' dir='ltr'><strong>patiatur.</strong></span> <span class='ocrx_word' id='word_1_355' title='bbox 992 3331 1065 3387; x_wconf 84' lang='lat' dir='ltr'><strong>Ea</strong></span> <span class='ocrx_word' id='word_1_356' title='bbox 1098 3333 1301 3401; x_wconf 86' lang='lat' dir='ltr'><strong>fabula,</strong></span> <span class='ocrx_word' id='word_1_357' title='bbox 1334 3336 1584 3406; x_wconf 79' lang='lat' dir='ltr'><strong>quamvis</strong></span> <span class='ocrx_word' id='word_1_358' title='bbox 1605 3349 1635 3389; x_wconf 89' lang='lat' dir='ltr'><strong>a</strong></span> <span class='ocrx_word' id='word_1_359' title='bbox 1663 3336 1805 3391; x_wconf 84' lang='lat' dir='ltr'><strong>scri-</strong></span> 
     </span>
    </p>
   </div>
   <div class='ocr_carea' id='block_1_50' title="bbox 1919 2215 3497 2302">
    <p class='ocr_par' dir='ltr' id='par_1_50' title="bbox 1919 2215 3497 2302">
     <span class='ocr_line' id='line_1_50' title="bbox 1919 2215 3497 2302; baseline -0.01 -16"><span class='ocrx_word' id='word_1_360' title='bbox 1919 2229 2175 2302; x_wconf 80' lang='lat' dir='ltr'><strong>ptoribus</strong></span> <span class='ocrx_word' id='word_1_361' title='bbox 2210 2224 2543 2281; x_wconf 86' lang='lat' dir='ltr'><strong>Christianis</strong></span> <span class='ocrx_word' id='word_1_362' title='bbox 2574 2231 2764 2293; x_wconf 86' lang='lat' dir='ltr'><strong>postea</strong></span> <span class='ocrx_word' id='word_1_363' title='bbox 2788 2221 3054 2285; x_wconf 82' lang='lat' dir='ltr'><strong>adhibita,</strong></span> <span class='ocrx_word' id='word_1_364' title='bbox 3088 2217 3313 2288; x_wconf 90' lang='lat' dir='ltr'><strong>scriptis</strong></span> <span class='ocrx_word' id='word_1_365' title='bbox 3338 2215 3497 2286; x_wconf 87' lang='lat' dir='ltr'><strong>primi</strong></span> 
     </span>
    </p>
   </div>
   <div class='ocr_carea' id='block_1_51' title="bbox 1918 2308 3498 2388">
    <p class='ocr_par' dir='ltr' id='par_1_51' title="bbox 1918 2308 3498 2388">
     <span class='ocr_line' id='line_1_51' title="bbox 1918 2308 3498 2388; baseline -0.013 -7"><span class='ocrx_word' id='word_1_366' title='bbox 1918 2320 2261 2381; x_wconf 88' lang='lat' dir='ltr'><strong>successoris</strong></span> <span class='ocrx_word' id='word_1_367' title='bbox 2312 2316 2691 2388; x_wconf 88' lang='lat' dir='ltr'><strong>apostolorum</strong></span> <span class='ocrx_word' id='word_1_368' title='bbox 2723 2312 3000 2383; x_wconf 86' lang='lat' dir='ltr'><strong>Principis</strong></span> <span class='ocrx_word' id='word_1_369' title='bbox 3063 2316 3173 2365; x_wconf 86' lang='lat' dir='ltr'><strong>no&#39;n</strong></span> <span class='ocrx_word' id='word_1_370' title='bbox 3206 2316 3291 2364; x_wconf 89' lang='lat' dir='ltr'><strong>sat</strong></span> <span class='ocrx_word' id='word_1_371' title='bbox 3330 2308 3498 2378; x_wconf 88' lang='lat' dir='ltr'><strong>digna</strong></span> 
     </span>
    </p>
   </div>
   <div class='ocr_carea' id='block_1_52' title="bbox 1918 2397 3502 2484">
    <p class='ocr_par' dir='ltr' id='par_1_52' title="bbox 1918 2397 3502 2484">
     <span class='ocr_line' id='line_1_52' title="bbox 1918 2397 3502 2484; baseline -0.013 -12"><span class='ocrx_word' id='word_1_372' title='bbox 1918 2415 2161 2480; x_wconf 85' lang='lat' dir='ltr'><strong>videtur,</strong></span> <span class='ocrx_word' id='word_1_373' title='bbox 2204 2411 2507 2484; x_wconf 59' lang='lat' dir='ltr'><strong>praesertim</strong></span> <span class='ocrx_word' id='word_1_374' title='bbox 2537 2415 2619 2462; x_wconf 84' lang='lat' dir='ltr'><strong>tot</strong></span> <span class='ocrx_word' id='word_1_375' title='bbox 2644 2406 2827 2461; x_wconf 82' lang='lat' dir='ltr'><strong>verbis</strong></span> <span class='ocrx_word' id='word_1_376' title='bbox 2858 2407 3129 2474; x_wconf 77' lang='lat' dir='ltr'><strong>exposita.</strong></span> <span class='ocrx_word' id='word_1_377' title='bbox 3155 2398 3373 2471; x_wconf 83' lang='lat' dir='ltr'><strong>Alioqui</strong></span> <span class='ocrx_word' id='word_1_378' title='bbox 3396 2397 3502 2453; x_wconf 84' lang='lat' dir='ltr'><strong>mi-</strong></span> 
     </span>
    </p>
   </div>
   <div class='ocr_carea' id='block_1_53' title="bbox 1916 2492 3500 2575">
    <p class='ocr_par' dir='ltr' id='par_1_53' title="bbox 1916 2492 3500 2575">
     <span class='ocr_line' id='line_1_53' title="bbox 1916 2492 3500 2575; baseline -0.013 -8"><span class='ocrx_word' id='word_1_379' title='bbox 1916 2527 2044 2568; x_wconf 91' lang='lat' dir='ltr'><strong>rum</strong></span> <span class='ocrx_word' id='word_1_380' title='bbox 2103 2508 2279 2563; x_wconf 89' lang='lat' dir='ltr'><strong>videri</strong></span> <span class='ocrx_word' id='word_1_381' title='bbox 2347 2520 2458 2560; x_wconf 91' lang='lat' dir='ltr'><strong>non</strong></span> <span class='ocrx_word' id='word_1_382' title='bbox 2501 2504 2676 2575; x_wconf 89' lang='lat' dir='ltr'><strong>possit</strong></span> <span class='ocrx_word' id='word_1_383' title='bbox 2706 2515 2829 2555; x_wconf 90' lang='lat' dir='ltr'><strong>eum</strong></span> <span class='ocrx_word' id='word_1_384' title='bbox 2870 2514 2994 2553; x_wconf 88' lang='lat' dir='ltr'><strong>esse</strong></span> <span class='ocrx_word' id='word_1_385' title='bbox 3030 2511 3191 2552; x_wconf 92' lang='lat' dir='ltr'><strong>usum</strong></span> <span class='ocrx_word' id='word_1_386' title='bbox 3238 2492 3500 2565; x_wconf 79' lang='lat' dir='ltr'><strong>opinione</strong></span> 
     </span>
    </p>
   </div>
   <div class='ocr_carea' id='block_1_54' title="bbox 1916 2587 3498 2670">
    <p class='ocr_par' dir='ltr' id='par_1_54' title="bbox 1916 2587 3498 2670">
     <span class='ocr_line' id='line_1_54' title="bbox 1916 2587 3498 2670; baseline -0.012 -13"><span class='ocrx_word' id='word_1_387' title='bbox 1916 2612 2050 2657; x_wconf 88' lang='lat' dir='ltr'><strong>tunc</strong></span> <span class='ocrx_word' id='word_1_388' title='bbox 2096 2599 2359 2670; x_wconf 88' lang='lat' dir='ltr'><strong>temporis</strong></span> <span class='ocrx_word' id='word_1_389' title='bbox 2401 2603 2643 2666; x_wconf 85' lang='lat' dir='ltr'><strong>recepta,</strong></span> <span class='ocrx_word' id='word_1_390' title='bbox 2696 2601 2756 2648; x_wconf 88' lang='lat' dir='ltr'><strong>ut</strong></span> <span class='ocrx_word' id='word_1_391' title='bbox 2801 2591 3053 2646; x_wconf 84' lang='lat' dir='ltr'><strong>ethnicus</strong></span> <span class='ocrx_word' id='word_1_392' title='bbox 3101 2589 3171 2643; x_wconf 90' lang='lat' dir='ltr'><strong>ad</strong></span> <span class='ocrx_word' id='word_1_393' title='bbox 3207 2587 3498 2642; x_wconf 82' lang='lat' dir='ltr'><strong>veritatem</strong></span> 
     </span>
    </p>
   </div>
   <div class='ocr_carea' id='block_1_55' title="bbox 1915 2679 3497 2759">
    <p class='ocr_par' dir='ltr' id='par_1_55' title="bbox 1915 2679 3497 2759">
     <span class='ocr_line' id='line_1_55' title="bbox 1915 2679 3497 2759; baseline -0.013 -9"><span class='ocrx_word' id='word_1_394' title='bbox 1915 2694 2176 2750; x_wconf 83' lang='lat' dir='ltr'><strong>doctrina:</strong></span> <span class='ocrx_word' id='word_1_395' title='bbox 2196 2690 2522 2746; x_wconf 84' lang='lat' dir='ltr'><strong>Christianae</strong></span> <span class='ocrx_word' id='word_1_396' title='bbox 2546 2686 2763 2759; x_wconf 87' lang='lat' dir='ltr'><strong>plenius</strong></span> <span class='ocrx_word' id='word_1_397' title='bbox 2780 2682 3171 2739; x_wconf 82' lang='lat' dir='ltr'><strong>admittendam</strong></span> <span class='ocrx_word' id='word_1_398' title='bbox 3204 2679 3497 2741; x_wconf 77' lang='lat' dir='ltr'><strong>invitaret;</strong></span> 
     </span>
    </p>
   </div>
   <div class='ocr_carea' id='block_1_56' title="bbox 1915 2762 3495 2859">
    <p class='ocr_par' dir='ltr' id='par_1_56' title="bbox 1915 2762 3495 2859">
     <span class='ocr_line' id='line_1_56' title="bbox 1915 2762 3495 2859; baseline -0.013 -18"><span class='ocrx_word' id='word_1_399' title='bbox 1915 2785 2190 2859; x_wconf 92' lang='lat' dir='ltr'><strong>quomodo</strong></span> <span class='ocrx_word' id='word_1_400' title='bbox 2209 2792 2263 2840; x_wconf 86' lang='lat' dir='ltr'><strong>et</strong></span> <span class='ocrx_word' id='word_1_401' title='bbox 2281 2783 2482 2837; x_wconf 90' lang='lat' dir='ltr'><strong>Paulus</strong></span> <span class='ocrx_word' id='word_1_402' title='bbox 2503 2796 2635 2836; x_wconf 91' lang='lat' dir='ltr'><strong>usus</strong></span> <span class='ocrx_word' id='word_1_403' title='bbox 2662 2762 2747 2834; x_wconf 79' lang='lat' dir='ltr'><strong>est</strong></span> <span class='ocrx_word' id='word_1_404' title='bbox 2770 2776 3133 2847; x_wconf 88' lang='lat' dir='ltr'><strong>inscriptione</strong></span> <span class='ocrx_word' id='word_1_405' title='bbox 3155 2772 3251 2826; x_wconf 82' lang='lat' dir='ltr'><strong>Dei</strong></span> <span class='ocrx_word' id='word_1_406' title='bbox 3271 2770 3437 2842; x_wconf 81' lang='lat' dir='ltr'><strong>ignoti</strong></span> <span class='ocrx_word' id='word_1_407' title='bbox 3450 2770 3495 2833; x_wconf 83' lang='lat'><strong>&#39;,</strong></span> 
     </span>
    </p>
   </div>
   <div class='ocr_carea' id='block_1_57' title="bbox 1914 2861 3500 2949">
    <p class='ocr_par' dir='ltr' id='par_1_57' title="bbox 1914 2861 3500 2949">
     <span class='ocr_line' id='line_1_57' title="bbox 1914 2861 3500 2949; baseline -0.013 -17"><span class='ocrx_word' id='word_1_408' title='bbox 1914 2877 2168 2949; x_wconf 85' lang='lat' dir='ltr'><strong>quamvis</strong></span> <span class='ocrx_word' id='word_1_409' title='bbox 2218 2875 2485 2931; x_wconf 76' lang='lat' dir='ltr'><strong>sententia</strong></span> <span class='ocrx_word' id='word_1_410' title='bbox 2517 2870 2734 2926; x_wconf 88' lang='lat' dir='ltr'><strong>diversa</strong></span> <span class='ocrx_word' id='word_1_411' title='bbox 2760 2869 2828 2922; x_wconf 86' lang='lat' dir='ltr'><strong>ab</strong></span> <span class='ocrx_word' id='word_1_412' title='bbox 2860 2866 3118 2937; x_wconf 88' lang='lat' dir='ltr'><strong>opinione</strong></span> <span class='ocrx_word' id='word_1_413' title='bbox 3156 2861 3366 2933; x_wconf 85' lang='lat' dir='ltr'><strong>vulgari</strong></span> <span class='ocrx_word' id='word_1_414' title='bbox 3412 2865 3500 2913; x_wconf 80' lang='lat' dir='ltr'><strong>at-</strong></span> 
     </span>
    </p>
   </div>
   <div class='ocr_carea' id='block_1_58' title="bbox 1913 2955 3500 3040">
    <p class='ocr_par' dir='ltr' id='par_1_58' title="bbox 1913 2955 3500 3040">
     <span class='ocr_line' id='line_1_58' title="bbox 1913 2955 3500 3040; baseline -0.011 -16"><span class='ocrx_word' id='word_1_415' title='bbox 1913 2986 2022 3040; x_wconf 91' lang='lat' dir='ltr'><strong>que</strong></span> <span class='ocrx_word' id='word_1_416' title='bbox 2040 2968 2415 3039; x_wconf 86' lang='lat' dir='ltr'><strong>inscriptionis</strong></span> <span class='ocrx_word' id='word_1_417' title='bbox 2444 2964 2562 3020; x_wconf 87' lang='lat' dir='ltr'><strong>basi</strong></span> <span class='ocrx_word' id='word_1_418' title='bbox 2592 2978 2701 3017; x_wconf 68' lang='lat' dir='ltr'><strong>ara;</strong></span> <span class='ocrx_word' id='word_1_419' title='bbox 2730 2961 3037 3030; x_wconf 61' lang='lat' dir='ltr'><strong>insculptis.</strong></span> <span class='ocrx_word' id='word_1_420' title='bbox 3076 2955 3340 3011; x_wconf 84' lang='lat' dir='ltr'><strong>Putabam</strong></span> <span class='ocrx_word' id='word_1_421' title='bbox 3364 2966 3500 3021; x_wconf 87' lang='lat' dir='ltr'><strong>ergo</strong></span> 
     </span>
    </p>
   </div>
   <div class='ocr_carea' id='block_1_59' title="bbox 1912 3046 3498 3131">
    <p class='ocr_par' dir='ltr' id='par_1_59' title="bbox 1912 3046 3498 3131">
     <span class='ocr_line' id='line_1_59' title="bbox 1912 3046 3498 3131; baseline -0.013 -14"><span class='ocrx_word' id='word_1_422' title='bbox 1912 3060 2339 3131; x_wconf 78' lang='lat' dir='ltr'><strong>descriptionem</strong></span> <span class='ocrx_word' id='word_1_423' title='bbox 2370 3055 2639 3129; x_wconf 70' lang='lat' dir='ltr'><strong>phmnicis</strong></span> <span class='ocrx_word' id='word_1_424' title='bbox 2670 3053 2940 3122; x_wconf 87' lang='lat' dir='ltr'><strong>adjectam</strong></span> <span class='ocrx_word' id='word_1_425' title='bbox 2964 3049 3035 3103; x_wconf 92' lang='lat' dir='ltr'><strong>ab</strong></span> <span class='ocrx_word' id='word_1_426' title='bbox 3058 3049 3165 3101; x_wconf 92' lang='lat' dir='ltr'><strong>alio</strong></span> <span class='ocrx_word' id='word_1_427' title='bbox 3180 3046 3360 3101; x_wconf 78' lang='lat' dir='ltr'><strong>fuisse</strong></span> <span class='ocrx_word' id='word_1_428' title='bbox 3388 3059 3498 3097; x_wconf 78' lang='lat' dir='ltr'><strong>nu-</strong></span> 
     </span>
    </p>
   </div>
   <div class='ocr_carea' id='block_1_60' title="bbox 1912 3136 3496 3226">
    <p class='ocr_par' dir='ltr' id='par_1_60' title="bbox 1912 3136 3496 3226">
     <span class='ocr_line' id='line_1_60' title="bbox 1912 3136 3496 3226; baseline -0.009 -18"><span class='ocrx_word' id='word_1_429' title='bbox 1912 3156 1995 3209; x_wconf 83' lang='lat' dir='ltr'><strong>dae</strong></span> <span class='ocrx_word' id='word_1_430' title='bbox 2024 3154 2144 3226; x_wconf 91' lang='lat' dir='ltr'><strong>ejus</strong></span> <span class='ocrx_word' id='word_1_431' title='bbox 2174 3150 2460 3215; x_wconf 88' lang='lat' dir='ltr'><strong>mentioni,</strong></span> <span class='ocrx_word' id='word_1_432' title='bbox 2484 3165 2515 3203; x_wconf 86' lang='lat' dir='ltr'><strong>a</strong></span> <span class='ocrx_word' id='word_1_433' title='bbox 2537 3147 2820 3203; x_wconf 89' lang='lat' dir='ltr'><strong>Clemente</strong></span> <span class='ocrx_word' id='word_1_434' title='bbox 2845 3145 3022 3201; x_wconf 83' lang='lat' dir='ltr'><strong>obiter</strong></span> <span class='ocrx_word' id='word_1_435' title='bbox 3042 3142 3288 3213; x_wconf 85' lang='lat' dir='ltr'><strong>injectae;</strong></span> <span class='ocrx_word' id='word_1_436' title='bbox 3320 3137 3415 3195; x_wconf 90' lang='lat' dir='ltr'><strong>sed</strong></span> <span class='ocrx_word' id='word_1_437' title='bbox 3440 3136 3496 3193; x_wconf 85' lang='lat' dir='ltr'><strong>in</strong></span> 
     </span>
    </p>
   </div>
   <div class='ocr_carea' id='block_1_61' title="bbox 1914 3241 3497 3313">
    <p class='ocr_par' dir='ltr' id='par_1_61' title="bbox 1914 3241 3497 3313">
     <span class='ocr_line' id='line_1_61' title="bbox 1914 3241 3497 3313; baseline -0.008 -12"><span class='ocrx_word' id='word_1_438' title='bbox 1914 3248 2139 3301; x_wconf 85' lang='lat' dir='ltr'><strong>meliore</strong></span> <span class='ocrx_word' id='word_1_439' title='bbox 2167 3256 2261 3300; x_wconf 93' lang='lat' dir='ltr'><strong>tua</strong></span> <span class='ocrx_word' id='word_1_440' title='bbox 2284 3243 2557 3300; x_wconf 87' lang='lat' dir='ltr'><strong>sententia</strong></span> <span class='ocrx_word' id='word_1_441' title='bbox 2587 3241 2904 3313; x_wconf 87' lang='lat' dir='ltr'><strong>acquiesco,</strong></span> <span class='ocrx_word' id='word_1_442' title='bbox 2949 3253 3053 3294; x_wconf 87' lang='lat' dir='ltr'><strong>nec</strong></span> <span class='ocrx_word' id='word_1_443' title='bbox 3084 3252 3264 3293; x_wconf 85' lang='lat' dir='ltr'><strong>meum</strong></span> <span class='ocrx_word' id='word_1_444' title='bbox 3296 3241 3383 3290; x_wconf 89' lang='lat' dir='ltr'><strong>est</strong></span> <span class='ocrx_word' id='word_1_445' title='bbox 3412 3241 3497 3289; x_wconf 85' lang='lat' dir='ltr'><strong>te-</strong></span> 
     </span>
    </p>
   </div>
   <div class='ocr_carea' id='block_1_62' title="bbox 1912 3337 2427 3394">
    <p class='ocr_par' dir='ltr' id='par_1_62' title="bbox 1912 3337 2427 3394">
     <span class='ocr_line' id='line_1_62' title="bbox 1912 3337 2427 3394; baseline -0.002 0"><span class='ocrx_word' id='word_1_446' title='bbox 1912 3356 2037 3394; x_wconf 88' lang='lat' dir='ltr'><strong>cum</strong></span> <span class='ocrx_word' id='word_1_447' title='bbox 2070 3337 2427 3394; x_wconf 87' lang='lat' dir='ltr'><strong>contendere.</strong></span> 
     </span>
    </p>
   </div>
   <div class='ocr_carea' id='block_1_63' title="bbox 202 3477 3497 3639">
    <p class='ocr_par' dir='ltr' id='par_1_63' title="bbox 202 3477 3497 3639">
     <span class='ocr_line' id='line_1_63' title="bbox 202 3477 3497 3639; baseline 0.004 -99"><span class='ocrx_word' id='word_1_448' title='bbox 202 3477 483 3555; x_wconf 69' lang='lat' dir='ltr'><strong>(Etccrpta</strong></span> <span class='ocrx_word' id='word_1_449' title='bbox 515 3486 632 3541; x_wconf 65' lang='lat' dir='ltr'><strong>hac</strong></span> <span class='ocrx_word' id='word_1_450' title='bbox 654 3501 777 3559; x_wconf 68' lang='lat' dir='ltr'><strong>sunt</strong></span> <span class='ocrx_word' id='word_1_451' title='bbox 808 3506 837 3544; x_wconf 84' lang='lat' dir='ltr'><strong>e</strong></span> <span class='ocrx_word' id='word_1_452' title='bbox 865 3492 1176 3547; x_wconf 80' lang='lat' dir='ltr'><strong>testimoniis</strong></span> <span class='ocrx_word' id='word_1_453' title='bbox 1198 3493 1263 3550; x_wconf 84' lang='lat' dir='ltr'><strong>de</strong></span> <span class='ocrx_word' id='word_1_454' title='bbox 1290 3494 1550 3565; x_wconf 83' lang='lat' dir='ltr'><strong>Bignonio</strong></span> <span class='ocrx_word' id='word_1_455' title='bbox 1573 3537 1588 3559; x_wconf 94' lang='lat'><strong>,</strong></span> <span class='ocrx_word' id='word_1_456' title='bbox 1617 3512 1733 3619; x_wconf 53' lang='lat' dir='ltr'><strong>qua:</strong></span> <span class='ocrx_word' id='word_1_457' title='bbox 1753 3496 2163 3639; x_wconf 61' lang='grc' dir='ltr'><strong>σιτενέτωῖιὶοηὶ</strong></span> <span class='ocrx_word' id='word_1_458' title='bbox 2186 3498 2454 3555; x_wconf 72' lang='lat' dir='ltr'><strong>Parisina</strong></span> <span class='ocrx_word' id='word_1_459' title='bbox 2483 3497 2868 3555; x_wconf 79' lang='lat' dir='ltr'><strong>Formularum</strong></span> <span class='ocrx_word' id='word_1_460' title='bbox 2893 3494 3147 3565; x_wconf 75' lang='lat' dir='ltr'><strong>Herculﬁ</strong></span> <span class='ocrx_word' id='word_1_461' title='bbox 3176 3508 3303 3546; x_wconf 70' lang='lat' dir='ltr'><strong>ann!</strong></span> <span class='ocrx_word' id='word_1_462' title='bbox 3355 3488 3497 3547; x_wconf 71' lang='grc'><strong>1663</strong></span> 
     </span>
     <span class='ocr_line' id='line_1_64' title="bbox 1599 3581 1995 3635; baseline 0.01 -15"><span class='ocrx_word' id='word_1_463' title='bbox 1599 3582 1699 3621; x_wconf 79' lang='lat' dir='ltr'><strong>sun</strong></span> <span class='ocrx_word' id='word_1_464' title='bbox 1748 3581 1860 3635; x_wconf 67' lang='lat' dir='ltr'><strong>prae</strong></span> <span class='ocrx_word' id='word_1_465' title='bbox 1941 3586 1995 3625; x_wconf 91' lang='lat' dir='ltr'><strong>a.</strong></span> 
     </span>
    </p>
   </div>
   <div class='ocr_carea' id='block_1_64' title="bbox 1599 3581 1995 3635">
    <p class='ocr_par' dir='ltr' id='par_1_64' title="bbox 1599 3581 1995 3635">
     <span class='ocr_line' id='line_1_65' title="bbox 1599 3581 1995 3635; baseline 0.008 -14"><span class='ocrx_word' id='word_1_466' title='bbox 1599 3581 1723 3621; x_wconf 77' lang='lat' dir='ltr'><strong>sunt</strong></span> <span class='ocrx_word' id='word_1_467' title='bbox 1748 3581 1995 3635; x_wconf 66' lang='lat' dir='ltr'><strong>prmium.</strong></span> 
     </span>
    </p>
   </div>
   <div class='ocr_carea' id='block_1_65' title="bbox 1045 3824 2628 3923">
    <p class='ocr_par' dir='ltr' id='par_1_65' title="bbox 1045 3824 2628 3923">
     <span class='ocr_line' id='line_1_66' title="bbox 1045 3824 2628 3923; baseline 0.005 -10"><span class='ocrx_word' id='word_1_468' title='bbox 1045 3824 1203 3914; x_wconf 89' lang='lat' dir='ltr'><strong>HE</strong></span> <span class='ocrx_word' id='word_1_469' title='bbox 1226 3826 1797 3918; x_wconf 81' lang='lat' dir='ltr'><strong>RMANNUS</strong></span> <span class='ocrx_word' id='word_1_470' title='bbox 1868 3826 2628 3923; x_wconf 81' lang='lat' dir='ltr'><strong>CONBINGIUS</strong></span> 
     </span>
    </p>
   </div>
   <div class='ocr_carea' id='block_1_66' title="bbox 713 4014 2975 4094">
    <p class='ocr_par' dir='ltr' id='par_1_66' title="bbox 713 4014 2975 4094">
     <span class='ocr_line' id='line_1_67' title="bbox 713 4014 2975 4094; baseline 0.004 -19"><span class='ocrx_word' id='word_1_471' title='bbox 713 4014 1134 4081; x_wconf 80' lang='lat' dir='ltr'><strong>JOACHIMO</strong></span> <span class='ocrx_word' id='word_1_472' title='bbox 1186 4016 1480 4081; x_wconf 75' lang='lat' dir='ltr'><strong>JOANNI</strong></span> <span class='ocrx_word' id='word_1_473' title='bbox 1521 4019 1892 4094; x_wconf 83' lang='lat' dir='ltr'><strong>MADEBO,</strong></span> <span class='ocrx_word' id='word_1_474' title='bbox 1930 4019 2132 4085; x_wconf 71' lang='grc' dir='ltr'><strong>ἮΒο</strong></span> <span class='ocrx_word' id='word_1_475' title='bbox 2161 4022 2656 4085; x_wconf 79' lang='lat' dir='ltr'><strong>DOCTISSIMO</strong></span> <span class='ocrx_word' id='word_1_476' title='bbox 2689 4023 2750 4085; x_wconf 88' lang='lat' dir='ltr'><strong>S.</strong></span> <span class='ocrx_word' id='word_1_477' title='bbox 2800 4024 2867 4083; x_wconf 89' lang='lat' dir='ltr'><strong>P.</strong></span> <span class='ocrx_word' id='word_1_478' title='bbox 2906 4024 2975 4085; x_wconf 91' lang='lat' dir='ltr'><strong>D.</strong></span> 
     </span>
    </p>
   </div>
   <div class='ocr_carea' id='block_1_67' title="bbox 284 4262 3489 4343">
    <p class='ocr_par' dir='ltr' id='par_1_67' title="bbox 284 4262 3489 4343">
     <span class='ocr_line' id='line_1_68' title="bbox 284 4262 3489 4343; baseline 0.004 -24"><span class='ocrx_word' id='word_1_479' title='bbox 284 4262 555 4319; x_wconf 64' lang='lat' dir='ltr'><strong>Prceiare</strong></span> <span class='ocrx_word' id='word_1_480' title='bbox 581 4263 649 4317; x_wconf 92' lang='lat' dir='ltr'><strong>de</strong></span> <span class='ocrx_word' id='word_1_481' title='bbox 672 4263 893 4333; x_wconf 83' lang='lat' dir='ltr'><strong>publico</strong></span> <span class='ocrx_word' id='word_1_482' title='bbox 918 4280 1168 4329; x_wconf 77' lang='lat' dir='ltr'><strong>mereris,</strong></span> <span class='ocrx_word' id='word_1_483' title='bbox 1201 4263 1523 4323; x_wconf 90' lang='lat' dir='ltr'><strong>doctissime</strong></span> <span class='ocrx_word' id='word_1_484' title='bbox 1557 4266 1793 4333; x_wconf 81' lang='lat' dir='ltr'><strong>Madere,</strong></span> <span class='ocrx_word' id='word_1_485' title='bbox 1830 4275 1874 4329; x_wconf 83' lang='grc' dir='ltr'><strong>Ι)</strong></span> <span class='ocrx_word' id='word_1_486' title='bbox 1903 4272 2079 4336; x_wconf 89' lang='lat' dir='ltr'><strong>nium,</strong></span> <span class='ocrx_word' id='word_1_487' title='bbox 2130 4271 2307 4327; x_wconf 84' lang='lat' dir='ltr'><strong>induti</strong></span> <span class='ocrx_word' id='word_1_488' title='bbox 2352 4270 2467 4341; x_wconf 92' lang='lat' dir='ltr'><strong>jam</strong></span> <span class='ocrx_word' id='word_1_489' title='bbox 2524 4270 2754 4343; x_wconf 89' lang='lat' dir='ltr'><strong>proinde</strong></span> <span class='ocrx_word' id='word_1_490' title='bbox 2807 4272 2961 4328; x_wconf 83' lang='lat' dir='ltr'><strong>stolis</strong></span> <span class='ocrx_word' id='word_1_491' title='bbox 2986 4274 3259 4341; x_wconf 81' lang='lat' dir='ltr'><strong>candidis,</strong></span> <span class='ocrx_word' id='word_1_492' title='bbox 3286 4286 3335 4329; x_wconf 86' lang='lat' dir='ltr'><strong>et</strong></span> <span class='ocrx_word' id='word_1_493' title='bbox 3366 4292 3489 4332; x_wconf 82' lang='lat' dir='ltr'><strong>ante</strong></span> 
     </span>
    </p>
   </div>
   <div class='ocr_carea' id='block_1_68' title="bbox 215 4353 1793 4429">
    <p class='ocr_par' dir='ltr' id='par_1_68' title="bbox 215 4353 1793 4429">
     <span class='ocr_line' id='line_1_69' title="bbox 215 4353 1793 4429; baseline 0.004 -21"><span class='ocrx_word' id='word_1_494' title='bbox 215 4353 336 4429; x_wconf 85' lang='lat' dir='ltr'><strong>illas</strong></span> <span class='ocrx_word' id='word_1_495' title='bbox 365 4356 556 4418; x_wconf 86' lang='lat' dir='ltr'><strong>horas,</strong></span> <span class='ocrx_word' id='word_1_496' title='bbox 584 4370 721 4423; x_wconf 88' lang='lat' dir='ltr'><strong>quas</strong></span> <span class='ocrx_word' id='word_1_497' title='bbox 751 4355 1036 4411; x_wconf 87' lang='lat' dir='ltr'><strong>succidere</strong></span> <span class='ocrx_word' id='word_1_498' title='bbox 1060 4356 1158 4412; x_wconf 84' lang='lat' dir='ltr'><strong>tibi</strong></span> <span class='ocrx_word' id='word_1_499' title='bbox 1181 4355 1309 4412; x_wconf 91' lang='lat' dir='ltr'><strong>licet</strong></span> <span class='ocrx_word' id='word_1_500' title='bbox 1346 4356 1630 4414; x_wconf 89' lang='lat' dir='ltr'><strong>ordinario</strong></span> <span class='ocrx_word' id='word_1_501' title='bbox 1672 4376 1793 4414; x_wconf 90' lang='lat' dir='ltr'><strong>mu-</strong></span> 
     </span>
    </p>
   </div>
   <div class='ocr_carea' id='block_1_69' title="bbox 214 4444 1795 4517">
    <p class='ocr_par' dir='ltr' id='par_1_69' title="bbox 214 4444 1795 4517">
     <span class='ocr_line' id='line_1_70' title="bbox 214 4444 1795 4517; baseline 0.004 -15"><span class='ocrx_word' id='word_1_502' title='bbox 214 4448 351 4509; x_wconf 87' lang='lat' dir='ltr'><strong>neri,</strong></span> <span class='ocrx_word' id='word_1_503' title='bbox 387 4447 443 4501; x_wconf 93' lang='lat' dir='ltr'><strong>in</strong></span> <span class='ocrx_word' id='word_1_504' title='bbox 483 4444 538 4500; x_wconf 92' lang='lat' dir='ltr'><strong>id</strong></span> <span class='ocrx_word' id='word_1_505' title='bbox 568 4446 912 4517; x_wconf 89' lang='lat' dir='ltr'><strong>impendens,</strong></span> <span class='ocrx_word' id='word_1_506' title='bbox 956 4455 1013 4502; x_wconf 94' lang='lat' dir='ltr'><strong>ut</strong></span> <span class='ocrx_word' id='word_1_507' title='bbox 1050 4448 1366 4506; x_wconf 89' lang='lat' dir='ltr'><strong>hominibus</strong></span> <span class='ocrx_word' id='word_1_508' title='bbox 1402 4452 1609 4507; x_wconf 90' lang='lat' dir='ltr'><strong>nostris</strong></span> <span class='ocrx_word' id='word_1_509' title='bbox 1641 4453 1795 4507; x_wconf 78' lang='lat' dir='ltr'><strong>exhi-</strong></span> 
     </span>
    </p>
   </div>
   <div class='ocr_carea' id='block_1_70' title="bbox 214 4539 1795 4617">
    <p class='ocr_par' dir='ltr' id='par_1_70' title="bbox 214 4539 1795 4617">
     <span class='ocr_line' id='line_1_71' title="bbox 214 4539 1795 4617; baseline 0.005 -23"><span class='ocrx_word' id='word_1_510' title='bbox 214 4540 343 4595; x_wconf 88' lang='lat' dir='ltr'><strong>beas</strong></span> <span class='ocrx_word' id='word_1_511' title='bbox 376 4539 571 4611; x_wconf 67' lang='lat' dir='ltr'><strong>prima:</strong></span> <span class='ocrx_word' id='word_1_512' title='bbox 601 4540 751 4596; x_wconf 91' lang='lat' dir='ltr'><strong>illius</strong></span> <span class='ocrx_word' id='word_1_513' title='bbox 778 4556 957 4597; x_wconf 73' lang='lat' dir='ltr'><strong>aurea:</strong></span> <span class='ocrx_word' id='word_1_514' title='bbox 996 4544 1337 4614; x_wconf 85' lang='lat' dir='ltr'><strong>tempestatis</strong></span> <span class='ocrx_word' id='word_1_515' title='bbox 1376 4560 1498 4615; x_wconf 68' lang='lat' dir='ltr'><strong>quae</strong></span> <span class='ocrx_word' id='word_1_516' title='bbox 1534 4559 1795 4617; x_wconf 89' lang='lat' dir='ltr'><strong>superant</strong></span> 
     </span>
    </p>
   </div>
   <div class='ocr_carea' id='block_1_71' title="bbox 212 4628 1793 4703">
    <p class='ocr_par' dir='ltr' id='par_1_71' title="bbox 212 4628 1793 4703">
     <span class='ocr_line' id='line_1_72' title="bbox 212 4628 1793 4703; baseline 0.006 -21"><span class='ocrx_word' id='word_1_517' title='bbox 212 4636 590 4684; x_wconf 86' lang='lat' dir='ltr'><strong>monumenta.</strong></span> <span class='ocrx_word' id='word_1_518' title='bbox 650 4628 765 4686; x_wconf 78' lang='lat' dir='ltr'><strong>Etsi</strong></span> <span class='ocrx_word' id='word_1_519' title='bbox 816 4632 1301 4703; x_wconf 77' lang='lat' dir='ltr'><strong>enim&#39;perfectus</strong></span> <span class='ocrx_word' id='word_1_520' title='bbox 1362 4637 1432 4690; x_wconf 90' lang='lat' dir='ltr'><strong>sit</strong></span> <span class='ocrx_word' id='word_1_521' title='bbox 1482 4634 1793 4693; x_wconf 83' lang='lat' dir='ltr'><strong>divinarum</strong></span> 
     </span>
    </p>
   </div>
   <div class='ocr_carea' id='block_1_72' title="bbox 213 4720 1793 4801">
    <p class='ocr_par' dir='ltr' id='par_1_72' title="bbox 213 4720 1793 4801">
     <span class='ocr_line' id='line_1_73' title="bbox 213 4720 1793 4801; baseline 0.004 -25"><span class='ocrx_word' id='word_1_522' title='bbox 213 4720 615 4791; x_wconf 81' lang='lat' dir='ltr'><strong>Scripturan</strong></span> <span class='ocrx_word' id='word_1_523' title='bbox 658 4739 850 4786; x_wconf 77' lang='lat' dir='ltr'><strong>canon,</strong></span> <span class='ocrx_word' id='word_1_524' title='bbox 897 4732 952 4779; x_wconf 83' lang='lat' dir='ltr'><strong>et</strong></span> <span class='ocrx_word' id='word_1_525' title='bbox 984 4725 1304 4794; x_wconf 86' lang='lat' dir='ltr'><strong>jamdudum</strong></span> <span class='ocrx_word' id='word_1_526' title='bbox 1350 4743 1475 4783; x_wconf 92' lang='lat' dir='ltr'><strong>cum</strong></span> <span class='ocrx_word' id='word_1_527' title='bbox 1522 4728 1579 4785; x_wconf 89' lang='lat' dir='ltr'><strong>S.</strong></span> <span class='ocrx_word' id='word_1_528' title='bbox 1614 4730 1793 4801; x_wconf 79' lang='lat' dir='ltr'><strong>Augu-</strong></span> 
     </span>
    </p>
   </div>
   <div class='ocr_carea' id='block_1_73' title="bbox 147 4814 1792 4890">
    <p class='ocr_par' dir='ltr' id='par_1_73' title="bbox 147 4814 1792 4890">
     <span class='ocr_line' id='line_1_74' title="bbox 147 4814 1792 4890; baseline 0.005 -21"><span class='ocrx_word' id='word_1_529' title='bbox 147 4887 150 4890; x_wconf 16' lang='lat'><strong><em>.</em></strong></span> <span class='ocrx_word' id='word_1_530' title='bbox 211 4814 421 4869; x_wconf 79' lang='lat' dir='ltr'><strong>stino“</strong></span> <span class='ocrx_word' id='word_1_531' title='bbox 452 4814 818 4884; x_wconf 79' lang='lat' dir='ltr'><strong>didicerimus,</strong></span> <span class='ocrx_word' id='word_1_532' title='bbox 847 4818 976 4872; x_wconf 85' lang='lat' dir='ltr'><strong>solis</strong></span> <span class='ocrx_word' id='word_1_533' title='bbox 1009 4818 1116 4873; x_wconf 81' lang='lat' dir='ltr'><strong>illis</strong></span> <span class='ocrx_word' id='word_1_534' title='bbox 1160 4819 1311 4876; x_wconf 81' lang='lat' dir='ltr'><strong>libris</strong></span> <span class='ocrx_word' id='word_1_535' title='bbox 1360 4822 1498 4876; x_wconf 88' lang='lat' dir='ltr'><strong>hunc</strong></span> <span class='ocrx_word' id='word_1_536' title='bbox 1545 4823 1792 4879; x_wconf 76' lang='lat' dir='ltr'><strong>honorem</strong></span> 
     </span>
    </p>
   </div>
   <div class='ocr_carea' id='block_1_74' title="bbox 214 4900 1794 4978">
    <p class='ocr_par' dir='ltr' id='par_1_74' title="bbox 214 4900 1794 4978">
     <span class='ocr_line' id='line_1_75' title="bbox 214 4900 1794 4978; baseline 0.006 -17"><span class='ocrx_word' id='word_1_537' title='bbox 214 4908 558 4978; x_wconf 68' lang='lat' dir='ltr'><strong>timoremque</strong></span> <span class='ocrx_word' id='word_1_538' title='bbox 586 4900 812 4978; x_wconf 78' lang='lat' dir='ltr'><strong>deferre,</strong></span> <span class='ocrx_word' id='word_1_539' title='bbox 839 4922 895 4963; x_wconf 85' lang='lat' dir='ltr'><strong>ut</strong></span> <span class='ocrx_word' id='word_1_540' title='bbox 926 4912 1132 4966; x_wconf 80' lang='lat' dir='ltr'><strong>nultum</strong></span> <span class='ocrx_word' id='word_1_541' title='bbox 1174 4928 1357 4967; x_wconf 84' lang='lat' dir='ltr'><strong>eorum</strong></span> <span class='ocrx_word' id='word_1_542' title='bbox 1384 4914 1660 4970; x_wconf 79' lang='lat' dir='ltr'><strong>scribendo</strong></span> <span class='ocrx_word' id='word_1_543' title='bbox 1684 4916 1794 4971; x_wconf 78' lang='lat' dir='ltr'><strong>ali-</strong></span> 
     </span>
    </p>
   </div>
   <div class='ocr_carea' id='block_1_75' title="bbox 209 4992 1791 5076">
    <p class='ocr_par' dir='ltr' id='par_1_75' title="bbox 209 4992 1791 5076">
     <span class='ocr_line' id='line_1_76' title="bbox 209 4992 1791 5076; baseline 0.008 -24"><span class='ocrx_word' id='word_1_544' title='bbox 209 5000 335 5071; x_wconf 70' lang='lat' dir='ltr'><strong>quid</strong></span> <span class='ocrx_word' id='word_1_545' title='bbox 374 4992 938 5069; x_wconf 24' lang='lat' dir='ltr'><strong>errassc,‘ﬁrmissime</strong></span> <span class='ocrx_word' id='word_1_546' title='bbox 970 5004 1245 5057; x_wconf 88' lang='lat' dir='ltr'><strong>credamus</strong></span> <span class='ocrx_word' id='word_1_547' title='bbox 1272 5020 1290 5057; x_wconf 90' lang='lat'><strong><em>:</em></strong></span> <span class='ocrx_word' id='word_1_548' title='bbox 1339 5021 1437 5076; x_wconf 88' lang='lat' dir='ltr'><strong>per</strong></span> <span class='ocrx_word' id='word_1_549' title='bbox 1477 5018 1655 5063; x_wconf 83' lang='lat' dir='ltr'><strong>tamen</strong></span> <span class='ocrx_word' id='word_1_550' title='bbox 1714 5011 1791 5065; x_wconf 90' lang='lat' dir='ltr'><strong>si-</strong></span> 
     </span>
    </p>
   </div>
   <div class='ocr_carea' id='block_1_76' title="bbox 212 5089 1791 5173">
    <p class='ocr_par' dir='ltr' id='par_1_76' title="bbox 212 5089 1791 5173">
     <span class='ocr_line' id='line_1_77' title="bbox 212 5089 1791 5173; baseline 0.011 -33"><span class='ocrx_word' id='word_1_551' title='bbox 212 5090 320 5143; x_wconf 91' lang='lat' dir='ltr'><strong>mul</strong></span> <span class='ocrx_word' id='word_1_552' title='bbox 348 5098 439 5146; x_wconf 90' lang='lat' dir='ltr'><strong>est</strong></span> <span class='ocrx_word' id='word_1_553' title='bbox 463 5089 766 5159; x_wconf 88' lang='lat' dir='ltr'><strong>jucundum</strong></span> <span class='ocrx_word' id='word_1_554' title='bbox 795 5101 958 5163; x_wconf 91' lang='lat' dir='ltr'><strong>atque</strong></span> <span class='ocrx_word' id='word_1_555' title='bbox 982 5094 1132 5158; x_wconf 91' lang='lat' dir='ltr'><strong>utile,</strong></span> <span class='ocrx_word' id='word_1_556' title='bbox 1170 5097 1542 5166; x_wconf 88' lang='lat' dir='ltr'><strong>apostolorum</strong></span> <span class='ocrx_word' id='word_1_557' title='bbox 1573 5116 1791 5173; x_wconf 91' lang='lat' dir='ltr'><strong>quoque</strong></span> 
     </span>
    </p>
   </div>
   <div class='ocr_carea' id='block_1_77' title="bbox 210 5176 1790 5258">
    <p class='ocr_par' dir='ltr' id='par_1_77' title="bbox 210 5176 1790 5258">
     <span class='ocr_line' id='line_1_78' title="bbox 210 5176 1790 5258; baseline 0.008 -25"><span class='ocrx_word' id='word_1_558' title='bbox 210 5176 517 5252; x_wconf 87' lang='lat' dir='ltr'><strong>discipulos</strong></span> <span class='ocrx_word' id='word_1_559' title='bbox 546 5182 934 5253; x_wconf 85' lang='lat' dir='ltr'><strong>auditoresque</strong></span> <span class='ocrx_word' id='word_1_560' title='bbox 964 5186 1277 5251; x_wconf 88' lang='lat' dir='ltr'><strong>consulere.</strong></span> <span class='ocrx_word' id='word_1_561' title='bbox 1309 5188 1440 5258; x_wconf 89' lang='lat' dir='ltr'><strong>quid</strong></span> <span class='ocrx_word' id='word_1_562' title='bbox 1471 5189 1550 5243; x_wconf 92' lang='lat' dir='ltr'><strong>illi</strong></span> <span class='ocrx_word' id='word_1_563' title='bbox 1581 5190 1790 5247; x_wconf 90' lang='lat' dir='ltr'><strong>scilicet</strong></span> 
     </span>
    </p>
   </div>
   <div class='ocr_carea' id='block_1_78' title="bbox 211 5264 1789 5353">
    <p class='ocr_par' dir='ltr' id='par_1_78' title="bbox 211 5264 1789 5353">
     <span class='ocr_line' id='line_1_79' title="bbox 211 5264 1789 5353; baseline 0.009 -27"><span class='ocrx_word' id='word_1_564' title='bbox 211 5287 241 5326; x_wconf 90' lang='lat' dir='ltr'><strong>a</strong></span> <span class='ocrx_word' id='word_1_565' title='bbox 265 5264 438 5330; x_wconf 65' lang='lat' dir='ltr'><strong>ta&#39;ntis</strong></span> <span class='ocrx_word' id='word_1_566' title='bbox 467 5274 748 5346; x_wconf 81' lang='lat' dir='ltr'><strong>magistris</strong></span> <span class='ocrx_word' id='word_1_567' title='bbox 776 5276 1111 5346; x_wconf 90' lang='lat' dir='ltr'><strong>acceperint,</strong></span> <span class='ocrx_word' id='word_1_568' title='bbox 1146 5287 1239 5333; x_wconf 91' lang='lat' dir='ltr'><strong>aut</strong></span> <span class='ocrx_word' id='word_1_569' title='bbox 1268 5288 1418 5338; x_wconf 89' lang='lat' dir='ltr'><strong>certe</strong></span> <span class='ocrx_word' id='word_1_570' title='bbox 1446 5289 1653 5353; x_wconf 87' lang='lat' dir='ltr'><strong>quanta</strong></span> <span class='ocrx_word' id='word_1_571' title='bbox 1683 5283 1789 5340; x_wconf 82' lang='lat' dir='ltr'><strong>ﬁde</strong></span> 
     </span>
    </p>
   </div>
   <div class='ocr_carea' id='block_1_79' title="bbox 210 5362 1789 5443">
    <p class='ocr_par' dir='ltr' id='par_1_79' title="bbox 210 5362 1789 5443">
     <span class='ocr_line' id='line_1_80' title="bbox 210 5362 1789 5443; baseline 0.011 -28"><span class='ocrx_word' id='word_1_572' title='bbox 210 5362 519 5417; x_wconf 83' lang='lat' dir='ltr'><strong>doctrinam</strong></span> <span class='ocrx_word' id='word_1_573' title='bbox 552 5367 849 5435; x_wconf 54' lang='lat' dir='ltr'><strong>aceeptam‘</strong></span> <span class='ocrx_word' id='word_1_574' title='bbox 865 5368 1162 5443; x_wconf 61' lang='lat' dir='ltr'><strong>servarint,</strong></span> <span class='ocrx_word' id='word_1_575' title='bbox 1191 5371 1284 5441; x_wconf 93' lang='lat' dir='ltr'><strong>qui</strong></span> <span class='ocrx_word' id='word_1_576' title='bbox 1322 5387 1432 5426; x_wconf 89' lang='lat' dir='ltr'><strong>non</strong></span> <span class='ocrx_word' id='word_1_577' title='bbox 1466 5372 1789 5432; x_wconf 88' lang='lat' dir='ltr'><strong>dubitavere</strong></span> 
     </span>
    </p>
   </div>
   <div class='ocr_carea' id='block_1_80' title="bbox 212 5453 1789 5527">
    <p class='ocr_par' dir='ltr' id='par_1_80' title="bbox 212 5453 1789 5527">
     <span class='ocr_line' id='line_1_81' title="bbox 212 5453 1789 5527; baseline 0.01 -21"><span class='ocrx_word' id='word_1_578' title='bbox 212 5453 531 5523; x_wconf 86' lang='lat' dir='ltr'><strong>sanguinem</strong></span> <span class='ocrx_word' id='word_1_579' title='bbox 582 5469 742 5509; x_wconf 90' lang='lat' dir='ltr'><strong>suum</strong></span> <span class='ocrx_word' id='word_1_580' title='bbox 799 5455 1135 5527; x_wconf 84' lang='lat' dir='ltr'><strong>profundere</strong></span> <span class='ocrx_word' id='word_1_581' title='bbox 1176 5460 1231 5514; x_wconf 88' lang='lat' dir='ltr'><strong>in</strong></span> <span class='ocrx_word' id='word_1_582' title='bbox 1282 5458 1485 5517; x_wconf 88' lang='lat' dir='ltr'><strong>Christi</strong></span> <span class='ocrx_word' id='word_1_583' title='bbox 1542 5466 1789 5521; x_wconf 90' lang='lat' dir='ltr'><strong>testimo-</strong></span> 
     </span>
    </p>
   </div>
   <div class='ocr_carea' id='block_1_81' title="bbox 284 5629 1369 5703">
    <p class='ocr_par' dir='ltr' id='par_1_81' title="bbox 284 5629 1369 5703">
     <span class='ocr_line' id='line_1_82' title="bbox 284 5629 1369 5703; baseline 0.027 -23"><span class='ocrx_word' id='word_1_584' title='bbox 284 5634 329 5703; x_wconf 60' lang='grc' dir='ltr'><strong><em>τ]</em></strong></span> <span class='ocrx_word' id='word_1_585' title='bbox 360 5629 379 5683; x_wconf 86' lang='lat' dir='ltr'><strong>l</strong></span> <span class='ocrx_word' id='word_1_586' title='bbox 407 5630 556 5688; x_wconf 87' lang='lat' dir='ltr'><strong>Petr.</strong></span> <span class='ocrx_word' id='word_1_587' title='bbox 593 5648 665 5695; x_wconf 87' lang='lat' dir='ltr'><strong>tv,</strong></span> <span class='ocrx_word' id='word_1_588' title='bbox 706 5635 793 5689; x_wconf 73' lang='lat'><strong>15.</strong></span> <span class='ocrx_word' id='word_1_589' title='bbox 908 5636 929 5668; x_wconf 86' lang='lat'><strong>&#39;</strong></span> <span class='ocrx_word' id='word_1_590' title='bbox 960 5635 1080 5693; x_wconf 82' lang='lat' dir='ltr'><strong>Act.</strong></span> <span class='ocrx_word' id='word_1_591' title='bbox 1114 5655 1247 5703; x_wconf 75' lang='lat' dir='ltr'><strong>xv&quot;.</strong></span> <span class='ocrx_word' id='word_1_592' title='bbox 1278 5639 1369 5697; x_wconf 68' lang='lat'><strong>35-</strong></span> 
     </span>
    </p>
   </div>
   <div class='ocr_carea' id='block_1_82' title="bbox 1476 5644 1989 5703">
    <p class='ocr_par' dir='ltr' id='par_1_82' title="bbox 1476 5644 1989 5703">
     <span class='ocr_line' id='line_1_83' title="bbox 1476 5644 1989 5703; baseline 0.016 -7"><span class='ocrx_word' id='word_1_593' title='bbox 1476 5644 1495 5674; x_wconf 80' lang='grc'><strong><em>⁵</em></strong></span> <span class='ocrx_word' id='word_1_594' title='bbox 1528 5644 1681 5699; x_wconf 84' lang='lat' dir='ltr'><strong>Vinc.</strong></span> <span class='ocrx_word' id='word_1_595' title='bbox 1712 5645 1989 5703; x_wconf 86' lang='lat' dir='ltr'><strong>Lirinens.</strong></span> 
     </span>
    </p>
   </div>
   <div class='ocr_carea' id='block_1_83' title="bbox 1904 4361 3487 4422">
    <p class='ocr_par' dir='ltr' id='par_1_83' title="bbox 1904 4361 3487 4422">
     <span class='ocr_line' id='line_1_84' title="bbox 1904 4361 3487 4422; baseline 0.005 -8"><span class='ocrx_word' id='word_1_596' title='bbox 1904 4361 2152 4415; x_wconf 81' lang='lat' dir='ltr'><strong>thronum</strong></span> <span class='ocrx_word' id='word_1_597' title='bbox 2192 4362 2291 4416; x_wconf 86' lang='lat' dir='ltr'><strong>Dei</strong></span> <span class='ocrx_word' id='word_1_598' title='bbox 2320 4363 2597 4417; x_wconf 84' lang='lat' dir='ltr'><strong>constituti</strong></span> <span class='ocrx_word' id='word_1_599' title='bbox 2626 4365 2861 4418; x_wconf 85' lang='lat' dir='ltr'><strong>serviunt</strong></span> <span class='ocrx_word' id='word_1_600' title='bbox 2895 4365 2979 4419; x_wconf 84' lang='lat' dir='ltr'><strong>illi</strong></span> <span class='ocrx_word' id='word_1_601' title='bbox 3019 4365 3107 4421; x_wconf 85' lang='lat' dir='ltr'><strong>die</strong></span> <span class='ocrx_word' id='word_1_602' title='bbox 3142 4384 3204 4421; x_wconf 76' lang='lat' dir='ltr'><strong>ac</strong></span> <span class='ocrx_word' id='word_1_603' title='bbox 3250 4379 3399 4422; x_wconf 82' lang='lat' dir='ltr'><strong>nocte</strong></span> <span class='ocrx_word' id='word_1_604' title='bbox 3432 4370 3487 4422; x_wconf 86' lang='lat' dir='ltr'><strong>in</strong></span> 
     </span>
    </p>
   </div>
   <div class='ocr_carea' id='block_1_84' title="bbox 1904 4455 3489 4531">
    <p class='ocr_par' dir='ltr' id='par_1_84' title="bbox 1904 4455 3489 4531">
     <span class='ocr_line' id='line_1_85' title="bbox 1904 4455 3489 4531; baseline 0.003 -22"><span class='ocrx_word' id='word_1_605' title='bbox 1904 4455 2098 4525; x_wconf 85' lang='lat' dir='ltr'><strong>templo</strong></span> <span class='ocrx_word' id='word_1_606' title='bbox 2128 4456 2265 4525; x_wconf 87' lang='lat' dir='ltr'><strong>ejus,</strong></span> <span class='ocrx_word' id='word_1_607' title='bbox 2297 4455 2390 4508; x_wconf 83' lang='lat' dir='ltr'><strong>illo</strong></span> <span class='ocrx_word' id='word_1_608' title='bbox 2417 4458 2508 4525; x_wconf 84' lang='lat' dir='ltr'><strong>qui</strong></span> <span class='ocrx_word' id='word_1_609' title='bbox 2546 4456 2689 4511; x_wconf 85' lang='lat' dir='ltr'><strong>sedet</strong></span> <span class='ocrx_word' id='word_1_610' title='bbox 2730 4457 2785 4511; x_wconf 87' lang='lat' dir='ltr'><strong>in</strong></span> <span class='ocrx_word' id='word_1_611' title='bbox 2819 4458 3004 4512; x_wconf 80' lang='lat' dir='ltr'><strong>throno</strong></span> <span class='ocrx_word' id='word_1_612' title='bbox 3034 4458 3306 4515; x_wconf 82' lang='lat' dir='ltr'><strong>habitante</strong></span> <span class='ocrx_word' id='word_1_613' title='bbox 3332 4478 3489 4531; x_wconf 78' lang='lat' dir='ltr'><strong>super</strong></span> 
     </span>
    </p>
   </div>
   <div class='ocr_carea' id='block_1_85' title="bbox 1904 4548 3487 4625">
    <p class='ocr_par' dir='ltr' id='par_1_85' title="bbox 1904 4548 3487 4625">
     <span class='ocr_line' id='line_1_86' title="bbox 1904 4548 3487 4625; baseline 0.005 -23"><span class='ocrx_word' id='word_1_614' title='bbox 1904 4548 2024 4603; x_wconf 84' lang='lat' dir='ltr'><strong>illos</strong></span> <span class='ocrx_word' id='word_1_615' title='bbox 2047 4549 2112 4611; x_wconf 84' lang='lat'><strong>“,</strong></span> <span class='ocrx_word' id='word_1_616' title='bbox 2138 4563 2247 4617; x_wconf 92' lang='lat' dir='ltr'><strong>quo</strong></span> <span class='ocrx_word' id='word_1_617' title='bbox 2278 4549 2456 4619; x_wconf 86' lang='lat' dir='ltr'><strong>elogio</strong></span> <span class='ocrx_word' id='word_1_618' title='bbox 2485 4558 2755 4622; x_wconf 82' lang='lat' dir='ltr'><strong>martyres</strong></span> <span class='ocrx_word' id='word_1_619' title='bbox 2804 4548 3043 4621; x_wconf 90' lang='lat' dir='ltr'><strong>Spiritus</strong></span> <span class='ocrx_word' id='word_1_620' title='bbox 3076 4563 3302 4610; x_wconf 88' lang='lat' dir='ltr'><strong>sanctus</strong></span> <span class='ocrx_word' id='word_1_621' title='bbox 3358 4571 3487 4625; x_wconf 86' lang='lat' dir='ltr'><strong>pro-</strong></span> 
     </span>
    </p>
   </div>
   <div class='ocr_carea' id='block_1_86' title="bbox 1905 4638 3487 4718">
    <p class='ocr_par' dir='ltr' id='par_1_86' title="bbox 1905 4638 3487 4718">
     <span class='ocr_line' id='line_1_87' title="bbox 1905 4638 3487 4718; baseline 0.004 -24"><span class='ocrx_word' id='word_1_622' title='bbox 1905 4647 2130 4695; x_wconf 87' lang='lat' dir='ltr'><strong>secutus</strong></span> <span class='ocrx_word' id='word_1_623' title='bbox 2157 4647 2257 4695; x_wconf 88' lang='lat' dir='ltr'><strong>est.</strong></span> <span class='ocrx_word' id='word_1_624' title='bbox 2299 4638 2507 4696; x_wconf 87' lang='lat' dir='ltr'><strong>Saltem</strong></span> <span class='ocrx_word' id='word_1_625' title='bbox 2553 4641 2645 4695; x_wconf 90' lang='lat' dir='ltr'><strong>illa</strong></span> <span class='ocrx_word' id='word_1_626' title='bbox 2670 4640 2827 4697; x_wconf 90' lang='lat' dir='ltr'><strong>nefas</strong></span> <span class='ocrx_word' id='word_1_627' title='bbox 2858 4649 2943 4697; x_wconf 91' lang='lat' dir='ltr'><strong>est</strong></span> <span class='ocrx_word' id='word_1_628' title='bbox 2965 4651 3338 4711; x_wconf 86' lang='lat' dir='ltr'><strong>contemnere.</strong></span> <span class='ocrx_word' id='word_1_629' title='bbox 3364 4662 3487 4718; x_wconf 78' lang='lat' dir='ltr'><strong>quae</strong></span> 
     </span>
    </p>
   </div>
   <div class='ocr_carea' id='block_1_87' title="bbox 1905 4732 3487 4803">
    <p class='ocr_par' dir='ltr' id='par_1_87' title="bbox 1905 4732 3487 4803">
     <span class='ocr_line' id='line_1_88' title="bbox 1905 4732 3487 4803; baseline 0.004 -17"><span class='ocrx_word' id='word_1_630' title='bbox 1905 4733 2122 4803; x_wconf 87' lang='lat' dir='ltr'><strong>publica</strong></span> <span class='ocrx_word' id='word_1_631' title='bbox 2165 4733 2445 4788; x_wconf 88' lang='lat' dir='ltr'><strong>auditione</strong></span> <span class='ocrx_word' id='word_1_632' title='bbox 2475 4733 2591 4801; x_wconf 65' lang='lat' dir='ltr'><strong>ipsa</strong></span> <span class='ocrx_word' id='word_1_633' title='bbox 2628 4740 2785 4789; x_wconf 87' lang='lat' dir='ltr'><strong>vetus</strong></span> <span class='ocrx_word' id='word_1_634' title='bbox 2816 4740 2870 4789; x_wconf 85' lang='lat' dir='ltr'><strong>et</strong></span> <span class='ocrx_word' id='word_1_635' title='bbox 2900 4743 3090 4791; x_wconf 89' lang='lat' dir='ltr'><strong>sancta</strong></span> <span class='ocrx_word' id='word_1_636' title='bbox 3122 4732 3367 4793; x_wconf 79' lang='lat' dir='ltr'><strong>Ecclesia</strong></span> <span class='ocrx_word' id='word_1_637' title='bbox 3399 4739 3487 4793; x_wconf 89' lang='lat' dir='ltr'><strong>di-</strong></span> 
     </span>
    </p>
   </div>
   <div class='ocr_carea' id='block_1_88' title="bbox 1898 4816 3486 4899">
    <p class='ocr_par' dir='ltr' id='par_1_88' title="bbox 1898 4816 3486 4899">
     <span class='ocr_line' id='line_1_89' title="bbox 1898 4816 3486 4899; baseline 0.003 -18"><span class='ocrx_word' id='word_1_638' title='bbox 1898 4835 2061 4895; x_wconf 88' lang='lat' dir='ltr'><strong>gnata</strong></span> <span class='ocrx_word' id='word_1_639' title='bbox 2105 4832 2190 4881; x_wconf 91' lang='lat' dir='ltr'><strong>est</strong></span> <span class='ocrx_word' id='word_1_640' title='bbox 2216 4833 2309 4880; x_wconf 83' lang='lat' dir='ltr'><strong>:ut</strong></span> <span class='ocrx_word' id='word_1_641' title='bbox 2337 4824 2624 4899; x_wconf 87' lang='lat' dir='ltr'><strong>Polycarpi</strong></span> <span class='ocrx_word' id='word_1_642' title='bbox 2659 4816 2945 4899; x_wconf 75' lang='lat' dir='ltr'><strong>epistolam</strong></span> <span class='ocrx_word' id='word_1_643' title='bbox 2997 4829 3051 4882; x_wconf 91' lang='lat' dir='ltr'><strong>in</strong></span> <span class='ocrx_word' id='word_1_644' title='bbox 3088 4830 3233 4884; x_wconf 74' lang='lat' dir='ltr'><strong>Asia:</strong></span> <span class='ocrx_word' id='word_1_645' title='bbox 3263 4847 3486 4886; x_wconf 77' lang='lat' dir='ltr'><strong>conven-</strong></span> 
     </span>
    </p>
   </div>
   <div class='ocr_carea' id='block_1_89' title="bbox 1898 4916 3480 4990">
    <p class='ocr_par' dir='ltr' id='par_1_89' title="bbox 1898 4916 3480 4990">
     <span class='ocr_line' id='line_1_90' title="bbox 1898 4916 3480 4990; baseline 0.006 -21"><span class='ocrx_word' id='word_1_646' title='bbox 1898 4916 2347 4983; x_wconf 79' lang='lat' dir='ltr'><strong>tibus,Clementis</strong></span> <span class='ocrx_word' id='word_1_647' title='bbox 2363 4918 2415 4972; x_wconf 87' lang='lat' dir='ltr'><strong>in</strong></span> <span class='ocrx_word' id='word_1_648' title='bbox 2455 4921 2728 4973; x_wconf 79' lang='lat' dir='ltr'><strong>nonnullis</strong></span> <span class='ocrx_word' id='word_1_649' title='bbox 2763 4920 2890 4975; x_wconf 87' lang='lat' dir='ltr'><strong>locis</strong></span> <span class='ocrx_word' id='word_1_650' title='bbox 2922 4921 3144 4990; x_wconf 90' lang='lat' dir='ltr'><strong>publice</strong></span> <span class='ocrx_word' id='word_1_651' title='bbox 3174 4922 3480 4979; x_wconf 86' lang='lat' dir='ltr'><strong>lectitatam</strong></span> 
     </span>
    </p>
   </div>
   <div class='ocr_carea' id='block_1_90' title="bbox 1894 5009 3478 5085">
    <p class='ocr_par' dir='ltr' id='par_1_90' title="bbox 1894 5009 3478 5085">
     <span class='ocr_line' id='line_1_91' title="bbox 1894 5009 3478 5085; baseline 0.004 -21"><span class='ocrx_word' id='word_1_652' title='bbox 1894 5025 2040 5071; x_wconf 84' lang='lat' dir='ltr'><strong>esse,</strong></span> <span class='ocrx_word' id='word_1_653' title='bbox 2074 5020 2127 5065; x_wconf 88' lang='lat' dir='ltr'><strong>et</strong></span> <span class='ocrx_word' id='word_1_654' title='bbox 2172 5009 2391 5066; x_wconf 89' lang='lat' dir='ltr'><strong>Eusebii</strong></span> <span class='ocrx_word' id='word_1_655' title='bbox 2426 5019 2479 5066; x_wconf 91' lang='lat' dir='ltr'><strong>et</strong></span> <span class='ocrx_word' id='word_1_656' title='bbox 2519 5011 2576 5068; x_wconf 89' lang='lat' dir='ltr'><strong>S.</strong></span> <span class='ocrx_word' id='word_1_657' title='bbox 2608 5012 2927 5085; x_wconf 82' lang='lat' dir='ltr'><strong>Hieronymi</strong></span> <span class='ocrx_word' id='word_1_658' title='bbox 2958 5013 3276 5070; x_wconf 90' lang='lat' dir='ltr'><strong>testimonio</strong></span> <span class='ocrx_word' id='word_1_659' title='bbox 3322 5018 3478 5071; x_wconf 80' lang='lat' dir='ltr'><strong>novi-</strong></span> 
     </span>
    </p>
   </div>
   <div class='ocr_carea' id='block_1_91' title="bbox 1896 5101 3480 5181">
    <p class='ocr_par' dir='ltr' id='par_1_91' title="bbox 1896 5101 3480 5181">
     <span class='ocr_line' id='line_1_92' title="bbox 1896 5101 3480 5181; baseline 0.004 -24"><span class='ocrx_word' id='word_1_660' title='bbox 1896 5102 2099 5158; x_wconf 84' lang='lat' dir='ltr'><strong>mus“.</strong></span> <span class='ocrx_word' id='word_1_661' title='bbox 2135 5101 2289 5158; x_wconf 85' lang='lat' dir='ltr'><strong>Hanc</strong></span> <span class='ocrx_word' id='word_1_662' title='bbox 2320 5112 2468 5163; x_wconf 87' lang='lat' dir='ltr'><strong>certe</strong></span> <span class='ocrx_word' id='word_1_663' title='bbox 2499 5114 2785 5181; x_wconf 77' lang='lat' dir='ltr'><strong>utramque</strong></span> <span class='ocrx_word' id='word_1_664' title='bbox 2816 5104 3115 5177; x_wconf 88' lang='lat' dir='ltr'><strong>Epistolam</strong></span> <span class='ocrx_word' id='word_1_665' title='bbox 3158 5108 3339 5178; x_wconf 85' lang='lat' dir='ltr'><strong>magni</strong></span> <span class='ocrx_word' id='word_1_666' title='bbox 3396 5108 3480 5163; x_wconf 83' lang='lat' dir='ltr'><strong>fa-</strong></span> 
     </span>
    </p>
   </div>
   <div class='ocr_carea' id='block_1_92' title="bbox 1882 5179 3473 5270">
    <p class='ocr_par' dir='ltr' id='par_1_92' title="bbox 1882 5179 3473 5270">
     <span class='ocr_line' id='line_1_93' title="bbox 1882 5179 3473 5270; baseline 0.006 -22"><span class='ocrx_word' id='word_1_667' title='bbox 1882 5179 2017 5250; x_wconf 72' lang='lat' dir='ltr'><strong>cere</strong></span> <span class='ocrx_word' id='word_1_668' title='bbox 2048 5210 2148 5264; x_wconf 90' lang='lat' dir='ltr'><strong>par</strong></span> <span class='ocrx_word' id='word_1_669' title='bbox 2173 5204 2278 5257; x_wconf 89' lang='lat' dir='ltr'><strong>est,</strong></span> <span class='ocrx_word' id='word_1_670' title='bbox 2313 5197 2396 5251; x_wconf 90' lang='lat' dir='ltr'><strong>vel</strong></span> <span class='ocrx_word' id='word_1_671' title='bbox 2435 5179 2580 5252; x_wconf 79' lang='lat' dir='ltr'><strong>ideo</strong></span> <span class='ocrx_word' id='word_1_672' title='bbox 2612 5199 2871 5263; x_wconf 84' lang='lat' dir='ltr'><strong>quoniam</strong></span> <span class='ocrx_word' id='word_1_673' title='bbox 2917 5200 2983 5252; x_wconf 85' lang='lat' dir='ltr'><strong>ad</strong></span> <span class='ocrx_word' id='word_1_674' title='bbox 3033 5211 3341 5270; x_wconf 89' lang='lat' dir='ltr'><strong>utramque,</strong></span> <span class='ocrx_word' id='word_1_675' title='bbox 3372 5216 3473 5257; x_wconf 89' lang='lat' dir='ltr'><strong>ceu</strong></span> 
     </span>
    </p>
   </div>
   <div class='ocr_carea' id='block_1_93' title="bbox 1891 5287 3472 5361">
    <p class='ocr_par' dir='ltr' id='par_1_93' title="bbox 1891 5287 3472 5361">
     <span class='ocr_line' id='line_1_94' title="bbox 1891 5287 3472 5361; baseline 0.006 -21"><span class='ocrx_word' id='word_1_676' title='bbox 1891 5287 1958 5342; x_wconf 89' lang='lat' dir='ltr'><strong>ad</strong></span> <span class='ocrx_word' id='word_1_677' title='bbox 2002 5288 2387 5345; x_wconf 88' lang='lat' dir='ltr'><strong>secundarium</strong></span> <span class='ocrx_word' id='word_1_678' title='bbox 2427 5291 2717 5361; x_wconf 90' lang='lat' dir='ltr'><strong>quemdam</strong></span> <span class='ocrx_word' id='word_1_679' title='bbox 2760 5292 2991 5347; x_wconf 71' lang='lat' dir='ltr'><strong>sincera:</strong></span> <span class='ocrx_word' id='word_1_680' title='bbox 3021 5292 3144 5347; x_wconf 81' lang='lat' dir='ltr'><strong>ﬁdei</strong></span> <span class='ocrx_word' id='word_1_681' title='bbox 3177 5308 3472 5359; x_wconf 87' lang='lat' dir='ltr'><strong>canonem,</strong></span> 
     </span>
    </p>
   </div>
   <div class='ocr_carea' id='block_1_94' title="bbox 1887 5368 3473 5456">
    <p class='ocr_par' dir='ltr' id='par_1_94' title="bbox 1887 5368 3473 5456">
     <span class='ocr_line' id='line_1_95' title="bbox 1887 5368 3473 5456; baseline 0.006 -25"><span class='ocrx_word' id='word_1_682' title='bbox 1887 5368 2000 5446; x_wconf 87' lang='lat' dir='ltr'><strong>jam</strong></span> <span class='ocrx_word' id='word_1_683' title='bbox 2031 5388 2145 5435; x_wconf 93' lang='lat' dir='ltr'><strong>tum</strong></span> <span class='ocrx_word' id='word_1_684' title='bbox 2177 5382 2307 5437; x_wconf 91' lang='lat' dir='ltr'><strong>olim</strong></span> <span class='ocrx_word' id='word_1_685' title='bbox 2344 5384 2608 5439; x_wconf 88' lang='lat' dir='ltr'><strong>adversus</strong></span> <span class='ocrx_word' id='word_1_686' title='bbox 2642 5385 2875 5440; x_wconf 67' lang='lat' dir='ltr'><strong>haereses</strong></span> <span class='ocrx_word' id='word_1_687' title='bbox 2914 5386 2997 5441; x_wconf 88' lang='lat' dir='ltr'><strong>sui</strong></span> <span class='ocrx_word' id='word_1_688' title='bbox 3054 5387 3239 5441; x_wconf 62' lang='lat' dir='ltr'><strong>saeculi</strong></span> <span class='ocrx_word' id='word_1_689' title='bbox 3274 5403 3473 5456; x_wconf 87' lang='lat' dir='ltr'><strong>provo-</strong></span> 
     </span>
    </p>
   </div>
   <div class='ocr_carea' id='block_1_95' title="bbox 1894 5469 3473 5551">
    <p class='ocr_par' dir='ltr' id='par_1_95' title="bbox 1894 5469 3473 5551">
     <span class='ocr_line' id='line_1_96' title="bbox 1894 5469 3473 5551; baseline 0.007 -27"><span class='ocrx_word' id='word_1_690' title='bbox 1894 5474 2102 5528; x_wconf 89' lang='lat' dir='ltr'><strong>caverit</strong></span> <span class='ocrx_word' id='word_1_691' title='bbox 2132 5476 2517 5531; x_wconf 88' lang='lat' dir='ltr'><strong>sanctissimus</strong></span> <span class='ocrx_word' id='word_1_692' title='bbox 2550 5469 2756 5548; x_wconf 79' lang='lat' dir='ltr'><strong>martyr</strong></span> <span class='ocrx_word' id='word_1_693' title='bbox 2784 5479 3020 5536; x_wconf 75' lang='lat' dir='ltr'><strong>lrenzeus</strong></span> <span class='ocrx_word' id='word_1_694' title='bbox 3042 5481 3105 5534; x_wconf 87' lang='grc'><strong>¹³.</strong></span> <span class='ocrx_word' id='word_1_695' title='bbox 3140 5478 3195 5533; x_wconf 92' lang='lat' dir='ltr'><strong>ln</strong></span> <span class='ocrx_word' id='word_1_696' title='bbox 3238 5489 3473 5551; x_wconf 86' lang='lat' dir='ltr'><strong>utraque</strong></span> 
     </span>
    </p>
   </div>
   <div class='ocr_carea' id='block_1_96' title="bbox 2098 5654 3443 5727">
    <p class='ocr_par' dir='ltr' id='par_1_96' title="bbox 2098 5654 3443 5727">
     <span class='ocr_line' id='line_1_97' title="bbox 2098 5654 3443 5727; baseline 0.004 -21"><span class='ocrx_word' id='word_1_697' title='bbox 2098 5654 2137 5727; x_wconf 57' lang='grc'><strong>[⁸</strong></span> <span class='ocrx_word' id='word_1_698' title='bbox 2175 5654 2345 5725; x_wconf 80' lang='lat' dir='ltr'><strong>Epist.</strong></span> <span class='ocrx_word' id='word_1_699' title='bbox 2413 5671 2522 5711; x_wconf 72' lang='lat' dir='ltr'><strong>xix.</strong></span> <span class='ocrx_word' id='word_1_700' title='bbox 2584 5656 2647 5709; x_wconf 66' lang='grc' dir='ltr'><strong>εισι</strong></span> <span class='ocrx_word' id='word_1_701' title='bbox 2685 5656 2832 5713; x_wconf 87' lang='lat' dir='ltr'><strong>Hier.</strong></span> <span class='ocrx_word' id='word_1_702' title='bbox 2942 5660 2979 5689; x_wconf 85' lang='lat'>“</span> <span class='ocrx_word' id='word_1_703' title='bbox 3013 5657 3184 5727; x_wconf 74' lang='lat' dir='ltr'><strong>Apoc.</strong></span> <span class='ocrx_word' id='word_1_704' title='bbox 3224 5673 3315 5725; x_wconf 82' lang='lat' dir='ltr'><strong>vn,</strong></span> <span class='ocrx_word' id='word_1_705' title='bbox 3373 5657 3443 5713; x_wconf 64' lang='lat'><strong>£5</strong></span> 
     </span>
    </p>
   </div>
   <div class='ocr_carea' id='block_1_97' title="bbox 224 5699 2145 5783">
    <p class='ocr_par' dir='ltr' id='par_1_97' title="bbox 224 5699 2145 5783">
     <span class='ocr_line' id='line_1_98' title="bbox 224 5699 2145 5783; baseline 0.014 -29"><span class='ocrx_word' id='word_1_706' title='bbox 224 5699 262 5731; x_wconf 85' lang='grc'><strong>¹⁸</strong></span> <span class='ocrx_word' id='word_1_707' title='bbox 293 5700 407 5757; x_wconf 87' lang='lat' dir='ltr'><strong>Lib.</strong></span> <span class='ocrx_word' id='word_1_708' title='bbox 445 5719 505 5757; x_wconf 81' lang='grc' dir='ltr'>ιιι</span> <span class='ocrx_word' id='word_1_709' title='bbox 569 5702 819 5769; x_wconf 83' lang='lat' dir='ltr'><strong>Histor.;</strong></span> <span class='ocrx_word' id='word_1_710' title='bbox 862 5704 975 5764; x_wconf 71' lang='lat' dir='ltr'><strong>Lib.</strong></span> <span class='ocrx_word' id='word_1_711' title='bbox 1012 5713 1071 5765; x_wconf 85' lang='lat' dir='ltr'><strong>(le</strong></span> <span class='ocrx_word' id='word_1_712' title='bbox 1107 5699 1349 5779; x_wconf 77' lang='lat' dir='ltr'><strong>scriptor.</strong></span> <span class='ocrx_word' id='word_1_713' title='bbox 1386 5716 1569 5770; x_wconf 78' lang='lat' dir='ltr'><strong>ecclcs.</strong></span> <span class='ocrx_word' id='word_1_714' title='bbox 1652 5718 1691 5749; x_wconf 83' lang='grc'><strong>¹³</strong></span> <span class='ocrx_word' id='word_1_715' title='bbox 1722 5699 1988 5783; x_wconf 23' lang='lat' dir='ltr'><strong>Libri-ti,-</strong></span> <span class='ocrx_word' id='word_1_716' title='bbox 2014 5737 2061 5775; x_wconf 91' lang='lat' dir='ltr'><strong>c.</strong></span> <span class='ocrx_word' id='word_1_717' title='bbox 2093 5724 2145 5781; x_wconf 81' lang='grc'><strong>5.</strong></span> 
     </span>
    </p>
   </div>
  </div>
