4046 6326
604 275 665 331 ει
1749 272 1838 327 AD
1874 272 1934 327 S.
1972 272 2171 328 ειειιι

2271 273 2393 328 I'EM
2434 276 2451 330 Ι
2490 272 2717 329 ΡΑΡΑΜ

603 401 785 445 aute-
810 389 905 444 illa
921 388 1249 461 publicanda
1276 389 1543 445 hactenus
1561 396 1712 442 tuam
1736 403 1956 459 operam
1985 388 2155 442 collo-
2182 391 2229 447 Α
2255 396 2463 456 per-ant,
2480 390 2639 457 plane
2662 390 3111 459 quemadmodum
3143 388 3438 459 Epistulam
3457 390 3598 443 illam
3634 392 3842 444 lauda-

601 481 765 543 caati,
793 482 1032 549 primum
1079 478 1389 551 Polycarpi,
1422 494 1572 534 nunc
1608 486 1667 534 et
1693 478 1989 533 Clementis
2032 495 2161 534 sau-

602 579 723 626 ctas
746 571 870 626 illas
899 571 1112 627 litteras
1132 572 1324 627 edas.

674 659 863 731 Neque
898 677 1030 717 vero
1053 662 1353 733 quidquam
1381 660 1542 716 video
1564 676 1763 726 ause,
1792 676 1893 715 cur
1917 661 2163 730 suspice-

604 768 731 806 mur
766 752 907 807 alias
933 768 1059 807 esse
1103 753 1227 808 illas
1267 759 1489 821 nostras
1528 751 1598 806 ab
1636 751 1705 806 iis
1747 764 1895 820 quas
1927 758 2079 804 tanto
2106 751 2162 804 in

603 843 782 910 ludio
830 842 1012 912 prisca
1064 841 1309 898 Ecclesia
1349 841 1558 895 habuit.
1584 840 1647 896 la
1694 838 1979 911 Polycarpi
2030 853 2163 893 sane

602 932 835 1002 epistola
882 932 1288 1002 deprehendere
1338 940 1423 986 est
1471 930 1645 1000 ipsam
1676 929 1823 983 illam
1855 929 1922 984 de
1973 927 2162 983 Decet

606 1020 839 1076 Domino
865 1030 1054 1076 nostro
1081 1019 1212 1076 Jesu
1237 1020 1460 1075 Christo
1489 1035 1679 1075 sanam
1710 1020 2039 1082 doctrinam,
2061 1034 2163 1073 cu-

604 1113 700 1184 ius
719 1114 940 1170 nomine
959 1114 1269 1169 refellendi:
1292 1114 1379 1169 sui
1407 1113 1594 1168 saeculi
1622 1112 1943 1175 haeresibus,
1969 1114 2163 1165 ἱκανω-

606 1190 778 1273 τάιιέιιν
813 1203 963 1258 illam
1005 1205 1379 1274 pt-oauntiavit
1407 1206 1919 1273 commendavitque
1950 1202 2009 1257 S.
2045 1200 2159 1257 Ire-

603 1308 798 1348 nats:
826 1293 1235 1363 deprehendere
1302 1302 1389 1350 est
1434 1296 1617 1349 locum
1675 1294 1947 1363 integrum
1992 1310 2160 1349 unum

604 1384 971 1454 alterumque,
1002 1400 1164 1454 quem
1207 1384 1432 1439 adducit
1478 1384 1828 1449 Eusebius“,
1862 1395 1917 1437 et
1943 1389 2067 1453 post
2097 1384 2163 1436 il-

608 1473 721 1529 lum
760 1474 1105 1545 Nicephorus
1129 1474 1411 1538 Callistus,
1437 1481 1495 1528 et
1522 1474 1741 1544 quidem
1772 1474 1846 1528 ita
1867 1481 1927 1527 ut
1956 1474 2165 1543 liquido

604 1574 882 1634 appareat,
914 1565 1105 1621 fraude
1131 1566 1281 1621 nulla
1312 1567 1548 1622 insertos
1571 1582 1697 1621 esse
1720 1585 1736 1621 :
1759 1566 2164 1635 deprehendere

602 1667 692 1712 est
711 1673 780 1712 es
801 1658 977 1727 prima
1005 1656 1151 1713 Petri
1174 1657 1415 1727 Epistula
1435 1657 1757 1727 deprompta
1782 1656 1928 1713 haud
1965 1670 2161 1729 pauca,

605 1766 729 1819 qua
759 1749 901 1805 idem
941 1747 1213 1803 Eusebius
1234 1755 1521 1803 notaverat
1547 1767 1561 1805 :
1584 1746 1987 1818 deprehendere
2009 1746 2164 1800 deni-

588 1852 713 1909 ‘que
740 1847 828 1893 est
872 1838 1006 1893 illud
1043 1853 1228 1903 omne,
1260 1837 1405 1907 quod
1439 1835 1689 1897 Pbotius.
1719 1838 2167 1892 accuratissimus

607 1929 872 1984 librorum
917 1943 1136 1991 censor,
1177 1916 1235 1982 in
1287 1929 1428 1984 lecta
1456 1927 1743 1999 Polycarpi
1773 1928 2003 1998 epistola
2044 1928 2167 1981 ani-

607 2022 992 2086 madverterat,
1033 2020 1218 2074 annuis
1262 2020 1513 2073 nimirum
1559 2019 1805 2087 refertam
1850 2018 2167 2073 “monitio-

607 2110 784 2173 nibus,
842 2110 978 2181 μετὰ
1031 2110 1331 2181 σαφηνείας
1383 2111 1479 2163 ut
1532 2110 1830 2180 ἁπλότητος
1884 2110 2025 2164 κατὰ
2076 2110 2169 2163 τὸν

604 2200 1050 2270 ἐκκλησιαστικὸν
1132 2200 1235 2271 τῆς
1272 2203 1566 2272 ιρμηνιειις
1593 2202 1781 2266 τύπον,
1812 2204 2066 2273 quodque
2112 2204 2167 2258 in

603 2306 676 2345 ca
708 2290 857 2345 dicat
889 2298 1085 2344 auctor
1110 2307 1169 2344 as
1212 2289 1411 2359 Igutii
1462 2292 1713 2360 epistolas
1751 2291 1821 2345 sd
1863 2292 2168 2361 Philippen-

607 2397 692 2435 ass
978 2391 1250 2451 mu
1285 2380 1351 2434 σι
1385 2368 1732 2436 ειιειάκονί
1779 2383 1984 2451 siquid
2011 2382 2075 2436 de
2106 2400 2167 2438 eo

970 2471 1199 2534 "mm,
1255 2473 1498 2541 inquam.
1546 2474 1789 2527 omnim
1832 2474 2171 2531 desideratur

603 2562 767 2617 nihil.
813 2562 896 2615 Ad
919 2562 1045 2629 hoc,
1076 2562 1256 2631 ipsum
1297 2560 1554 2631 Epistula
1579 2564 1863 2617 exerdium
1905 2565 2170 2627 ostendit,

610 2652 871 2721 scriptam
924 2650 1094 2713 illam,
1124 2665 1233 2721 quo
1277 2658 1521 2721 tempore
1570 2666 1681 2705 non
1731 2652 1894 2707 unius
1937 2642 2170 2707 exsertis

608 2742 849 2811 episcopi
878 2742 937 2797 ia
966 2758 1131 2796 malm
1158 2742 1413 2798 Ecclesia:
1461 2751 1579 2797 erat
1625 2743 2043 2806 administratio,
2075 2744 2170 2800 sed

608 2833 890 2887 communi
945 2833 1389 2903 presbyterorum
1448 2833 1683 2888 consilio
1731 2841 1787 2888 et
1844 2835 2171 2888 auctoritate

608 2924 795 2977 omnia
825 2932 1145 2992 regerentur
1172 2922 1357 2992 :quod
1384 2938 1493 2977 non
1519 2924 1614 2978 diu
1644 2932 1767 2994 post
1814 2922 2169 2994 Polycarpum

2258 478 2339 531 vit
2374 476 2437 533 S.
2476 476 2796 534 Iuncus".
2837 479 2975 545 Qua!
3011 479 3262 536 Clemens
3317 486 3355 533 A
3396 481 3721 536 exandrinus
3770 489 3835 534 et

2260 565 2525 638 Origenes
2539 571 2581 600 "
2606 585 2675 624 ex
2720 570 2811 624 illa
2849 569 3089 639 Epistula
3133 571 3435 640 proferunt,
3463 572 3647 626 verbis
3689 572 3839 625 toti-

2259 659 2465 727 dem-in
2492 669 2682 715 nostra
2704 660 3068 730 reperiuntur,
3098 671 3152 716 et
3178 662 3393 732 quidem
3417 664 3488 715 ita
3506 672 3563 716 ιιι
3591 662 3659 715 ibi
3690 671 3837 719 nata

2260 750 2486 815 dixeris,
2517 766 2629 806 non
2679 760 2860 806 autem
2917 753 3105 807 dolosa
3155 770 3317 809 manu
3364 755 3607 809 inducta.
3648 754 3839 809 Euse-

2262 837 2443 895 bius"
2455 854 2672 909 quoque
2700 842 2901 909 prodit,
2924 840 3151 895 dissidio
3176 842 3315 911 apud
3334 838 3646 897 Corinthios
3673 854 3832 907 orto,

2261 931 2521 1001 scriptam
2548 947 2579 985 a
2605 932 2883 989 Clemente
2904 942 3096 1002 nostro
3125 934 3419 1003 Epistulam
3458 936 3534 998 ὡς
3584 935 3693 988 ἀπὸ
3721 935 3835 1003 τῆς

2272 1024 2561 1093 Ῥωμαίων
2594 1024 2949 1095 Ἐκχλησίις,
2996 1034 3090 1078 aut
3147 1034 3206 1078 ut
3257 1025 3383 1078 alibi
3432 1024 3693 1095 loquitu‘r,
3759 1028 3835 1078 ias

2259 1115 2550 1186 προσώπω
2600 1118 2702 1186 τῆς
2738 1118 3016 1187 Ῥωμαίων
3056 1117 3404 1186 Ἐκκλησίας,
3464 1133 3693 1186 eamque
3741 1118 3837 1171 di—

2261 1206 2459 1260 ctionis
2495 1206 2813 1259 charactere
2850 1215 2905 1261 et
2948 1207 3235 1263 sententiis
3283 1222 3410 1260 cum
3462 1204 3703 1275 Epistula
3753 1206 3831 1260 ad

2262 1295 2522 1351 [Iubmus
2569 1297 2864 1365 plurimum
2894 1297 3185 1351 convenire
3215 1313 3228 1347 :
3260 1312 3381 1366 qum
3407 1300 3589 1350 omnia
3618 1298 3706 1350 hic
3738 1298 3838 1350 lu-

2261 1389 2635 1451 culentissime
2688 1397 2970 1458 apparent.
3001 1387 3224 1453 Qualem
3271 1404 3400 1443 vero
3428 1387 3726 1456 Epistulam
3760 1387 3834 1441 il-

2262 1480 2369 1533 lam
2401 1479 2697 1541 Eusebius,
2728 1480 2888 1532 talem
2928 1486 2982 1532 et
3016 1477 3075 1531 S.
3108 1477 3529 1548 Hieronymus"
3558 1492 3678 1531 eam
3716 1491 3832 1530 no-

2260 1569 2348 1624 bis
2372 1570 2664 1639 descripsit
2689 1578 2780 1622 :ut
2809 1567 3035 1637 proinde
3080 1577 3270 1622 nostra
3320 1568 3435 1623 haec
3461 1569 3531 1623 ab
3581 1570 3671 1622 illa
3699 1584 3836 1638 qua

2266 1657 2597 1729 Hieronymo
2620 1659 2688 1712 ad
2716 1673 2934 1711 manum
2968 1658 3090 1719 fuit,
3122 1659 3255 1711 nihil
3288 1660 3463 1713 abeat.
3498 1660 3601 1715 Sed
3620 1667 3675 1714 et
3703 1675 3836 1730 qua

2270 1748 2408 1803 idem
2431 1747 2489 1802 S.
2506 1748 2868 1820 Hieronymus
2886 1750 2931 1780 "
2957 1750 3122 1804 semel
3156 1751 3460 1820 iterumque
3486 1767 3553 1804 ex
3584 1751 3836 1822 Epistula

2266 1838 2359 1891 illa
2403 1840 2459 1891 in
2511 1838 2750 1893 medium
2800 1838 2979 1901 δῦθι-ι,
3022 1839 3167 1894 haud
3198 1839 3252 1893 in
3283 1847 3471 1894 nostra
3507 1840 3835 1896 desideran-

2266 1937 2359 1981 tur
2392 1944 2408 1980 :
2436 1929 2660 1998 perinde
2688 1939 2747 1983 ut
2778 1929 2866 1983 hic
2917 1932 3184 1999 reperitur
3231 1932 3393 1985 etiam
3435 1933 3524 1983 illa
3554 1923 3833 1999 phmnicis

2265 2022 2734 2083 commemoratio,
2760 2036 2923 2091 quam
2954 2036 3019 2074 ex
3048 2021 3342 2075 Clementis
3368 2023 3595 2090 epistola
3621 2021 3833 2092 produ-

2266 2112 2344 2167 cit
2381 2104 2617 2182 Cyrillus
2667 2111 3268 2183 Hierosolymitanus".
3324 2112 3485 2167 Omni
3547 2129 3609 2167 ex
3670 2121 3834 2183 parte

2266 2218 2483 2272 quoque
2507 2210 2695 2257 nostra
2720 2204 2832 2256 hac
2851 2204 3140 2271 respondet
3164 2204 3240 2258 illi
3268 2204 3618 2273 descriptioni
3662 2220 3834 2273 quam

2266 2288 2493 2346 Pbotius
2524 2291 2581 2345 in
2629 2292 2953 2348 Bibliotheca
2993 2292 3176 2357 habet,
3206 2300 3527 2362 argumento
3553 2294 3829 2357 videlicet,

2267 2383 2506 2437 dictione
2531 2393 2586 2437 et
2611 2383 2860 2435 doctrina
2896 2383 2966 2436 de
2998 2382 3217 2437 mundis
3246 2390 3402 2439 trans
3438 2398 3729 2443 oceanum,
3764 2384 3837 2438 de

2266 2471 2525 2526 Phoenice
2561 2478 2617 2525 et
2645 2470 2712 2526 de
2743 2470 2948 2525 Christi
3000 2486 3250 2541 persona.
3277 2472 3509 2526 Tantum
3537 2472 3689 2528 deest
3717 2473 3835 2527 for-

2268 2564 2435 2617 tassis
2489 2564 2634 2633 quod
2679 2562 2738 2617 S.
2788 2562 3037 2617 Justinus
3086 2565 3367 2634 martyr“,
3402 2564 3515 2617 sive
3543 2564 3668 2633 quis
3689 2564 3836 2619 alius

2271 2662 2461 2707 auctor
2490 2652 2829 2722 Responsion.
2855 2652 2925 2706 ad
2954 2653 3231 2707 orthodox.
3263 2669 3325 2708 ex
3351 2652 3592 2723 Epistula
3622 2655 3713 2708 illa
3745 2671 3836 2709 re-

2269 2741 2395 2807 fert,
2423 2744 2682 2812 quodque
2717 2758 2815 2796 ceu
2848 2742 3111 2796 Clementi
3137 2742 3344 2795 dictum
3380 2743 3565 2796 laudat
3593 2743 3835 2798 Basilius

2272 2833 2338 2886 ad
2366 2818 2824 2903 Amphilochium.
2849 2832 3049 2887 Verum
3104 2848 3211 2886 non
3257 2842 3340 2889 est
3370 2834 3513 2903 quod
3544 2844 3835 2904 propterea

2271 2927 2494 2993 sequius
2526 2924 2890 2993 suspicemur,
2917 2939 3041 2978 cum
3072 2934 3309 2994 quatuor
3336 2927 3542 2995 integra
3571 2926 3699 2979 folia
3733 2942 3834 2980 no-

612 3012 863 3066 mutavit.
896 3009 1003 3066 Sed
1027 3020 1085 3067 at
1108 3010 1404 3068 videreest
1432 3013 1687 3067 damnata
1708 3012 1907 3083 placita
1933 3012 2171 3066 Narcio-
2197 3035 2244 3098 ο
2274 3016 2358 3070 bis
2385 3014 2578 3070 deesse
2606 3023 2853 3071 -testetur
2883 3017 2929 3070 is
2958 3018 3045 3070 cui
3074 3014 3365 3072 editionem
3414 3019 3641 3086 primam
3669 3017 3835 3073 debe-

612 3101 703 3185 ais
743 3101 814 3157 de
865 3116 1032 3157 carne
1080 3109 1138 3158 et
1178 3104 1434 3172 passione
1485 3102 1713 3166 Christi.
1772 3105 2170 3161 resurredionc

612 3194 744 3247 item
793 3200 850 3248 et
890 3192 1101 3261 judicio
1122 3202 1487 3257 mortuorum,
1518 3194 1776 3265 illamque
1803 3196 1938 3250 adeo
1971 3196 2173 3250 solem-

614 3298 739 3337 nea
767 3291 823 3338 et
849 3285 946 3337 uni
978 3283 1058 3340 illi
1115 3284 1343 3354 martyri
1399 3285 1675 3354 propriam
1732 3288 2171 3351 detestationem,

612 3387 723 3444 qua
768 3372 986 3428 obviam
1033 3372 1141 3427 sibi
1192 3368 1379 3425 Roma:
1408 3372 1610 3427 factum
1655 3372 1983 3430 liarcionem
2014 3392 2175 3431 esce-

615 3465 763 3535 pisse
791 3462 1175 3535 Polycarpum,
1205 3463 1547 3532 πρωτιηόιωυ
1578 3465 1786 3520 scilicet
1817 3466 1909 3519 τοῦ
1940 3468 2173 3532 Σατανᾶ,

616 3567 882 3614 meruerat
928 3556 1250 3612 ιιωωη.
1280 3554 1360 3611 Ex
1409 3558 1661 3623 adverso,
1693 3561 1895 3629 quibus
1933 3559 2173 3626 Flacius,

615 3666 851 3720 eumque
874 3650 1046 3705 secuti
1064 3649 1179 3713 alii,
1205 3649 1430 3703 dubiam
1458 3653 1686 3708 reddere
1700 3652 1999 3723 Epistulam
2029 3654 2173 3707 illam

2271 3123 2416 3169 mus,
2441 3105 2713 3161 Patricius
2740 3106 2945 3175 Junius
2969 3127 2982 3160 :
3017 3115 3071 3161 et
3120 3107 3353 3162 Basilius
3382 3108 3519 3177 (sive
3546 3108 3685 3161 alius
3709 3108 3835 3161 libri

2270 3196 2415 3250 illius
2445 3195 2700 3265 scriptor)
2736 3195 2825 3250 illa
2881 3211 2978 3250 sua
3008 3212 3074 3250 ex
3104 3195 3207 3250 hac
3235 3194 3475 3266 Epistula
3532 3186 3673 3251 forte
3722 3212 3833 3252 non

2270 3290 2615 3358 prompserit.
2646 3286 2789 3340 Nihil
2842 3302 2973 3341 sane
3012 3302 3077 3339 ex
3128 3288 3275 3341 omni
3332 3288 3659 3356 antiquitate
3709 3304 3837 3357 pro-

2271 3379 2497 3433 duxeris
2540 3377 2609 3431 de
2656 3376 2955 3431 Clementis
2989 3376 3079 3428 illa
3107 3391 3363 3445 germana
3395 3376 3659 3446 Epistula,
3688 3376 3832 3447 quod

2273 3471 2466 3524 merito
2493 3483 2653 3538 quem
2682 3466 2870 3521 fecerit
2896 3466 2962 3520 de
2990 3474 3177 3520 nostra
3211 3464 3479 3519 dubitare.

2342 3541 2459 3614 dam
2489 3574 2616 3613 vero
2638 3572 2762 3611 cum
2793 3572 2925 3610 cura
2973 3564 3215 3610 nostram
3272 3557 3413 3609 hanc
3456 3556 3654 3627 legenti
3696 3556 3835 3611 nihil

2273 3650 2519 3705 occurrit
2560 3649 2727 3704 fucati
2756 3655 2852 3701 aut
2893 3647 3141 3712 subdoli;
3167 3656 3223 3701 et
3253 3656 3432 3701 tamen
3459 3648 3642 3701 omnia
3678 3646 3821 3701 rele-

617 3752 923 3803 tentavere,
953 3742 1086 3796 talia
1123 3749 1255 3797 sunt
1304 3750 1365 3795 ut
1417 3743 1473 3796 in
1527 3743 1875 3797 commodum
1929 3742 2176 3810 συλλογὶ-
2261 3752 2405 3797 runt
2428 3743 2590 3812 plane
2617 3739 2918 3810 apostolica
2949 3747 3216 3807 tempora,
3239 3738 3557 3791 charactere
3586 3738 3834 3791 scriben-

618 3835 758 3907 σμδν
796 3834 1005 3890 referre
1053 3851 1317 3905 nequeas,
1349 3835 1599 3905 quamvis
1626 3836 1866 3891 coneris.
1901 3834 2179 3905 Simplici-

617 3936 706 3981 tas
733 3935 882 3982 certe
928 3924 1185 3982 dictionis
1214 3935 1269 3981 et
1293 3927 1667 3981 inelaboratus
1709 3938 1913 3986 sermo.
1949 3940 2071 3995 qua
2100 3926 2181 3984 illi

617 4026 939 4081 causantur,
971 4026 1208 4088 arguunt
1230 4018 1411 4087 potius
1428 4018 1781 4088 apostolicam
1811 4025 2021 4071 etatem
2040 4019 2181 4072 scri-

619 4110 993 4180 ptionemque,
1022 4116 1082 4160 ut
1096 4122 1217 4177 quc
1240 4107 1331 4160 uni
1364 4107 1444 4160 illi
1466 4108 1777 4176 tempestati
1806 4114 1862 4159 et
1889 4107 2024 4161 solis
2047 4120 2172 4176 apo-

620 4200 797 4265 stolis,
830 4214 1129 4268 eorumque
1149 4198 1435 4267 discipulis
1466 4197 1752 4250 familiaria
1782 4196 2001 4251 fuerint.

690 4288 797 4344 Par
840 4292 981 4343 ratio
1025 4298 1111 4343 est
1131 4289 1487 4344 Clementia:
1510 4288 1659 4341 illius
1689 4286 1943 4358 Epistula
1970 4288 2038 4342 ad
2066 4286 2177 4343 Co—

2273 3833 2351 3896 di,
2398 3841 2453 3889 et
2491 3832 2742 3887 doctrina
2778 3831 2916 3900 ipsa.
2967 3828 3122 3895 Quod
3164 3827 3319 3895 ﬁrmo
3369 3837 3452 3883 est
3491 3835 3833 3898 argumento,

2278 3929 2470 3987 saltem
2499 3942 2567 3981 ex
2595 3926 2689 3979 illo
2724 3938 2841 3978 evo
2877 3920 2945 3974 ad
2990 3936 3090 3975 nos
3122 3918 3417 3988 Epistulam
3466 3920 3613 3972 illam
3648 3934 3838 3987 perve-

2277 4019 2447 4081 nisse,
2473 4017 2576 4071 etsi
2606 4016 2674 4070 de
2708 4022 2931 4067 auctore
2971 4010 3113 4063 forte
3153 4025 3261 4063 non
3311 4016 3607 4062 constaret.
3648 4006 3835 4061 Sermo

2280 4125 2411 4164 sane
2448 4110 2496 4161 is
2526 4115 2631 4168 est,
2661 4106 2875 4175 qualem
2918 4117 3165 4158 summus
3193 4100 3419 4154 criticus
3449 4098 3838 4167 Pbotiusjudi-

2279 4200 2458 4263 cavit,
2500 4196 2702 4258 ἁπλοῦς
2747 4194 2885 4247 κατὰ
2927 4193 3024 4262 τὴν
3070 4192 3267 4260 φράσιν
3316 4191 3409 4241 καὶ
3480 4190 3689 4260 σαφὴς,
3746 4191 3835 4240 καὶ

2279 4291 2444 4357 ἐγγὺς
2470 4264 2593 4340 τοῦ-
2610 4281 3056 4353 ἐκκλησιαστικοῦ
3087 4280 3429 4351 χαρακτῆρος
3450 4297 3463 4344 ;
3481 4290 3631 4333 extra
3660 4290 3835 4334 autem

620 4381 879 4445 rinthios,
910 4396 1076 4451 quam
1099 4396 1168 4435 ex
1196 4380 1567 4433 vetustissimo
1593 4378 1961 4433 Alexandrino
1989 4379 2179 4436 codice
2210 4372 2253 4426 Ι)
2285 4382 2518 4452 primum
2550 4377 2681 4431 illud
2705 4376 2959 4429 Ecclesia:
2983 4388 3155 4427 avum
3189 4371 3390 4425 frustra
3432 4372 3661 4425 formam
3692 4372 3837 4424 illam

621 4474 783 4529 nobis
802 4488 913 4527 non
946 4472 1084 4526 adeo
1113 4472 1323 4541 pridem
1350 4471 1622 4526 Patricius
1647 4470 1842 4527 Junius
1866 4474 1949 4525 vir
1965 4472 2179 4528 clariss.

622 4566 1073 4629 communicavit,
1102 4574 1158 4620 et
1186 4573 1245 4618 tu
1263 4565 1426 4618 hodie
1452 4580 1519 4618 ex
1538 4563 1870 4618 Londinensi
1894 4564 2177 4634 exprimis.

623 4656 803 4711 Etiam
828 4656 919 4709 hic
943 4656 1091 4709 enim
1113 4654 1359 4709 invenire
1385 4661 1490 4715 est,
1514 4669 1636 4723 qua:
1660 4669 1783 4707 cum
1818 4654 1887 4707 de
1919 4655 2034 4717 illa,
2065 4662 2181 4707 tum

621 4764 693 4804 ex
744 4746 838 4801 illa
876 4754 1090 4800 veteres
1148 4759 1345 4799 omnes.
1394 4744 1768 4815 prodiderunt.
1816 4744 2185 4800 Observamus

624 4853 759 4894 sane
782 4846 837 4891 et
859 4837 1056 4912 ardent
1075 4836 1177 4889 οὐκ
1209 4835 1393 4905 ὀλίγην
1432 4834 1680 4889 Corinthi
1711 4844 1885 4889 ortam
1910 4837 2182 4891 inter‘fra-

624 4937 761 4991 tres,
787 4941 1132 4999 progressam
1186 4926 1438 4979 nimirum
1473 4926 1541 4978 ad
1583 4926 1697 4979 vim
1744 4937 1796 4979 et
1824 4926 2043 4991 bellum,
2068 4928 2185 4982 sive

624 5020 807 5075 duella
836 5038 852 5072 :
875 5029 930 5076 et
951 5017 1211 5073 Romana:
1236 5015 1511 5079 Ecclesia,
1540 5031 1650 5070 non
1674 5027 1851 5071 autem
1875 5019 2039 5073 unius
2061 5018 2182 5072 Cle-

627 5112 828 5168 mentis
854 5112 1075 5167 nomine
1096 5117 1350 5167 exaratas
1374 5109 1618 5175 litteras;
1650 5124 1854 5179 easque
1890 5111 1959 5164 ad
1995 5126 2183 5181 pacem

627 5213 684 5259 et
719 5204 1069 5259 concordiam
1113 5200 1432 5257 Corinthios
1460 5198 1759 5267 ﬂectentes,
1793 5208 2187 5255 memorantes-

616 5302 737 5365 que
754 5310 945 5350 eorum
976 5293 1157 5360 ﬁdem,
1187 5306 1351 5363 quam
1372 5301 1621 5348 recenter
1641 5292 1711 5345 ab
1738 5292 1997 5359 apostolis
2026 5306 2182 5345 acce-

706 5494 751 5523 “
773 5490 895 5548 Lib.
927 5508 988 5544 ιιι
1035 5491 1203 5557 Hist,
1241 5510 1289 5547 c.
1322 5492 1412 5555 36;
1438 5492 1476 5545 l.
1508 5507 1581 5551 Iv,
1636 5506 1687 5543 c.
1724 5491 1809 5545 ιι.
1891 5492 1933 5523 ⁸⁸
1962 5491 2093 5549 LOC.
2149 5508 2171 5547 c

706 5561 1032 5626 φιάρχῶν.
1062 5564 1106 5594 ⁸⁸
1128 5562 1246 5616 Lib.
1279 5576 1338 5615 ιιι
1394 5562 1537 5614 Hist.
1598 5577 1648 5614 c.
1710 5561 1777 5615 12
1809 5569 1862 5617 et
1916 5562 2005 5617 52.
2085 5563 2171 5617 "l

2271 5503 2299 5547 ι.
2381 5492 2422 5521 ’⁸
2456 5490 2571 5545 Lib.
2615 5505 2699 5547 ιιι.
2741 5502 2792 5541 c.
2855 5490 2939 5539 13.
3042 5490 3083 5516 ‘7
3120 5490 3233 5538 Lib.
3274 5500 3325 5539 ιν
3370 5490 3592 5547 Strom.,'
3662 5490 3754 5537 lib.
3794 5498 3825 5536 ll

2282 5564 2526 5617 scriptor.
2602 5561 2648 5592 ⁸⁸
2676 5558 2733 5612 ιιι
2794 5571 2915 5625 cap.
2970 5572 3043 5612 ιιι
3104 5555 3229 5611 lsai.
3293 5571 3345 5609 Ct
3391 5569 3511 5625 cap.
3541 5570 3594 5612 ιν
3639 5554 3826 5626 Eplics.

647 5562 786 5687 ΠἜᾹ
808 5561 1032 5630 ἀρχῶν.
1062 5564 1106 5594 ⁸⁸
1128 5562 1246 5616 Lib.
1279 5576 1338 5615 ιιι
1394 5562 1537 5614 Hist.
1598 5577 1648 5614 c.
1694 5561 1777 5641 ,ιε
1809 5569 1862 5617 et
1916 5562 2005 5617 52.

647 5634 683 5665 ι·
761 5632 936 5687 atech.
989 5630 1076 5687 18.
1156 5636 1207 5667 ³⁸
1238 5631 1401 5687 Resn.
1458 5632 1523 5686 ‘lt
1586 5630 1778 5687 Bastl..
1811 5630 1980 5687 αἲξ),

638 5634 683 5665 ³³
712 5630 936 5688 Catech.
989 5630 1076 5689 i8.
1156 5636 1207 5667 ³⁸
1238 5631 1401 5701 Resp.
1458 5632 1523 5686 Ἠ
1586 5630 1778 5697 Basil.,
1811 5650 1859 5687 c.
1888 5630 1980 5687 29.

2285 4468 2557 4525 scribendi
2614 4467 2915 4536 quaesieris.
2971 4463 3063 4518 Sic
3108 4464 3251 4532 quod
3289 4464 3519 4532 epistola
3583 4461 3837 4517 Romana

2286 4562 2564 4623 Ecclesiae,
2589 4574 2699 4612 non
2731 4572 2859 4611 vero
2886 4555 3126 4624 episcopi
3165 4561 3219 4607 et
3261 4554 3702 4625 presbyterorum
3750 4565 3837 4609 aut

2284 4652 2525 4723 episcopi
2578 4652 2750 4705 solius
2802 4648 3020 4701 nomine
3070 4654 3291 4699 exarata
3337 4654 3441 4706 est,
3489 4646 3646 4698 alteri
3696 4648 3836 4700 artati

2287 4732 2454 4813 quam
2482 4741 2582 4797 soli
2624 4737 2935 4808 apostolicae
2965 4750 3071 4788 non
3099 4737 3389 4790 convenit:
3427 4738 3687 4807 paulatim
3723 4752 3838 4790 cre-

2287 4842 2475 4889 scente
2517 4832 2840 4884 auctoritate
2890 4826 3123 4896 primum
3170 4828 3380 4896 collegii
3434 4828 3831 4898 presbyteralis.

2284 4926 2411 4980 inde
2442 4924 2605 4977 unius
2632 4920 2895 4992 episcopi,
2949 4925 3003 4971 et
3052 4920 3253 4971 sensim
3283 4934 3312 4969 a
3336 4920 3621 4973 curatione
3667 4934 3838 4972 sacra-

2284 5032 2407 5072 rum
2442 5030 2633 5073 rerum
2665 5022 2874 5067 remoto
2902 5012 3122 5081 pupulo.
3167 5010 3413 5078 Sequens
3454 5010 3619 5063 etiam
3670 5025 3837 5063 avum

2287 5112 2445 5180 longe
2481 5106 2638 5161 aliter
2666 5106 2735 5159 de
2772 5118 2999 5173 persona
3033 5104 3238 5157 Christi
3278 5102 3519 5156 locutum
3566 5111 3651 5157 est
3676 5120 3690 5156 :
3719 5117 3835 5155 cum

2287 5202 2379 5254 hic
2408 5216 2517 5253 non
2552 5198 2665 5251 fere
2691 5196 2793 5249 alia
2818 5197 3081 5265 reperias,
3100 5210 3262 5263 quam
3281 5194 3371 5247 illa
3401 5195 3599 5263 quibus
3628 5192 3686 5248 S.
3705 5193 3841 5248 Pau-

2294 5294 2379 5346 lus
2409 5299 2493 5345 est
2514 5304 2669 5346 usus.
2700 5286 2892 5341 Videre
2920 5287 3085 5341 etiam
3116 5285 3205 5338 hic
3227 5293 3312 5338 est
3341 5288 3393 5337 in
3425 5284 3617 5338 ordine
3638 5284 3815 5339 hierar

2855 5486 2939 5539 13.
3042 5486 3083 5516 ‘7
3120 5483 3233 5538 Lib.
3274 5500 3325 5539 ιν
3370 5481 3592 5547 Strom.,'
3661 5484 3754 5537 lib.
3794 5498 3825 5536 ll

2381 5492 2422 5521 "
2456 5490 2571 5545 Lib.
2615 5505 2699 5547 ιιι.
2741 5502 2792 5541 c.
