4046 6326
139 358 203 413 53
1393 333 1736 402 PRQGJMIA
1784 324 2174 384 VARIORUM.
3339 304 3403 360 διὰ

138 479 299 532 cliico
329 469 611 530 numerari
640 484 749 522 non
782 466 919 519 alios
949 477 1113 533 quam
1139 460 1428 528 episcopos
1458 465 1512 510 et
1541 452 1727 508 diaco-
1759 461 1802 510 Α
1835 443 2213 516 deprehendas
2243 438 2386 509 quod
2419 434 2649 490 Photius
2709 431 2940 496 notavit,
2995 444 3190 498 nempe
3223 429 3378 482 νοδοε

135 585 260 630 nos.
293 563 539 637 episcopi
583 561 806 617 nomine
851 567 1043 611 omnes
1080 551 1431 623 presbyteros
1468 559 1719 615 compre-

139 659 418 714 hendente
454 674 469 710 :
499 667 662 710 secus
702 663 866 720 quam
898 644 1041 700 infra
1079 640 1382 712 apostolica
1411 645 1465 692 et
1497 642 1719 704 aposto-

135 753 264 806 licis
303 748 577 804 viciniora
625 751 872 812 tempora
916 734 1175 792 obtinuit.
1224 730 1362 785 Huic
1415 728 1510 784 uni
1571 726 1716 781 aetati

133 844 304 900 etiam
339 854 582 910 congrua
627 843 714 892 est
753 829 1151 889 sacriﬁciorum
1176 823 1474 880 celebratio
1505 822 1563 874 in
1590 818 1721 873 Hie-

133 934 536 1005 rosolymitano
561 927 788 998 templo,
814 923 975 991 cujus
1014 921 1130 974 haec
1161 915 1405 986 Epistola
1449 911 1718 967 meminit.

137 1026 306 1079 Multa
333 1023 440 1076 alia
471 1036 581 1075 non
613 1017 884 1074 simulata:
934 1008 1225 1067 vetustatis
1259 1005 1464 1060 indicia
1494 1019 1724 1074 conges-

137 1118 211 1170 sit
230 1114 388 1183 Hugo
419 1110 664 1171 Grotius,
695 1107 780 1160 vir
810 1116 1083 1164 summus,
1119 1097 1352 1169 epistola
1384 1092 1622 1164 quadam
1655 1093 1722 1146 ad

137 1206 531 1276 Hieronymum
577 1198 924 1270 Bignonium,
964 1208 1086 1263 quae
1129 1192 1184 1245 in
1242 1189 1384 1243 libro
1427 1186 1722 1255 Epistolar.

137 1296 205 1349 ad
240 1293 426 1348 Gallos
465 1299 549 1346 est
594 1305 716 1346 cuv
761 1310 774 1342 :
810 1300 933 1356 qua:
972 1299 1081 1338 non
1145 1296 1373 1352 possunt
1431 1293 1541 1333 non
1596 1292 1726 1349 pro-

137 1389 308 1443 bare:
339 1387 446 1440 nisi
479 1385 532 1438 in
576 1397 642 1437 eo
672 1379 940 1436 erraverit
971 1377 1062 1431 ille
1118 1376 1145 1426 ὁ
1176 1373 1340 1435 πάνυ,
1380 1371 1526 1441 quod
1566 1379 1727 1440 neget

136 1479 478 1535 Clementem
511 1473 720 1546 aliquid
749 1489 814 1527 ex
849 1468 1182 1540 Evangeliis,
1209 1481 1330 1537 quae
1359 1463 1722 1534 appellamus,

136 1558 460 1632 adduxisse,
500 1580 627 1620 cum
656 1570 842 1617 tamen
872 1576 940 1614 ex
973 1556 1032 1613 S.
1066 1555 1229 1610 Lucae
1276 1569 1400 1623 cap.
1451 1566 1505 1605 vt
1561 1549 1727 1604 verba

142 1661 370 1716 Domini
416 1658 592 1713 nostri
640 1655 750 1710 sint
792 1652 1045 1722 repetita.
1087 1647 1238 1703 Satis
1283 1660 1416 1701 vero
1449 1643 1533 1699 vel
1578 1642 1671 1697 illa
1698 1655 1727 1694 a

137 1753 301 1808 nobis
332 1751 496 1805 allata
517 1755 646 1803 sunt
677 1745 831 1817 paria
858 1739 1199 1797 vindicanda:
1224 1753 1337 1795 suae
1369 1734 1623 1806 dignitati
1649 1732 1728 1786 illi

1827 536 1950 587 σίαν
2019 533 2113 585 καὶ
2197 527 2520 599 παραίνεσιν
2603 522 2912 594 κρείττονος
2978 519 3119 591 βίου,
3205 518 3300 570 καὶ
3352 518 3399 571 Et

1824 626 1968 697 ἀρχῇ
2051 622 2112 674 τὸ
2177 620 2437 689 κήρυγμα
2493 609 2732 686 Χριστοῦ
2817 607 2911 663 τοῦ
2981 607 3132 662 Θεοῦ.
3201 599 3408 668 801³111,

1827 717 2108 777 nimirum,
2173 711 2322 766 illam
2398 708 2628 779 primam
2691 718 2817 757 cum
2879 701 3028 756 omni
3085 699 3409 770 antiquitate

1824 821 2142 881 germanam
2242 815 2479 872 agnosco
2541 819 2553 853 :
2608 797 2835 851 alteram
2892 811 3000 848 non
3076 793 3228 856 item,
3308 790 3412 853 etsi

1828 901 1901 956 sit
1957 906 2196 958 vetusta,
2250 902 2304 949 et
2340 893 2499 961 longe
2550 889 2795 944 melioris
2851 897 3011 950 notae,
3059 891 3223 954 atque
3286 887 3415 936 sunt

1826 992 1932 1048 illa:
1946 1006 2068 1062 quae
2096 989 2262 1057 vulgo
2291 984 2435 1056 apud
2468 982 2692 1037 Latinos
2730 978 3029 1033 Clementis
3061 977 3283 1030 nomine
3305 973 3416 1026 cir-

1829 1079 2236 1136 cumferuntur.
2281 1074 2347 1128 Et
2391 1088 2524 1129 vero
2576 1071 2798 1126 nonnisi
2830 1069 3048 1122 unicam
3080 1083 3108 1120 a
3138 1065 3417 1120 Clemente

1826 1173 2116 1244 epistolam
2149 1167 2454 1240 profectam
2489 1182 2633 1230 esse,
2668 1164 2875 1233 reliqua
2910 1177 3038 1216 vero
3066 1163 3272 1223 omnia,
3297 1173 3417 1228 qua:

1827 1268 1945 1324 sive
1967 1262 2436 1319 Constitutionum
2466 1257 2915 1328 apostolicarum,
2931 1254 3046 1309 sive
3063 1251 3415 1322 Recognitio-

1830 1374 1984 1421 num,
2037 1347 2160 1412 Sive
2194 1353 2566 1425 Epistolarum
2621 1349 2845 1403 nomine
2896 1347 3146 1409 veniunt,
3197 1335 3417 1398 mentiri

1831 1462 2137 1515 auctorem,
2169 1450 2252 1505 vel
2315 1446 2450 1502 illud
2484 1460 2657 1499 unum
2693 1458 2794 1514 pro
2821 1440 3123 1497 sufficiente
3145 1449 3228 1493 est
3256 1453 3421 1506 argu-

1833 1555 2042 1613 mento,
2071 1543 2218 1615 quod
2251 1541 2308 1597 S.
2342 1539 2580 1596 lrenaeus
2610 1536 2832 1592 nonnisi
2869 1535 3086 1588 unicam
3127 1531 3273 1584 illam
3311 1530 3422 1583 lauo

1832 1639 1925 1694 det
1954 1640 2009 1694 in
2046 1637 2296 1693 veritatis
2342 1632 2634 1688 catholica:
2666 1627 3068 1687 testimonium,
3128 1621 3258 1676 dum
3303 1630 3421 1676 stu»-

1838 1733 1992 1788 diose
2017 1735 2299 1801 oppugnat
2338 1726 2598 1788 hareses,
2632 1723 3018 1793 episcoporum
3046 1715 3425 1770 Romanorum

138 1853 349 1898 nostra:
391 1841 636 1912 epistolae
665 1804 695 1891 τ’
715 1851 891 1906 eoque
929 1834 1064 1888 nihil
1097 1834 1294 1887 attinet
1318 1804 1477 1903 plura
1507 1828 1564 1882 in
1595 1842 1727 1882 con-
1761 1815 1802 1869 Β
1832 1839 2128 1881 consensu.
2187 1821 2306 1874 lmo
2359 1817 2500 1870 tanti
2531 1822 2614 1870 est
2660 1811 2879 1867 roboris
2913 1805 3006 1862 illa
3038 1804 3225 1861 lrenaei
3275 1818 3428 1857 com-

139 1934 515 1989 firmationem
550 1945 698 1986 nunc
723 1927 1051 2000 producere.
1093 1924 1159 1979 Et
1189 1938 1322 1979 sane
1350 1921 1448 1975 tibi
1483 1918 1726 1989 quidem,

137 2028 211 2080 mi
239 2025 484 2089 Madere,
517 2022 754 2077 fortasse
789 2018 924 2075 satis
961 2024 1046 2072 est
1079 2015 1154 2080 id,
1190 2014 1338 2084 quod
1385 2011 1606 2066 nemine
1634 2007 1731 2062 ad-

134 2125 400 2172 versante
433 2129 628 2170 omnes
657 2111 903 2173 omnino,
932 2114 1105 2178 'penes
1141 2121 1282 2177 quos
1332 2103 1497 2159 hodie
1524 2102 1734 2155 critica:

135 2223 374 2279 regnum
403 2203 838 2282 est.vEpistolam
873 2201 1018 2255 hanc
1048 2205 1108 2254 ut
1160 2212 1475 2269 germanam
1534 2194 1736 2249 admit-

137 2309 285 2357 tant.
323 2298 532 2365 Quidni
564 2297 708 2352 enim
753 2302 875 2349 tuto
901 2293 1155 2363 sequaris
1186 2291 1290 2343 hac
1319 2290 1374 2343 in
1404 2304 1464 2342 re
1491 2286 1733 2349 Grotios,

139 2391 472 2453 Salmasios,
516 2387 783 2450 Calixtos,
833 2384 1125 2448 Horneios,
1174 2380 1422 2444 Vossios,
1480 2378 1729 2441 Rivetos,

139 2483 483 2545 Blondellos,
518 2479 806 2545 Seldenos,
840 2477 1115 2540 Petavios,
1150 2474 1447 2534 l’atricios.
1491 2471 1738 2541 aliosque

137 2591 407 2633 censores
439 2573 703 2627 librorum
725 2570 1111 2626 exactissimos
1127 2568 1149 2620 ?
1166 2565 1480 2622 Praesertim
1511 2565 1558 2619 si
1577 2578 1740 2618 nemo

141 2668 368 2724 doctior
415 2664 730 2730 dissentiat,
772 2669 834 2717 ut
878 2661 969 2715 hic
1005 2659 1285 2722 dissentit,
1339 2655 1488 2726 quod
1542 2653 1737 2717 sciam,

142 2773 332 2814 nemo.

215 2847 444 2919 Loquor
480 2860 632 2909 vero,
670 2844 748 2900 uti
778 2843 1006 2906 novisti,
1036 2849 1249 2895 tantum
1279 2837 1344 2893 de
1367 2836 1616 2908 Epistola
1650 2834 1744 2889 illa

144 2939 453 3012 prolixiore
487 2937 555 2991 ad
579 2936 917 2997 Corinthios,
951 2950 1059 2988 non
1093 2934 1160 2987 de
1196 2933 1366 2985 altera
1405 2931 1534 2991 ista,
1579 2927 1741 2996 cujus

148 3034 523 3104 fragmentum
552 3028 738 3083 itidem
772 3025 1070 3098 publicavit
1092 3022 1366 3077 Patricius
1397 3021 1487 3074 ille
1520 3018 1741 3073 Junius.

144 3124 476 3192 Quanquam
499 3127 555 3174 et
583 3119 726 3172 hanc
756 3116 1074 3182 existimem
1092 3129 1215 3169 esse
1253 3112 1402 3165 illam
1430 3109 1624 3164 Photio
1671 3108 1746 3162 le-

150 3305 544 3370 meminerunt,
596 3310 658 3355 ut
701 3299 968 3356 Clementi
997 3297 1216 3371 quidem
1249 3294 1458 3350 auctori
1501 3293 1740 3354 tributae,

147 3396 245 3453 sed
273 3410 589 3468 perperam.
623 3391 820 3465 Utique
844 3393 991 3449 enim
1041 3391 1097 3445 in
1126 3390 1232 3445 hoc
1265 3389 1386 3460 ipso
1433 3385 1741 3456 fragmento

1751 3546 1818 3557 .—

1833 1913 2128 1977 mendatio,
2163 1918 2222 1965 ut
2250 1924 2350 1981 par
2384 1907 2456 1964 sit
2487 1906 2820 1976 reliquorum
2847 1905 3010 1957 etiam
3040 1899 3428 1969 episc0porum

1834 2008 2208 2062 Romanorum
2241 2002 2362 2070 ejus
2391 2000 2490 2055 aevi
2525 1997 2798 2069 epistolis,
2831 2008 2970 2064 quas
3009 1990 3254 2045 Isidorus
3289 1985 3432 2040 Mer-

1836 2107 1992 2156 cator
2019 2097 2208 2160 edidit,
2230 2094 2351 2149 falsi
2381 2089 2802 2147 convincendis.
2831 2084 2990 2153 Quod
3016 2083 3174 2138 ulcus
3207 2088 3432 2150 tangere

1838 2205 1949 2245 non
1990 2198 2075 2244 est
2109 2187 2274 2256 hujus
2301 2184 2562 2238 instituti.

1911 2282 1980 2337 Ut
2011 2281 2229 2337 redeam
2263 2279 2429 2349 igitur
2459 2267 2530 2330 ad
2557 2271 2803 2344 epistolae
2830 2269 2993 2337 hujus
3026 2281 3160 2321 mea:
3185 2262 3428 2324 initium,

1840 2373 2172 2428 laudabilem
2209 2369 2456 2442 profecto
2495 2381 2717 2438 Operam
2750 2371 2977 2434 praestas
3003 2361 3149 2414 bono
3179 2354 3428 2428 publico,

1845 2465 1930 2516 vir
1959 2459 2302 2525 doctissime,
2334 2472 2499 2511 aurea
2550 2454 2641 2508 illa
2698 2451 2991 2523 primitivaa
3024 2444 3286 2501 Ecclesiae
3318 2456 3407 2495 mo

1844 2563 2131 2617 nutnenta,
2182 2551 2394 2604 rariora
2438 2549 2667 2602 inventu
2711 2544 2864 2598 hisce
2905 2542 2959 2594 in
2991 2539 3105 2594 oris
3149 2543 3203 2592 et
3244 2533 3437 2604 paucis

1843 2647 2004 2708 lecta,
2037 2641 2246 2696 nostris
2287 2637 2430 2709 typis
2481 2635 2790 2705 publicans.
2852 2628 2971 2684 Non
3028 2639 3254 2698 possum
3305 2637 3440 2676 sane

1844 2751 1946 2806 ego
1976 2749 2086 2788 non
2118 2731 2213 2785 tibi
2252 2737 2447 2783 auctor
2490 2740 2633 2788 esse,
2684 2725 2740 2777 in
2784 2721 2877 2774 illo
2906 2721 3158 2774 instituto
3211 2722 3438 2767 strenue

1847 2803 2132 2897 pergendi.
2171 2817 2457 2890 Ejusmodi
2509 2817 2696 2884 utique
2751 2813 2959 2882 scripta
3003 2812 3242 2867 volvere,
3278 2803 3440 2872 longe

1850 2915 2221 2988 praestabilius
2253 2912 2555 2980 utiliusque
2577 2914 2685 2969 est.
2719 2921 2884 2975 quam
2909 2906 3133 2970 rixosis,
3163 2907 3272 2961 imo
3299 2921 3436 2960 eon-

1849 3006 2156 3064 tumeliosis
2209 3002 2412 3056 libellis
2467 2995 2714 3067 legendis
2759 3003 2978 3064 tempus
3015 3002 3216 3059 terere,
3249 2996 3440 3066 quales

1852 3101 1968 3154 haec
1999 3105 2190 3152 nostra
2218 3090 2353 3148 retas
2387 3099 2592 3146 aeterna
2643 3103 2767 3143 cum
2797 3086 3024 3141 infamia
3069 3086 3182 3141 edit
3231 3087 3439 3158 passim

151 3170 476 3192 ιι-ητ--τη
507 3170 550 3174 --
767 3170 780 3172 -
1068 3176 1074 3182 .
1802 3170 1814 3188 ,

146 3224 317 3277 ctam,
344 3214 456 3267 imo
478 3211 624 3265 illam
648 3209 807 3279 cujus
836 3207 1124 3270 Eusebius,
1161 3204 1544 3274 Hieronymus,
1579 3210 1631 3257 et
1655 3200 1745 3254 alii
1775 3177 1816 3227 (³
1849 3191 2137 3262 plurimos.

1924 3281 2080 3346 Vale,
2105 3280 2180 3334 mi
2208 3275 2452 3332 Madere.
2487 3281 2542 3329 et
2574 3271 2725 3345 salve
2769 3271 3086 3342 plurimum.
3137 3268 3443 3330 Helmesta.

1845 3377 1920 3432 dii
1948 3376 2005 3428 in
2026 3373 2193 3428 Acad.
2225 3369 2372 3425 Julia
2405 3366 2566 3432 1654,
2607 3381 2662 3420 vt
2692 3363 2813 3419 Kal.
2851 3362 3133 3419 Decembr.

811 3720 1495 3840 JOACHIMI
1571 3712 2175 3834 JOANNIS
2254 3707 2803 3824 MADERI

941 3978 1122 4091 ἈΒ
1197 3993 1835 4090 LECTOREM
1925 3987 2618 4081 PRJEFATIO.

233 4274 504 4346 Properat
520 4271 586 4326 ad
609 4279 684 4336 te,
700 4267 895 4324 Lector
914 4266 1198 4330 benevole,
1219 4266 1333 4319 haec
1349 4263 1652 4318 Clementis
1680 4259 1748 4314 ad

161 4365 484 4419 Corinthios
495 4360 725 4425 epistola
740 4358 1042 4419 ἱκανωτάτη
1059 4358 1152 4410 καὶ
1167 4355 1464 4425 θαυμασία,
1474 4355 1631 4423 juxta
1646 4352 1758 4406 Ire-

1860 4256 2058 4313 nebula
2106 4271 2281 4326 nuper
2329 4253 2598 4310 voluisset
2627 4251 2924 4315 obducere,
2953 4259 3006 4306 et
3037 4253 3202 4322 hujus
3251 4251 3442 4322 scripti

1859 4349 2192 4421 γνησιότητα
2245 4356 2455 4403 temere
2503 4344 2671 4400 nimis
2717 4354 2880 4415 atque
2919 4345 3324 4402 inconsiderate
3345 4361 3443 4400 ne-

165 4472 350 4512 naeum
379 4463 432 4510 et
459 4453 778 4514 Eusebium,
811 4450 999 4505 multis
1019 4449 1131 4518 jam
1163 4448 1382 4503 saeculis
1414 4446 1748 4503 desiderata.
1785 4466 1828 4521 υ
1858 4457 2008 4514 gare.
2064 4440 2208 4496 Sane
2259 4441 2314 4494 in
2345 4440 2663 4496 verminoso
2691 4439 2833 4492 libro
2865 4453 2967 4493 suo
3005 4455 3167 4510 quem
3199 4439 3439 4500 interim,

165 4548 307 4605 Luci
349 4547 498 4600 illam
524 4560 633 4599 non
656 4544 731 4596 ita
756 4542 966 4612 pridem
1011 4541 1235 4595 donavit
1283 4555 1504 4594 rursum
1536 4541 1619 4592 vir
1642 4539 1754 4591 cla-

166 4641 431 4700 rissimus
459 4638 732 4692 Patricius
779 4635 997 4698 Junius,
1031 4633 1390 4696 serenissimi,
1439 4633 1540 4686 heu
1575 4646 1756 4702 quon-

165 4735 330 4792 dam!
399 4732 808 4786 Britanniarum
878 4743 1026 4798 regis
1096 4724 1593 4784 bibliothecarius,
1664 4721 1756 4776 cui

168 4833 466 4899 propterea
498 4824 763 4876 maximas
791 4832 940 4897 certe
966 4819 1173 4890 gratias
1199 4817 1482 4871 debemus.
1528 4813 1758 4881 Quantae

168 4933 309 4976 vero
347 4915 491 4986 apud
513 4921 725 4969 veteres
750 4912 913 4966 fuerit
937 4909 1308 4970 auctoritatis.
1353 4915 1433 4962 tot
1482 4909 1583 4962 tibi
1635 4907 1757 4960 illo-

164 5023 323 5071 rum,
378 5021 518 5076 quos
561 5004 821 5072 deinceps
855 5003 1197 5066 exhibemus,
1253 5009 1554 5070 suggerunt
1595 4999 1757 5053 testi-

169 5099 394 5164 monia;
425 5112 548 5167 qua:
569 5111 678 5150 una
709 5111 834 5149 cum
886 5095 1008 5148 aliis
1050 5093 1384 5164 propheticis
1409 5091 1759 5162 apostolicis-

172 5207 287 5262 que
309 5190 530 5259 scriptis
579 5187 684 5257 legi
715 5186 841 5239 olim
878 5185 932 5238 in
971 5183 1297 5254 quibusdam
1331 5180 1590 5236 Ecclesiis
1621 5180 1758 5235 soli-

175 5291 314 5345 tam,
351 5281 512 5334 fidem
546 5277 777 5340 faciunt,
807 5276 1103 5346 itidemque
1123 5275 1191 5328 de
1231 5289 1396 5328 causa
1442 5272 1756 5341 scriptionis

179 5378 234 5426 et
255 5371 383 5441 styli
407 5385 607 5440 genere
635 5378 686 5423 te
705 5367 994 5423 certiorem
1022 5367 1284 5422 reddunt.
1317 5363 1436 5418 Non
1463 5379 1593 5434 ergo
1614 5372 1756 5426 erat,

183 5477 290 5532 quo
320 5469 376 5516 te
411 5461 648 5530 amplius
679 5473 941 5521 morarer,
992 5458 1436 5528 quandoquidem
1481 5471 1761 5525 nunquam

182 5553 320 5609 satis
351 5551 608 5606 laudatus
633 5549 903 5606 Patricius
925 5563 1025 5603 sua
1049 5549 1116 5602 ad
1138 5548 1419 5603 Lectorem
1448 5545 1762 5615 prmfatione

182 5653 428 5700 veterum
461 5641 795 5699 testimoniis
834 5656 996 5711 supra
1023 5642 1288 5704 subnexa,
1327 5640 1379 5694 in
1411 5640 1635 5709 reliquis
1665 5641 1759 5694 tibi

184 5743 398 5806 poterat
448 5733 775 5792 satisfacere
831 5732 927 5788 :ni
951 5731 1144 5789 fuisset
1194 5733 1288 5803 qui
1330 5739 1539 5786 tantam
1584 5711 1759 5786 lucem

1858 4536 1989 4590 dum
2014 4534 2081 4588 de
2107 4534 2212 4587 hac
2245 4533 2486 4588 editione
2518 4531 2720 4602 cogito,
2759 4531 2816 4584 in
2843 4531 3038 4602 vulgus
3068 4532 3273 4597 emisit,
3329 4539 3441 4585 tam

1859 4627 2121 4682 audacter
2165 4627 2367 4678 famam
2400 4625 2521 4694 ejus
2549 4623 2781 4685 arrodit,
2817 4631 2878 4676 ut
2911 4640 2977 4678 ne
3017 4624 3182 4678 tineis
3218 4624 3440 4693 quidem

1857 4719 2220 4787 trucibusque
2273 4717 2482 4780 blattis,
2537 4731 2660 4786 qua;
2703 4714 2966 4768 damnum
3015 4716 3117 4785 ipsi
3155 4716 3267 4783 jam
3317 4723 3443 4768 ante

1859 4826 2133 4868 summum
2168 4810 2484 4873 intulerant,
2517 4807 2878 4862 mordacitate
2909 4808 3084 4862 cedat.
3121 4806 3231 4861 Nec
3261 4815 3444 4861 tamen

1860 4905 2043 4960 virum
2076 4903 2240 4958 istum
2268 4901 2405 4957 alias
2435 4915 2715 4970 magnum,
2742 4899 2828 4952 vel
2859 4899 3001 4953 hanc
3027 4899 3338 4969 epistolam,
3362 4900 3446 4953 vel

1860 5002 1981 5055 loca
2013 5005 2302 5052 auctorum
2340 5009 2371 5047 a
2402 4993 2608 5063 quibus
2641 4992 2961 5047 testimonia
2994 4991 3186 5056 sumit,
3239 4998 3448 5045 attente

1864 5104 2106 5160 unquam
2139 5101 2264 5142 reor
2310 5085 2512 5154 legisse
2541 5073 2595 5138 et
2631 5083 2801 5153 probe
2826 5084 3191 5148 examinasse,
3227 5081 3321 5135 sed
3364 5081 3448 5133 fu-

1864 5195 1988 5236 cum
2046 5178 2228 5250 potius
2278 5174 2711 5244 simplicioribus
2757 5188 2950 5243 parum
2998 5173 3068 5227 ab
3119 5171 3448 5239 antiquitate

1862 5272 2150 5327 instructis
2192 5268 2376 5322 faeere
2409 5266 2672 5321 voluisse.
2709 5263 2780 5318 Ut
2813 5265 2959 5318 enim
3003 5264 3224 5319 silentio
3269 5264 3448 5316 invol-

1860 5378 1985 5419 vam
2015 5361 2211 5416 frivola
2240 5362 2345 5415 ista
2376 5358 2446 5413 de
2478 5357 2650 5411 minio
2677 5357 2864 5422 rubro,
2891 5371 3004 5426 quo
3035 5356 3247 5409 lacuna:
3274 5355 3325 5407 in
3353 5370 3448 5410 su-

1865 5453 2081 5524 periore
2122 5452 2368 5507 editione
2414 5463 2611 5518 magna
2639 5448 2921 5516 diligentia
2957 5457 3085 5501 sunt
3134 5453 3355 5507 notatae,
3394 5455 3448 5499 et

1865 5561 1986 5617 quae
2017 5552 2278 5615 prasterea
2306 5542 2375 5596 de
2404 5541 2530 5611 styli
2562 5539 2915 5608 simplicitate
2936 5546 2990 5593 et
3025 5538 3303 5591 incondita
3325 5537 3446 5605 ejus

1867 5639 2209 5695 connexione
2241 5633 2472 5706 profert,
2506 5639 2566 5686 ut
2611 5631 2941 5700 jamdudum
2984 5633 3088 5700 ipsi
3118 5629 3312 5684 Photio
3343 5630 3445 5684 ob-

1870 5740 2085 5790 servata
2120 5749 2131 5762 -
2176 5729 2408 5800 primum
2446 5725 2820 5797 imprudenter
2854 5734 2989 5781 satis
3035 5721 3446 5788 consarcinatoo
