4046 6326
623 297 694 351 εδ
1742 296 1830 349 AD
1871 297 1928 352 S.
1970 296 2386 352 CLEMENTEM
2430 297 2447 350 Ι
2486 296 2716 352 ΡΑΡΑΜ
3801 303 3880 358 56

622 427 736 469 rem
760 409 1002 480 epistolae
1051 409 1149 479 (ita
1173 425 1408 480 namque
1449 412 1568 482 ejus
1615 421 1811 468 satiant
1845 412 2187 480 Germanica)
2221 419 2259 473 Α
2294 413 2440 465 bona:
2464 410 2587 480 ﬁdei
2618 411 2934 466 conscientia
2961 413 3041 467 illi
3072 415 3432 470 insanierunt.
3463 413 3538 469 lla
3569 415 3628 470 D.
3656 414 3878 472 Paulus

624 501 792 556 multa
822 501 1073 554 omisisse
1104 500 1199 563 ait,
1231 516 1351 570 qua:
1374 501 1476 556 sub
1502 499 1795 558 Clementis
1827 501 2059 556 Romani
2080 519 2181 558 no-

623 595 767 647 mine
817 592 886 645 ab
925 593 1048 646 aliis
1079 590 1335 647 Patribus
1367 594 1628 657 citentur,
1683 595 1830 648 velut
1871 593 2186 664 Hieronymi

623 685 800 738 locum
833 685 885 736 in
913 698 1029 748 cap.
1087 698 1124 735 υ
1169 684 1234 737 ad
1266 683 1528 752 Ephesios
1561 704 1573 738 :
1609 684 1847 739 Oceanus
1892 697 1941 739 et
2003 686 2186 738 mundi

621 778 708 844 qui
763 786 910 827 trans
961 777 1131 842 ipsum
1169 787 1322 837 sunt;
1380 783 1433 828 et
1484 776 1536 830 in
1591 784 1846 845 quartum
1897 777 2180 845 ejusdem:

633 866 904 919 Vinculum
937 867 1212 919 charilatis
1247 866 1341 918 Dei
1384 869 1498 935 quis
1527 878 1690 935 potest
1717 884 1966 920 enarrare
1985 873 2181 936 ?quasr

621 977 728 1013 non
773 967 1085 1027 utrumque,
1118 959 1248 1012 illud
1292 958 1500 1013 scilicet
1564 974 1683 1028 pag.
1717 959 1788 1012 29
1825 958 1927 1013 -.ub
1982 958 2140 1012 ﬁnem
2166 999 2181 1024 ,

622 1051 722 1104 hoc
753 1066 874 1120 pag.
906 1050 975 1102 65
1018 1059 1163 1103 clare
1205 1050 1512 1104 inveniatur
1535 1053 1818 1120 scriptum.
1854 1050 1952 1105 His
1986 1051 2186 1106 subne-

620 1144 738 1204 ctit,
775 1143 939 1196 etiam
989 1143 1385 1196 centuriatores
1415 1141 1683 1213 Magdeb.,
1714 1150 1980 1204 centur.t,
2005 1144 2098 1197 lib.
2125 1143 2180 1206 2,

620 1251 672 1292 ι,
709 1236 1030 1288 observasse
1081 1233 1213 1286 illud
1243 1233 1390 1303 quod
1418 1234 1654 1289 Basilius
1681 1233 1907 1305 Magnus
1958 1251 2080 1303 cap.
2112 1235 2183 1289 29

619 1325 743 1376 libri
779 1324 854 1376 De
881 1324 1084 1392 Spiritu
1117 1323 1174 1380 S.
1211 1340 1277 1378 ex
1322 1324 1424 1378 hoc
1469 1323 1748 1381 Clemente
1798 1329 1927 1380 citat
1973 1328 2026 1381 in
2068 1327 2183 1381 haec

619 1418 780 1469 verba
831 1417 1134 1484 scriptum:
1166 1415 1267 1468 Sed
1301 1426 1349 1469 et
1403 1415 1641 1470 Clemens
1673 1416 1940 1472 Romanus
1973 1435 1991 1473 .°
2027 1437 2044 1469 ι
2087 1419 2182 1472 Ve-

619 1505 714 1566 nit,
741 1504 928 1570 inquit,
966 1502 1100 1556 Deus
1129 1503 1391 1557 Dominus
1421 1502 1577 1559 Iesus
1605 1504 1847 1559 Christus
1872 1517 1920 1560 et
1950 1507 2180 1563 Spiritus

614 1602 852 1656 sanctus,
896 1614 914 1645 ›
950 1595 1001 1646 in
1034 1609 1095 1648 ea
1128 1610 1248 1663 qua:
1279 1606 1392 1648 tum
1419 1598 1669 1650 exstabat
1694 1597 1933 1652 editione
1954 1615 2058 1654 non
2087 1615 2185 1668 po-

615 1683 788 1737 tuisse
837 1684 1086 1753 reperiri.
1131 1685 1342 1739 Mallem
1399 1702 1528 1741 vero
1568 1688 1880 1743 ostenderet
1919 1690 2177 1759 aliquam,

617 1789 736 1842 qum
767 1781 879 1825 tum
914 1776 1203 1837 exstiterit,
1244 1776 1407 1844 hujus
1437 1779 1682 1845 epistolae
1711 1757 2028 1834 editionem.
2073 1781 2178 1849 Ipsi
2212 1757 2254 1816 Β

615 1867 1014 1921 centuriatorcs
1045 1868 1208 1937 paulo
1247 1877 1372 1922 ante
1401 1869 1590 1923 eodem
1627 1870 1719 1923 illo
1748 1871 1963 1939 capite:
1990 1870 2181 1926 Hemi-

616 1967 822 2016 nerunt,
853 1959 1123 2026 inquiunt,
1152 1960 1388 2026 epistola:
1410 1960 1686 2028 cujusdam
1724 1963 1838 2022 eius
1875 1965 1945 2016 ad
1995 1963 2186 2017 Corin-

616 2047 747 2099 thios
782 2045 1037 2112 lrenwus,
1090 2046 1349 2101 Eusebius
1380 2061 1426 2102 et
1481 2049 1856 2118 Hieronymus,
1888 2068 2004 2121 qua:
2030 2052 2184 2106 hodie

613 2154 868 2205 nusquam
900 2147 1093 2192 exstat.
1119 2137 1259 2191 Num
1286 2155 1413 2205 ergo
1445 2139 1705 2210 deinceps
1735 2142 1837 2196 sibi
1883 2143 2020 2212 ipsis
2057 2159 2185 2198 con-

612 2231 924 2283 tradicunt?
952 2229 1068 2284 Non
1099 2247 1230 2285 sane
1256 2251 1268 2286 :
1301 2234 1396 2287 scd
1421 2233 1580 2302 longe
1601 2235 1710 2288 illis
1741 2251 1894 2290 mens
1918 2237 2024 2291 alia
2053 2253 2179 2292 ver-

612 2314 695 2367 bis
725 2330 753 2367 a
779 2317 939 2382 paulo
964 2325 1088 2370 ante
1113 2318 1396 2386 productis
1432 2338 1444 2374 :
1481 2318 1769 2384 Incertum,
1795 2325 1974 2388 aiunt,
2003 2335 2179 2379 utrum

607 2419 673 2457 ex
698 2421 760 2457 ea
792 2404 1051 2472 Epistola,
1081 2426 1148 2460 an
1176 2425 1240 2462 ex
1270 2410 1375 2463 alio
1423 2414 1599 2482 aliquo
1649 2412 1930 2470 Clementis
1960 2420 2175 2486 scripto,

611 2495 846 2552 Basilius
909 2500 961 2552 in
1005 2500 1137 2554 libro
1166 2500 1240 2556 De
1290 2502 1492 2572 Spiritu
1531 2504 1587 2560 S.
1616 2523 1729 2574 cap.
1775 2507 1866 2571 29,
1911 2509 2018 2564 Ιιαί
2067 2528 2180 2564 eer-

609 2586 674 2640 ba
707 2590 983 2655 protulerit
1037 2594 1089 2644 in
1158 2597 1548 2650 enumeratione
1592 2599 2010 2653 testimoniorum
2082 2601 2209 2657 clo--

607 2687 811 2731 ctorum
892 2691 1117 2734 veterum
1169 2683 1232 2736 de
1293 2684 1589 2750 Trinitate;
1653 2688 1742 2742 sed
1807 2700 1857 2743 et
1923 2689 2162 2745 Clemens

606 2767 902 2836 Rom.,etc.
934 2773 1010 2827 Ex
1037 2774 1235 2843 quibus
1257 2777 1466 2846 paucis,
1490 2778 1662 2833 amice
1685 2778 1906 2844 Lector,
1925 2781 2178 2850 judicare

609 2875 798 2930 posses
829 2879 1012 2933 quam,
1046 2867 1274 2932 scilicet,
1317 2868 1372 2923 in
1397 2871 1620 2940 reliquis
1641 2873 1817 2927 oratio
1836 2873 2180 2942 ejusmerea-

606 2967 696 3010 tur
723 2956 903 3023 ﬁdem,
934 2960 1177 3030 adeoque
1214 2961 1357 3032 quod
1405 2964 1695 3031 proverbio
1742 2965 1964 3030 dicitur,
1990 2967 2053 3020 ἐκ
2081 2967 2175 3019 τοῦ

607 3047 910 3118 κρασπέδου
926 3048 985 3100 τὸ
1003 3047 1228 3120 ὕφασμα
1254 3051 1560 3120 γινώσκειν,
1581 3053 1636 3106 ni
1651 3055 1806 3123 longe
1827 3064 2039 3124 turpius
2056 3073 2177 3112 sese

607 3139 663 3191 in
693 3140 1048 3209 sequentibus
1096 3142 1249 3196 daret
1292 3143 1381 3198 ille
1431 3144 1500 3198 ab
1546 3144 1830 3200 allectibus
1870 3159 2174 3202 e_c:ecatus

602 3229 790 3297 judex.
816 3230 952 3286 Cum
980 3233 1194 3301 primis,
1225 3234 1424 3304 inquit,
1444 3236 1581 3289 illud
1614 3235 1682 3291 de
1729 3238 1984 3307 phrenice
2023 3255 2140 3293 con.

608 3330 848 3374 mentum
884 3324 1064 3391 prodit
1095 3333 1371 3379 auctorem
1407 3327 1572 3396 hujus
1600 3328 1862 3396 epistolae,
1911 3346 2019 3384 non
2051 3345 2175 3385 esse

608 3425 730 3464 emn
777 3414 1084 3482 adjutorem
1121 3417 1176 3470 S.
1205 3416 1476 3478 Pauli,ad
1497 3418 1877 3489 Philippenses
1917 3441 1989 3482 ιν,
2027 3423 2171 3490 quod

610 3516 736 3571 pag.
761 3502 828 3555 34
854 3511 908 3556 et
929 3505 998 3558 55
1039 3517 1123 3559 est
1156 3506 1411 3575 reperire.
1446 3505 1547 3560 Ubi
1575 3508 1827 3563 Clemens
1867 3511 1955 3563 ille
1986 3526 2174 3579 perso-

609 3603 772 3648 natus
827 3595 868 3648 it
927 3599 1214 3666 probatum
1270 3600 1432 3668 (quod
1479 3602 1700 3656 minime
1733 3619 1920 3656 verum
1951 3607 2058 3675 est)
2087 3621 2176 3658 re-

609 3687 1002 3741 surrectionem
1037 3690 1218 3743 carnis
1247 3691 1495 3758 quotidie
1532 3693 1672 3755 lieri,
1706 3695 2173 3763 quemadmodum

609 3791 716 3830 nox
747 3779 930 3838 cubat,
959 3781 1205 3848 exsurgit
1240 3779 1379 3843 dies,
1407 3782 1519 3834 abit
1553 3783 1693 3846 dies,
1735 3800 1842 3839 nox
1874 3786 2077 3855 ingruit
2121 3795 2174 3842 et

612 3861 938 3938 insc‘quitur,
971 3878 1076 3924 etc.
1107 3869 1207 3924 llic
1233 3873 1502 3941 principio
1523 3889 1632 3927 non
1666 3869 1956 3931 contentus
1987 3893 2172 3931 vocem

611 3963 807 4022 carnis,
837 3977 957 4031 quae
993 3978 1263 4031 nusquam
1287 3964 1340 4017 in
1374 3973 1631 4021 contextu
1663 3978 1963 4038 comparet,
1996 3986 2176 4027 causa:

611 4067 724 4106 suae
753 4051 1046 4120 probandae
1076 4053 1270 4121 gratia,
1299 4053 1634 4120 inseruisse;
1667 4066 1925 4125 praeterea
1979 4074 2173 4129 magna

611 4143 811 4194 iterum
842 4156 965 4194 cum
1004 4142 1337 4211 impudentia
1368 4145 1639 4202 haereseos
1665 4163 1788 4202 eum
1833 4150 1997 4204 audet
2041 4152 2176 4206 insi-

611 4234 856 4294 mulare,
923 4232 1081 4302 quasi
1139 4233 1298 4289 aliine
1364 4235 1674 4305 quippiam.
1697 4239 1931 4292 senserit
1999 4242 2173 4294 errori

614 4322 888 4393 Ilymenmi
943 4334 996 4376 et
1045 4322 1259 4388 Phileti,
1315 4340 1547 4394 quorum
1598 4327 1791 4397 dogma
1833 4328 1935 4383 hoc
1986 4329 2169 4394 fuerit,

2285 501 2395 568 jam
2422 509 2545 556 ante
2589 513 2721 556 satae
2759 502 2930 573 frugis
2957 513 3279 574 argumento
3310 508 3770 562 resurrectionem
3810 509 3877 561 in

2287 589 2466 657 priore
2509 604 2606 642 sua
2638 589 2705 642 ad
2745 589 3060 646 Corinthios
3090 591 3353 662 Epistola,
3394 608 3518 663 cap.
3555 611 3644 658 xv,
3675 596 3876 649 evice-

2287 688 2390 746 rat,
2423 687 2762 750 utunturque
2805 683 2992 735 eadem
3044 683 3311 752 probandi
3338 686 3551 739 ratione
3585 693 3662 739 tot
3699 686 3878 740 dein-

2286 786 2414 838 ceps
2441 771 2789 839 sequentium
2841 774 3166 827 saaculorum
3217 773 3429 828 Patres.
3475 774 3613 830 Cum
3665 776 3877 845 primis

2284 862 2376 914 illa
2445 871 2658 917 natura:
2712 863 3036 919 dormientis
3107 875 3162 920 et
3223 869 3561 938 resurgentis
3606 868 3872 938 exempla

2295 951 2607 1022 Septimiani
2639 957 2764 1026 styli
2791 957 3072 1027 diligentia
3104 959 3382 1030 ingeniose
3425 947 3719 1016 admodum
3764 977 3871 1017 au-

2285 1055 2372 1115 get
2395 1054 2450 1100 et
2483 1047 2744 1111 illustrat,
2783 1049 2943 1118 plane
2977 1064 3041 1102 ac
3073 1049 3119 1105 si
3147 1051 3292 1104 hunc
3333 1051 3512 1121 ipsum
3560 1051 3872 1109 Clementis

2285 1138 2461 1192 locum
2512 1140 2580 1193 de
2613 1140 2882 1194 industria
2932 1141 3035 1196 sibi
3080 1143 3405 1212 sumpsisset
3451 1145 3865 1202 exornandum.

2285 1233 2489 1301 Aspice,
2524 1232 2719 1302 inquit,
2749 1234 2818 1288 ad
2843 1235 2955 1302 ipsa
2984 1252 3184 1305 quoque
3235 1237 3471 1306 exempla
3497 1237 3687 1292 dicinw
3713 1249 3872 1308 pote-

2283 1325 2457 1378 statis.
2493 1322 2614 1377 Dies
2648 1325 2871 1377 moritur
2900 1326 2953 1378 in
2982 1337 3203 1390 noctem,
3234 1337 3283 1380 et
3309 1328 3530 1382 tenebris
3561 1346 3873 1399 usquequa--

2281 1433 2375 1484 que
2392 1417 2656 1483 sepelitur.
2679 1414 3004 1470 Funestatur
3020 1419 3199 1472 mundi
3215 1427 3402 1481 honor,
3423 1421 3591 1473 omnis
3607 1420 3871 1474 substan-

2284 1509 2357 1560 tia
2382 1509 2709 1577 denigratur.
2741 1508 2988 1573 Sardent,
3018 1513 3197 1576 silent,
3231 1521 3436 1580 stupent
3479 1525 3671 1568 cuncta
3697 1531 3715 1568 :
3739 1515 3868 1569 ubi-

2282 1613 2378 1666 que
2397 1598 2667 1664 justitium
2700 1607 2797 1654 est.
2831 1597 2920 1651 Ita
2964 1598 3056 1651 lux
3101 1601 3302 1654 amissa
3333 1601 3559 1671 lugetur,
3590 1613 3640 1657 et
3681 1614 3866 1658 tamen

2283 1705 2466 1743 rursus
2498 1705 2616 1745 cum
2651 1706 2746 1742 suo
2772 1691 2940 1754 cultu,
2967 1707 3084 1744 cum
3119 1692 3261 1757 dote,
3287 1709 3406 1746 cum
3442 1695 3572 1759 sole,
3596 1695 3779 1748 eadem
3809 1705 3866 1750 et

2283 1782 2486 1849 integra
2513 1788 2563 1833 et
2596 1789 2708 1833 tota
2739 1781 2981 1835 universo
3028 1783 3142 1836 orbi
3183 1785 3480 1848 reviviscit;
3531 1786 3864 1856 interﬁciens

2285 1880 2505 1923 mortem
2533 1887 2706 1933 suam,
2735 1883 2959 1933 noctem,
2993 1874 3290 1928 rescindens
3320 1877 3643 1943 sepulturam
3678 1894 3861 1943 suam,

2283 1959 2518 2014 tenebras
2541 1977 2559 2024 ,'
2585 1961 2745 2014 Intres
2773 1962 2981 2015 sibimet
3008 1964 3260 2024 existens,
3311 1964 3472 2017 donec
3493 1976 3542 2018 et
3573 1980 3679 2018 nos:
3721 1968 3864 2018 reri-

2280 2053 2464 2114 viscat,
2497 2068 2614 2104 cum
2645 2068 2739 2104 suo
2771 2052 2865 2106 illo
2900 2065 3162 2124 suggestu.
3204 2053 3674 2108 Redaccenduntur
3714 2057 3860 2111 enim

2280 2151 2329 2196 et
2351 2142 2626 2196 stellarum
2655 2143 2815 2208 radii,
2845 2161 2973 2214 quos
3005 2146 3267 2198 matutina
3298 2146 3566 2200 succensio
3587 2147 3864 2201 exstinxe-

2280 2241 2385 2292 rat,
2413 2231 2733 2286 reducuntur
2765 2245 2814 2287 et
2839 2235 3071 2287 siderum
3096 2233 3368 2297 absentiae,
3389 2251 3521 2302 quas
3545 2235 3860 2304 temporalis

2280 2323 2549 2376 distinctio
2590 2334 2886 2386 exemerat;
2945 2322 3296 2376 redornantur
3332 2332 3382 2377 et
3431 2327 3640 2392 specula
3689 2325 3856 2389 lunas,

2278 2430 2394 2484 qua:
2457 2424 2753 2469 menstruus
2813 2431 3062 2468 numerus
3134 2416 3447 2478 attriverat;
3520 2416 3862 2470 revolvuntur

2277 2507 2469 2560 hiemes
2486 2517 2535 2560 et
2561 2516 2793 2572 wstates,
2818 2523 2976 2559 verna
3001 2515 3048 2558 et
3073 2514 3351 2568 autumno,
3378 2506 3486 2559 suis
3512 2506 3730 2569 viribus,
3748 2524 3885 2562 mo-.

2279 2598 2448 2660 ribus,
2480 2598 2758 2666 fructibus.
2795 2596 2856 2653 Et
2886 2598 3047 2666 paulo
3074 2604 3196 2666 post
3226 2596 3292 2650 de
3329 2596 3586 2666 phmnice
3615 2616 3627 2651 :
3664 2596 3724 2651 Si
3756 2615 3860 2666 pa-

2277 2703 2394 2740 rum
2424 2689 2737 2743 universitas
2770 2689 3204 2742 resurrectionem
3233 2689 3465 2758 figurat;
3490 2689 3536 2741 si
3566 2689 3700 2742 nihil
3747 2689 3858 2743 tale

2279 2781 2509 2833 conditio
2556 2782 2751 2849 signat,
2803 2780 2927 2848 quia
2972 2779 3185 2849 singula
3227 2779 3340 2848 ejus
3383 2796 3486 2832 non
3534 2789 3641 2832 tam
3691 2782 3856 2834 moris

2276 2889 2431 2944 quam
2459 2871 2694 2926 desinere
2730 2870 3017 2934 dicantur;
3052 2888 3142 2924 nee
3183 2870 3532 2932 redanimari,
3563 2870 3652 2925 sed
3683 2873 3856 2940 refor-

2279 2965 2416 3018 mari
2436 2965 2821 3026 existimentur,
2845 2963 3019 3031 accipe
3037 2963 3403 3030 plenissimum
3427 2973 3580 3032 atque
3601 2965 3854 3032 ﬁrmissi-

2278 3072 2421 3106 mum
2443 3054 2598 3122 hujus
2625 3053 2732 3121 spei
2764 3054 3041 3122 specimen.
3065 3051 3330 3122 Siquidem
3355 3054 3604 3108 animalis
3653 3065 3730 3107 est
3770 3071 3854 3107 res

2277 3154 2325 3199 et
2353 3146 2474 3198 vita
2517 3144 2744 3197 obnoxia
2771 3153 2819 3197 et
2851 3145 3047 3208 morti;
3078 3144 3231 3196 illum
3258 3143 3374 3196 dico
3407 3144 3585 3198 alitem
3619 3144 3853 3199 Orientis

2277 3237 2617 3305 peculiarem,
2651 3234 2716 3289 de
2751 3235 3125 3304 singularitate
3141 3235 3426 3304 famosum,
3453 3235 3516 3288 de
3543 3236 3854 3302 posteritate

2277 3338 2694 3391 monstruosum,
2743 3329 2830 3397 qui
2861 3328 3194 3394 semetipsum
3225 3326 3458 3379 lubenter
3480 3325 3731 3395 funerans
3762 3342 3847 3379 re-

2277 3428 2453 3481 nouat,
2483 3419 2654 3472 natali
2685 3419 2787 3486 ﬁne
2825 3417 3076 3471 decedens
3111 3426 3266 3486 atque
3296 3415 3619 3477 succedens;
3661 3416 3851 3468 iterum

2271 3510 2498 3575 phus-nix,
2531 3510 2619 3562 ubi
2657 3509 2778 3577 jam
2807 3524 2990 3571 nemo;
3032 3510 3218 3565 iterum
3259 3510 3384 3576 ipse,
3427 3510 3519 3577 qui
3566 3524 3669 3559 non
3690 3507 3847 3574 jam;

2278 3601 2417 3653 alius
2449 3600 2605 3653 idem.
2645 3600 2786 3665 Quid
2821 3602 3122 3668 expressius
3153 3609 3307 3668 atque
3343 3599 3602 3668 signatius
3630 3599 3684 3649 in
3713 3597 3850 3651 hanc

2277 3693 2533 3746 causam?
2585 3700 2677 3744 aut
2719 3693 2804 3742 cui
2862 3690 2957 3742 alii
2999 3691 3076 3742 rei
3117 3689 3223 3742 tale
3265 3688 3677 3766 documentum!
3704 3687 3849 3741 Deus

2275 3784 2433 3836 etiam
2459 3781 2748 3849 Scripturis
2771 3782 2879 3835 suis
2904 3796 2923 3834 :
2955 3800 2974 3832 ι
3014 3781 3079 3833 Et
3102 3781 3308 3849 ﬂarebit
3339 3781 3499 3841 enim,
3539 3780 3730 3848 inquit,
3759 3795 3845 3832 re-

2277 3876 2355 3928 lut
2395 3874 2635 3943 phoenix;
2665 3893 2683 3924 ι
2717 3873 2769 3926 id
2794 3883 2870 3926 est
2903 3875 2966 3926 de
2999 3883 3185 3939 morte,
3213 3873 3276 3924 de
3305 3871 3517 3940 funere;
3552 3871 3629 3922 uti
3658 3869 3843 3924 credas

2277 3966 2340 4020 de
2361 3965 2564 4034 ignibus
2595 3981 2794 4036 quoque
2815 3964 3168 4018 substantiam
3212 3964 3445 4032 corporis
3485 3962 3623 4032 exigi
3673 3978 3841 4030 posse.

2280 4057 2465 4110 Multis
2491 4055 2791 4125 passeribus
2816 4073 2910 4109 nos
2938 4057 3199 4110 antistare
3249 4054 3505 4109 Dominus
3531 4054 3847 4122 pronuntia-

2278 4147 2383 4207 vit;
2414 4147 2460 4198 si
2483 4161 2583 4198 non
2603 4154 2649 4198 et
2664 4143 3138 4213 phmnicibus,nihil
3196 4159 3462 4211 magnum.
3486 4140 3589 4195 Sed
3613 4141 3845 4195 homines

2277 4239 2435 4291 semel
2464 4236 2769 4299 interibunt,
2803 4235 2983 4289 avibus
3006 4234 3222 4289 Arabia:
3246 4234 3308 4287 de
3350 4234 3726 4287 resurrectione
3763 4249 3845 4286 se-

2279 4329 2458 4383 curis?
2484 4327 2574 4383 Sic
2615 4343 2776 4397 quam
2806 4328 3211 4397 elegantissime
3247 4321 3611 4376 'l‘ertullianus
3644 4324 3845 4380 saeculo

609 4415 754 4480 quod
781 4415 1239 4470 resurrectionem
1270 4416 1458 4471 eodem
1492 4418 1673 4480 modo,
1714 4419 2172 4488 quemadmodum
2208 4433 2250 4487 ι)
2278 4427 2400 4490 post
2431 4428 2618 4472 natum
2649 4417 2926 4473 Christum
2961 4419 3144 4479 tertio,
3174 4418 3296 4471 libri
3327 4416 3397 4470 De
3420 4427 3698 4471 resurrect.
3725 4433 3849 4470 car-

612 4505 702 4559 luc
735 4505 988 4560 Clemens
1029 4508 1392 4575 explicarint;
1431 4523 1643 4579 nempe,
1691 4527 1857 4566 unum
1899 4513 2174 4568 [nominem

614 4613 812 4668 perire,
847 4599 1078 4654 alterum
1130 4600 1255 4653 huic
1281 4599 1514 4653 similem
1544 4605 1791 4668 renasci;
1821 4603 1983 4674 idque
2004 4606 2071 4660 ad
2114 4606 2178 4659 li-

612 4705 738 4743 nem
769 4707 944 4762 usque
973 4692 1158 4745 mundi
1189 4692 1532 4746 duraturum.
1574 4690 1744 4746 Sicuti
1790 4694 1878 4748 hic
1918 4695 2178 4751 Clemens

613 4793 846 4846 asserat,
885 4785 1103 4855 quando
1129 4793 1386 4854 parentes
1424 4783 1624 4839 liberos
1652 4787 1901 4855 gignunt,
1945 4788 2048 4842 hoc
2082 4804 2177 4843 vo-

613 4877 727 4929 cari
788 4876 1252 4930 resurrectionem
1303 4885 1666 4928 mortuorum.
1719 4873 2011 4930 Pervolvas
2051 4891 2180 4932 vero

613 4975 804 5026 totam,
840 4981 1046 5037 quaeso,
1079 4967 1391 5036 epistolam,
1413 4966 1712 5035 Videasque
1761 4981 1890 5030 num
1930 4967 2017 5021 vel
2051 4982 2180 5022 scn-

613 5074 734 5112 sum
759 5060 955 5119 solum,
990 5073 1056 5112 ne
1100 5059 1276 5111 dicam
1316 5057 1480 5111 verba
1510 5065 1806 5127 postrema,
1837 5059 2031 5114 exinde
2061 5076 2182 5130 pos-

613 5149 693 5202 sis
717 5149 1057 5216 exsculpere.
1092 5149 1516 5219 Argumentatur
1544 5147 1796 5203 Clemens
1828 5149 1932 5204 hoc
1962 5150 2126 5205 modo
2162 5170 2175 5206 :

617 5238 671 5294 Si
699 5241 841 5294 diem
876 5251 1204 5310 noctemque
1234 5241 1458 5295 videant
1498 5241 1647 5294 abire
1667 5249 1721 5294 et
1756 5239 1970 5307 redire;
1997 5242 2044 5295 si
2095 5258 2182 5296 se-

613 5333 762 5386 mina
794 5334 846 5385 in
879 5340 1080 5387 terram
1124 5333 1271 5402 jacta
1317 5342 1781 5402 computrescere,
1816 5341 1870 5388 et
1905 5334 2180 5388 nihilomi-

613 5440 719 5479 nus
741 5425 934 5480 deindc
961 5426 1174 5481 fructus
1201 5426 1344 5481 ferre
1371 5445 1384 5482 :
1413 5426 1460 5480 si
1493 5427 1798 5495 phoenicem
1843 5426 2069 5482 credant
2103 5444 2182 5482 se

613 5520 806 5589 pulcro
837 5519 939 5572 sibi
963 5527 1247 5573 exstructo
1277 5518 1413 5573 mori
1437 5527 1492 5573 et
1523 5533 1591 5572 ex
1621 5518 1804 5587 scipso
1827 5519 2037 5573 renasci
2063 5536 2077 5583 ;
2111 5536 2179 5573 an

613 5628 858 5679 magnum
885 5621 935 5664 et
965 5611 1204 5664 mirabile
1218 5599 1288 5664 sit
1317 5608 1651 5675 censendum,
1678 5611 1723 5664 si
1748 5627 1923 5664 rerum
1951 5612 2181 5665 omnium

613 5703 808 5770 opifex,
845 5711 904 5757 ut
938 5704 1053 5774 ipse
1076 5703 1340 5773 loquitur,
1369 5718 1637 5772 resurgere
1676 5719 1761 5755 eos
1787 5702 1974 5770 faciat,
2007 5705 2092 5771 qui
2124 5703 2176 5754 in

2278 4513 2359 4563 nis
2385 4525 2507 4580 cap.
2535 4509 2602 4563 12
2621 4517 2677 4562 et
2698 4509 2785 4571 l3,
2813 4524 2880 4563 ne
2912 4510 3086 4563 solum
3109 4508 3443 4562 Clementem
3468 4508 3735 4577 ejusmodi
3763 4523 3846 4562 ar-

2280 4600 2557 4670 gumentis
2617 4616 2777 4653 usum
2823 4600 3122 4654 existimes.
3178 4599 3313 4652 Nam
3366 4606 3420 4654 et
3479 4599 3842 4668 Epiphanius,

2278 4691 2615 4747 Constantia:
2640 4690 2802 4762 Cypri
2831 4691 3143 4760 episcopus,
3173 4694 3226 4744 in
3257 4691 3526 4747 Ancorato
3579 4706 3680 4744 suo
3731 4692 3845 4745 sive

2279 4783 2401 4837 ﬁdei
2447 4783 2771 4838 Christiana:
2806 4782 3167 4851 expositione,
3221 4790 3274 4836 et
3316 4781 3553 4852 Cyrillus
3590 4780 3844 4836 Hieroso-

2280 4875 2596 4945 lymitanus,
2617 4872 2883 4927 Catechesi
2903 4887 3060 4936 xvut,
3075 4880 3187 4926 tum
3207 4870 3533 4928 Dracontius
3554 4873 3608 4928 in
3633 4871 3844 4927 Hexae-

2279 4982 2424 5040 merq
2476 4965 2527 5018 in
2566 4963 2809 5018 eamdem
2859 4965 3110 5018 scribunt
3171 4965 3524 5026 sententiam,
3579 4973 3638 5018 ut
3707 4965 3842 5020 alios

2279 5061 2525 5113 omittam
2554 5058 2646 5127 qui
2670 5058 2736 5111 de
2759 5058 3009 5124 phoenice
3033 5065 3291 5127 tanquam
3321 5057 3739 5111 resurrectionis
3768 5060 3844 5111 si-

2281 5163 2388 5216 gno
2428 5147 2780 5216 singulariter
2832 5148 3152 5216 loquuntur.
3194 5144 3270 5201 De
3306 5162 3369 5200 ea
3411 5162 3645 5216 namque
3667 5147 3722 5200 in
3749 5163 3843 5201 ore

2280 5241 2406 5296 olim
2437 5250 2601 5309 atque
2637 5241 2690 5294 in
2720 5255 2977 5294 sermone
3019 5240 3265 5294 omnium
3301 5248 3420 5292 erat
3454 5238 3637 5293 fabula
3677 5237 3840 5292 :Jam

2282 5337 2349 5389 ad
2380 5353 2534 5390 aures
2568 5336 2852 5388 multorum
2886 5336 3116 5404 pervenit
3166 5334 3483 5388 credentium
3513 5325 3573 5387 et.
3590 5351 3694 5387 non
3732 5350 3841 5388 cre-

2281 5429 2534 5490 dentium,
2564 5428 2740 5496 inquit
2770 5425 3106 5496 Epiphanius
3135 5425 3282 5480 dicto
3310 5425 3428 5478 loco
3453 5443 3467 5491 ;
3497 5424 3640 5479 unde
3664 5433 3716 5479 et
3733 5432 3838 5478 tam

2284 5518 2541 5588 frequens
2581 5519 2702 5586 ejus
2730 5532 2853 5572 cum
2884 5517 3027 5585 apud
3073 5517 3324 5583 gentiles,
3353 5523 3466 5568 tum
3494 5513 3834 5568 Christianos

2284 5610 2508 5671 mentio,
2557 5610 2686 5665 licet
2723 5609 2777 5662 in
2827 5610 3044 5664 illorum
3084 5607 3495 5662 narrationibus
3536 5621 3644 5660 non
3679 5621 3835 5674 parra

2285 5691 2593 5777 ri‘perialur
2615 5703 2869 5763 varietas,
2898 5701 3154 5756 Videatur
3184 5716 3250 5755 ex
3274 5700 3383 5756 illis
3413 5697 3720 5753 Herodotus
3743 5696 3827 5752 lib.
