4054 6320
163 365 227 421 5Ἰ
1404 351 1740 410 ΡΠΟαΞδΙΙΑ

1879 344 2170 403 RIORUM.
3359 335 3430 392 58

165 504 222 550 ιι,
259 500 384 556 cap.
416 480 728 552 73;0vid.,
782 493 852 534 xv
895 473 1247 553 Metamorph.
1276 487 1418 527 veos.
1455 469 1593 534 599.;
1639 467 1747 521 Pii-
1779 467 1825 524 Α
1854 476 2044 516 ansam
2085 475 2117 513 a
2155 455 2394 512 Patricio
2423 449 2810 516 dissentiendi,
2837 456 3118 519 totamque
3142 445 3434 517 epistolam

165 579 318 644 nius,
353 576 447 632 lib.
473 591 508 628 ι
546 572 753 628 Hister.
779 569 1043 625 naturalis
1069 583 1190 638 cap.
1236 563 1302 630 2;
1337 561 1492 631 Mela,
1518 561 1613 618 lib.
1644 573 1704 611 ιιι
1731 575 1746 622 ;

163 668 394 722 Solinus
417 665 708 737 Polyliist.,
739 679 862 734 cap.
885 678 1032 729 XLVI;
1070 657 1339 714 Aristides
1368 657 1425 710 in
1461 651 1750 708 Palinodia

161 760 223 814 de
245 760 484 830 Smyrna
516 765 840 822 restaurata,
863 763 998 809 tom.
1018 746 1556 822 l,p.470;Elianus‘
1585 743 1749 798 lib.“

171 849 646 912 llistor.animal..
672 863 791 918 cap.
815 846 904 912 58;
927 845 1224 907 Lucianus,
1248 839 1473 909 Dialogo
1502 835 1629 907 napi.
1656 832 1752 885 τοῦ

165 942 500 1014 Περεγρίνου
516 937 768 1008 τελευτῆς
782 957 796 1004 ;
810 937 1167 1000 Claudianus,
1185 930 1450 1001 Eidyllion
1463 929 1656 1000 primo.
1673 921 1754 979 Ex

162 1034 506 1090 Christianis
535 1045 688 1096 vero,
727 1046 835 1086 una
866 1044 990 1084 eum
1030 1026 1291 1098 superius
1333 1019 1670 1081 memoratis,
1700 1024 1756 1072 et

163 1142 309 1198 quos
363 1125 722 1181 doctissimus
777 1120 1046 1176 'vVeitzius
1099 1118 1168 1172 ad
1221 1113 1600 1175 Dracontium,
1657 1107 1757 1163 Ju-

165 1218 411 1288 niusque
434 1217 492 1270 in
517 1215 663 1271 notis
693 1213 824 1280 huic
857 1211 1106 1282 epistolae
1137 1207 1402 1276 subjeetis
1451 1204 1606 1266 citat,
1646 1198 1758 1254 Eu-

166 1310 383 1372 sebius,
432 1323 486 1361 tv
518 1306 592 1362 De
617 1308 724 1361 vita
764 1302 1126 1366 Constantini,
1167 1314 1292 1368 cap.
1327 1297 1415 1360 72,
1466 1294 1667 1349 Suidas
1700 1291 1756 1345 in

165 1399 370 1463 Φοῖνιξ.
406 1398 527 1454 Νοιι
578 1413 710 1468 ergo
735 1395 939 1451 mirum
969 1400 1108 1456 erat,
1146 1392 1191 1447 si
1223 1385 1632 1445 Christianismi
1658 1385 1759 1441 do-

167 1499 359 1546 ctores
397 1489 467 1544 ad
515 1504 631 1542 rem
663 1487 824 1558 vulgo
855 1485 1119 1541 creditam
1155 1485 1557 1554 provocarent;
1583 1491 1749 1548 quan-

169 1581 472 1651 doquidem
489 1588 543 1635 et
567 1578 664 1634 Dio
684 1592 939 1633 asserere
970 1574 1133 1637 audet
1162 1574 1256 1629 lib.
1278 1587 1437 1636 LVIII,
1463 1569 1630 1625 Sexto
1655 1568 1760 1624 Pa-

169 1673 324 1743 pinio
354 1681 409 1726 et
437 1671 504 1738 ρ.
530 1670 745 1726 Plautio
780 1684 928 1724 coss.
964 1668 1127 1738 paulo
1148 1673 1274 1721 ante
1295 1664 1501 1719 Tiberii
1546 1663 1758 1718 obitum

168 1765 224 1818 in
276 1761 523 1835 Egypto
562 1761 871 1831 phoenicem
918 1759 1262 1829 apparuisse,
1322 1755 1376 1810 id
1411 1754 1558 1825 quod
1588 1754 1754 1809 etiam

169 1855 390 1911 Plinius
422 1863 723 1910 memorato
748 1853 871 1906 loco
890 1867 954 1909 ex
977 1848 1233 1905 Cornelio
1255 1847 1547 1901 Valeriano
1569 1845 1758 1900 refert.

171 1942 402 1999 Tacitus
429 1959 580 2008 vero,
611 1960 664 1998 vi
684 1939 1010 2006 Annal.,28,
1050 1941 1192 1994 idem
1230 1939 1297 1992 ad
1321 1936 1476 1991 Pauli
1503 1935 1679 1997 Fabii,
1709 1942 1766 1988 et

172 2034 234 2093 Ι...
290 2033 502 2092 Vitellii
557 2043 805 2104 tempora
865 2031 1101 2095 reducit,
1157 2045 1390 2101 quorum
1432 2013 1764 2083 consulatus

169 2129 326 2199 juxta
353 2125 629 2196 Onupbrii
673 2123 866 2178 Fastos
894 2125 950 2178 in
981 2137 1185 2178 annum
1222 2119 1290 2176 υ.
1321 2119 1384 2177 C.
1416 2133 1762 2185 occuxxvu,

174 2221 389 2276 Christi
443 2219 514 2273 55
571 2218 812 2272 incidit:
863 2231 987 2287 qua:
1040 2214 1185 2270 fama
1240 2213 1416 2269 nostri
1465 2210 1764 2267 Clementis

176 2319 433 2383 tempore
465 2309 644 2363 adhuc
694 2317 814 2362 erat
849 2321 1064 2370 recens,
1091 2312 1280 2375 utpote
1307 2303 1402 2374 qui
1428 2303 1584 2370 juxta
1614 2301 1765 2356 Ana-

175 2404 410 2458 stasium
446 2399 927 2455 Bibliothecarium
966 2412 1111 2453 anno
1163 2399 1285 2467 ejus
1317 2396 1504 2451 saeculi
1543 2395 1635 2460 95,
1671 2411 1764 2449 se-

174 2491 424 2546 cundum
483 2491 623 2546 alios
679 2504 810 2545 vero
859 2489 1048 2555 citius,
1106 2488 1453 2558 episcopatui
1519 2484 1768 2540 Romano

179 2599 420 2658 praesse
467 2584 654 2652 cmpit.
693 2581 836 2649 Quid
877 2580 1025 2652 quod
1074 2580 1424 2636 Christianos
1475 2579 1586 2633 illis
1632 2586 1771 2633 tem-

175 2677 409 2748 poribus
440 2675 748 2746 plimnicem
775 2672 1208 2728 resurrectionis
1242 2673 1552 2744 symbolum
1573 2686 1770 2727 cmme-

179 2770 468 2824 terialibus
493 2768 716 2822 tumulis
747 2766 889 2821 inter
918 2765 1024 2820 alia
1047 2763 1425 2834 insculpsisse,
1451 2779 1519 2818 ex
1549 2763 1616 2819 B.
1646 2762 1768 2818 Cte-

179 2858 318 2914 ciliz
356 2859 508 2912 Actis
547 2857 730 2912 discas
763 2874 779 2911 :
809 2872 932 2926 quae
981 2856 1217 2926 idipsum
1263 2854 1327 2912 Β.
1370 2854 1590 2910 Maximi
1625 2868 1771 2908 mar-

180 2953 318 3024 tyris
341 2951 693 3022 sarcophago
725 2949 942 3004 curavit
973 2948 1422 3018 insculpendum.
1455 2946 1634 3003 Verba
1665 2946 1772 3001 Ac-

181 3057 381 3107 torum,
413 3053 473 3098 ut
497 3059 562 3098 ex
588 3042 712 3097 cod.
744 3058 851 3098 ms.
896 3040 1074 3097 Vatic.
1107 3040 1306 3096 Vallic.
1353 3040 1408 3096 in
1456 3040 1629 3095 Roma
1649 3042 1776 3094 sub-

1855 551 2134 622 rejiciendi
2159 567 2173 616 ;
2219 562 2344 603 cum
2369 560 2470 600 nec
2497 541 2802 605 Scultetus,
2822 555 2923 596 nec
2945 538 3149 601 Cocus,
3180 550 3426 606 unquam

1853 645 2123 710 eamdem,
2156 651 2216 698 ut
2240 638 2485 696 nondum
2525 652 2556 691 a
2575 634 2814 690 Patricio
2843 633 2979 688 forte
3000 633 3196 693 visam,
3228 629 3433 683 nedum

1851 737 2182 805 evulgatam,
2207 731 2467 796 viderint,
2489 729 2737 797 adeoque
2767 726 2844 780 de.
2865 741 2924 779 re
2947 723 3130 794 ignota
3157 719 3431 790 judicium

1855 844 2015 884 suum
2039 841 2147 881 non
2173 824 2453 894 potuerint
2480 823 2851 892 interponere.
2885 817 3115 886 lpsemet
3137 817 3242 868 hoc
3265 819 3437 866 testa-

1857 928 1947 974 tur
1967 918 2310 972 Abrahamus
2337 914 2638 970 Scultetus.
2669 909 2946 981 quondam
2994 905 3277 976 professor
3305 902 3437 958 Hei-

1856 1012 2233 1082 delbergensis
2283 1008 2538 1064 Medulla:
2591 1018 2705 1060 sua:
2733 1007 2778 1038 ”
2817 1020 2939 1076 pag.
2969 1002 3068 1058 571
3105 998 3317 1064 (1379,
3365 997 3439 1054 do

1858 1107 2023 1180 hujus
2052 1104 2347 1160 Clementis
2381 1101 2603 1171 scriptis
2632 1107 2776 1153 inter
2824 1099 2932 1153 alia
2978 1094 3274 1167 inquiens:
3303 1091 3436 1162 Epi-

1857 1199 2050 1252 stolam
2099 1195 2181 1249 hic
2218 1193 2483 1266 quondam
2521 1188 2589 1245 ad
2645 1188 2951 1245 Corinthios
3002 1186 3237 1256 scripsit,
3281 1183 3435 1253 cujus

1859 1290 2094 1345 meminit
2130 1288 2416 1358 Dionysius
2448 1283 2762 1341 Corinthius
2800 1280 2942 1350 apud
2987 1280 3178 1334 Euseb.
3209 1275 3434 1342 (Iib..tv,

1859 1397 1979 1452 cap.
2003 1382 2109 1448 23;
2143 1381 2238 1436 lib.
2258 1396 2341 1444 ιιι,
2365 1393 2488 1448 cap.
2508 1376 2620 1445 58.)
2645 1375 2812 1432 Periit
2831 1372 3041 1429 celebris
3058 1371 3162 1426 ista
3175 1367 3399 1439 epistola
3418 1403 3436 1426 ,

1860 1476 1950 1530 sed
1979 1476 2035 1528 in
2057 1473 2231 1527 locum
2262 1471 2377 1540 ejus
2421 1467 2725 1523 substitutte
2746 1472 2871 1518 sunt
2903 1461 3129 1532 quinque
3185 1458 3330 1520 aliut,
3387 1465 3436 1510 et

1858 1565 2281 1634 Recognitionum
2305 1563 2430 1617 libri
2448 1560 2647 1620 decem,
2674 1559 2766 1628 qui
2806 1555 2960 1609 hodie
3006 1551 3293 1609 Clementis
3337 1565 3436 1603 no-

1862 1660 2000 1714 mine
2029 1655 2506 1724 circumferuntur.
2565 1649 2819 1719 Epistola:
2863 1653 3072 1720 eagstant
3097 1653 3239 1698 torno
3268 1641 3441 1711 primo

1857 1746 2371 1814 Concillorutn,qua'
2395 1743 2618 1812 singulis
2643 1741 2750 1811 fere
2777 1740 2928 1792 lineis
2954 1736 3271 1792 Clementem
3293 1731 3448 1786 adul-

1867 1843 2090 1897 terinum
2121 1838 2424 1906 loquuntur.
2469 1830 2820 1911 \Earumdem
2873 1828 3118 1898 quinque
3149 1823 3440 1880 Clementi-

1868 1950 2077 1999 narum,
2113 1947 2235 2000 qum
2282 1907 2580 1983 Decretales
2636 1924 2820 1994 vulgo,
2855 1907 2968 1975 non
3003 1935 3130 1974 vero
3159 1918 3324 1987 hujus
3375 1916 3446 1970 ad

1865 2025 2437 2086 Corinthios,examen
2461 2018 2698 2072 instituit
2720 2013 2997 2068 Robertus
3026 2012 3208 2065 Cocus
3237 2007 3449 2078 Anglus

1869 2118 1923 2171 in
1971 2130 2071 2171 sua
2095 2111 2331 2168 Censura
2352 2109 2397 2141 “
2434 2122 2556 2178 pag.
2589 2105 2653 2160 Μ
2691 2116 2742 2158 et
2778 2118 2932 2172 seqq.
2966 2099 3289 2154 Blondellus
3314 2097 3449 2150 item

1868 2224 2133 2297 singulari
2164 2223 2307 2277 libro
2342 2219 2608 2274 adversus
2639 2213 2839 2277 lsidori
2879 2210 3202 2267 Mercatoris
3231 2209 3454 2280 ﬁgmen-

1869 2330 1944 2382 ta,
1981 2317 2213 2372 Genava:
2263 2327 2353 2367 an.
2407 2309 2612 2366 Christi
2678 2306 2817 2362 1628
2866 2320 3106 2370 excuso,
3154 2301 3248 2356 ubi
3286 2297 3455 2356 simul

1868 2407 2113 2464 ostendit
2149 2420 2216 2462 ex
2246 2403 2450 2474 quibus
2506 2399 2834 2455 centonibus
2856 2411 2934 2451 eae
2971 2402 3216 2449 consutaa
3246 2391 3457 2446 fuerint

1870 2513 1924 2560 et
1949 2501 2231 2558 confectae.
2277 2497 2496 2563 Quanto
2525 2509 2654 2549 vero
2684 2492 2736 2546 in
2769 2490 2946 2561 pretio
2973 2490 3116 2542 hanc
3142 2487 3318 2556 ipsam
3349 2485 3457 2539 ha-

1873 2594 2052 2649 buerit
2101 2589 2419 2660 Epistolam,
2477 2584 2739 2654 Apologia
2792 2581 2914 2649 ejus
2971 2576 3445 2650 pererudita'pro

1876 2678 2459 2754 Hieronymiasententia
2475 2675 2537 2729 de
2566 2674 2816 2742 episcopis
2830 2668 3208 2740 etpresbyteris
3235 2667 3454 2737 probat,

1879 2780 1933 2834 in
1956 2791 2064 2848 qua
2095 2790 2204 2829 non
2231 2779 2456 2826 veretur
2478 2767 2536 2821 B.
2557 2765 2740 2820 Patris
2763 2762 3094 2820 sententiam
3121 2757 3457 2815 testimoniis

1873 2886 1938 2925 ex
1967 2844 2030 2922 ea
2069 2863 2373 2932 desumptis
2416 2856 2744 2912 continuare
2788 2862 2843 2907 et
2875 2864 3141 2907 asserere.
3183 2844 3453 2912 Quemad-

1874 2958 2097 3015 modum
2130 2955 2294 3011 etiani
2343 2967 2410 3006 ex
2440 2948 2635 3003 Voetio
2682 2955 2737 2998 et
2765 2943 2983 3005 Riveto,
3010 2941 3103 3011 qui
3141 2953 3266 2993 cum
3295 2936 3476 2989 Blon-'

1877 3048 2018 3103 dello
2047 3060 2165 3100 eam
2196 3052 2250 3098 et
2276 3041 2528 3096 viderunt
2549 3046 2603 3092 et
2637 3035 2914 3105 legerunt,
2935 3030 3078 3085 haud
3109 3027 3267 3082 facile
3289 3040 3463 3098 queas

181 3141 431 3188 terranea
499 3134 784 3189 novissima
831 3134 1136 3206 Aringliius
1184 3134 1360 3197 citat,
1409 3132 1525 3188 haec
1581 3140 1710 3188 sunt
1757 3152 1769 3188 :

1879 3138 2193 3212 perspicere
2221 3144 2275 3190 et
2318 3128 2648 3201 dijudicare,
2682 3141 2812 3180 num
2837 3124 2920 3178 vel
2938 3121 3349 3190 recipientium,
3375 3118 3462 3171 vel

183 3227 378 3294 Quem,
413 3224 707 3278 Maximum
745 3225 979 3289 scilicet,
1015 3223 1074 3281 S.
1109 3223 1333 3280 Caecilia
1363 3225 1508 3295 virgo
1538 3224 1774 3293 sepelivit

183 3319 239 3372 in
271 3334 406 3371 novo
436 3316 786 3386 sarcophago,
818 3326 866 3371 et
888 3317 1056 3386 jussit
1111 3326 1170 3371 ut
1205 3316 1262 3371 in
1303 3315 1632 3388 sarcophago
1659 3317 1776 3386 ejus

183 3409 517 3476 sculpentur
557 3407 791 3474 phoenix,
828 3407 896 3460 ad
935 3408 1194 3462 indicium
1225 3409 1351 3478 ﬁdei
1379 3409 1516 3472 eius,
1565 3409 1656 3478 qui
1695 3425 1778 3462 re-

185 3498 569 3552 surrectionem
591 3515 645 3552 se
663 3499 995 3552 inventurum
1036 3499 1273 3568 exemplo
1298 3499 1551 3568 phaenicis
1581 3513 1646 3551 ea:
1668 3507 1778 3553 toto

186 3589 347 3644 corde
383 3590 637 3658 suscepit.
663 3586 831 3645 Vides
861 3605 1017 3662 ergo,
1049 3605 1213 3661 quam
1249 3590 1401 3661 juste
1430 3592 1487 3644 in
1516 3590 1633 3645 haec
1655 3599 1778 3645 tan-

189 3682 314 3736 dem
342 3682 512 3736 verba
539 3688 792 3752 erumpat
819 3683 1011 3754 κριτὴς
1039 3684 1129 3762 ille
1155 3683 1409 3754 egregius
1447 3702 1460 3738 :
1494 3682 1780 3739 Estne‘liic

193 3775 496 3845 (Clemens,
522 3773 759 3845 scilicet)
787 3775 988 3840 bonus,
1021 3773 1235 3845 fideque
1267 3775 1780 3845 dignus‘apostolus

192 3873 248 3918 et
269 3865 494 3933 adjutor
519 3862 576 3919 S.
603 3863 780 3925 Pauli,
797 3866 894 3935 qui
924 3867 1384 3922 resurrectionem
1412 3867 1595 3921 carnis
1620 3864 1780 3920 fabu-

192 3956 262 4010 lis
292 3963 408 4008 tam
457 3953 617 4009 bellis
647 3963 826 4023 potest
856 3956 1142 4011 astruere?
1187 3964 1240 4011 et
1264 3972 1328 4010 an
1480 3957 1651 4010 inulto
1699 3971 1784 4011 re-

192 4049 339 4104 otius
362 4047 630 4117 judicarit
679 4047 814 4101 illud
862 4047 1032 4119 Belgii
1091 4048 1267 4112 sidus,
1327 4049 1483 4120 ltogo
1534 4047 1780 4114 Grotius,

195 4139 338 4196 falso
369 4140 561 4195 itidem
600 4141 694 4195 illo
723 4141 844 4210 ipso
897 4140 1105 4210 scripto
1163 4141 1342 4196 verbis
1479 4157 1531 4195 xx
1587 4142 1785 4197 subse-

194 4236 517 4306 quentibus,
549 4241 607 4287 ut
637 4234 714 4288 rei
747 4234 1001 4289 absurdae
1047 4224 1263 4298 auctor,
1309 4252 1402 4304 St“
1460 4244 1625 4298 atus,
1665 4235 1784 4306 epi-

199 4327 340 4382 stola
367 4326 607 4397 quadam
650 4326 715 4380 ad
748 4325 1078 4397 Bignonium
1109 4327 1374 4381 hactenus
1420 4327 1624 4381 inedita
1661 4347 1673 4382 :
1710 4327 1786 4380 De

198 4420 431 4489 phoenice
460 4435 569 4472 rem
606 4418 852 4487 fuisseeo
882 4429 1110 4488 tempore
1139 4421 1362 4474 eruditis
1388 4422 1666 4485 creditam,
1693 4436 1785 4473 nec

1881 3229 2258 3301 respuentium
2311 3231 2619 3295 sequantur
2654 3226 2839 3290 partes
2871 3216 3073 3283 :hujus
3104 3226 3342 3282 namque
3393 3223 3460 3264 ex

1883 3327 2127 3383 editione
2151 3321 2341 3376 ultima
2371 3313 2678 3371 Genevcnsi
2703 3310 2832 3364 anni
2860 3307 3018 3369 1652,
3043 3305 3159 3360 haec
3192 3309 3319 3358 sunt
3341 3318 3464 3356 ver-

1887 3421 1956 3474 ba
1983 3437 1996 3472 :
2027 3413 2252 3482 Scripsit
2276 3408 2537 3466 Clemens.
2573 3413 2699 3459 teste
2728 3401 3052 3470 Hieronymo
3096 3397 3150 3450 in
3175 3394 3457 3463 Catalogo,

1880 3524 1944 3563 ea:
1983 3521 2207 3576 persona
2232 3502 2484 3557 Ecclesia:
2509 3497 2763 3552 Romana:
2790 3493 2857 3548 ad
2901 3489 3188 3546 Ecclesium
3219 3483 3464 3541 Corinthi

1881 3599 2031 3653 valde
2065 3595 2247 3649 utilem
2293 3589 2614 3660 Epistolam,
2648 3601 2765 3658 qua:
2788 3582 3056 3638 nonnullis
3086 3580 3163 3633 -in
3207 3577 3335 3631 locis
3357 3590 3462 3644 puo

1882 3691 2013 3744 blice
2064 3699 2175 3742 tum
2243 3686 2530 3757 legebatur.
2581 3677 2832 3732 -——Hanc
2871 3683 3047 3728 autem
3098 3668 3484 3725 desideratam

1888 3782 2154 3837 Patricius
2195 3778 2391 3833 Junius
2424 3779 2502 3830 vir
2544 3771 2898 3831 clarissimus,
2937 3767 3073 3836 regis
3107 3777 3313 3833 magnae
3341 3757 3472 3813 Bri-

1885 3874 2081 3929 tannia:
2114 3868 2560 3928 bibliothecarius,
2596 3879 2660 3918 ex
2690 3861 2881 3915 laceris
2911 3856 3153 3926 reliquiis
3178 3848 3468 3907 vetustissi-

1886 3985 1958 4023 mt
1989 3963 2305 4035 exemplaris
2350 3960 2482 4030 regii
2509 3959 2667 4019 eruit,
2728 3955 2952 4008 lacunas
3001 3947 3250 4018 explevit,
3281 3940 3472 4029 Latine

1886 4059 2059 4120 uertit,
2089 4033 2145 4110 et
2192 4053 2431 4106 brevibus
2465 4049 2604 4101 notis
2661 4043 2974 4104 illustravit,
3030 4052 3247 4108 eamque
3274 4033 3465 4091 edidit,

1887 4168 2004 4218 cum
2029 4149 2324 4218 fragmento
2357 4139 2598 4196 secunda:
2622 4135 2860 4205 epistula:
2891 4132 2958 4186 ad
2980 4131 3210 4191 eosdem,
3238 4123 3467 4182 Oxonia:

1887 4258 2026 4295 anno
2068 4237 2226 4292 1653.
2270 4233 2337 4288 In
2367 4250 2428 4287 ea
2459 4231 2791 4299 reperiuntur
2812 4240 2930 4296 qua:
2954 4241 2987 4277 a
3040 4219 3309 4275 nonnullis
3334 4226 3474 4271 vetc-

1898 4331 2044 4384 ribus
2080 4329 2337 4387 citantur,
2371 4331 2426 4375 ut
2455 4323 2508 4373 in
2534 4320 2670 4373 notis
2717 4317 2850 4380 suis,
2881 4329 2946 4368 ea:
2968 4311 3269 4372 collatione,
3295 4318 3444 4361 esten
3469 4340 3474 4348 -

1903 4423 1980 4476 dit
2011 4419 2405 4475 eruditissimus
2446 4413 2638 4474 editor,
2666 4410 2754 4479 qui
2785 4424 2959 4462 veram
2982 4415 3029 4460 et
3058 4403 3338 4473 genuinam
3359 4416 3472 4454 esse

199 4531 261 4570 eo
290 4521 599 4584 argumento
629 4513 708 4566 uti
736 4511 1054 4567 Clementem
1087 4521 1146 4565 ut
1199 4512 1376 4580 probet
1405 4511 1512 4565 τῶν
1567 4513 1777 4583 νεκρῶν
1820 4497 1862 4552 D
1893 4510 2171 4568 Clementis
2206 4504 2501 4575 Epistolum
2542 4501 2836 4562 existimat,
2867 4514 2968 4550 non
3023 4493 3264 4548 obstante
3285 4490 3473 4560 fabula

201 4603 625 4666 baiarastvmed
657 4614 712 4656 ut
740 4603 980 4657 ostendat
1008 4618 1072 4656 ea:
1101 4619 1156 4656 re
1180 4603 1377 4657 credita
1408 4620 1513 4658 non
1534 4620 1646 4658 esse
1671 4621 1790 4657 eam

202 4698 309 4751 τῶν
331 4695 626 4751 ἀδυνάτων.
661 4693 878 4751 luscitia
903 4695 1150 4764 profecto
1171 4710 1383 4750 summa
1424 4705 1529 4760 est,
1556 4697 1631 4750 illi
1664 4714 1792 4768 pro-

205 4800 396 4861 pterea
479 4788 625 4842 hanc
694 4788 989 4857 epistolam
1056 4787 1431 4857 abjudicare,
1513 4790 1790 4860 praecipue

206 4897 328 4936 cum
399 4881 517 4948 jam
576 4879 692 4934 suis
749 4878 1087 4949 temporibus
1127 4877 1403 4949 \Cyrillus
1466 4878 1786 4952 Hierosoly-

209 4974 498 5036 mitanus,
571 4967 923 5043 Photiusque.
974 4968 1648 5042 Constantinopolitanus,
1698 4972 1789 5028 hic

210 5063 413 5120 sa-culo
483 5075 672 5127 nono,
743 5060 832 5114 ille
913 5067 1146 5130 quarto,
1205 5043 1589 5117 commentum
1654 5063 1788 5118 illud

213 5160 266 5213 in
289 5157 481 5212 eadem
519 5154 768 5224 legerint,
809 5159 862 5207 et
901 5151 1096 5207 exinde
1123 5152 1178 5206 in
1243 5153 1464 5223 scriptis
1495 5153 1612 5209 suis
1636 5155 1776 5209 cita-

214 5249 348 5315 rint,
380 5254 444 5300 ut
469 5262 534 5301 es
556 5247 771 5301 illorum
797 5243 1125 5300 testimoniis
1154 5244 1408 5314 superius
1436 5245 1788 5300 manilestum

219 5336 341 5392 fuit.
394 5333 510 5389 Nec
576 5335 807 5389 minoris
832 5343 918 5389 est
948 5333 1211 5397 audaciae,
1273 5335 1605 5403 persuadere
1653 5335 1791 5392 velle

216 5429 470 5493 eruditis,
501 5424 832 5490 Scultetum,
863 5425 1476 5491 Coeum,Blondel|um,
1511 5425 1790 5492 Rivetum,

221 5517 471 5576 Voetiun.
511 5520 759 5594 partibus
782 5517 1222 5583 reformatorum,
1246 5525 1305 5571 ut
1357 5517 1470 5587 jam
1492 5519 1655 5589 vulgo
1684 5519 1795 5575 dici

223 5622 540 5680 amant,una
556 5610 1088 5674 addictosdoctores,
1100 5625 1165 5665 ex
1179 5608 1281 5664 hac
1298 5607 1481 5664 fabula
1496 5612 1798 5683 arripuisse

1896 4603 1960 4657 de
1994 4601 2245 4669 phoenice,
2287 4611 2440 4666 quam
2474 4593 2541 4647 ad
2573 4591 2990 4645 illustrationem
3015 4587 3274 4641 doctrina:
3291 4582 3354 4636 de
3390 4599 3475 4636 re-

1894 4691 2214 4746 surrectione
2241 4687 2475 4741 adducit.
2535 4683 2690 4750 Quod
2712 4691 2894 4751 postea
2925 4680 3156 4749 fecerunt
3180 4677 3276 4730 alii
3297 4675 3473 4743 plures

1891 4801 1956 4840 ex
1976 4782 2590 4849 veteribus.Argumenta
2618 4776 2718 4830 viri
2749 4771 3043 4826 doctissimi
3070 4766 3356 4837 expendere
3378 4781 3474 4835 po-

1897 4875 2018 4928 terit
2047 4873 2207 4926 lector
2234 4869 2493 4923 eruditus.
2518 4864 2762 4933 Epistola
2789 4871 2899 4925 tota
2927 4860 3125 4932 alioqui
3152 4859 3284 4910 satis
3313 4854 3473 4924 refert

1894 4965 2286 5036 simplicitatem
2326 4961 2653 5030 prima’ram,
2691 4967 2741 5011 et
2767 4971 2884 5025 quin
2928 4955 2982 5006 in
3019 4968 3083 5006 ea
3113 4951 3361 5019 leguntur
3404 4947 3474 5001 ad

1897 5067 2264 5129 argumentum
2296 5054 2434 5112 quod
2456 5054 2510 5106 in
2548 5069 2609 5105 ea
2634 5058 2918 5108 tractatur,
2947 5044 3081 5100 satis
3111 5052 3234 5098 sunt
3267 5058 3478 5095 accom-

1896 5149 2136 5204 modata.
2177 5146 2248 5200 id
2293 5161 2420 5199 sane
2449 5139 2738 5197 notandum
2771 5137 2908 5207 quod
2943 5151 3063 5205 pag.
3102 5134 3166 5188 M
3220 5134 3285 5186 de
3303 5133 3476 5201 justi-

1898 5242 2143 5312 ﬁcatione
2173 5236 2423 5292 scribitur
2460 5251 2488 5289 :-
2521 5231 2634 5287 Nos
2663 5247 2730 5286 ea:
2760 5231 3025 5284 voluntate
3056 5226 3152 5279 Dei
3181 5228 3234 5278 in
3265 5223 3478 5278 Christo

1887 5332 2016 5386 Jesu
2043 5340 2275 5394 vocatos,
2305 5338 2411 5384 etc.
2448 5327 2734 5380 Gisbertus
2767 5321 2996 5376 Voetius
3019 5333 3150 5373 vero
3183 5316 3472 5385 theologia:

1891 5427 1945 5480 in
2003 5422 2280 5480 academia
2317 5418 2673 5488 Ultrajectina
2721 5416 2882 5483 proli,
2911 5413 2966 5468 in
3003 5413 3234 5480 Disputt.
3267 5406 3473 5461 selectis

1895 5515 2216 5586 theologicis,
2248 5529 2370 5584 pag.
2403 5511 2507 5565 105
2555 5505 2722 5579 partis
2755 5504 2971 5573 primas,
3030 5516 3154 5556 cum
3211 5495 3475 5569 qiiaestio-

1896 5627 2018 5666 nem
2050 5609 2319 5664 attulisset
2344 5606 2482 5660 lianc
2516 5621 2527 5657 :
2573 5599 2714 5670 Quid
2761 5597 2824 5652 de
2843 5596 3069 5666 epistola
3095 5591 3380 5649 Clementis
3400 5587 3471 5642 ad

301 5794 348 5825 "
383 5792 524 5851 Edit.
587 5789 934 5850 Francofurt.
989 5789 1146 5847 1634.
1223 5787 1434 5848 “Edit.
1476 5790 1772 5850 Helmstad.

1876 5808 1980 5849 uno
2009 5789 2161 5848 l6“.
