4054 6320
606 246 676 301 εν
1739 251 1829 305 AD
1871 250 1928 309 S.
1972 252 2396 308 CLEMENTEM
2440 252 2456 305 Ι
2498 253 2729 307 ΡΑΡΛΜ
3412 262 3415 263 ⁷
3782 260 3852 314 1·ιῦ

607 361 909 419 Corinthios
944 376 1106 431 nuper
1127 364 1388 435 evulgato,
1416 364 1503 419 sed
1536 381 1637 420 non
1667 367 1778 421 sine
1806 369 1987 422 multis
2015 371 2181 423 mari;
2208 376 2253 430 Α
2282 375 2384 423 bus
2406 381 2571 437 supra
2595 367 2799 421 mentio
2828 366 3030 435 injecta
3075 375 3178 431 est,
3216 367 3586 423 decretalibus
3613 369 3857 423 confun-

610 455 807 523 nsisque
838 455 1040 509 lacunis
1072 459 1097 511 ?
1136 455 1301 511 dubie
1327 457 1535 526 pariter
1554 458 1848 527 respondet
1881 478 1893 513 :
1926 460 2176 514 Admira-

606 562 728 599 ntur
768 546 1090 617 singularem
1114 548 1343 603 divinam
1364 544 1780 614 Providentiam,
1805 566 1923 620 qua:
1950 553 2155 605 curavit

607 643 664 688 ut
693 635 756 689 ab
795 636 1155 705 apostolorum
1213 638 1491 706 discipulis
1524 640 1747 711 virisque
1790 642 2093 710 apostolicis
2128 649 2179 694 et

608 728 973 797 apostolorum
1000 730 1195 783 swculo
1227 731 1505 797 proximis,
1538 741 1632 785 aut
1680 732 1811 786 nihil
1842 733 2176 796 scriberetur,

605 827 699 871 aut
743 819 873 873 nihil
905 829 1302 873 conservaretur
1340 830 1389 873 et
1410 819 1477 873 ad
1502 832 1738 888 posteros
1773 832 2052 885 manaret;
2086 829 2179 875 aut

606 909 797 963 saltent
821 908 952 963 nihil
991 909 1054 963 ab
1095 910 1243 963 initio
1284 908 1535 965 Ecclesite
1574 926 1738 981 usque
1776 914 1830 965 in
1858 912 1993 966 hunc
2037 912 2178 964 diem

609 1009 917 1070 superesset,
949 1000 1012 1055 de
1060 1017 1161 1071 quo
1216 1018 1320 1056 non
1366 1001 1721 1067 dubitaretur,
1774 1013 1867 1057 aut
1904 1003 2040 1074 quod
2086 1019 2179 1072 per

608 1092 775 1145 tineas
829 1088 1145 1160 blattasque,
1179 1100 1272 1144 aut
1302 1092 1468 1145 alium
1490 1092 1717 1160 quemvis
1766 1090 1864 1146 Dei
1894 1094 2180 1146 exercitum

607 1180 911 1234 mutilatum
942 1197 1043 1235 non
1078 1189 1208 1234 esset
1238 1195 1256 1234 .°
1311 1190 1369 1233 ut
1410 1180 1511 1234 soli
1540 1179 1830 1249 Scriptura:
1872 1190 2017 1235 tanto
2065 1183 2178 1235 evi—

605 1262 815 1325 dentius
846 1287 944 1325 sua
984 1279 1246 1323 constaret
1302 1271 1615 1331 auctoritas,
1656 1270 1835 1339 illique
1884 1270 1985 1323 soli
2044 1279 2181 1324 esset

604 1360 819 1427 propria
849 1356 1323 1428 incorruptibilitas
1348 1369 1399 1413 et
1421 1360 1709 1414 cternitas.
1755 1358 1910 1425 Quod
1944 1360 1990 1415 si
2015 1359 2181 1431 igitur

604 1452 695 1507 ille
716 1452 1044 1523 ἐπικρίσεως
1070 1461 1257 1505 auctor
1287 1452 1475 1507 saltem
1503 1467 1595 1521 per
1624 1458 1999 1517 transennam,
2032 1450 2179 1521 quod

608 1545 783 1606 aiunt,
820 1559 913 1598 eos
936 1558 1075 1613 quos
1102 1543 1325 1597 adducit
1354 1543 1653 1611 scriptores
1683 1544 2035 1612 inspexisset,
2070 1558 2181 1597 non

608 1637 877 1705 potuisset
908 1636 1159 1704 ignorare
1191 1634 1371 1689 omnia
1396 1632 1487 1687 illa
1520 1634 1855 1699 testimonia,
1890 1649 2012 1703 quae
2040 1647 2178 1688 con-

603 1736 687 1782 tra
712 1727 859 1779 hanc
885 1724 1182 1796 Epistolam
1215 1723 1491 1795 producit,
1520 1725 1702 1793 potius
1734 1724 2016 1779 adversari
2047 1723 2174 1789 sibi,
2210 1720 2251 1773 Β

602 1832 767 1887 quam
802 1816 1081 1885 prodesse.
1124 1815 1233 1871 Nec
1258 1815 1401 1869 enim
1445 1816 1673 1871 ulterius
1696 1830 1819 1869 eum
1867 1815 2173 1885 quidquam

598 1908 755 1979 juvat
800 1907 1088 1971 Eusebius,
1122 1923 1281 1978 quem
1316 1906 1468 1977 lingit
1490 1907 1587 1961 lib.
1618 1923 1693 1971 v1,
1726 1922 1777 1962 c.
1816 1907 1883 1961 l5
1912 1907 2174 1971 scribere,

596 2000 712 2071 jam
743 2014 844 2055 suo
873 2010 1137 2069 tempore,
1176 2000 1323 2053 circa
1371 2014 1574 2052 annum
1613 1998 1868 2053 videlicet
1900 1998 2027 2062 ωλι,
2055 1998 2179 2054 Cle-

605 2092 804 2148 mentis
837 2090 1135 2162 Epistolam
1163 2104 1269 2145 non
1309 2104 1406 2160 pro
1448 2091 1685 2159 genuina
1728 2090 1964 2160 amplius
2014 2090 2173 2144 habi-

605 2191 754 2247 tant,
792 2184 1003 2239 etiamsi
1033 2183 1126 2237 lib.
1174 2197 1258 2247 Ill,
1308 2196 1358 2237 c.
1418 2180 1485 2236 16
1534 2183 1650 2251 ipse
1690 2180 1865 2236 fuerat
1914 2188 2175 2247 testatus,

609 2274 916 2345 adjutorem
952 2272 1105 2328 Pauli
1142 2271 1476 2328 Clementem
1518 2269 1815 2341 Epistulam
1855 2269 1920 2325 ad
1978 2268 2177 2324 Corin-

605 2366 751 2421 thios
777 2366 1090 2436 scripsisse,
1111 2378 1231 2435 quas
1261 2364 1423 2419 etiam
1466 2363 1521 2417 in
1552 2362 1883 2433 quibusdam
1928 2356 2177 2417 ecclesiis

604 2461 675 2510 sit
725 2456 885 2511 lecta.
957 2454 1090 2509 Nam
1127 2456 1229 2509 ista
1270 2470 1488 2525 quoque
1539 2454 1701 2509 verba
1750 2469 1817 2509 eo
1849 2454 2011 2507 modo
2036 2454 2180 2523 apud

605 2543 899 2600 Eusebium
919 2560 1027 2599 non
1051 2544 1328 2615 leguntur,
1347 2544 1441 2599 sed
1463 2560 1585 2598 cum
1611 2552 1724 2600 toto
1746 2544 1810 2598 l2
1833 2551 1888 2599 et
1912 2544 1978 2598 l5
2000 2545 2179 2613 capite

607 2637 757 2692 illius
790 2636 914 2691 libri
940 2637 1005 2691 de
1029 2636 1309 2691 Clemente
1339 2636 1711 2690 Alexandrino
1734 2644 1787 2690 et
1813 2636 1932 2704 ejus
1958 2636 2180 2705 scriptis

604 2738 772 2801 agat:
808 2727 961 2782 Hunc
992 2730 1091 2794 uti,
1128 2729 1227 2792 ait,
1277 2730 1331 2781 in
1376 2728 1485 2781 illis
1514 2728 1677 2781 etiam
1715 2744 1899 2781 earum
1935 2725 2180 2796 Scriptu-

604 2835 789 2875 rarum
818 2820 1133 2874 testimoniis
1165 2818 1351 2888 quibus
1395 2816 1806 2881 contradicitur,
1839 2826 1889 2871 et
1917 2818 2033 2887 ejus
2062 2834 2180 2889 qua:

601 2926 679 2968 est
706 2912 838 2966 Jesu
900 2911 1112 2974 Sirach,
1142 2920 1192 2965 et
1233 2909 1487 2978 Epistola:
1516 2907 1583 2963 ad
1639 2908 1911 2973 Hebrtcos,
1962 2910 2181 2981 denique

604 3017 653 3061 et
690 3003 950 3059 Barnabw
973 3014 1019 3057 et
1044 3002 1327 3057 Clementis
1352 3012 1401 3056 et
1431 3000 1589 3055 Juda:
1614 3018 1633 3065 ,'
1688 3003 1763 3056 uti
1792 3003 1956 3057 verba
1982 3011 2180 3058 sonant

600 3106 753 3168 juxta
781 3097 914 3151 edit.
946 3095 1193 3151 Latinam
1212 3093 1444 3165 Grynaai.
1477 3093 1543 3149 Ut
1575 3108 1703 3147 vero
1745 3091 1976 3149 Ruﬁnus
1994 3094 2175 3157 vertit,
2208 3078 2248 3135 Ο

606 3189 749 3260 apud
782 3202 946 3257 quem
973 3169 1185 3242 est'alia
1215 3188 1451 3257 capitum
1483 3185 1718 3240 divisio:
1753 3182 1953 3248 Utitur,
2003 3180 2182 3252 inquit

604 3296 727 3350 cap.
766 3280 823 3345 2,
853 3280 1101 3348 exemplis
1123 3281 1283 3333 etiam
1304 3295 1368 3333 ex
1396 3278 1477 3333 his
1515 3278 1687 3342 libris,
1722 3282 1869 3347 quia
1910 3277 2177 3330 nonnullis

606 3372 819 3425 minime
845 3372 1123 3439 recipiendi
1163 3372 1424 3433 videntur,
1464 3370 1515 3423 id
1547 3380 1646 3433 est,
1670 3384 1734 3423 es:
1759 3368 2033 3437 Sapientia
2062 3384 2178 3438 qum

602 3463 799 3517 dicitur
824 3462 1152 3529 Salomonis,
1180 3471 1226 3516 et
1276 3478 1340 3515 ex
1368 3460 1639 3529 Sapientia
1680 3459 1892 3523 Sirach,
1919 3476 2035 3529 qua:
2082 3476 2178 3529 ap-

601 3557 832 3625 pellatur
864 3553 1270 3609 Ecclesiastieus
1312 3554 1450 3623 apud
1485 3552 1724 3608 Latinos.
1750 3551 1853 3606 Sed
1868 3561 1917 3605 et
1944 3551 2008 3605 de
2039 3551 2179 3605 Bar-

606 3648 757 3704 nabas
786 3660 833 3703 et
859 3646 1139 3704 Clementis
1182 3646 1423 3715 Epistola
1443 3647 1585 3714 ponit
1618 3644 1872 3699 Romanis
1914 3645 2167 3713 exempla,

602 3749 655 3796 et
700 3740 764 3795 de
802 3740 1041 3809 Epistola
1076 3738 1253 3792 Judw.
1304 3736 1435 3803 Quae
1472 3738 1656 3799 verba,
1705 3737 1751 3791 si
1786 3736 1846 3788 τὸ
1864 3736 2175 3798 contradici,

606 3832 693 3890 vel
740 3849 844 3887 non
895 3830 1075 3899 recipi,
1106 3833 1266 3884 etiam
1308 3829 1372 3883 ad
1405 3828 1701 3882 Clementis
1734 3824 2030 3896 Epistulam
2088 3845 2177 3885 re-

606 3923 929 3994 stringenda
966 3930 1145 3992 putes,
1170 3936 1277 3974 non
1309 3919 1375 3975 de
1417 3920 1564 3973 omni
1596 3919 2031 3975 contradictione
2063 3922 2178 3977 sive

607 4031 717 4070 non
758 4014 1073 4076 receptione
1098 4012 1447 4082 simpliciter,
1487 4010 1581 4066 sed
1608 4019 1817 4063 tantum
1863 4010 1929 4063 de
1955 4026 2061 4065 non
2092 4027 2178 4066 re-

606 4109 857 4177 ceptione
888 4123 941 4159 in
976 4120 1243 4159 canonem
1278 4102 1685 4160 Scrinturamm
1708 4103 2045 4171 loquuntur:
2083 4119 2178 4157 ea—

606 4199 840 4268 demque
865 4198 1078 4251 ratione
1109 4197 1296 4250 multis
1331 4196 1453 4249 aliis
1476 4209 1583 4264 qua
1617 4192 1854 4255 Veteris.
1886 4210 1993 4265 qua
2019 4193 2080 4248 Ν.
2110 4194 2173 4249 Τ.

606 4290 763 4344 libris
814 4288 1215 4343 contradictum
1238 4299 1338 4351 est,
1370 4286 1492 4341 aliis
1525 4285 1661 4339 alios
1694 4301 1839 4340 nunc
1889 4288 2176 4355 probanti-

607 4382 737 4443 bus,
774 4395 921 4434 nunc
975 4379 1414 4449 reprobantibus.
1487 4377 1707 4432 Interim
1749 4380 2019 4447 posterius
2077 4380 2178 4433 hoc

606 4486 715 4524 non
762 4470 899 4523 tollit
925 4474 1095 4540 prius,
1127 4468 1226 4538 legi
1268 4485 1383 4523 eam
1408 4468 1794 4539 inquibusdam
1833 4470 2065 4528 ecclesiis
2090 4488 2178 4524 so-

607 4564 792 4627 litam;
823 4578 946 4616 cum
988 4564 1040 4616 in
1076 4563 1353 4632 primitiva
1408 4561 1655 4616 ECclesia
1685 4563 2016 4631 Christianis
2066 4581 2178 4620 non

606 4664 816 4709 tantum
842 4655 1092 4711 canonici
1121 4655 1314 4709 stricte
1338 4657 1409 4707 ita
1452 4657 1729 4725 appellati,
1758 4655 1854 4709 sed
1891 4655 2056 4710 etiam
2083 4657 2176 4711 alii

607 4747 732 4801 libri
763 4746 830 4799 ab
877 4746 1204 4816 antiquitate.
1236 4762 1333 4801 sua
1365 4754 1419 4800 et
1448 4747 1680 4801 utilitate
1710 4748 2177 4813 commendati,ad

608 4838 1011 4906 wdi/‘icationem
1058 4836 1242 4905 plebis,
1300 4853 1405 4891 non
1437 4854 1555 4891 vero
1588 4837 1655 4890 ad
1688 4841 2061 4895 auctoritatem
2094 4858 2180 4895 ec-

519 4987 533 5000 ,
606 4937 1026 4991 clesiasticorum
1080 4934 1387 5004 dogmatum
1434 4934 1879 5002 conﬁrmandam,
1924 4936 2183 5006 praelege-

612 5034 807 5081 rentur
844 5042 989 5097 :qua
1025 5027 1080 5081 in
1102 5041 1159 5080 re
1180 5027 1302 5082 licet
1322 5027 1573 5082 similiter
1608 5027 1925 5096 discrepare
1960 5034 2182 5096 possent

606 5121 748 5175 inter
780 5136 840 5175 se
873 5121 1138 5181 ecclesiae,
1172 5126 1224 5173 et
1268 5119 1386 5173 aliae
1424 5120 1655 5172 aliorum
1703 5119 1990 5174 lectionem
2043 5133 2183 5187 prae—

607 5216 770 5279 ferre,
805 5222 986 5269 tamen
1016 5214 1105 5266 illa
1159 5214 1510 5283 particularis
1551 5214 1861 5282 reprobatio
1892 5214 1959 5266 ab
1992 5199 2179 5267 Eccle-

606 5305 689 5363 sia
736 5306 975 5378 quadam
1023 5312 1116 5359 aut
1157 5304 1279 5374 ejus
1323 5305 1549 5359 doctore
1611 5306 1787 5368 facta,
1837 5320 1944 5359 non
1992 5305 2179 5359 statim

609 5407 825 5471 poterat
852 5398 957 5469 ipsi
1014 5399 1223 5467 scripto
1266 5400 1413 5454 omni
1471 5415 1537 5454 ex
1570 5407 1723 5468 parte
1776 5398 2183 5468 derogarc,aut

606 5491 727 5561 ejus
760 5490 914 5546 ﬁdem
950 5490 1275 5562 infringere.
1317 5490 1540 5546 Domum
1571 5506 1757 5544 crassa
1798 5498 1881 5545 est
1924 5491 2184 5561 ignoran-

609 5584 709 5646 tia,
760 5583 923 5654 inque
963 5578 1248 5655 theologia:
1282 5586 1526 5648 doctore,
1553 5595 1605 5639 et
1626 5584 1845 5656 quidem
1872 5594 2045 5649 tanto,
2071 5598 2183 5638 non

610 5673 853 5733 ferenda.
888 5675 1027 5730 hanc
1050 5675 1256 5732 scilicet
1289 5675 1605 5749 Epistolam,
1646 5692 1769 5731 cum
1796 5674 1938 5741 istis,
1971 5674 2037 5731 dc
2061 5674 2183 5743 qui-

2279 456 2409 512 dere
2429 476 2441 511 :
2458 457 2603 527 quod
2626 458 2803 526 ipsum
2830 470 2951 510 cum
2970 471 3081 511 non
3102 472 3210 511 uno
3231 457 3351 511 loco
3373 458 3429 511 in
3455 457 3557 513 ista
3578 458 3858 529 ἐπικρίσει

2279 562 2378 604 sua
2436 548 2585 613 facit,
2630 558 2743 602 tum
2789 549 3069 605 evidenter
3111 550 3165 604 in
3210 551 3568 619 sequentibus
3617 550 3800 606 verbis
3830 588 3857 615 ,

2278 639 2476 709 quibus
2528 638 2686 708 quasi
2740 637 3005 695 hactenus
3048 640 3116 694 de
3160 639 3439 695 Clemente
3487 640 3648 696 dictis
3695 641 3858 696 colo—

2280 730 2513 801 phonem
2536 731 2729 788 addit:
2769 728 2835 783 Et
2870 731 3015 801 quod
3051 733 3223 801 magis
3262 740 3368 798 est,
3412 731 3685 802 inquiens,
3716 748 3857 787 cum

2279 838 2522 895 nuperus
2584 825 2878 894 episcOpus
2924 824 3188 895 Yprensis
3232 826 3524 883 Cornelius
3552 826 3857 884 Jansenius

2278 916 2563 983 Augustini
2584 917 2671 972 sui
2695 923 2827 971 tom.
2852 914 2941 981 III,
2962 917 3053 972 lib.
3086 932 3158 982 vt,
3185 933 3305 989 cap.
3332 920 3421 985 12,
3444 909 3859 976 ρι’(ὶιθιηεηῑὶι

2276 1010 2506 1079 epistola
2549 1010 2921 1065 testimonium
2953 1010 3199 1075 citasset,
3225 1012 3433 1072 deridet
3475 1030 3599 1071 eum
3637 1014 3856 1072 Jesuita

2277 1098 2688 1155 Aurelianensis
2708 1098 3001 1171 Dionysius
3032 1099 3287 1159 Petavius
3301 1111 3435 1160 tom.
3454 1105 3615 1159 lllDe
3643 1103 3853 1160 Eccles.

2278 1191 2451 1262 dogm.
2479 1192 2574 1247 lib.
2603 1207 2689 1256 ιιι,
2720 1191 2793 1246 De
2823 1192 3013 1263 Opiﬁc.
3038 1208 3161 1264 cap.
3191 1195 3244 1257 8,
3270 1212 3423 1251 num.
3447 1195 3501 1260 5,
3542 1197 3685 1267 quod
3733 1212 3860 1251 non

2278 1281 2582 1351 distinguat
2632 1283 2775 1336 inter
2832 1284 3081 1339 sincerus
3123 1293 3178 1339 et
3205 1286 3583 1356 supposititios
3616 1289 3864 1358 scripto-

2280 1388 2389 1429 res.
2430 1371 2661 1443 Dignum
2686 1387 2818 1428 sane
2848 1375 3046 1445 patella
3066 1376 3409 1446 operculum,
3442 1376 3511 1431 de
3532 1392 3639 1447 quo
3663 1386 3867 1435 tamen

2278 1480 2420 1537 a>gre

2460 1555 2763 1627 Spectatum
2792 1556 3027 1627 admissi,
3043 1559 3207 1613 risum
3238 1558 3666 1624 teneatis,amici.

2283 1648 2484 1721 Ecquis
2506 1653 2652 1705 enim
2684 1653 2902 1707 nescire
2944 1652 3143 1722 potest,
3169 1653 3401 1723 ipsemet
3424 1669 3549 1708 cum
3569 1652 3853 1723 Jansenii,

2280 1750 2393 1797 tum
2424 1742 2627 1798 Petavii
2651 1745 2810 1798 verba
2833 1745 3154 1813 inspiciens,
3180 1745 3246 1800 de
3290 1746 3448 1816 longe
3490 1748 3598 1800 alia
3622 1748 3845 1817 episto-

2279 1832 2351 1896 la,
2372 1842 2428 1887 et
2461 1833 2679 1903 quidem
2704 1833 2818 1903 ipsa
2848 1833 3002 1887 tertia
3027 1832 3309 1895 decretali,
3342 1849 3465 1903 quas
3506 1841 3653 1888 tomo
3673 1833 3693 1886 Ι
3717 1833 3870 1889 Con-

2279 1926 2523 1979 ciliorum
2562 1923 2705 1980 Surii
2747 1938 2867 1995 pag.
2894 1924 3018 1989 148,
3042 1926 3097 1979 in
3140 1924 3407 1979 Blondelli
3450 1940 3578 1981 vero
3617 1924 3870 1980 Censura

2280 2030 2403 2085 pag.
2435 2014 2501 2068 72
2528 2021 2729 2079 exstat,
2754 2023 2802 2068 et
2833 2015 2901 2068 ad
2932 2031 3109 2070 omnes
3132 2016 3863 2087 coepiscopos,presbyteros,

2282 2108 2555 2171 diaconos,
2612 2123 2674 2160 ac
2696 2107 2925 2177 reliquos
2955 2108 3195 2171 clericos,
3240 2117 3288 2162 et
3334 2118 3547 2162 cunctos
3596 2109 3864 2176 principes

2280 2198 2507 2267 majores
2549 2198 2857 2259 minoresve,
2882 2196 3101 2249 titulum
3136 2197 3421 2260 mentitur,
3453 2206 3749 2265 utrumque
3777 2196 3866 2249 lo-

2281 2302 2489 2348 cutum.
2547 2291 2678 2347 Post
2712 2291 2773 2347 S.
2800 2290 3136 2361 Dionysium,
3164 2292 3343 2362 inquit
3381 2290 3695 2356 Jansenius,
3731 2292 3866 2346 Cle-

2284 2400 2427 2439 mens
2450 2398 2608 2453 papa,
2642 2384 2697 2437 in
2717 2382 2939 2451 epistola
2972 2382 3173 2446 tertia;
3210 2382 3297 2434 ubi
3328 2382 3500 2450 primo
3533 2380 3683 2443 dicit,
3715 2383 3867 2451 quod

2283 2477 2606 2547 Augustinus
2633 2476 2783 2528 toties
2808 2474 3050 2539 tradidit,
3071 2491 3164 2528 nos
3182 2490 3293 2528 esse
3316 2474 3467 2527 liberi
3493 2472 3868 2539 arbitrii,qus'a

2285 2566 2411 2621 velle
2438 2575 2485 2620 et
2534 2565 2674 2619 nolle
2712 2563 2961 2617 habemus
3015 2566 3069 2617 in
3123 2572 3399 2632 potestate.
3452 2562 3532 2616 Ad
3581 2564 3697 2617 haec
3730 2563 3868 2623 Dio-2

2286 2660 2474 2730 nysius
2500 2656 2755 2713 Petavius
2790 2678 2801 2711 :
2837 2656 2953 2711 Hoc
2983 2674 3159 2718 sensu,
3187 2657 3283 2719 ait,
3315 2658 3417 2709 vim
3440 2657 3639 2725 accepit
3670 2665 3870 2710 auctor

2284 2752 2396 2815 ille,
2456 2752 2544 2819 qui
2573 2750 2668 2806 sub
2720 2748 3004 2805 Clementis
3054 2751 3262 2803 nomine
3304 2748 3582 2818 epistolam
3642 2749 3868 2802 tertiam

2282 2844 2610 2897 concinnavit
2640 2858 2703 2895 ex
2728 2842 2873 2894 libris
2904 2838 3372 2908 Recognitionum.
3399 2838 3519 2905 Qua
3543 2854 3606 2892 ea:
3629 2838 3869 2906 epistola

2284 2951 2426 2989 novt:
2458 2943 2614 2987 sectte
2643 2942 2900 3001 patronus
2941 2931 3298 2984 testimonium
3325 2928 3625 2985 secundum
3655 2930 3860 2993 posuit,

2286 3024 2414 3078 adeo
2444 3024 2499 3077 in
2531 3024 2740 3075 testium
2767 3022 2967 3074 delectu
2993 3020 3309 3081 incuriosus,
3336 3030 3391 3072 ut
3422 3021 3719 3087 promiscue
3744 3019 3867 3072 sin—

2282 3131 2428 3171 eeros
2452 3132 2512 3168 ac
2547 3114 2907 3183 supposititios
2939 3112 3146 3167 habeat.
3180 3111 3330 3167 Unde
3371 3128 3492 3167 cum
3527 3112 3676 3166 nullo
3698 3120 3867 3182 pacto

2284 3206 2525 3262 adducar
2585 3212 2645 3260 ut
2693 3204 2912 3259 credam
2947 3218 3205 3274 magnum
3254 3205 3490 3274 aliquem
3538 3203 3864 3273 theologum

2284 3298 2339 3352 in
2374 3296 2646 3367 ejusmodi
2706 3294 2952 3351 minutiis
3006 3303 3217 3349 tantum
3253 3311 3319 3350 ex
3344 3296 3649 3366 ignorantia
3674 3310 3870 3350 errare

2281 3404 2520 3445 errorem
2549 3407 2562 3455 ;
2585 3388 2782 3442 viderit
2806 3388 2914 3450 ille,
2941 3402 3051 3458 quo
3081 3388 3286 3451 animo,
3310 3402 3417 3457 qua
3444 3386 3781 3441 conscientia
3805 3386 3866 3441 id

2283 3480 2493 3537 fecerit.
2546 3479 2658 3551 Ego
2715 3481 2838 3545 hoc,
2873 3478 2984 3534 Deo
3021 3487 3180 3541 teste,
3222 3494 3321 3548 pro
3368 3485 3522 3533 certo
3581 3478 3863 3533 allirmare

2284 3587 2445 3645 queo,
2480 3588 2564 3628 me
2590 3572 2797 3626 nullius
2829 3573 3002 3641 partis
3033 3572 3236 3636 studio,
3272 3571 3365 3626 sed
3407 3571 3579 3627 solius
3607 3572 3864 3628 veritatis

2284 3682 2467 3721 amore
2486 3665 2825 3720 ductumhoc
2847 3665 3226 3735 qualecunque
3248 3664 3365 3733 ejus
3380 3665 3709 3736 ἐπικρίσεως
3725 3679 3863 3719 exa-

2284 3776 2406 3815 men
2437 3759 2770 3823 instituisse,
2798 3773 2865 3812 ne
2899 3757 3112 3813 scilicet
3141 3757 3543 3812 incautioribus
3590 3758 3693 3813 sub
3740 3758 3859 3812 veri

2284 3851 2503 3905 nomine
2523 3856 2711 3920 posset
2741 3848 3039 3919 imponere,
3067 3862 3270 3917 eosque
3294 3846 3363 3903 ab
3380 3847 3671 3904 utilissima
3690 3848 3859 3917 hujus

2280 3940 2537 4010 Epistula:
2560 3940 2792 3994 lectione
2815 3938 3144 3993 absterrere.
3199 3936 3337 3992 Tum
3365 3948 3422 3993 ut
3455 3938 3515 3993 Β.
3550 3948 3860 4010 praecepto—

2280 4044 2394 4083 rem
2418 4044 2597 4083 meum
2618 4028 2687 4083 ab
2732 4028 2933 4097 injuria
2965 4026 3300 4082 vindicarem
3336 4045 3347 4079 :
3379 4044 3542 4098 quem
3574 4029 3716 4084 idem
3740 4030 3854 4095 ille,

2281 4121 2351 4174 ob
2395 4119 2729 4175 Clementem
2786 4118 2931 4171 hunc
2975 4117 3221 4187 Apostoli
3263 4126 3676 4187 cooperatorem
3722 4134 3855 4189 pro-

2282 4219 2614 4273 nuntiatum,
2636 4208 3021 4279 imprudentiae
3042 4209 3241 4277 arguit,
3270 4208 3386 4277 ipse
3416 4209 3599 4277 potius
3630 4209 3703 4262 ita
3737 4208 3857 4263 for—

2283 4306 2445 4361 tassis
2483 4302 2886 4374 coarguendus.
2945 4300 3086 4371 Opto
3112 4316 3262 4364 vero,
3322 4309 3380 4354 ut
3422 4302 3859 4372 uniuscujusque

2216 4420 2256 4473 ι)
2283 4396 2581 4454 Christiani
2628 4395 2795 4449 menti
2829 4393 3056 4448 ﬁrmiter
3088 4393 3349 4447 inhmreat
3384 4393 3516 4447 illud
3554 4392 3860 4447 Clementis

2285 4488 2480 4553 nostri,
2511 4501 2644 4540 auro
2667 4484 2862 4555 quovis
2900 4484 3220 4554 pretiosius,
3246 4484 3511 4537 monitum
3543 4498 3554 4531 :
3582 4480 3691 4536 Cur
3718 4482 3859 4535 inter

2282 4598 2373 4635 nos
2394 4582 2499 4635 sint
2528 4580 2907 4640 contentiones,
2944 4578 3061 4639 ine,
3097 4574 3416 4637 simultates,
3465 4574 3762 4628 schismata
3798 4583 3851 4626 et

2283 4672 2473 4727 bellum
2506 4674 2529 4726 .9
2579 4668 2769 4722 Nonne
2792 4684 2954 4720 unum
2999 4666 3161 4720 Deum
3187 4675 3235 4719 et
3264 4682 3422 4718 unum
3458 4662 3731 4719 Christum
3758 4663 3857 4714 ha-

2282 4763 2502 4817 bemus?
2532 4775 2699 4814 nonne
2728 4775 2860 4812 unus
2887 4767 2963 4811 est
3007 4755 3238 4826 Spiritus
3290 4756 3499 4825 gratiae,
3544 4754 3633 4823 qui
3694 4768 3858 4822 super

2282 4870 2374 4907 nos
2420 4853 2617 4922 effusus
2674 4858 2771 4914 est,
2821 4856 2868 4902 et
2917 4864 3025 4901 una
3075 4848 3280 4901 vacatio
3341 4847 3395 4899 in
3449 4842 3858 4900 CltristoiCur

2283 4941 2486 4997 Christi
2518 4942 2752 4994 membra
2793 4938 3091 4994 divellimus
3117 4946 3165 4991 et
3190 4936 3558 5005 discerpimus,
3586 4942 3635 4988 et
3668 4944 3857 4987 contra

2281 5035 2550 5103 proprium
2582 5049 2768 5102 corpus
2808 5032 3115 5087 seditionem
3146 5044 3428 5089 movemus,
3448 5042 3606 5096 eoque
3627 5025 3855 5078 vesania:

2282 5126 2600 5191 devenimus,
2630 5133 2686 5176 ut
2707 5125 2937 5177 aliorum
2965 5140 3057 5176 nos
3092 5120 3323 5175 membra
3338 5136 3449 5173 esse
3468 5118 3718 5170 oblivioni
3743 5127 3860 5169 tra-

2282 5216 2494 5271 damus.
2536 5214 2692 5281 Quod
2724 5220 2992 5284 superest,
3028 5211 3223 5267 Lector
3247 5210 3528 5272 benevole,
3562 5208 3705 5262 hanc
3728 5206 3857 5276 Epi-

2284 5308 2500 5371 stulam,
2520 5321 2583 5360 ea
2608 5321 2715 5376 qua
2740 5306 3014 5375 potuimus
3038 5303 3139 5357 ﬁde
3161 5310 3214 5357 et
3239 5300 3518 5371 diligentia
3537 5300 3857 5353 curavimus

2284 5397 2715 5469 exprimendam,
2751 5404 2809 5451 ut
2838 5396 2974 5451 nihil
3004 5396 3237 5466 amplius
3266 5392 3377 5448 fere
3412 5392 3501 5446 hic
3537 5390 3856 5445 desiderare

2283 5492 2485 5562 possis,
2515 5506 2677 5561 quam
2708 5490 2854 5560 quod
2885 5490 3094 5543 lacuna:
3130 5502 3239 5541 non
3269 5485 3441 5540 minio
3464 5483 3652 5549 rubro,
3676 5491 3739 5536 ut
3785 5481 3842 5538 in

2286 5583 2525 5639 editione
2553 5581 2853 5651 Anglicana
2892 5580 3118 5643 factum,
3176 5579 3269 5633 sed
3321 5574 3856 5631 minoribusditteris

2288 5684 2397 5731 sint
2423 5681 2643 5732 notatae.
2678 5670 2862 5744 Neque
2892 5672 3059 5737 cnim,
3113 5671 3327 5728 etiamsi
3365 5668 3500 5725 illud
3530 5667 3692 5725 nobis
3744 5680 3855 5723 non
