4046 6326
162 273 232 329 δί
1421 288 1757 345 ΡιιοαεωιΑ
1795 290 2176 349 νΑιιιοκυΜ.
3338 288 3409 350 6!

161 394 392 461 liceret,
434 398 708 456 voluimus
737 400 1018 471 propterea
1048 407 1222 457 totum
1240 404 1621 471 intermittere,
1652 405 1748 461 sed
1778 411 1825 467 Α
1850 406 2070 461 drinum
2099 415 2346 477 reperta,
2392 410 2507 464 suis
2536 416 2766 480 quicque
2796 409 3045 481 pagellis,
3080 413 3148 464 ex
3177 406 3421 465 editione

159 487 257 542 vel
289 503 359 543 eo
387 488 548 545 modo
592 497 801 545 textum
832 492 1125 561 genuinum
1163 508 1193 546 a
1224 494 1603 564 supplemento
1630 493 1749 548 dis-
1845 494 2145 551 Parisiensi
2171 509 2222 548 a.
2248 497 2381 552 Chr.
2406 498 2537 553 l6“
2585 500 2887 555 novissima
2911 498 3188 554 iudicatae.
3210 497 3273 553 In
3294 512 3418 553 om-

154 578 448 649 tinguere,
472 596 585 651 quo
638 588 695 635 et
726 589 854 648 tua,
905 584 953 638 si
998 584 1073 637 ita
1106 583 1403 649 videretur,
1461 583 1747 639 industria
1850 586 2017 643 nibus
2046 589 2094 641 si
2125 603 2234 642 non
2266 590 2448 644 omnia
2480 590 2619 647 forte
2672 590 2855 661 palato
2908 596 3006 645 tuo
3027 589 3417 661 respondeant,

154 669 583 741 relinqueretur
604 675 853 744 paliestra
876 677 960 730 vel
993 676 1061 731 ad
1099 675 1543 745 coniectandum,
1567 676 1652 729 vel
1675 675 1744 729 ad
1845 678 1901 733 id
1935 681 2135 748 partim
2167 680 2517 738 scholasticis
2539 682 3000 754 occupationibus
3042 682 3199 745 meis,
3218 682 3420 752 partim

149 759 550 829 iudicandum.
601 768 753 825 Alias
774 769 1084 823 testimonia
1113 769 1316 838 passim
1340 782 1372 821 a
1400 768 1561 823 nobis
1582 775 1743 822 aucta
1849 767 2115 823 absentia
2158 784 2291 825 mea:
2325 754 2675 841 aboperibus
2725 773 3137 845 typogra‘phicis
3184 774 3415 836 tribues.

152 860 327 918 sunt,
375 853 562 910 addita
590 859 755 911 etiam
812 856 1016 913 Graecis
1068 859 1319 914 versione
1357 857 1588 921 Latina;
1624 864 1740 911 tum
1846 865 1902 912 et
1928 858 2072 928 quod
2097 860 2153 913 in
2183 860 2348 915 simili
2394 877 2593 931 genere
2626 859 2868 935 optares,
2904 862 3046 933 aequi
3069 860 3308 932 bonique
3336 860 3418 917 la-

152 940 364 1002 locaet
394 950 952 1007 varianteslectiones
983 950 1127 1021 apud
1145 950 1481 1006 Clementem
1505 948 1743 1003 Alexan-
1853 951 1990 1004 cies.
2025 940 2207 1014 Salve,
2234 964 2301 1004 ac
2328 949 2467 1005 bene
2508 949 2647 1005 vale.

1099 1227 1784 1322 GODEFREDI
1864 1231 2532 1325 VENDELINI

698 1438 787 1494 DE
823 1438 1217 1498 CLEMENTIS
1252 1438 1345 1495 ET
1384 1437 1551 1495 ειυς
1586 1438 1717 1496 EPl‘.

1821 1438 2089 1495 )LARUM
2132 1438 2463 1496 TEMPORE
2500 1414 2901 1497 omnum.

228 1679 490 1739 Clemens
509 1678 1073 1744 Romanus.Faustini
1103 1683 1247 1739 ﬁlius
1278 1684 1460 1755 (quem
1519 1693 1742 1756 aposto-
1771 1694 1813 1747 Β
1842 1688 2114 1741 certiorem
2144 1687 2207 1739 de
2251 1668 2413 1739 annis.
2450 1686 2707 1739 invenerit
2756 1684 3251 1755 chronographiam,
3304 1700 3413 1758 qua

148 1770 247 1826 lus
276 1770 508 1838 Paulus,
541 1773 609 1828 ad
640 1772 1017 1843 Philippenses
1069 1776 1339 1840 scribens,
1377 1790 1537 1831 suum
1573 1788 1735 1831 vocat
1835 1790 2009 1833 tamen
2037 1795 2139 1833 non
2170 1778 2443 1846 rejiciatur
2471 1794 2498 1830 e
2527 1794 2744 1831 numero
2798 1778 3105 1847 pontiﬁcum
3148 1778 3421 1831 Romano-7

143 1870 574 1931 cooperatorem
619 1863 761 1917 inter
785 1872 1036 1926 exteros,
1070 1879 1305 1933 quorum
1335 1866 1557 1920 nomina
1592 1866 1733 1919 scri-

140 1960 247 2022 pta
278 1962 410 2007 sunt
445 1952 504 2006 in
556 1952 699 2006 libro
721 1953 863 2025 vitae)
924 1952 1071 2009 Petri
1125 1956 1361 2026 apostoli
1416 1970 1728 2016 successor,

142 2046 443 2114 apostolus
489 2044 629 2099 idem
674 2046 793 2114 ipse
828 2054 1058 2100 vocatur
1105 2061 1137 2099 a
1178 2045 1459 2101 Clemente
1494 2045 1733 2101 Alexan-

143 2138 320 2193 drino
356 2138 453 2193 lib.
509 2153 563 2192 iv
618 2136 949 2192 Stromatum
978 2154 998 2191 :
1042 2139 1318 2209 quomodo
1349 2147 1404 2194 et
1450 2138 1730 2192 Barnabas

146 2230 370 2298 aliique
396 2244 722 2299 magnorum
753 2229 1123 2298 apostolomm
1153 2230 1382 2284 comites
1400 2238 1455 2285 et
1473 2227 1731 2299 discipuli

140 2324 272 2391 pari
296 2322 523 2377 nomine
545 2322 773 2393 apostoli
797 2322 1061 2391 (minores
1078 2322 1281 2391 tamen)
1307 2322 1476 2377 habiti
1507 2322 1729 2376 fuerunt

136 2420 197 2465 et
252 2413 533 2482 appellati.
568 2410 821 2467 Clemens
860 2412 948 2465 hic
979 2419 1104 2483 post
1153 2410 1372 2466 Petrum
1422 2409 1728 2466 Romanam

139 2504 291 2581 rexit
314 2502 639 2566 Ecclesiam,
673 2504 915 2573 vixitque
941 2502 1008 2556 ad
1044 2512 1288 2571 tempora
1321 2501 1549 2571 Traiani
1576 2519 1593 2566 ;
1625 2518 1728 2556 cu-

130 2592 237 2663 jus
262 2609 411 2648 anno
432 2595 616 2659 tertio,
632 2593 724 2664 qui
756 2594 857 2648 fuit
882 2594 1105 2664 epochm
1133 2601 1337 2649 nostra
1360 2593 1625 2649 centesim
1636 2610 1723 2658 us,

134 2683 383 2739 Joannis
404 2700 621 2755 quoque
651 2685 995 2755 evangelista
1025 2692 1199 2739 morte
1221 2685 1442 2747 nobilis,
1482 2682 1726 2739 Cherso-

137 2792 233 2831 nz
270 2778 327 2831 in
353 2775 549 2838 Ponto,
579 2784 701 2846 post
749 2777 927 2831 exsilii
981 2776 1066 2830 sui
1097 2775 1556 2845 quinquennium,
1585 2777 1730 2830 occl-

135 2870 320 2924 ditur.
350 2867 401 2924 ls
424 2878 544 2926 erat
573 2884 748 2923 annus
764 2879 887 2939 post
917 2868 1123 2923 Christi
1152 2868 1546 2925 Ascensionem
1569 2883 1727 2923 sexa-

133 2962 392 3030 gesimus
415 2969 468 3016 et
506 2970 755 3024 octavus,
789 2970 951 3030 prout
974 2961 1238 3015 habemus
1260 2959 1555 3027 traditum.
1578 2959 1727 3026 Quot

1833 1886 1950 1923 rum
1975 1868 2176 1933 Cletus,
2215 1885 2306 1922 nec
2359 1878 2655 1939 martyrum
2686 1868 3115 1940 Lugdunensium
3146 1872 3411 1925 sincerum

1834 1962 2190 2013 testimonium
2219 1960 2614 2023 condemnetur,
2643 1960 2786 2016 haud
2831 1965 2982 2017 inuiti
3033 1964 3405 2017 assentiemar.

1833 2050 1945 2122 Ego
1969 2053 2149 2122 itaque
2199 2052 2371 2105 multa
2435 2052 2765 2122 curiosaque
2794 2051 3074 2123 indagine;
3109 2066 3409 2123 postquam

1833 2147 2075 2199 rationes
2134 2158 2325 2197 omnes
2373 2142 2649 2196 variorum
2711 2144 3041 2214 scriptorum
3099 2145 3393 2215 diligenter

1830 2237 2075 2299 excussi,
2105 2234 2297 2289 videor
2336 2228 2467 2289 mihi
2497 2236 2612 2289 veri
2634 2234 2795 2291 fidem
2818 2238 3245 2309 deprehendisse
3266 2236 3409 2291 hanc

1831 2328 2223 2384 certissimam.

1902 2422 2058 2477 Anno
2099 2423 2321 2492 epochaa
2359 2431 2563 2480 nostra
2590 2424 2682 2488 ll,
2715 2424 2803 2478 die
2824 2422 2895 2476 25
2919 2420 3193 2484 Januarii,
3219 2420 3408 2473 occiso

1830 2511 1985 2577 Caio,
2014 2516 2285 2570 successit
2306 2516 2361 2569 in
2393 2516 2685 2585 imperium
2707 2514 2996 2577 Claudius,
3023 2514 3115 2583 qui
3133 2510 3402 2567 Herodem

1830 2602 2127 2675 Agrippam
2159 2608 2346 2661 statim
2401 2606 2612 2661 dimisit
2668 2606 2725 2660 in
2766 2621 2927 2659 suum
2963 2619 3213 2673 regnum,
3246 2604 3405 2673 isque

1830 2711 2027 2766 magna
2051 2695 2331 2751 celeritate
2352 2712 2605 2752 reversus
2635 2704 2719 2751 est
2748 2698 2801 2750 in
2832 2694 3077 2749 Judaeum
3107 2708 3205 2763 per
3248 2708 3405 2747 men-

1830 2799 1943 2840 sem
1970 2785 2100 2855 (fac)
2130 2783 2487 2840 Februarium
2523 2794 2719 2849 totum,
2750 2787 2835 2841 vel
2860 2786 3015 2839 initia
3050 2782 3249 2837 Martii.
3291 2780 3430 2836 Eth-

1830 2884 2023 2945 ceptus
2055 2892 2085 2931 a
2131 2878 2247 2932 suis
2290 2878 2649 2946 popularibus
2689 2876 3023 2941 honoriﬁce;
3054 2874 3260 2945 quibus
3293 2872 3394 2929 do-

1829 2968 2105 3025 merendis
2139 2979 2221 3041 (ut
2250 2985 2311 3024 se
2330 2972 2632 3040 gratiosum
2663 2986 2727 3024 ac
2757 2970 3076 3041 popularem
3108 2960 3396 3040 praeberet)

136 3068 280 3107 vero
312 3062 446 3108 tunc
479 3045 656 3109 annos
687 3053 948 3108 habuerit
974 3052 1250 3117 Clemens,
1294 3052 1395 3107 etsi
1432 3067 1541 3107 non
1586 3053 1718 3121 legi-
1751 3038 1793 3095 (ἶ
1827 3056 2073 3111 odiosam
2122 3038 2232 3113 illis
2283 3038 2959 3122 Christianorum—nimis
3016 3038 3396 3121 invalentium,

132 3159 271 3198 mus
304 3144 579 3213 proditum
606 3185 621 3206 ,
646 3151 861 3199 constat
896 3151 1079 3199 tamen
1104 3160 1215 3199 non
1256 3146 1426 3199 multo
1449 3145 1717 3197 minorem

135 3235 322 3291 fuisse
352 3236 689 3297 centenario,
729 3234 885 3291 valde
913 3252 1099 3291 senem
1130 3237 1319 3306 utique
1356 3236 1528 3291 fuisse
1554 3250 1720 3308 opor-

134 3336 258 3394 tet,
313 3328 361 3383 si
399 3328 567 3398 (quod
596 3326 797 3381 habent
836 3326 1263 3397 Recognitionum
1310 3328 1454 3393 libri,
1498 3345 1615 3382 non
1661 3330 1718 3383 in

133 3426 322 3472 totum
351 3416 659 3488 dramatici)
709 3418 775 3472 ad
807 3418 1040 3487 primam
1079 3416 1280 3471 famam
1331 3417 1536 3473 Christi
1598 3418 1714 3486 jam

131 3510 196 3564 in
232 3510 437 3565 celum
470 3511 697 3578 recepti,
730 3511 942 3564 vivente
984 3508 1164 3563 adhuc
1207 3507 1451 3575 Tiberio,
1496 3508 1718 3578 juvenis

133 3604 249 3658 fuit
281 3602 527 3657 ﬂorentis
558 3603 755 3665 aetatis,
776 3601 969 3671 judicii
999 3602 1195 3664 limati,
1229 3602 1719 3672 doctrinarumque

131 3696 529 3752 sublimiorum
560 3693 743 3758 avidi;
778 3696 941 3763 plane
974 3701 1032 3747 ut
1078 3709 1255 3749 annos
1303 3693 1461 3747 facile
1522 3694 1716 3764 viginti

131 3789 388 3861 quinque
416 3788 735 3849 excesserit,
772 3788 857 3841 vel
892 3786 961 3841 ad
982 3783 1325 3853 trigesimum
1360 3788 1590 3857 propius
1621 3802 1713 3842 ac-

130 3878 393 3939 cesserit,
420 3886 689 3947 natusque
710 3877 959 3931 videatur
1010 3892 1107 3946 per
1154 3878 1311 3931 initia
1341 3878 1565 3931 circiter
1610 3892 1715 3931 no-

132 3980 274 4029 stra:
287 3968 529 4040 epochaa,
554 3968 751 4023 .loanni
775 3969 1121 4039 evangelista:
1142 3969 1299 4039 quasi
1324 3976 1633 4025 coaetaneus
1650 3984 1715 4025 ac

131 4064 307 4136 plane
330 4078 567 4119 coaevus.

213 4155 361 4210 Intra
390 4154 495 4208 hoc
537 4154 772 4223 primum
813 4152 1071 4207 saaculum
1095 4149 1470 4221 pontificatum
1503 4148 1711 4205 Roma-

134 4260 277 4299 num
312 4245 479 4315 gessit
502 4245 795 4314 episcOpus
822 4243 1094 4306 Clemens,
1129 4244 1287 4297 annis
1308 4242 1392 4310 (ut
1423 4242 1563 4297 inter
1596 4258 1713 4297 om-

1821 3147 2224 3202 multitudinem
2252 3151 2581 3219 opprimere,
2631 3149 2991 3219 hominesque
3038 3149 3161 3203 illus
3196 3162 3395 3211 novos,

1822 3237 2138 3301 seditiosos,
2184 3239 2411 3293 nefariae
2463 3238 2762 3308 impietatis
2811 3240 2868 3294 in
2914 3237 3398 3310 Denm,legesque

1822 3325 2089 3383 Mosaicas
2123 3327 2552 3383 insimulatosad
2575 3328 2841 3397 supplicia
2868 3342 3059 3397 rapere
3086 3337 3387 3399 aggressus

1818 3426 1923 3480 est,
1950 3432 1981 3471 a
2005 3419 2296 3489 praecipuis
2314 3434 2506 3474 eorum
2528 3419 2803 3488 capitibus
2820 3418 3087 3489 apostolis
3108 3416 3395 3489 grassandi

1819 3510 1962 3565 iacto
1991 3510 2168 3566 initio.
2188 3510 2374 3583 Itaque
2395 3510 2582 3565 occidit
2598 3510 2881 3576 locabunt,
2901 3510 3122 3580 fratrem
3136 3508 3391 3573 Ioannis.

1817 3598 1998 3669 gladio
2020 3600 2086 3656 “.

1889 3690 2041 3745 Hanc
2075 3700 2307 3747 mortem
2333 3691 2599 3750 habemus
2624 3692 2939 3748 adnotatam
2962 3688 3221 3746 Kalendis
3239 3688 3396 3758 Apri-

1821 3783 1915 3845 lis,
1963 3798 2088 3852 quze
2123 3782 2227 3837 hoc
2276 3799 2419 3838 anno
2446 3784 2509 3839 41
2541 3784 2853 3839 inciderunt
2877 3785 2930 3838 in
2967 3782 3292 3847 Sabbatum;
3333 3789 3393 3835 ut

1815 3868 2064 3923 videatur
2083 3868 2342 3933 Iacobus,
2369 3866 2435 3925 de
2464 3872 2753 3926 occasione
2770 3870 2941 3941 ipsius
2964 3868 3213 3931 Sabbati,
3232 3870 3394 3937 quasi

1815 3965 1993 4031 iacto,
2021 3967 2237 4021 dictove
2266 3967 2450 4036 aliquo
2496 3966 2682 4020 violati
2733 3966 3073 4023 tumultuose
3101 3970 3393 4031 correptus

1816 4073 1845 4110 a
1879 4057 2214 4122 furentibus,
2245 4060 2545 4129 statimque
2572 4060 2655 4129 (ut
2683 4058 2741 4111 lit
2765 4058 2818 4111 in
2862 4056 3076 4111 delictis
3109 4054 3393 4126 ﬂagranti-

1814 4146 1940 4217 bus)
1970 4148 2163 4218 plexus
2199 4149 2397 4218 capite,
2430 4149 2626 4204 saltem
2659 4155 2782 4219 post
2811 4162 3067 4201 occasum
3096 4147 3256 4212 solis;
3281 4162 3392 4215 quo

1816 4248 2093 4291 momento
2145 4236 2433 4293 Judaicum
2500 4238 2799 4293 Sabbatum
2826 4277 2840 4301 ,
2884 4239 3113 4306 diesque
3158 4236 3385 4291 Kalend.

136 4352 265 4399 nes,
297 4339 547 4405 quamvis
576 4334 950 4390 diversissima
979 4333 1278 4398 tradentes,
1340 4333 1707 4403 mnsentitur)
1744 4369 1785 4423 Β
2059 4327 2375 4423 desinebat,
2405 4328 2688 4423 inibatque
2708 4330 2880 4398 prima
2908 4326 3172 4423 Sabbati;
3198 4326 3387 4423 eadem

136 4441 342 4482 novem
373 4441 497 4479 cum
529 4426 809 4480 mensibus
828 4433 882 4480 et
910 4424 1105 4479 diebus
1133 4425 1361 4493 aliquot.
1387 4423 1534 4479 Intra
1567 4426 1708 4479 idem
1744 4420 1771 4423 ⁷
1814 4420 2015 4490 Aprilis
2055 4424 2259 4475 mensis
2306 4421 2413 4475 illis
2444 4421 2844 4475 numerabitur
2886 4420 3150 4475 secunda.
3208 4420 3387 4489 Atque

136 4519 405 4575 mulum
433 4516 673 4586 episcopi
707 4515 933 4570 Romani
957 4522 1313 4569 recensentur
1349 4515 1521 4571 Linus
1546 4556 1560 4578 ,
1586 4516 1711 4571 Cle-

135 4617 232 4663 tus
258 4592 643 4661 et‘Anacletus
667 4624 682 4670 ;
719 4620 1034 4676 quanquam
1061 4604 1419 4661 Graeciterme
1450 4623 1514 4661 ex
1542 4606 1698 4663 Cleto

136 4706 196 4752 et
212 4696 477 4751 Anacleto
504 4712 670 4749 unum
695 4696 1054 4765 eumdemque
1071 4696 1357 4752 videantur
1382 4698 1703 4768 intelligere,

136 4788 310 4842 nimis
338 4788 660 4851 oscitanter,
692 4796 910 4857 propter
934 4785 1249 4842 afﬁnitatem
1279 4790 1591 4854 nominum,
1614 4805 1706 4844 so-

137 4875 359 4931 cordes.

210 4968 351 5033 Quis
404 4980 533 5022 vero
560 4966 646 5022 vel
670 4976 795 5021 ante
830 4966 952 5031 hos,
990 4966 1072 5021 vel
1104 4966 1246 5022 inter
1283 4968 1426 5033 illos,
1467 4969 1550 5024 vel
1585 4975 1708 5038 post

1816 4512 1919 4565 hoc
1947 4522 2031 4567 est
2059 4514 2204 4583 quod
2260 4511 2628 4582 Hieronymus
2660 4514 2714 4565 in
2742 4511 2932 4566 Ezech.
2963 4527 3248 4581 cap.xt.m,
3272 4519 3390 4565 tra-

1812 4603 1984 4657 ditum
2014 4618 2044 4656 a
2065 4603 2367 4673 majoribus
2394 4618 2502 4657 non
2527 4606 2663 4658 satis
2690 4603 2955 4657 intellexit
2980 4621 2995 4666 ;
3030 4597 3158 4656 dum
3190 4605 3385 4658 scribit

1811 4690 2147 4743 immolatum
2168 4689 2455 4755 Jacobum,
2483 4693 2571 4745 die
2586 4693 2827 4745 secunda
2860 4690 3148 4747 Paschatis
3174 4710 3187 4757 ;
3227 4695 3376 4761 quod

1808 4788 2063 4835 constare
2090 4780 2233 4834 haud
2267 4797 2429 4850 posse
2452 4782 2718 4837 Baronius
2748 4798 2965 4851 quoque
3013 4783 3268 4851 pervidit.
3311 4784 3377 4839 Et

1813 4880 1960 4929 certe
1990 4872 2201 4929 Pascha
2249 4872 2535 4928 Iudaicum
2576 4875 2682 4929 isto
2730 4892 2875 4929 anno
2928 4876 3120 4929 incidit
3152 4878 3207 4930 in
3234 4877 3381 4931 diem

1813 4975 2062 5034 quartam
2091 4966 2313 5035 Aprilis,
2344 4966 2411 5021 ad
2438 4983 2745 5036 ve5peram.
2768 4967 2885 5021 Non
2912 4984 3042 5039 ergo
3074 4968 3163 5023 die
3184 4985 3383 5024 secun-

139 5061 264 5120 bos.
291 5057 555 5114 Clementi
576 5059 750 5141 locus,
766 5058 915 5127 quod
939 5066 1155 5127 tempus
1172 5060 1456 5122 debeatur,
1478 5061 1709 5129 scripto-
1807 5059 1875 5113 da
1900 5058 2184 5114 Paschatis
2208 5060 2428 5114 occisus
2455 5068 2538 5115 est
2558 5058 2820 5123 Iacobus,
2839 5060 2934 5114 sed
2958 5062 3202 5115 secunda
3224 5077 3377 5117 men-

141 5166 230 5204 res
247 5156 480 5212 certant,
495 5149 607 5218 jam
629 5150 699 5203 ab
720 5150 945 5218 antiquo
974 5150 1328 5219 proximoque
1345 5152 1451 5205 illis
1484 5151 1703 5206 szeculo.

140 5241 327 5311 Itaque
356 5249 410 5296 et
439 5241 495 5295 in
516 5241 808 5297 Breviariis
862 5242 1067 5296 nostris
1108 5243 1350 5312 priorum
1405 5243 1704 5298 editionum

140 5347 171 5385 a
221 5334 617 5403 posterioribus
639 5333 914 5388 discordia
953 5340 1056 5395 est,
1084 5341 1139 5389 et
1169 5334 1403 5404 ἀπορίαν
1443 5323 1598 5389 suam
1648 5334 1703 5389 in

140 5425 417 5490 omnibus,
436 5441 609 5496 usque
630 5426 696 5481 ad
722 5441 923 5481 annum
951 5424 1073 5489 179,
1108 5425 1393 5495 proﬁtetur
1434 5424 1704 5481 Baronius

155 5514 470 5578 identidem,
494 5516 669 5571 donec
708 5516 969 5574 italidcm
1005 5532 1159 5573 suam
1192 5516 1391 5573 liberat
1422 5537 1434 5573 :
1485 5515 1543 5572 Si
1578 5519 1697 5589 quis

213 5690 254 5720 "
278 5688 397 5745 Act.
436 5708 536 5751 xu.
570 5692 621 5745 ‘2-

1810 5145 1907 5207 sis.
1942 5147 1997 5200 in
2027 5161 2189 5218 quam
2211 5145 2422 5201 Pascha
2455 5147 2546 5203 illo
2572 5147 2716 5203 anno
2740 5149 2951 5203 incidit.

1848 5239 2011 5295 ‘Post
2057 5242 2299 5296 occisum
2349 5260 2498 5315 ergo,
2546 5260 2640 5299 seu
2688 5246 2823 5314 ipsis
2878 5246 3058 5297 adhuc
3117 5243 3378 5297 Kalendis

1810 5332 2110 5403 Aprilibus,
2159 5349 2256 5389 seu
2304 5336 2568 5405 postridie
2617 5352 2797 5399 mane,
2843 5335 3130 5397 Jacobum,
3184 5334 3377 5389 videns

1811 5424 2055 5482 Herodes
2087 5427 2191 5483 hoc
2219 5430 2491 5498 placuisse
2521 5427 2746 5493 Judzeis,
2772 5428 3030 5498 apposuit
3072 5425 3375 5497 apprehen-

1812 5519 1941 5575 dere
1974 5524 2027 5576 et
2060 5517 2320 5588 Petrum;
2359 5537 2469 5577 non
2514 5521 2731 5592 quidem
2786 5519 3000 5586 eodem,
3032 5516 3217 5585 credo,
3260 5515 3371 5581 die.
