4046 6326
592 285 664 342 ω
1720 279 1794 334 At
1847 276 1903 336 S.
1945 274 2162 337 ειειιε

2262 274 2365 331 ἘΜ
2404 274 2424 328 l
2464 273 2550 329 PA
2559 272 2696 329 PAX

3759 267 3841 324 63

594 399 692 457 sed
715 412 827 454 uno
858 397 1050 454 saltem
1108 397 1350 452 altera"
1374 393 1721 465 interposito,
1745 394 1947 465 quibus
1973 392 2153 463 populi
2181 396 2229 453 Α
2256 390 2425 454 nisus,
2457 386 2772 445 Clementem
2816 388 2928 442 loco
2977 387 3125 443 illius
3155 384 3419 439 ordinavit
3462 385 3702 447 inritum,
3746 387 3845 440 di-

592 490 916 562 applausum
946 488 1232 558 explorare
1256 502 1321 542 ac
1349 489 1744 556 persentiscere
1761 484 1957 555 potuit,
1979 491 2034 539 et
2054 482 2159 538 Pe-

598 593 716 639 tms
746 580 1011 643 inveniri;
1046 579 1137 651 qui
1164 579 1321 649 proin
1353 588 1543 648 raptus
1575 578 1739 632 fuerit
1770 578 1826 633 in
1856 591 2158 638 carcerem,

593 673 713 740 ipso
740 671 831 725 die
869 673 1224 741 Asymorum,
1255 667 1606 724 sanctissimo
1637 669 1948 722 securitatis
1982 667 2157 736 asylo,

591 771 645 813 et
692 770 913 830 propter
943 760 1217 830 publicam
1252 759 1496 813 lmtitiam
1530 757 1597 811 ad
1629 766 1736 811 tam
1770 759 1955 811 tristia
1977 757 2157 827 inopi-

592 850 760 904 nabili
815 849 920 907 Sed
960 848 1223 904 Herodem
1292 864 1395 903 nec
1429 846 1665 904 Sabbata
1703 847 1757 901 in
1788 845 2013 912 Iacobo,
2059 862 2160 901 nec

588 937 793 1009 Azyma
837 940 892 993 in
924 938 1086 993 Petro
1120 948 1392 993 remorata
1448 946 1598 1004 sunt,
1637 936 1932 1009 quominus
1967 938 2160 992 saltem

590 1022 1201 1099 comprehenderentur,
1228 1028 1398 1084 dilato
1422 1031 1640 1085 interim
1670 1030 1943 1100 supplicio
1965 1069 1981 1094 ,
2013 1028 2157 1099 quod

588 1117 754 1174 Petro
784 1119 1152 1174 meditabatur
1202 1130 1327 1191 post
1377 1120 1607 1184 Pascha,
1646 1122 1874 1192 diesque
1922 1120 2157 1192 Azymo-

588 1224 709 1263 rum
748 1221 939 1264 omnes
986 1217 1322 1265 transactos.
1376 1210 1426 1267 ls
1461 1226 1593 1281 ergo
1645 1210 2062 1267 custodiebatur
2098 1210 2158 1265 in

584 1312 834 1364 carcere,
878 1315 943 1356 ex
982 1316 1092 1370 quo
1123 1316 1221 1371 per
1250 1303 1506 1372 angelum
1538 1302 1801 1356 liberatus
1842 1309 1947 1366 est,
1983 1301 2159 1373 pridie

585 1388 848 1443 destinati
901 1390 1180 1459 supplicii,
1226 1398 1390 1445 nocte
1428 1391 1664 1455 scilicet,
1707 1391 1851 1445 inter
1898 1391 2158 1446 duodeci-

570 1490 731 1535 y’tnam
769 1488 823 1533 et
852 1479 1122 1533 decimam
1160 1482 1377 1535 tertiam
1408 1478 1633 1551 Aprilis.

657 1564 943 1620 Liberatus
974 1575 1129 1621 tanto
1167 1570 1434 1623 miraculo
1479 1568 1700 1637 Petrus,
1728 1572 1919 1626 relicta
1946 1569 2152 1634 .lndaea,

2260 481 2789 551 gnittttemqueistant
2828 489 3179 533 recusantem.
3223 477 3387 543 Quem
3420 475 3625 531 idoneis
3663 481 3845 532 ratio-

2260 572 2411 627 nibus
2431 577 2750 641 persuasum
2780 573 2846 634 ",
2882 588 2944 625 ac
2984 570 3249 640 conﬁdere
3277 570 3609 625 admonitum
3654 572 3710 624 in
3741 588 3844 625 ca-

2263 661 2501 717 thedram
2536 663 2835 718 divinorum
2886 663 3212 731 eloquiorum
3262 661 3441 732 (quant
3468 662 3559 716 ille
3592 661 3844 715 obtinue-

2260 754 2366 824 rat)
2400 753 2729 811 sublimauit.
2763 752 3165 808 Profectionem
3206 752 3348 807 hanc
3392 755 3447 807 in
3494 751 3842 807 Britanniam

2260 846 2480 900 aliunde
2530 844 2667 901 vidit
2715 846 2880 901 etiam
2950 844 3239 906 Baronius,
3280 849 3335 897 et
3380 850 3466 897 est
3528 831 3844 897 luculenter

2259 927 2565 999 adstructa,
2607 950 2717 988 non
2758 936 2830 988 ita
2864 933 3094 1005 pridem.
3133 931 3238 987 Sed
3263 932 3459 1003 pergit,
3485 940 3609 1003 post
3637 946 3839 1001 pauca.

2258 1041 2563 1097 anonymus
2598 1046 2610 1082 :
2666 1026 2837 1096 Igitur
2882 1026 3157 1094 confestim
3198 1026 3411 1091 milites,
3447 1024 3842 1093 comprehensis

2258 1116 2499 1170 omnibus
2551 1117 2638 1187 qui
2671 1114 2883 1170 Christo
2916 1132 3101 1168 nomen
3123 1114 3397 1177 dederant,
3428 1114 3481 1167 in
3510 1111 3842 1167 condemna-

2259 1214 2431 1259 torum
2459 1222 2546 1260 eos
2574 1206 2902 1266 deduxerunt
2951 1203 3147 1258 locum.
3182 1204 3251 1257 Et
3297 1202 3549 1259 Clementi
3599 1202 3837 1271 quidem,

2257 1292 2456 1365 utpote
2485 1296 2549 1351 de
2580 1298 2889 1367 cognatione
2946 1294 3203 1357 Caesaris,
3249 1305 3605 1363 pepercerunt,
3659 1291 3840 1346 Hero-

2256 1392 2463 1454 dionem
2492 1407 2609 1446 vero
2640 1400 2689 1444 et
2720 1389 3003 1459 Olympum
3027 1389 3073 1419 ⁸⁸
3097 1404 3216 1442 cum
3237 1388 3444 1457 reliqua
3471 1384 3839 1450 multitudine,

2254 1482 2435 1555 gladio
2500 1490 2886 1551 percusserunt.
2952 1479 3170 1533 Petrum
3234 1487 3429 1541 autem,
3474 1493 3722 1547 magnum
3764 1475 3843 1528 il-

2258 1572 2367 1626 lum
2397 1571 2609 1624 Domini
2645 1568 2940 1638 apostolum
2974 1568 3081 1623 situ
3128 1568 3172 1599 "
3216 1568 3419 1621 inverso
3452 1565 3842 1634 suspenderunt

586 1657 820 1711 contulit
847 1673 908 1713 se
945 1658 1000 1713 in
1035 1659 1138 1713 alia
1182 1660 1322 1718 loca.
1377 1664 1790 1733 peragratisque
1841 1662 2155 1732 regionibus
2188 1728 2221 1733 _
2258 1664 2312 1717 in
2341 1678 2532 1725 cruce;
2564 1663 2619 1715 in
2650 1678 2753 1732 qua
2782 1660 3064 1714 vulnerum
3099 1658 3309 1713 dolores
3338 1660 3508 1713 instar
3530 1657 3731 1713 Christi
3771 1674 3842 1714 ac

591 1748 779 1812 variis,
812 1750 1176 1822 ecclesiisqae
1204 1728 1572 1812 conﬁrmatis.
1632 1728 1883 1825 pervenit
1908 1728 2153 1810 itandem
2187 1728 2228 1781 Β
2263 1750 2353 1807 Dei
2374 1752 2548 1805 nostri
2570 1728 2866 1817 perpessus,
2890 1762 3081 1815 puram
3125 1763 3283 1807 suam
3328 1754 3482 1815 atque
3511 1744 3843 1797 incontami-

586 1835 839 1903 Bomam,
866 1850 1144 1912 captante
1174 1856 1321 1898 anno
1357 1844 1572 1901 Claudii
1601 1844 1866 1912 secundo,
1895 1846 2016 1916 ipso
2069 1861 2157 1901 se-
2258 1852 2439 1897 natam
2462 1842 2697 1895 animant
2725 1842 2779 1894 in
2821 1840 2920 1893 Dei
2954 1855 3143 1892 manus
3190 1838 3397 1893 obtulit.
3448 1835 3685 1891 Clemens
3715 1851 3839 1888 vero

585 1932 827 1988 cundum
864 1942 921 1991 et
948 1935 1128 2007 Largo
1176 1939 1525 2003 consulibus,
1557 1940 1651 2009 qui
1680 1940 1778 1995 fuit
1809 1955 1987 1996 annus
2034 1954 2155 1997 aera:
2253 1933 2541 2001 discipulus
2593 1931 2708 1999 ejus
2759 1940 2808 1985 et
2862 1933 3136 1998 episcopus
3168 1931 3459 1998 pretiosum
3484 1928 3597 1997 ejus
3643 1942 3839 1997 corpus

586 2030 791 2109 nostra:
819 2024 908 2089 42,
942 2026 1167 2098 ﬁxitque
1208 2029 1321 2085 illic
1354 2030 1540 2085 sedem
1592 2030 1926 2100 pontiﬁciam
1949 2071 1964 2096 ,
1995 2032 2157 2101 cujus

585 2116 861 2171 cathedra:
888 2119 1090 2175 natalis
1118 2121 1448 2187 celebratum
1483 2121 1696 2177 decima
1735 2128 1925 2179 octava
1951 2122 2158 2179 Janua-

584 2208 677 2265 rii.
707 2208 751 2261 A
779 2225 885 2279 qua
916 2209 1004 2266 die
1029 2209 1093 2264 ad
1123 2212 1246 2281 ejus
1274 2196 1503 2268 mortem
1528 2224 1886 2270 numerantur
1916 2222 2041 2271 anni
2062 2216 2154 2281 25,

587 2315 805 2354 menses
834 2300 888 2363 5,
919 2299 1038 2357 dies
1070 2302 1157 2364 12.
1192 2302 1239 2359 si
1269 2319 1526 2359 numeres
1558 2318 1587 2357 a
1626 2305 1713 2360 die
1744 2323 1811 2360 xv
1853 2305 1970 2364 Kal.
1994 2307 2154 2365 Febr.

585 2389 657 2446 ad
692 2406 754 2444 ιιι
801 2390 921 2448 Kal.
970 2392 1147 2447 Julias
1182 2396 1314 2449 anni
1343 2396 1519 2450 nostri
1550 2396 1641 2459 67,
1699 2411 1809 2468 quo
1861 2397 2157 2454 cruciﬁxus

585 2479 820 2535 animam
852 2480 964 2537 Deo
994 2482 1255 2540 reddidit.

657 2570 833 2626 Medio
890 2573 997 2627 isto
1055 2582 1327 2645 tempore,
1378 2589 1503 2629 cum
1554 2574 1816 2631 Claudius
1864 2575 2163 2647 imperator

596 2658 769 2714 sdicto
796 2658 1014 2717 Iudaeos
1044 2659 1218 2716 Roma
1246 2664 1571 2734 expulisset,
1627 2665 1747 2734 ipse
1789 2680 2009 2736 quoque
2058 2664 2162 2721 Pe-

588 2753 707 2802 trus
744 2748 943 2805 cedere
979 2759 1207 2805 coactus
1252 2759 1371 2817 est;
1406 2767 1773 2826 reversusque
1819 2755 1877 2810 in
1917 2753 2159 2811 Judmam

586 2840 884 2896 concilium
919 2840 1108 2896 habuit
1138 2841 1269 2895 illud
1302 2843 1536 2913 primum
1568 2844 1969 2915 apostolorum,
2017 2861 2163 2902 anno

589 2940 783 2987 nostro
808 2930 899 2999 50,
936 2930 1165 3003 Claudio
1202 2933 1330 2989 dein
1364 2935 1604 2999 sublato,
1632 2950 1683 2991 a.
1711 2934 1768 2993 d.
1801 2952 1863 2991 ιιι
1906 2938 2032 2992 ldus
2055 2937 2161 2993 Oc-

2260 2022 2540 2093 ntayniﬁce
2567 2021 2621 2076 in
2645 2023 2757 2075 loco
2788 2021 2990 2074 illustri
3018 2020 3314 2075 tumulavit.

2332 2113 2469 2168 Ecce
2492 2122 2572 2178 ut,
2610 2112 2825 2167 vivente
2863 2110 3043 2165 adhuc
3072 2109 3255 2174 Petro,
3292 2108 3461 2164 Linus
3491 2108 3691 2165 sederit
3720 2108 3846 2182 epl-

2258 2219 2460 2273 scopus
2506 2218 2668 2273 quem
2704 2209 2993 2272 propterea
3043 2201 3495 2270 ehorepiscopum
3539 2198 3820 2254 Marianus

2258 2297 2461 2366 aliique
2500 2296 2869 2365 scripserunt,
2920 2294 3062 2347 inter
3107 2309 3248 2363 quos
3290 2293 3399 2348 Leo
3445 2290 3509 2357 ll,
3542 2305 3840 2347 successor

2258 2385 2601 2457 Agathonis:
2652 2383 2867 2448 Petrus,
2929 2384 3128 2455 inquit,
3187 2382 3457 2453 adjutores
3506 2382 3607 2436 sibi
3652 2382 3845 2436 accivit

2263 2481 2454 2535 Linum
2502 2489 2552 2534 et
2598 2478 2843 2541 Cletum;
2872 2496 2977 2533 non
3022 2489 3201 2533 tamen
3242 2480 3500 2548 pontiﬁcii
3528 2488 3844 2548 potestatem

2257 2575 2333 2628 eis
2359 2572 2604 2635 tradidit,
2647 2571 2737 2627 sed
2769 2571 3051 2627 Clementi.
3090 2569 3224 2625 Tam
3256 2579 3465 2625 eertum
3499 2586 3716 2641 semper
3738 2571 3845 2625 fuit

2262 2680 2368 2720 una
2397 2679 2522 2719 cum
2552 2664 2714 2720 Petro
2738 2663 2932 2717 Linum
2966 2662 3250 2732 praefuisse
3277 2662 3525 2717 ﬁdelibus
3552 2659 3843 2728 Romanis,

2259 2765 2313 2811 et
2343 2757 2412 2812 ab
2442 2757 2633 2812 eodem
2657 2754 2817 2810 Petro
2840 2753 3105 2809 traditum
3137 2753 3513 2823 pontiﬁcatum
3544 2753 3843 2811 Clementi.

2263 2845 2355 2903 Sic
2386 2860 2520 2917 ergo
2548 2844 2808 2916 liquidior
2845 2844 3039 2915 incipit
3084 2841 3254 2899 ﬂuere
3303 2843 3419 2898 haec
3450 2842 3841 2914 Chronologia,

2262 2941 2319 2995 in
2340 2939 2489 2993 hunc
2512 2937 2734 2992 modum
2769 2954 2782 2990 :

588 3021 784 3086 tobris,
819 3037 965 3077 anno
1003 3033 1201 3078 nostro
1232 3024 1321 3088 δι,
1354 3028 1627 3083 successit
1658 3026 1825 3091 Nero,
1858 3030 2035 3099 primo
2057 3031 2161 3084 im-
2188 3063 2230 3121 ο
2332 3029 2490 3084 Anno
2520 3037 2711 3083 nostro
2765 3027 2834 3082 66
2881 3026 3051 3081 Linus
3097 3034 3432 3095 postremum
3479 3024 3640 3091 vixit,
3694 3040 3849 3078 mor-

589 3113 730 3183 perii
789 3115 877 3169 sui
928 3116 1308 3186 quinquennio
1369 3119 1835 3176 clementissimus
1883 3122 2161 3193 princeps.

592 3202 708 3260 Sub
736 3220 845 3275 quo
878 3204 1073 3261 Petrus
1103 3222 1361 3263 reversus
1391 3207 1645 3281 Boniam,
1679 3228 1788 3266 non
1822 3213 1934 3270 illic
1966 3215 2167 3271 seden-

592 3296 787 3353 tariam
818 3298 981 3353 vitam
1013 3300 1319 3372 transegit,
1349 3301 1446 3357 sed
1469 3304 1717 3373 gnaviter
1746 3312 1911 3382 atque
1934 3307 2167 3379 impigre

591 3386 730 3440 alias
761 3403 981 3458 quoque
1010 3388 1163 3446 orbis
1188 3388 1420 3445 Romani
1445 3394 1757 3463 provincias
1780 3396 2077 3463 circumiit,
2103 3414 2167 3453 ac

591 3475 829 3547 denique
874 3478 929 3532 in
957 3478 1271 3535 Britannias
1299 3485 1627 3553 penetravit.
1658 3484 1793 3540 Dum
1830 3503 1959 3543 vero
1988 3488 2165 3553 abest,

592 3583 662 3622 ne
689 3566 860 3622 Roma
893 3570 1015 3624 sine
1042 3572 1217 3639 capite
1270 3573 1491 3627 interim
1544 3583 1750 3647 ageret,
1786 3575 1977 3632 Linum
2009 3579 2055 3610 “
2090 3580 2164 3636 illi

589 3660 881 3716 constituit
908 3663 1251 3732 episcopum,
1278 3665 1570 3721 consulatu
1652 3665 1889 3733 Neronis
1922 3682 1975 3724 et
2006 3668 2141 3729 Vcte

595 3750 699 3815 ris,
734 3766 878 3805 anno
909 3760 1101 3808 nostro
1118 3754 1206 3808 55.
1234 3752 1284 3809 ls
1310 3770 1440 3809 vero
1470 3756 1611 3813 sedit
1638 3773 1813 3814 annos
1835 3757 1902 3813 12
1923 3760 2171 3830 (inchoa-

593 3848 683 3894 tos
702 3839 1060 3915 interpretor)
1088 3845 1192 3900 hoc
1215 3852 1322 3911 est,
1349 3832 1602 3902 undecim
1620 3856 1847 3903 exactos
1870 3863 1997 3905 cum
2018 3865 2171 3906 men-

595 3929 749 3984 sibus
776 3940 1033 4001 quatuor,
1068 3933 1264 3988 dicbus
1292 3934 1605 3999 duodecim,
1637 3937 1915 4008 quotidem
1952 3954 2171 3996 menses

594 4034 655 4075 at
701 4020 833 4077 dies
888 4023 1089 4079 habent
1153 4026 1490 4081 membrana:
1554 4026 1935 4086 Bucherianm.
1998 4030 2169 4089 Desiit

594 4128 728 4183 ergo
756 4116 939 4171 vivere
966 4131 1111 4170 anno
1134 4126 1326 4172 nostro
1355 4118 1445 4184 66,
1470 4122 1717 4184 omnino,
1749 4122 1966 4178 vivente
1989 4123 2169 4179 adhuc

597 4201 794 4273 Petro;
818 4206 965 4276 quod
988 4207 1265 4264 luculente
1287 4210 1577 4265 conﬁrmat
1599 4212 1835 4282 scriptor
1865 4230 2168 4286 anonymus

600 4296 676 4351 De
710 4297 1105 4362 certaminibus,
1162 4302 1689 4371 peregrinationibus,
1744 4306 1851 4358 vita
1905 4316 1955 4360 et
2006 4317 2169 4361 morte

2268 3130 2397 3179 tuus
2428 3122 2686 3192 vigesima
2738 3120 2898 3175 tertia
2948 3118 3307 3195 Septembris,
3360 3132 3507 3171 anno
3548 3116 3616 3171 12
3670 3114 3846 3170 Nero-

2267 3212 2374 3279 nis,
2404 3228 2514 3282 quo
2544 3210 2740 3266 Petrus
2770 3226 2835 3265 ex
2866 3208 3150 3263 Britannia
3180 3223 3437 3265 reversus
3485 3206 3713 3262 Romam
3752 3205 3847 3261 Li-

2267 3319 2398 3360 num
2424 3302 2630 3358 invenit
2654 3301 2768 3373 jam
2820 3309 3119 3359 mortuum.
3172 3297 3291 3369 lpse
3322 3314 3467 3365 mox,
3495 3315 3618 3353 cum
3644 3297 3840 3364 Paulo,

2268 3395 2549 3463 conjectus
2574 3402 2659 3449 est
2689 3393 2745 3448 in
2776 3406 3053 3447 carcerem
3080 3389 3486 3454 Mamertinum,
3519 3389 3578 3445 in
3608 3406 3719 3459 quo
3742 3389 3832 3444 de-

2269 3487 2399 3544 tenti
2434 3486 2657 3540 luerunt
2701 3498 2919 3541 menses
2968 3492 3115 3550 octo,
3162 3498 3337 3555 usque
3369 3482 3437 3537 ad
3481 3483 3643 3538 linem
3690 3478 3843 3537 Junii

2269 3578 2571 3647 sequentis.
2778 3561 2784 3572 ’

2336 3669 2497 3725 Anno
2524 3675 2715 3724 nostro
2762 3667 2852 3732 67,
2899 3666 3094 3725 Petrus
3132 3667 3187 3722 in
3238 3681 3460 3723 carcere
3507 3670 3842 3722 constitutus

2267 3761 2541 3833 persuasit
2567 3758 2858 3825 Clementi,
2885 3766 2945 3813 ut
2965 3759 3346 3829 episcopatum
3378 3757 3539 3812 vellet
3562 3758 3844 3828 suscipere

2267 3860 2324 3909 et
2350 3852 2488 3910 Lino
2526 3850 2841 3907 succedere.
2876 3848 2928 3903 ls
2977 3864 3109 3918 ergo
3155 3865 3221 3904 ex
3254 3848 3418 3917 hujus
3448 3849 3575 3902 anni
3619 3848 3845 3905 circiter

2268 3942 2534 3999 Paschate
2564 3941 2705 3997 sedit
2730 3930 2903 3998 annos
2935 3939 2989 4003 9,
3024 3954 3243 3995 menses
3272 3939 3361 4002 ll,
3394 3939 3514 3994 dies
3539 3938 3626 4004 l2,
3663 3947 3720 3994 ut
3745 3941 3845 3995 ha-

2268 4036 2359 4090 bet
2396 4031 2709 4095 lndiculus,
2737 4030 2891 4101 juxta
2933 4046 3092 4101 quem
3129 4031 3295 4085 occisi
3335 4028 3487 4096 Petri
3542 4031 3841 4101 pretiosum

2241 4141 2471 4196 .corpus
2501 4124 2784 4196 magniﬁce
2815 4122 3090 4194 sepelivit,
3118 4121 3322 4194 insigni
3357 4122 3411 4176 in
3445 4122 3583 4187 loco,
3614 4130 3675 4176 ut
3702 4121 3849 4177 vidi-

2269 4232 2413 4272 mus.

2338 4304 2499 4359 Anno
2566 4316 2698 4372 ergo
2728 4300 2815 4365 77,
2859 4314 2983 4356 cum
3042 4296 3229 4354 Romae
3279 4300 3423 4354 inter
3476 4299 3666 4355 ﬁdeles
3721 4307 3841 4355 orta

599 4387 745 4443 Petri
774 4399 822 4443 et
857 4388 1240 4461 Pauli;'quetn
1266 4392 1573 4449 Arundella:
1600 4397 1815 4452 comitis
1847 4396 2165 4453 Sacellanus
2200 4415 2243 4474 ο
2270 4404 2418 4452 esset
2456 4394 2657 4465 (qualis
2687 4401 2878 4464 postea
2907 4391 3180 4461 Corinthi)
3218 4405 3413 4462 magna
3445 4391 3717 4447 dissensio
3747 4408 3844 4447 su-

599 4479 883 4549 (Pertteus)
911 4496 941 4535 e
984 4480 1189 4539 Graecia
1228 4500 1416 4541 secum
1450 4487 1669 4542 advexit
1700 4488 1754 4541 in
1787 4487 2058 4557 Angliam,
2099 4506 2167 4546 ex

598 4586 707 4639 quo
758 4568 1027 4628 Patricius
1068 4571 1264 4629 Junius
1308 4575 1573 4633 illustrem
1624 4579 1769 4634 hunc
1800 4579 1978 4635 locum
2011 4581 2166 4647 citat,

598 4661 786 4719 Graece
808 4665 1047 4735 quidem.
1067 4666 1160 4721 sed
1180 4683 1338 4735 quem
1362 4684 1464 4738 ego
1492 4678 1572 4724 sic
1593 4669 1781 4726 Latine
1803 4680 2164 4740 repraesento:

600 4753 843 4811 Moratus
878 4756 1065 4811 Petrus
1096 4758 1150 4811 in
1173 4758 1457 4815 Britannia
1489 4761 1600 4815 dies
1630 4762 1855 4828 aliquot,
1880 4779 2000 4817 cum
2031 4764 2168 4817 mul-

601 4858 678 4902 tos
703 4848 1056 4902 illuminasset
1086 4849 1237 4902 uerbo
1264 4852 1471 4919 gratiae,
1495 4853 1839 4924 ecclesiasque
1865 4856 2169 4908 constituis-

599 4944 697 4999 set,
761 4946 1037 5007 postquam
1072 4940 1341 5007 episcopos
1389 4957 1588 5010 quoque
1628 4952 1678 4997 et
1730 4944 2058 5014 presbyteros
2107 4961 2170 4997 ac

598 5025 849 5082 diaconos
898 5030 1215 5095 ordinassct,
1263 5032 1521 5100 impositis
1568 5036 1811 5090 manibus
1858 5035 2169 5091 duodecimo

609 5118 833 5175 Neronis
865 5138 1002 5178 anno
1034 5125 1104 5193 (is
1137 5125 1237 5181 luit
1265 5136 1453 5187 noster
1481 5129 1569 5193 66,
1599 5130 1712 5199 jam
1750 5128 2049 5190 indicatus)
2072 5129 2171 5181 ite-

603 5226 721 5265 rum
749 5210 973 5265 Romam
1004 5214 1199 5278 rediit;
1231 5218 1321 5272 ubi
1364 5217 1551 5276 Linum
1572 5218 1693 5287 jam
1732 5226 1996 5270 mortuum
2036 5217 2176 5271 invo-

2270 4503 2365 4559 per
2388 4488 2595 4542 honore
2646 4485 3041 4557 pontiﬁcatus,
3092 4498 3162 4537 ne
3192 4482 3349 4552 quasi
3400 4498 3466 4538 ex
3514 4489 3847 4539 testamento

2270 4559 2417 4635 Petri
2456 4580 2795 4635 successisse
2827 4576 3103 4630 videretur
3125 4576 3399 4637 Clemens,
3427 4588 3491 4629 ac
3515 4590 3583 4629 ne
3605 4576 3841 4645 posteris

2270 4674 2385 4726 haec
2411 4671 2753 4742 principatus
2779 4667 3005 4722 ambitio
3038 4666 3326 4737 perniciosi
3351 4666 3581 4735 exempli
3612 4666 3843 4721 habere-

2267 4771 2380 4828 tur,
2414 4762 2558 4820 ultro
2586 4776 2646 4815 se
2690 4756 3009 4828 pontiﬁcatu
3042 4754 3336 4817 abdicavit,
3381 4769 3515 4809 usus
3563 4755 3687 4810 istis
3726 4771 3842 4812 ver-
3916 4762 3917 4765 ‘

2270 4856 2376 4915 bis.
2425 4832 2548 4923 quae
2607 4851 2661 4904 in
2716 4850 2887 4904 altera
2937 4847 3167 4918 epistola
3210 4846 3511 4901 Corinthiis
3554 4850 3839 4919 proposuit

2265 4944 2526 4999 imitanda
2560 4963 2573 4997 ;
2611 4941 2670 4997 Si
2702 4952 2911 5010 propter
2944 4956 3022 4992 me
3054 4937 3263 5001 seditio,
3320 4940 3584 4993 contentio
3612 4950 3663 4991 et
3697 4942 3839 4994 schi-

2266 5046 2443 5091 smata
2464 5045 2583 5089 orta
2608 5043 2753 5095 sunt,
2773 5031 3063 5101 emigrabo,
3099 5029 3252 5083 abibo
3277 5045 3579 5099 quocunque
3609 5032 3839 5085 uolucri-

2266 5130 2356 5182 tis.
2386 5126 2745 5198 Epiphanius,
2779 5124 2833 5177 in
2862 5122 3056 5177 haeresi
3085 5120 3668 5189 Carpocratianorum,
3697 5124 3838 5178 hanc

2266 5217 2568 5274 Clementis
2587 5215 2993 5272 abdicationem
3036 5211 3139 5267 hoc
3182 5211 3601 5283 epiphonemate
3653 5212 3834 5269 innuit

677 5454 723 5487 “
747 5452 950 5533 Cletum
978 5456 1497 5533 additpamasusin
1524 5458 1696 5533 Cestjs
1721 5464 2027 5533 pontiﬁcum
2056 5460 2314 5521 mss.Hoc
2335 5464 2481 5520 enim
2512 5463 2566 5520 in
2594 5465 2756 5521 editis
2775 5477 2884 5519 non
2914 5461 3210 5533 comparet.
3249 5459 3339 5516 Sic
3366 5462 3527 5533 etiam
3556 5461 3832 5533 Marianus

610 5520 827 5602 Scottis.
907 5529 949 5602 ξ’
969 5526 1101 5602 Quae
1123 5528 1389 5602 Clementi
1414 5529 1611 5602 dixerit
1636 5520 1997 5602 Pct'rus,'cum
2028 5550 2150 5588 eum
2168 5520 2531 5595 consecravit.
2569 5520 2634 5590 ex
2664 5535 2956 5591 Anastasio
2986 5520 3088 5585 ms.
3124 5532 3269 5601 leges
3304 5532 3444 5602 apud
3478 5521 3826 5593 Salmasiun',

613 5594 670 5672 i_n_
696 5593 1081 5672 Euglcaristico.
1112 5597 1227 5672 Jac.
1264 5596 1577 5672 Sirmondo.
1617 5618 1672 5672 p.
1704 5593 1984 5672 664.":ec
2008 5604 2149 5660 enim
2176 5606 2243 5660 ah
2274 5593 2547 5661 Anastasii
2578 5605 2881 5663 editoribus
2910 5593 3360 5672 expuncta'sunt'.

615 5666 702 5730 Η,
739 5667 822 5722 15.
903 5668 945 5698 "
970 5660 1356 5725 Theodorclum
1408 5670 1525 5724 \itle
1544 5660 1678 5737 ﬂc'pl
1707 5668 1955 5738 ἀγάπης.

3454 5602 3502 5633 ’⁸
3534 5602 3690 5659 llom.
3716 5617 3825 5666 xu.
