4054 6320
209 342 283 399 66
1446 353 1786 412 ΡΒΟΕῈΜΙΛ
1831 353 2187 415 ιἈιιιοιιυιι
2200 402 2212 415 .
3378 370 3448 426 66

206 460 536 535 inclusam
566 480 579 517 :
613 458 829 529 Secede,
861 464 1011 530 abeo.
1059 463 1183 520 bene
1225 463 1532 519 stabiliatur
1560 469 1782 536 popqus
1813 470 1857 526 Α
1886 478 2058 523 strum
2100 470 2204 525 119
2229 509 2243 532 ,
2294 470 2533 527 Adriano
2583 486 2641 526 ιιι
2718 482 2771 529 et
2826 471 3052 533 Rustico
3109 476 3449 543 c'onsulibus.

205 550 352 617 Dei;
368 552 601 618 addens,
626 570 690 611 se
721 553 774 609 id
805 555 859 609 in
887 555 1303 611 commentariis
1332 557 1662 626 quibusdam
1704 558 1784 612 sic
1886 562 2107 630 quando
2137 561 2205 616 ad
2224 553 2374 617 diem
2412 564 2624 618 tertiam
2655 563 2779 621 Maii
2811 566 3031 623 occisus
3053 576 3160 637 est,
3193 576 3248 623 et
3295 585 3451 625 vaca-

206 644 525 702 invenisse.
551 645 909 702 Abdicaverit
937 663 1066 719 ergo
1094 648 1183 703 die
1233 648 1301 702 12
1330 647 1632 712 Februarii,
1661 664 1783 719 quae
1882 651 1960 704 vit
2006 651 2164 708 sedes
2204 652 2396 708 diebus
2448 654 2541 720 25,
2573 670 2747 725 usque
2772 657 2839 711 ad
2882 658 3194 713 vicesimam
3249 675 3449 715 nonam

206 741 351 788 tunc
392 733 498 789 fuit
547 734 684 789 feria
714 748 906 806 quarta
949 736 1224 794 Cinerum.
1259 736 1333 792 Ita
1382 747 1504 809 post
1554 748 1786 809 quatuor
1888 739 2018 794 Maii
2048 740 2407 806 Dominicam,
2438 759 2546 814 qua
2574 736 2841 800 suecessit
2872 746 3097 819 Xystus.
3127 747 3255 805 Post
3285 765 3446 822 quem

204 824 336 882 dies
358 825 576 909 Cletus.
607 836 662 883 et
688 843 744 884 re
772 838 827 884 et
857 829 1076 884 nomine
1102 830 1329 898 electus,
1380 830 1572 887 sedere
1620 833 1785 904 coepit
1884 845 2027 886 anno
2060 831 2160 888 128
2195 831 2582 905 Telesphorus,
2618 835 2719 892 158
2750 835 3009 909 llyginus,
3038 839 3139 893 “2
3173 838 3321 903 Pius.
3346 842 3449 898 sub

204 931 277 972 ex
311 917 406 973 die
435 917 501 973 16
532 906 832 981 Februarii,
866 917 1143 973 Dominica
1176 920 1289 986 ipsa
1313 922 1781 993 Quadragesimm.

206 1010 504 1080 tenuitque
530 1010 924 1080 pontiﬁcatum,
959 1009 1083 1064 vivo
1110 1009 1410 1076 Clemente,
1454 1014 1612 1068 annis
1661 1029 1779 1079 sex.

207 1101 507 1157 mensibus
554 1100 789 1164 duobus.
825 1098 1017 1156 diebus
1068 1096 1281 1166 decem,
1322 1117 1464 1173 quos
1501 1101 1781 1160 lndiculus

208 1199 579 1263 repraesentat
636 1199 851 1248 exserte
879 1210 893 1247 :
921 1191 962 1245 Α
1003 1196 1302 1258 consulatu,
1332 1191 1528 1263 inquit,
1582 1193 1781 1265 Vespa-

205 1282 358 1337 siani
432 1296 526 1336 vtu
563 1291 612 1336 et
632 1282 924 1337 Domitiani
968 1299 1027 1346 ν,
1062 1282 1155 1355 qui
1180 1289 1265 1339 est
1306 1296 1481 1340 annus
1510 1283 1643 1338 mihi
1664 1284 1779 1355 jam

208 1376 495 1435 indicatus
527 1376 616 1440 77,
649 1377 989 1448 planissime.

282 1465 449 1522 Anno
503 1466 669 1537 igitur
702 1474 890 1520 nostro
932 1465 1021 1529 83,
1076 1462 1385 1519 Domitiano
1426 1480 1483 1519 Ix
1539 1472 1593 1519 et
1636 1461 1779 1519 ΗυΓο

208 1558 560 1621 consulibus,
588 1557 782 1613 obierit
809 1556 1016 1619 Cletus.
1045 1556 1134 1611 die
1178 1552 1249 1608 26
1270 1554 1491 1625 Aprilis,
1518 1562 1575 1610 ut
1593 1562 1677 1611 est
1724 1556 1776 1610 in

208 1644 621 1717 Hemerologio.
675 1645 1016 1701 intervallum
1061 1645 1195 1699 illud
1232 1660 1261 1698 a
1294 1646 1571 1699 creatione
1609 1645 1775 1709 illius,

203 1735 279 1791 ad
333 1751 574 1805 unguem
625 1733 1007 1791 conﬁrmante.
1060 1728 1299 1789 Vaca‘sse
1345 1733 1579 1788 traditur
1620 1733 1778 1788 sedes

1881 936 1991 990 quo
2021 921 2259 978 Marcion
2289 925 2577 981 haereticus
2607 938 2831 983 exortus
2854 938 2959 993 est,
2988 932 3147 987 annis
3192 932 3296 987 115
3326 940 3450 1004 post

1882 1010 2020 1065 duos
2044 1013 2295 1082 geminos
2340 1017 2616 1081 consules.
2650 1017 2753 1072 hoc
2781 1025 2888 1085 est,
2927 1034 3072 1077 anno
3100 1029 3290 1078 nostro
3320 1005 3445 1089 113,

1881 1104 2111 1159 docente
2139 1104 2243 1160 hoc
2270 1102 2622 1164 Tertulliano.

1953 1190 2046 1275 Sic
2075 1210 2203 1265 ergo
2233 1198 2531 1267 specimine
2560 1199 2755 1254 saltem
2788 1202 3015 1271 praebito
3069 1204 3443 1269 restituendae.

1880 1283 2024 1352 quod
2048 1285 2364 1352 pollicebar,
2396 1286 2775 1359 chronologia:
2800 1290 3113 1359 pontiﬁcize,
3146 1292 3447 1348 intellecto-

1878 1387 1987 1441 que
2038 1381 2301 1444 tempore,
2365 1391 2475 1445 quo
2531 1378 2904 1449 episcopatum
2952 1382 3123 1452 gessit
3166 1380 3443 1451 Clemens,

1878 1480 2095 1534 quoque
2123 1473 2244 1535 post
2282 1466 2589 1521 abdicatum
2622 1466 2997 1539 pontiﬁcatum
3039 1472 3256 1527 tandem
3296 1473 3415 1529 ocel

1880 1571 1976 1611 sus
2005 1562 2113 1619 est.
2162 1556 2445 1614 videamus
2476 1573 2620 1612 nunc
2653 1567 2706 1614 et
2734 1558 2802 1615 de
2834 1573 2963 1616 vero
2992 1562 3348 1632 epistolarum
3378 1566 3421 1619 ιι

1880 1649 1987 1704 lius
2012 1659 2272 1720 tempore,
2306 1649 2467 1705 istius
2501 1650 2736 1706 maxime
2761 1650 2808 1683 ³⁸
2837 1668 2998 1723 quam
3044 1669 3191 1711 nunc
3220 1656 3436 1713 damus.

1880 1736 2012 1792 Nam
2056 1737 2145 1791 illa
2180 1739 2440 1808 praclara
2486 1739 2849 1811 onmibusque
2897 1745 3134 1813 antiquis
3186 1745 3441 1801 Patribus

202 1804 525 1878 diebusils.
575 1821 714 1887 Ergo
740 1837 807 1879 ex
839 1822 928 1877 die
978 1822 1271 1877 undecima
1304 1822 1451 1887 Maii,
1496 1835 1618 1893 quae
1646 1830 1776 1876 tunc
1809 1804 1851 1859 Β
1879 1828 2117 1895 laudata,
2149 1804 2202 1883 et
2238 1827 2291 1882 in
2326 1825 2608 1891 Ecclesiis,
2660 1804 2835 1885 instar
2875 1804 3316 1902 apostolicarum,
3358 1852 3441 1892 rc-

203 1914 311 1970 fuit
370 1914 715 1983 Pentecoste,
762 1931 979 1971 rursum
1036 1917 1244 1973 electus
1296 1916 1590 1972 Anacletus
1638 1914 1778 1971 sedit

202 2022 386 2064 annos
416 2007 507 2071 12,
530 2022 745 2063 menses
768 2006 803 2061 2
835 2006 975 2078 (non‘
1014 2006 1099 2077 10)
1125 2007 1246 2063 dies
1268 2008 1323 2073 5,
1350 2023 1524 2078 usque
1565 2006 1632 2061 ad
1680 2023 1777 2062 an-

203 2114 336 2153 num
366 2106 617 2153 nostrum
664 2096 754 2161 95,
806 2096 1060 2167 diemque
1108 2095 1485 2168 Henierologio
1532 2097 1773 2167 agnitum

200 2188 482 2243 decimum
534 2187 752 2242 tertium
782 2185 932 2250 Julii,
968 2186 1276 2241 Domitiano
1333 2202 1440 2241 xvu
1491 2192 1545 2241 et
1590 2185 1775 2240 Flavio

198 2276 487 2335 Clemente
514 2277 851 2340 consulibus,
877 2292 1017 2347 quos
1041 2278 1206 2331 etiam
1259 2276 1511 2347 agnoscit
1554 2274 1773 2342 Indicu-

202 2370 310 2433 lus.
342 2370 485 2423 mira
515 2368 571 2422 in
592 2368 678 2423 bis
701 2369 1009 2422 constantia
1047 2374 1100 2422 et
1120 2367 1233 2421 veri
1259 2365 1381 2424 (ide.

274 2459 407 2514 Erat
436 2458 526 2513 hic
558 2473 735 2512 annus
768 2457 1065 2512 Domitiani
1114 2458 1337 2528 tyranni
1385 2458 1474 2522 ﬂ.
1513 2471 1622 2529 quo
1649 2473 1773 2529 per-

200 2552 543 2607 secutionem
573 2548 858 2605 suscitavit
888 2548 943 2602 in
971 2545 1333 2613 Christianos,
1357 2549 1517 2619 cujus
1546 2564 1769 2606 causam

198 2640 482 2706 Clemens,
510 2641 564 2695 in
605 2638 843 2710 Epistola
866 2639 956 2692 illa
992 2638 1264 2694 luculenta
1312 2638 1496 2710 (quam
1543 2655 1609 2695 ex
1647 2656 1771 2710 per-

197 2747 337 2793 sona
376 2748 491 2787 non
541 2747 658 2798 sua,
713 2729 811 2786 sed
840 2728 1101 2785 Ecclesia:
1153 2729 1410 2806 Romanae
1450 2731 1669 2802 scripsit
1700 2731 1769 2785 ad

198 2824 518 2881 Corinthios
540 2822 798 2877 adversus
824 2821 1136 2891 episcopum
1155 2836 1313 2877 suum
1337 2821 1647 2892 seditiosos)
1682 2836 1768 2877 re-

198 2912 308 2969 fert
334 2913 405 2969 ad
436 2912 668 2968 dissidla
701 2911 793 2966 illa
822 2910 1288 2976 Christianorum,
1313 2910 1574 2967 adversus
1603 2927 1661 2967 se
1690 2912 1769 2966 in-

196 3006 373 3061 vicem
395 3005 873 3074 consurgentium;
904 3004 1066 3073 quale
1089 3004 1221 3075 quid
1243 3004 1404 3059 etiam
1462 3003 1650 3059 Romae
1679 3003 1764 3059 fa-

195 3105 346 3151 ctum
378 3096 555 3149 innuit
582 3113 596 3160 ;
622 3109 779 3149 suum
809 3094 983 3165 ipsius
1011 3102 1286 3150 certamen
1316 3102 1442 3149 ante
1469 3110 1644 3150 annos
1666 3110 1760 3150 oc-
1792 3122 1834 3181 ο

196 3186 436 3241 todecim
469 3186 630 3240 tacite
654 3184 912 3240 innuens.

265 3269 495 3325 Interim
536 3278 736 3335 autem.
786 3271 901 3325 sive
930 3271 1117 3327 occiso
1164 3271 1276 3342 jam
1315 3271 1601 3335 Anacleto.
1649 3275 1765 3332 sive

194 3369 451 3438 conjecto
482 3367 535 3422 in
568 3367 810 3430 vincula,
845 3366 1127 3422 Evaristus
1186 3383 1475 3423 successor
1520 3369 1768 3441 designa-

194 3463 288 3514 tus
317 3466 428 3521 est,
457 3458 545 3513 cui
574 3457 903 3512 membrana
935 3458 1181 3512 tribuunt
1211 3472 1387 3513 annos
1411 3457 1499 3523 15,
1545 3474 1763 3516 menses

199 3550 249 3615 'l,
281 3549 407 3604 dies
429 3548 485 3614 2,
530 3562 703 3618 usque
728 3548 794 3602 ad
824 3546 1037 3601 Gallum
1087 3554 1141 3602 et
1189 3547 1478 3608 Braduam.
1510 3549 1765 3604 consules

196 3642 325 3697 anni
352 3642 530 3695 nostri
564 3640 683 3703 108,
710 3646 768 3692 ιιι
793 3638 1015 3692 omnino
1040 3639 1347 3707 cmperitex
1374 3653 1518 3691 anno
1542 3637 1632 3691 illo
1647 3638 1759 3705 jam

195 3730 343 3785 dicto
370 3730 461 3784 95.
496 3728 632 3795 Quia
662 3743 791 3783 vero
821 3727 1071 3782 Clemens
1111 3726 1223 3795 jam
1256 3725 1568 3794 decrepitus
1611 3725 1758 3781 obie-

196 3830 281 3876 rat
328 3835 501 3883 anno,
556 3821 698 3875 sicut
721 3820 981 3881 diximus,
1032 3825 1222 3872 nostro
1255 3817 1375 3877 100‘.
1410 3817 1497 3871 die
1534 3816 1606 3871 25
1652 3816 1759 3871 No-

194 3911 468 3975 vembris;
503 3926 677 3981 neque
710 3925 859 3964 mors
890 3909 1011 3978 ejus
1065 3923 1133 3963 ex
1159 3906 1332 3962 Ponto
1362 3905 1588 3962 Romam
1638 3923 1760 3977 per-

194 4002 325 4058 ferri
358 4004 556 4072 potuit,
582 4000 688 4054 nisi
712 4007 835 4069 post
857 4001 974 4055 dies
1004 4001 1195 4055 saltem
1226 3998 1473 4069 triginta.
1530 3998 1655 4053 hinc
1680 3998 1757 4053 fa-

194 4102 344 4147 ctum
377 4098 463 4147 est
509 4098 569 4144 ut
594 4089 812 4151 abiude,
870 4096 1155 4144 numerato
1180 4089 1351 4143 altero
1387 4089 1531 4143 velut
1578 4088 1753 4154 iuitio,

192 4180 483 4237 Evaristus
530 4180 740 4235 sedisse
789 4178 1059 4233 scribatur
1084 4192 1256 4234 annos
1306 4178 1355 4244 7,
1404 4194 1618 4234 menses
1664 4181 1751 4245 10,

192 4277 308 4333 dies
337 4275 397 4338 2,
444 4291 616 4344 usque
640 4272 706 4327 ad
736 4272 877 4326 diem
912 4271 1224 4326 vicesimam
1257 4278 1465 4325 sextam
1505 4269 1755 4327 Octobris

194 4367 320 4421 anni
346 4364 475 4426 108,
494 4372 661 4432 utque
686 4363 741 4416 in
764 4360 966 4416 Grascis
995 4362 1258 4431 legamus,
1284 4368 1405 4432 post
1434 4362 1753 4417 electionem

1877 1918 2035 1972 citari
2074 1918 2256 1980 solita,
2291 1918 2413 1987 quae
2436 1916 2561 1971 data
2583 1926 2668 1973 est
2704 1921 2809 1973 sub
2856 1936 3089 1990 person
3132 1939 3241 1979 non
3291 1927 3441 1981 abdi.

1875 2010 1981 2063 cati
2004 2007 2318 2073 Clementia,
2349 2007 2443 2063 sed
2474 2010 2654 2078 potius
2695 2008 2955 2067 Romana:
2995 2011 3254 2070 Ecclesiae
3292 2019 3439 2085 (post

1874 2094 2197 2154 Anacletum
2226 2099 2345 2154 sine
2371 2100 2630 2171 episeopo
2665 2100 2917 2173 degentis
2948 2104 3182 2176 scilicet)
3226 2108 3292 2161 ad
3336 2108 3440 2164 Ec-

1874 2190 2097 2245 clesiam
2146 2188 2511 2255 Corinthiam,
2561 2192 2695 2247 satis
2744 2192 2856 2262 jam
2903 2210 3057 2249 suam
3094 2199 3436 2254 occasionem

1873 2295 2184 2350 annumque
2214 2279 2495 2346 indicavit,
2531 2288 2781 2336 nostrum
2814 2281 2904 2344 95.
2955 2283 3197 2341 fervente
3247 2303 3435 2356 perse-

1871 2370 2087 2423 cutione
2120 2367 2410 2422 Domitiani
2457 2385 2619 2438 quam
2653 2371 2907 2434 maxime.
2959 2375 3301 2445 perscripta;
3336 2392 3435 2432 eo-

1870 2454 1993 2511 dem
2026 2456 2319 2510 admodum
2350 2457 2515 2529 stylo,
2545 2473 2653 2529 quo
2680 2459 2820 2513 idem
2857 2458 3136 2517 Romanus
3159 2464 3339 2519 clerus
3367 2467 3435 2521 ad

1870 2545 2202 2617 Cyprianum
2232 2549 2424 2605 utitur.
2456 2549 2524 2603 At
2571 2549 2858 2606 character
2886 2562 3089 2609 nostra;
3130 2556 3294 2624 hujus
3336 2558 3439 2613 ho-

1872 2638 2033 2691 miliaa
2056 2638 2307 2704 similior,
2334 2654 2494 2708 quam
2526 2640 2789 2709 epistolae,
2816 2648 2867 2696 et
2884 2642 2951 2697 ab
2973 2643 3144 2699 altero
3171 2646 3433 2703 diversis-

1870 2730 2064 2797 simus,
2085 2731 2352 2800 privatum
2372 2729 2700 2801 scriptorem
2732 2732 2930 2803 arguit.
2962 2732 3195 2805 Tempus
3217 2752 3435 2808 quoque

1870 2820 2110 2875 insinuat
2138 2822 2570 2891 pacatissimam,
2599 2822 2765 2877 nullis
2794 2822 2853 2877 in
2884 2821 3187 2879 Ecclesiam
3219 2828 3434 2896 procel-

1868 2910 1937 2966 lis
1979 2912 2286 2978 turbidum;
2324 2920 2587 2984 tantoque
2640 2914 2813 2983 magis
2853 2913 2922 2969 ad
2950 2914 3279 2972 charitatem
3311 2932 3435 2974 mu-

1867 3010 2015 3057 tuam
2067 3002 2463 3074 fovendamque
2500 3020 2685 3074 pacem
2725 3006 3080 3060 hortatoriam
3147 3007 3231 3063 Ad
3267 3026 3432 3080 quam

1867 3092 2217 3149 obtinendam
2248 3108 2357 3147 non
2383 3102 2632 3162 oporteat
2662 3095 2892 3150 inveniri
2919 3097 3193 3152 hominem
3238 3099 3283 3132 “
3335 3102 3430 3170 qui

1866 3199 1986 3238 eam
2029 3183 2441 3253 largiaturhsed
2486 3184 2654 3241 Deum
2711 3187 2940 3242 scilicet.
2986 3188 3197 3255 Quibus
3248 3192 3431 3249 verbis

1866 3276 1949 3329 vel
1972 3291 2074 3346 ego
2099 3275 2277 3339 fallor.
2319 3278 2403 3331 vel
2434 3276 2679 3332 innuitur
2708 3276 3077 3347 Vespasianus
3108 3280 3429 3350 imperator,

1864 3365 1956 3434 qui
1983 3378 2126 3419 anno
2150 3374 2339 3421 nostro
2369 3364 2457 3426 75.
2499 3373 2657 3419 sexto
2685 3380 2786 3420 suo
2819 3368 3131 3430 consulatu,
3162 3368 3427 3438 templum

1864 3453 2021 3511 Pacis
2053 3453 2292 3510 Alteros:
2316 3454 2557 3509 omnium
2590 3461 2704 3509 toto
2731 3455 2864 3510 orbe
2883 3455 3315 3526 pulcherrimum
3332 3458 3429 3513 de-

1863 3545 2098 3612 dicavit;
2136 3552 2304 3601 semet
2332 3545 2653 3600 existimans
2706 3543 2860 3598 illum
2910 3545 3212 3615 principem
3250 3547 3424 3616 pacis,

1864 3642 2069 3706 patrem
2102 3634 2266 3689 futuri
2297 3633 2481 3689 επιξυιί
2511 3634 2855 3703 praenuntiati
2888 3633 3032 3702 apud
3079 3631 3302 3699 Isaiam,
3336 3650 3430 3700 eu.

1857 3726 1947 3795 jus
1975 3725 2183 3795 imperii
2214 3739 2322 3778 non
2356 3722 2494 3777 foret
2522 3722 2664 3778 linis.
2690 3720 2808 3777 Non
2829 3722 2974 3777 hunc
2989 3737 3123 3794 ergo
3143 3724 3426 3780 mortalem

1862 3815 2158 3879 hominem,
2199 3812 2293 3869 sed
2345 3812 2513 3868 Deum
2539 3813 2798 3891 _inveniri
2832 3812 3029 3868 debere
3073 3820 3255 3869 monet
3299 3814 3427 3871 Cle-

1860 3921 2035 3965 mens.
2090 3903 2182 3975 qui
2247 3911 2505 3971 mternam
2561 3917 2748 3973 pacem
2806 3904 2923 3957 suis
2970 3903 3268 3974 largiturus
3327 3906 3422 3960 sit.

1859 3995 2035 4051 Tanto
2062 4010 2191 4066 ergo
2220 3993 2459 4065 Epistola
2489 3994 2602 4048 haec
2632 3994 2782 4064 prior
2805 3994 2919 4057 illa,
2942 4008 3063 4063 quae
3085 4001 3209 4064 post
3231 3994 3302 4049 20
3328 3995 3424 4050 de-

1858 4102 2006 4141 mum
2034 4100 2205 4141 annos
2231 4086 2396 4141 missa
2437 4084 2539 4139 fuit
2578 4084 2922 4139 Corinthum.
2958 4082 3124 4155 quue
3176 4085 3425 4141 subindi-

1857 4184 1945 4230 cat
1977 4176 2117 4247 apud
2143 4175 2456 4239 Eusebium,
2483 4176 2577 4230 lib.
2610 4192 2684 4240 tv.
2715 4190 2837 4246 cap.
2860 4175 2952 4240 25,
2992 4175 3281 4246 Dionysius
3315 4175 3421 4231 Co-

1856 4267 2178 4322 rinthiorum
2210 4267 2515 4337 episcopus.
2540 4268 2593 4321 in
2611 4268 2846 4337 epistola
2865 4266 3042 4321 dicata
3069 4267 3242 4323 Soteri
3270 4282 3423 4337 papae

1860 4360 2006 4414 circa
2037 4374 2065 4412 a
2094 4374 2241 4413 mum
2270 4366 2519 4413 nostrum
2552 4356 2675 4422 t67,
2714 4359 2768 4412 in
2813 4373 2921 4428 qua
2972 4356 3247 4415 Romanos
3282 4358 3420 4413 allo-

194 4455 429 4509 Evaristi
465 4452 757 4522 pontiﬁcis.
810 4454 1146 4507 successisse
1194 4450 1560 4506 Alexandrum
1612 4466 1755 4507 anno
1790 4440 1831 4495 Ι)
1861 4450 2069 4520 quitur,
2104 4450 2192 4505 his
2219 4448 2401 4508 verbis
2440 4468 2453 4505 :
2490 4447 2663 4503 Hodie
2689 4449 3019 4503 Dominicam
3044 4465 3252 4504 sacram
3278 4449 3417 4505 diem

193 4544 255 4599 12
275 4542 521 4611 Trajani.

257 4634 575 4690 Alexander
622 4645 751 4704 ergo
776 4628 964 4687 sedere
1008 4631 1175 4701 coepit
1219 4646 1283 4685 ex
1325 4645 1467 4700 anno
1515 4629 1618 4686 108
1641 4633 1753 4701 jam

191 4726 364 4788 dicto,
404 4724 655 4793 seditque
684 4737 858 4777 annos
884 4720 973 4783 10,
1006 4736 1227 4775 menses
1258 4721 1312 4783 5,
1352 4720 1470 4777 dies
1491 4721 1583 4777 21.
1604 4721 1752 4777 Con-

188 4817 368 4885 jectus
426 4817 480 4868 in
533 4828 805 4869 carcerem
852 4826 995 4866 anno
1038 4819 1229 4865 nostro
1275 4812 1397 4877 116,
1435 4820 1624 4867 octavo
1666 4814 1750 4868 sui

1859 4541 2167 4611 peregimus,
2198 4540 2252 4593 in
2276 4555 2381 4610 true
2411 4540 2627 4612 legimus
2651 4550 2873 4594 vestram
2888 4539 2933 4571 "
2945 4539 3242 4607 epistolam,
3259 4556 3415 4608 quam

1859 4648 2059 4702 semper
2098 4630 2165 4685 ad
2209 4640 2445 4685 nostram
2474 4631 2868 4685 instructionem
2896 4629 3120 4699 legemus
3140 4668 3158 4696 ,
3186 4632 3323 4684 sicut
3364 4639 3415 4685 et

1855 4727 2081 4793 priorem
2103 4721 2249 4777 nobis
2278 4739 2309 4775 ι
2333 4720 2593 4776 Clemente
2617 4722 2887 4789 scriptam.
2909 4719 2982 4775 De
3008 4720 3203 4790 quibus
3234 4721 3417 4776 verbis

1856 4814 2001 4885 quod
2052 4814 2196 4869 volui
2234 4812 2489 4877 coniicio.
2527 4811 2825 4867 Clementis
2871 4811 3048 4881 ipsius
3097 4826 3220 4866 esse
3271 4811 3412 4865 hanc

192 4905 567 4977 pontiﬁcatus.
603 4902 820 4958 Eliano
850 4912 903 4957 et
928 4900 1123 4956 Vetere
1153 4902 1493 4967 consulibus,
1535 4904 1748 4958 vivente
1850 4905 2173 4973 epistolam;
2204 4904 2349 4958 illam
2372 4919 2503 4959 vero
2528 4905 2776 4967 alteram,
2823 4919 2933 4958 non
2999 4913 3108 4957 tam
3151 4902 3413 4972 decrepiti

191 4996 373 5051 adhuc
405 4995 665 5064 Traiano.
714 5002 773 5048 ut
816 4993 1017 5048 habent
1061 4991 1235 5058 Acta;
1280 4994 1334 5047 in
1383 5009 1492 5064 quo
1531 5009 1749 5050 carcere
1849 4995 2168 5060 Clementis,
2201 5010 2364 5065 quam
2410 4995 2573 5050 etiam
2622 4993 2851 5050 Romani
2884 4994 3036 5049 cleri.

193 5090 332 5144 duos
379 5102 555 5142 annos
577 5086 708 5155 egit,
754 5099 926 5154 usque
974 5082 1041 5138 ad
1081 5083 1297 5138 tertium
1351 5084 1597 5151 Adriani.
1647 5100 1747 5141 no—

267 5325 309 5361 ³⁸
330 5326 573 5398 lntellige
601 5327 912 5400 secundam.
990 5327 1031 5400 f'
1063 5326 1186 5400 Hinc
1216 5326 1364 5400 legas
1420 5332 1556 5381 sect.
1587 5340 1664 5381 xi.
1738 5325 1781 5357 ³¹
1807 5323 1934 5391 Qua'
1959 5320 2224 5380 Clementi
2281 5323 2669 5399 Alexandrino,
2700 5326 2898 5382 Strom.
2956 5325 3056 5385 lib.
3109 5341 3164 5395 v.
3197 5342 3252 5400 p.
3282 5325 3407 5392 786.

201 5391 241 5472 ἢ
276 5401 409 5472 πρὸς
436 5391 755 5469 Κοξοινθιους
805 5396 1085 5469 Ῥωμαίων
1122 5391 1392 5467 ἑπιστὶιλή.
