4046 6326
637 379 707 434 ϐἲ
1775 397 1865 451 AD
1905 397 1962 452 S.
2006 398 2176 454 CLE!

2280 402 2428 458 ’ΤΕΜ
2473 406 2489 459 1
2532 404 2764 462 ΡΑΡΑΜ
3823 427 3893 479 08

2072 643 2447 707 LECTORI.

713 804 989 861 Hactenus
1028 802 1381 896 Vendelinus,
1424 804 1795 896 cujusiverba
1842 822 1906 861 ex
1980 806 2218 866 editione
2248 819 2293 873 Α
2323 813 2507 867 buisse
2535 813 2779 885 episcopi
2814 831 3034 872 nomine
3059 818 3249 883 scribi,
3285 822 3536 889 quamvis
3568 824 3887 896 episcopum

641 896 794 954 Pauli
818 896 1109 951 Colomesii
1136 895 1550 965 descripsimus.
1584 895 1851 951 Cteterum
1886 900 1979 967 qui
2012 912 2207 962 annos,

638 988 839 1057 quibus
869 985 1011 1041 sedit
1037 986 1310 1045 Clemens,
1341 986 1512 1041 multo
1540 988 1746 1041 certius
1779 988 1982 1059 rescire
2007 988 2208 1055 avehit,

638 1077 687 1131 is
718 1076 873 1130 adeat
903 1084 1118 1146 oportet
1147 1075 1550 1131 eruditis‘simas
1589 1076 1996 1132 Dissertationes
2042 1077 2208 1134 Joan-

636 1169 724 1222 nis
752 1166 1034 1223 Pearsonii
1084 1176 1138 1221 et
1192 1166 1411 1222 Henrici
1442 1167 1725 1233 Dodwelli,
1770 1168 1835 1222 de
1882 1172 2207 1224 successione

634 1261 923 1328 primorum
949 1258 1201 1315 Romam
1244 1261 1392 1313 urbis
1416 1260 1810 1327 episcoporum;
1850 1260 1943 1331 qui
1981 1261 2082 1314 viri
2131 1270 2206 1316 to-

635 1361 746 1407 tam
776 1351 1183 1421 chronologiam
1214 1352 1548 1421 pontificiam
1578 1353 1812 1407 feliciter
1834 1352 2201 1416 illustrarunt,

632 1440 883 1512 quamvis
913 1457 1012 1511 per
1032 1441 1215 1495 omnia
1242 1456 1350 1495 non
1387 1442 1754 1497 consentiant.

701 1528 1028 1583 Pcarsonius
1054 1526 1169 1585 vult
1200 1530 1533 1586 Clementem
1565 1532 1779 1587 sedisse
1818 1531 1891 1586 ab
1938 1548 2084 1587 anno
2133 1533 2203 1588 69

629 1628 698 1681 ad
727 1630 817 1685 83.
862 1626 1163 1684 Dodwellus
1185 1645 1316 1685 vero
1347 1630 1416 1684 ab
1460 1646 1605 1684 anno
1650 1629 1740 1693 64,
1784 1631 1869 1685 vel
1914 1630 1985 1685 65
2013 1631 2078 1684 ad
2110 1631 2199 1685 8t.

626 1718 726 1777 Hic
748 1722 910 1777 etiam
940 1738 1061 1793 cap.
1113 1722 1169 1775 li
1209 1721 1345 1776 Diss.
1377 1721 1441 1775 de
1462 1737 1688 1775 success.
1717 1722 2022 1790 pontiﬁcum
2048 1721 2200 1778 Rom.

624 1814 904 1869 contendit
928 1812 1192 1870 incertum
1214 1827 1358 1877 esse,
1382 1828 1452 1866 an
1475 1811 1705 1880 epistola
1728 1810 2027 1868 Clementis
2051 1815 2203 1885 prior

623 1902 695 1958 ab
731 1918 800 1959 eo
834 1903 949 1975 jam
996 1904 1255 1976 episcopo
1284 1902 1492 1973 scripta
1530 1902 1643 1967 sit;
1681 1910 1736 1956 at
1767 1913 1915 1961 certe
1940 1920 2050 1960 non
2102 1905 2190 1962 de-

2313 904 2426 973 jam
2459 903 2792 959 Clementem
2827 906 2992 962 fuisse
3018 909 3210 964 testari
3232 910 3521 965 videantur
3544 910 3887 987 Hegesippus

2316 1002 2479 1061 atque
2509 993 2766 1052 lrensus.
2800 996 2968 1069 Digna
3000 1007 3129 1052 sunt
3158 1001 3302 1055 lectu
3334 1018 3455 1072 quae
3487 1004 3627 1059 hanc
3669 1006 3725 1060 in
3768 1023 3886 1063 rem

2313 1084 2496 1148 habet,
2550 1088 2643 1142 sed
2667 1088 2984 1157 prolixiora.
3028 1106 3190 1159 quam
3220 1107 3344 1160 qua:
3390 1094 3496 1149 huc
3547 1096 3881 1155 transferan-

2313 1182 2421 1231 tur.
2468 1175 2611 1233 ldem
2681 1178 2736 1232 in
2786 1179 3225 1235 Dissertationum
3271 1183 3637 1240 lrenaicantm
3682 1191 3883 1258 prima,

2316 1268 2343 1339 ᾗ
2372 1268 2464 1335 28,
2496 1270 2811 1339 suspicatur
2843 1288 2951 1327 non
2992 1275 3282 1337 immerito,
3316 1279 3564 1345 alteram,
3592 1296 3712 1349 qua:
3742 1281 3885 1337 dici-

2308 1367 2418 1422 tur,
2435 1360 2733 1416 Clementis
2748 1363 3054 1432 epistolam,
3076 1380 3196 1420 esse
3213 1366 3394 1435 potius
3410 1367 3627 1439 διδαχὴν
3642 1371 3763 1439 ejus
3782 1388 3881 1426 seu

2305 1446 2428 1514 ejus
2448 1446 2774 1511 doctrinam,
2800 1452 2869 1504 ab
2890 1451 2998 1503 alio
3025 1454 3245 1522 scriptis
3273 1455 3607 1519 mandatam,
3635 1468 3795 1527 atque
3812 1476 3881 1515 ex

2304 1538 2427 1605 ejus
2450 1538 2830 1595 conciouantis
2866 1555 2961 1595 ore
2997 1552 3301 1611 exceptam.
3325 1546 3408 1599 vel
3456 1562 3522 1600 ex
3565 1549 3879 1603 auditorum

2309 1631 2378 1683 ab
2404 1644 2470 1684 eo
2500 1632 2763 1686 memoria
2797 1641 3096 1688 exaratam.
3124 1634 3281 1697 Eum.
3312 1635 3527 1701 Lector,
3567 1640 3735 1702 adito,
3767 1656 3880 1710 quo

2306 1720 2472 1775 rebus
2506 1723 2893 1779 ecclesiasticis
2927 1723 3300 1793 antiquissimi
3341 1729 3440 1782 aevi
3487 1742 3649 1783 nemo
3700 1728 3877 1785 facem

2308 1814 2791 1886 hactenus_intulit
2814 1814 3217 1889 fulgentiorem.

1721 2317 1815 2402 J.
1916 2318 2016 2402 Β.
2118 2308 2777 2405 COTELEBII

1288 2531 1664 2595 JUDICIUM
1695 2530 1804 2592 DE
1836 2531 2140 2594 PRIORE
2172 2530 2572 2595 EPISTOLA
2611 2530 2674 2591 S.
2711 2529 3189 2594 CLEMENTIS.

690 2803 824 2862 Cum
856 2816 1199 2876 quacunque
1226 2799 1293 2856 de
1315 2798 1561 2870 Epistula
1598 2814 1629 2853 a
1659 2798 1720 2854 Β.
1739 2798 2040 2863 Clemente,
2070 2798 2184 2853 Ro-
2224 2783 2265 2838 Β
2292 2797 2437 2867 piam
2469 2795 2771 2867 suspiceris
2809 2797 3184 2868 apostolorum
3214 2795 3454 2854 Canonis
3492 2800 3866 2863 Clementinas

613 2911 788 2952 mana
816 2895 1073 2951 Ecclesia
1100 2894 1319 2949 nomine
1344 2893 1411 2946 ad
1438 2891 1848 2946 Corinthiorum
1879 2888 2183 2944 Ecclesiam

608 2988 837 3057 scripta,
870 2986 1103 3057 proferri
1136 2985 1467 3055 potuissent,
1501 2982 1613 3037 fere
1652 2982 1837 3036 omnia
1879 2980 2080 3051 partim
2116 2980 2184 3033 ab

606 3079 850 3148 antiquis
888 3075 1351 3145 tradita,‘partim
1397 3090 1427 3127 a
1458 3074 1857 3129 recentioribus
1914 3081 2182 3144 occupata

607 3169 844 3234 fuerint,
877 3168 996 3223 vice
1039 3166 1397 3238 praefationis,
1443 3180 1613 3234 pauca
1642 3164 1912 3219 duntaxat
1951 3164 2182 3219 adnota-

606 3262 787 3317 bimus
830 3261 897 3315 ad
948 3276 1010 3315 ea
1061 3268 1307 3314 veterum
1361 3257 1714 3319 testimonia,
1760 3272 1880 3326 quae
1929 3256 2180 3312 nonnihil

602 3352 848 3421 acrupuli
880 3349 1189 3420 legentibus
1234 3348 1372 3401 forte
1420 3346 1728 3414 injicerent,
1777 3344 1886 3399 nisi
1932 3359 2177 3413 expone-

602 3428 829 3506 rentur;
861 3456 925 3496 ac
951 3438 1148 3494 deinde
1184 3452 1491 3508 quaeremus
1522 3436 1742 3507 quando
1785 3436 1986 3507 stylum
2014 3449 2179 3489 acuec

600 3538 675 3589 rit
688 3534 1012 3605 Κλήμης,τὺ
1030 3531 1121 3585 τοῦ
1145 3530 1380 3603 Χριστοῦ
1402 3529 1603 3599 κλῆμα..
1620 3526 1880 3597 Equidem
1912 3528 1981 3581 ab
2008 3526 2177 3581 Euse-

600 3625 693 3679 hio
721 3626 816 3680 lib.
842 3640 925 3685 ιιι,
956 3640 1076 3693 cap.
1108 3624 1172 3677 l6
1218 3634 1271 3678 et
1294 3624 1384 3683 38,
1438 3622 1667 3692 epistola
1710 3628 1936 3675 vocatur
1986 3618 2176 3690 ὁμολο-

597 3717 861 3787 γουμένη.
883 3716 1201 3786 ὰνωμοληγη
1210 3716 1346 3786 μένῃ
1364 3714 1517 3785 παρὰ
1530 3714 1714 3774 πᾶσιν,
1730 3712 1795 3765 ab
1813 3712 2052 3765 omnibus
2069 3728 2173 3764 uno

596 3825 851 3861 consensi.
882 3818 1105 3876 recepta.
1142 3806 1234 3860 Ille
1266 3816 1447 3860 tamen
1474 3804 1772 3859 historicus
1804 3804 1899 3858 lib.
1926 3820 2002 3865 vt,
2045 3818 2169 3871 cap.

596 3902 685 3963 15,
710 3899 876 3955 refert
904 3899 1233 3953 Clementem
1267 3896 1697 3951 Alexandrinum
1728 3897 1783 3949 in
1805 3895 1960 3950 libris
1986 3894 2174 3959 Στρω-

586 3988 823 4058 paritur
844 3992 924 4046 uti
965 3989 1292 4044 testimoniis
1322 3987 1732 4058 Scripturarum
1778 4002 1810 4040 a
1840 3986 2169 4056 quibusdam

595 4082 1031 4153 repudiatarum,
1049 4096 1243 4150 nempe
1272 4080 1566 4150 Sapientiae
1586 4080 1919 4140 Salomonis,
1941 4068 2170 4148 Sapien-

593 4174 684 4233 tia
709 4173 995 4234 Siracidis,
1025 4172 1280 4242 Epistola
1306 4172 1372 4225 ad
1398 4170 1673 4231 Hebraeos,
1692 4170 2168 4240 Epistolarumque

594 4264 877 4328 Barnabc.
924 4265 1219 4320 Clementis
1273 4276 1327 4320 et
1354 4264 1527 4319 Juda.
1582 4264 1704 4331 Quo
1729 4263 1890 4317 modo
1913 4262 2167 4316 volumen

595 4356 664 4411 ab
704 4357 961 4412 omnibus
1020 4356 1360 4423 admissum,
1415 4372 1447 4410 a
1497 4356 1825 4426 quibusdam
1882 4353 2166 4423 rejicitur?

593 4445 726 4500 Eam
764 4449 1179 4518 repugnantiam
1232 4448 1412 4510 tolles.
1445 4447 1492 4503 si
1531 4446 1737 4501 dixeris
1766 4453 1998 4501 cunctos
2042 4444 2165 4515 qui-

592 4540 715 4595 dem
750 4554 890 4609 opus
936 4540 1227 4609 agnovisse
1276 4555 1376 4609 pro
1400 4540 1641 4610 genuino
1691 4537 1974 4593 Pontificis
2003 4538 2159 4603 laetu,

590 4630 685 4685 sed
714 4644 826 4684 non
860 4644 1051 4686 omnes
1084 4630 1342 4684 habuisse
1371 4645 1471 4699 pro
1498 4631 1705 4699 scripto
1745 4631 2015 4683 canonico
2045 4648 2057 4681 :
2096 4630 2163 4683 de

590 4720 793 4793 primo,
844 4723 1050 4776 nullam
1102 4732 1304 4776 motam
1351 4722 1653 4791 antiquitus
1692 4722 2158 4785 controversiam;

588 4816 659 4870 de
689 4816 955 4878 secundo,
1003 4824 1224 4877 motam.
1260 4818 1383 4872 aliis
1413 4825 1566 4871 extra
1611 4830 1875 4875 canonem
1908 4816 2161 4885 ponenti-

588 4906 715 4970 bus,
746 4923 867 4977 qua:
892 4908 1162 4961 sententia
1201 4908 1456 4968 obtinuit.
1496 4908 1616 4963 aliis
1660 4910 1825 4968 intra,
1855 4915 1914 4959 ut
1967 4914 2160 4959 auctor

585 4996 859 5052 Canonum
888 4996 1329 5063 apostolicorum,
1400 5011 1610 5050 canone
1652 4995 1865 5059 ultimo,
1901 4992 2157 5061 proinde-

2285 2890 2583 2958 epistolas;
2634 2904 2757 2959 qua
2808 2890 2954 2960 apud
2996 2888 3216 2945 Graecos
3263 2899 3357 2943 aut
3406 2892 3570 2948 nulla:
3616 2893 3862 2965 fuerunt,

2285 2987 2378 3031 aut
2428 2996 2535 3033 non
2568 2994 2816 3035 seorsum
2846 2982 3019 3045 lectae,
3054 2982 3148 3035 sed
3193 2982 3351 3035 initio
3399 2986 3857 3056 Recognitionam.

2282 3064 2510 3119 Actutum
2536 3066 2702 3140 Petri,
2790 3068 3268 3142 Clmentinorum,
3317 3076 3620 3147 similisque
3670 3076 3862 3132 farina

2283 3160 2739 3230 apocrypborum.

2352 3254 2434 3308 Ad
2482 3254 2728 3322 ejusdem
2775 3254 2994 3310 Eusebii
3056 3255 3528 3321 observationem,
3580 3256 3856 3311 imitatum

2279 3358 2403 3400 esse
2430 3344 2766 3401 Clementem
2788 3347 3087 3417 Epistolam
3120 3349 3184 3401 ad
3211 3346 3491 3414 Hebraeos,
3518 3349 3644 3403 addi
3676 3358 3857 3419 potest

2279 3439 2609 3503 consimilis,
2638 3439 2706 3494 de
2737 3440 3041 3494 imitatione
3081 3440 3312 3494 aliorum
3352 3440 3486 3495 Novi
3514 3440 3855 3497 Testamenti

2278 3531 2565 3597 librorum,
2600 3534 3012 3603 praesertimque
3043 3532 3408 3601 Epistolarum
3441 3534 3508 3588 ad
3532 3533 3855 3591 Corinthios

2276 3633 2330 3681 et
2351 3624 2716 3695 Epistolarum
2742 3625 2888 3679 Petri
2917 3644 2932 3679 :
2967 3626 3252 3694 utriusque
3289 3626 3435 3679 enim
3470 3628 3703 3695 apostoli
3730 3640 3854 3683 erat

2275 3717 2603 3787 discipulus.
2654 3715 2767 3772 Nec
2809 3718 3034 3781 mirum,
3089 3717 3233 3787 quod
3266 3716 3562 3772 Dominicz
3602 3734 3667 3773 ac
3716 3734 3853 3790 apo-

2273 3808 2485 3862 stolicae
2535 3808 2816 3863 sententia:
2862 3816 2917 3863 et
2959 3809 3228 3862 dictiones
3275 3808 3331 3862 in
3376 3823 3470 3863 ore
3501 3808 3704 3865 fuerint
3740 3812 3848 3866 ho-

2271 3898 2483 3952 minum
2547 3899 3004 3967 apostolicorum,
3057 3906 3220 3969 atque
3273 3900 3327 3953 in
3384 3916 3487 3954 usu
3542 3903 3848 3971 primorum

2269 3988 2731 4044 Christianorum.

2341 4078 2569 4134 Photius
2592 4078 3272 4136 Bibliothecccodicecnvn
3288 4080 3500 4137 videtur
3516 4087 3839 4155 scripsisse:

2271 4175 2575 4229 Διτιάσοιτο
2592 4175 2650 4227 δ’
2684 4176 2750 4228 ἄν
2777 4194 2861 4239 τις
2888 4176 3049 4230 αὑτὸν
3076 4181 3137 4231 ἓν
3163 4180 3391 4245 τούτοις,
3422 4198 3530 4238 non
3565 4195 3744 4241 autem
3780 4190 3844 4241 ἐν

2273 4260 2524 4323 ταύταις.
2553 4264 2951 4332 Reprehenderit
2982 4284 3098 4321 vero
3132 4286 3250 4323 eunt
3281 4273 3543 4341 quispiam
3574 4278 3627 4328 in
3654 4277 3755 4331 Itis.

2335 4353 2394 4408 ln
2424 4355 2580 4409 Libro
2596 4358 2908 4427 pontiﬁcali,
2930 4358 3021 4413 ubi
3050 4358 3118 4413 de
3146 4358 3443 4419 Clementis
3470 4367 3603 4427 vita,
3622 4382 3842 4425 necnon

2265 4447 2322 4502 in
2351 4447 2472 4516 ejus
2494 4446 2688 4518 Operis
2701 4449 3152 4518 exscriptoribus,
3177 4465 3547 4511 memorantur
3570 4457 3691 4514 dum
3711 4459 3839 4515 Cle-

2264 4538 2466 4593 mentis
2508 4538 2792 4607 epistola,
2843 4555 3029 4608 eaeque
3093 4542 3373 4596 canonica;
3422 4554 3475 4597 et
3524 4548 3833 4607 catholicas.

2263 4627 2417 4692 Quod
2450 4629 2523 4681 ita
2554 4636 2837 4697 acceptum
2864 4631 2933 4683 ab
2977 4640 3201 4687 auctore
3250 4634 3374 4688 libri
3442 4632 3518 4688 De
3543 4639 3700 4703 gestis
3728 4637 3836 4690 Ro—

2266 4730 2537 4771 manorum
2593 4721 2932 4789 pontiﬁcum,
3010 4724 3218 4778 credito
3253 4725 3623 4796 Luitprando.
3670 4733 3836 4799 quasi

2261 4820 2513 4881 ageretur
2558 4812 2625 4867 de
2654 4813 2869 4867 duabus
2894 4814 3086 4882 primis
3126 4814 3426 4872 Clementis
3455 4816 3835 4875 Decretalihus

2260 4903 2326 4955 ad
2350 4902 2634 4958 Jacnbum.
2658 4902 2845 4967 Gravi,
2879 4914 2935 4957 ut
2956 4905 3207 4974 equidem
3234 4910 3432 4971 sentio,
3454 4926 3664 4969 errore.
3692 4911 3829 4966 Nam

2258 4992 2305 5046 si
2346 4989 2641 5051 Decretafes
2672 4995 2725 5047 in
2762 4997 2944 5049 animo
2973 4996 3255 5053 habuisset
3279 5000 3514 5069 scriptor
3537 5003 3830 5073 Ponti/ica-

586 5104 692 5158 que
723 5087 907 5142 forsan
937 5095 990 5142 et
1020 5088 1114 5155 qui
1144 5102 1240 5141 eos
1268 5102 1505 5141 canones
1532 5088 1586 5139 in
1611 5101 1841 5139 numero
1872 5099 2154 5139 sacrarum
2254 5086 2322 5139 lis
2344 5083 2489 5151 libri,
2532 5102 2641 5141 non
2673 5089 2848 5143 solum
2872 5090 3009 5144 duas
3039 5092 3287 5155 dixisset,
3342 5110 3527 5147 verum
3559 5095 3826 5164 quinque.

586 5180 996 5251 Scripturarum
1022 5181 1251 5233 collocat
1278 5178 1514 5233 Joannes
1534 5178 1926 5239 Damascenus,
1952 5176 2154 5245 quique

583 5274 806 5330 eosdem
836 5274 1130 5327 admittunt
1177 5271 1423 5325 Trullani
1475 5272 1737 5341 episc0pi.
1771 5270 1948 5331 Atque
1988 5268 2153 5335 hujus

582 5378 871 5440 postremae
906 5368 1178 5437 opinionis
1228 5367 1615 5419 documentum
1653 5365 1854 5434 prtebet
1885 5363 2153 5432 antiquis-

2255 5174 2718 5240 Quemadmodum
2752 5178 3043 5251 βιογράφος
3072 5182 3181 5246 ille,
3207 5183 3298 5253 qui
3331 5183 3468 5236 mira
3508 5187 3825 5253 supinitate,

2255 5277 2540 5339 postquam
2569 5271 2634 5323 de
2660 5271 2872 5326 duabus
2898 5274 3146 5341 epistolis
3175 5274 3461 5328 catholicis
3490 5290 3520 5327 a
3544 5273 3827 5331 Clemente

2253 5360 2321 5413 ad
2342 5360 2604 5417 Jacobum
2632 5366 2773 5419 datis
2809 5367 3014 5431 retulit,
3044 5368 3324 5437 subjungit
3366 5385 3615 5437 quaenam
3644 5374 3825 5424 conti-

581 5467 757 5519 simus
803 5462 973 5515 codex
1002 5460 1293 5513 bibliorum
1324 5474 1486 5510 manu
1535 5456 1751 5509 Thecla:
1778 5463 2054 5516 exaratus,
2080 5470 2142 5507 ex
2181 5456 2224 5509 D
2254 5463 2484 5508 neantur
2513 5456 2567 5508 in
2599 5456 2706 5510 illis
2730 5457 2964 5520 duabus,
3018 5466 3071 5511 et
3102 5460 3155 5513 in
3184 5460 3412 5528 reliquis
3436 5462 3637 5515 tribus.
3670 5462 3824 5516 Adde

581 5571 690 5625 quo
734 5556 854 5607 duae
883 5553 997 5605 istae
1047 5551 1290 5619 epistola:
1329 5549 1679 5619 prodierunt;
1706 5544 2149 5615 quandoquidem
2248 5545 2394 5614 quod
2428 5548 2482 5599 in
2533 5546 2837 5601 Pontiﬁcali
2867 5564 3030 5617 opere
3077 5550 3290 5618 sejungi
3331 5550 3549 5603 videtur
3583 5552 3819 5618 epistola

579 5662 674 5703 cas
698 5662 818 5698 cum
849 5644 1001 5698 libris
1034 5642 1165 5696 Novi
1197 5641 1532 5697 Testamenti
1561 5642 1883 5707 conjunctas
1906 5636 2143 5690 exhibet.

580 5737 763 5811 Neque
808 5751 931 5789 vero
974 5736 1270 5804 quidquam
1318 5750 1495 5789 causa:
1526 5742 1629 5797 est,
1673 5749 1770 5786 cur
1805 5733 1935 5785 alias
1980 5744 2145 5797 quas-

2248 5634 2315 5687 :id
2344 5634 2605 5689 Jacobum
2658 5653 2685 5689 a
2712 5638 2924 5692 duabus
2967 5640 3245 5693 canonicis
3276 5640 3539 5708 epistolis.
3570 5641 3673 5692 Hic
3695 5642 3821 5707 fecit

2247 5726 2380 5780 duas
2406 5732 2677 5800 epistolas,
2710 5748 2825 5800 quin
2854 5734 3119 5786 canonica:
3149 5734 3511 5788 nominantur.
3536 5733 3601 5787 Et
3631 5733 3770 5787 infra
3796 5752 3811 5786 :
