4046 6326
216 393 286 447 69
1464 380 1774 439 PROtEML

1878 378 2237 437 lARlORUM.
2890 372 2892 374 ’
3400 380 3477 436 70

215 505 414 565 Tuus»
456 502 515 558 in
569 501 827 570 Epistola,
861 517 976 571 quis
1032 498 1103 553 ad
1129 498 1388 553 Iacobum
1452 502 1651 567 scripta
1694 508 1791 555 ut.
1824 506 1872 561 Α
1901 496 1966 553 Et
1991 512 2120 554 vero
2156 510 2279 552 eum
2304 494 2397 566 qui
2437 493 2660 559 nomine
2691 492 2953 550 Ecclesiae
2990 493 3248 553 Romanas
3271 497 3482 556 scribe.

283 594 445 651 Circa
473 600 690 663 tempus
717 607 828 663 quo
856 590 1087 646 Romani
1121 591 1334 645 litteras
1375 588 1442 643 ad
1472 588 1789 646 Corinthios

211 686 508 746 dederunt,
554 697 667 738 non
696 697 803 737 una
834 689 918 737 est
960 680 1282 735 criticorum
1330 678 1539 750 opinio.
1568 679 1675 733 Alii
1701 694 1792 736 as-

210 777 435 846 signant
471 773 635 831 linem
674 772 944 834 Neronis.
996 778 1091 825 aut
1135 777 1284 827 certe
1332 784 1429 825 eos
1476 783 1651 851 annos
1692 767 1788 839 qui

206 865 535 937 Vespasiani
578 866 873 936 imperium
920 864 1305 933 excidiumque
1337 857 1790 930 Hierosolymita-

206 975 343 1014 num
374 966 808 1014 antecesserunt.
847 955 959 1013 Hos
999 955 1201 1013 relellit
1234 952 1489 1023 epistola,
1520 962 1634 1007 tum
1662 968 1783 1022 cap.

204 1050 299 1113 ιγ,
349 1067 476 1106 cum
525 1052 673 1107 velut
730 1030 971 1122 antiqua:
1054 1050 1303 1109 meminit
1369 1047 1785 1104 Corinthiorum

203 1144 400 1212 prima
431 1143 819 1211 dissensionis,
851 1143 954 1198 sub
983 1141 1179 1212 Apollo
1212 1141 1487 1205 excitatae,
1524 1140 1620 1211 qui
1650 1146 1787 1192 teste

202 1230 541 1305 Hieronymo
592 1234 751 1288 circa-
790 1233 951 1296 finem
986 1229 1521 1287 Commentariorum
1562 1230 1616 1285 in
1658 1228 1787 1299 Epi-

201 1326 405 1381 stolam
457 1325 523 1382 ad
563 1324 773 1389 Titum,
824 1323 1079 1379 Corinthi
1132 1323 1236 1379 fuit
1282 1324 1614 1393 episcopus;
1660 1329 1783 1375 tum

197 1417 619 1493 Corinthiacam
646 1416 975 1482 Ecclesiam,
1021 1423 1259 1472 veterem
1310 1416 1547 1487 appellat
1579 1428 1591 1465 :
1623 1413 1786 1469 dum-

196 1525 307 1579 que
330 1525 453 1581 cap.
482 1510 537 1575 i,
575 1510 608 1563 5
636 1516 690 1563 et
714 1507 747 1562 6
778 1508 1091 1563 subindicat
1133 1508 1572 1578 persecutionem
1619 1505 1782 1560 aliam

195 1601 270 1657 ab
299 1601 391 1655 illa
421 1602 597 1673 prima
621 1599 879 1656 Neronis.
924 1598 1059 1655 Post
1084 1598 1354 1655 Neronem
1386 1606 1568 1653 autem
1596 1596 1783 1653 Domi-

192 1694 388 1746 tianus
437 1693 649 1761 primus
696 1690 1045 1748 Christianos
1116 1698 1440 1761 persecutus
1487 1698 1610 1754 est,
1667 1688 1782 1759 jam

188 1795 392 1843 eversa
443 1779 841 1852 Hierosolyma.
906 1779 1013 1835 Sed
1041 1778 1319 1842 Clemens,
1376 1778 1634 1849 inquiunt
1676 1776 1779 1832 viri

1893 590 2007 653 bat,
2039 590 2129 643 illa
2152 585 2348 657 eloqui
2372 584 2555 641 decuit
2592 600 2715 655 quae
2746 584 2901 650 Urbi,
2928 602 3039 641 non
3069 602 3192 658 quae
3215 578 3319 645 sibi
3344 603 3483 646 con-

1892 680 2175 743 venirent,
2215 686 2274 733 ut
2298 684 2446 733 certe
2471 675 2607 732 Urbi
2632 680 2985 734 conveniunt.
3012 677 3185 735 'Uude
3201 682 3484 738 evanescit

1891 769 2159 843 quidquid
2204 768 2488 839 objicitur.
2529 766 2636 822 Alii
2680 768 2969 839 epistolam
3015 773 3243 826 missam
3289 771 3482 828 volunt

1892 878 2037 918 anno
2069 860 2287 917 Domini
2320 859 2410 926 95,
2449 858 2695 917 fervente
2734 859 3121 931 persecutione
3162 859 3478 920 Domitiani.

1888 950 2113 1009 Rectius
2160 957 2347 1005 tamen
2378 964 2541 1019 quam
2581 948 2832 1013 fervens,
2879 949 3143 1007 desinens
3184 958 3482 1008 notaretur

1888 1042 2201 1113 persecutio
2216 1056 2234 1105 ’,
2267 1056 2432 1111 quam
2477 1042 2736 1106 nimirum
2771 1040 2951 1096 innuit
2982 1042 3227 1113 epistola
3268 1044 3471 1114 princi-

1889 1133 2062 1205 pium,
2098 1148 2330 1204 quaeque
2372 1133 2552 1204 aptior
2591 1132 2698 1191 fuit
2727 1132 3191 1189 ad‘destinandos
3223 1148 3349 1189 cum
3382 1134 3482 1190 lit-

1886 1224 2021 1279 teris
2063 1224 2307 1295 quinque
2359 1224 2593 1296 legatos,
2629 1225 2943 1281 nominatos
2986 1224 3039 1279 in
3075 1226 3188 1280 fine
3206 1226 3474 1301 epistola.

1955 1310 2226 1369 Caeterum
2272 1327 2402 1383 spes
2453 1310 2861 1367 Patriciilunii
2925 1311 2993 1369 de
3022 1310 3479 1384 .Hieronyiniana

1885 1402 2239 1461 Clementinae
2266 1404 2511 1475 epistola:
2530 1404 3002 1474 interpretatione,
3028 1404 3163 1460 mihi
3193 1403 3478 1475 pertenuis

1885 1504 1979 1551 aut
2005 1497 2156 1553 nulla
2196 1503 2302 1561 est,
2366 1494 2721 1551 librariorum
2771 1495 2931 1551 delos
2964 1494 3368 1560 consideranti.
3419 1500 3478 1552 et

1884 1601 1993 1658 quo
2012 1594 2198 1657 pacto,
2216 1594 2277 1641 ut
2300 1587 2717 1643 vendibiliorem
2750 1600 2988 1642 mercem
3017 1584 3475 1657 haberent,odio-

1884 1690 2005 1730 sum
2036 1672 2221 1730 Rufini
2251 1691 2451 1731 nomen
2477 1690 2509 1731 e
2536 1674 2812 1747 principio
2838 1689 2902 1730 ac
2937 1674 3043 1730 fine
3066 1674 3480 1746 interpretatio-

1883 1766 1972 1821 nis
2021 1764 2482 1837 Explanationum
2527 1763 2780 1837 Origenis
2803 1764 2859 1821 in
2900 1764 3198 1835 Epistolam
3248 1764 3317 1821 ad
3362 1762 3475 1821 Ro-

189 1841 529 1939 domssimi,
570 1841 839 1936 ιηεηίίηίι,
872 1885 996 1942 εει),
1024 1871 1117 1937 ιι,
1154 1841 1496 1925 οωειῖοηιιῆι
1554 1870 1609 1925 in
1642 1879 1779 1925 rem-
1812 1841 1854 1897 Β
1884 1871 2078 1914 manus
2102 1858 2430 1914 sustulerint
2458 1858 2630 1929 (quod
2663 1866 2847 1912 tamen
2880 1858 3083 1913 retinet
3116 1855 3291 1912 codex
3322 1854 3476 1913 Thu-

186 1962 307 2031 plo.
343 1960 541 2035 Quidni
569 1960 905 2017 meminisset
913 1961 941 2024 _?
970 1976 1096 2016 cum
1120 1976 1268 2016 nunc
1289 1976 1529 2031 quoque,
1560 1968 1641 2015 tot
1665 1960 1780 2015 ela-

185 2052 333 2123 psis.
363 2051 609 2115 seculis,
660 2064 763 2121 par
802 2052 1009 2107 mentio
1064 2052 1316 2119 idemque
1358 2065 1539 2107 sermo
1589 2050 1778 2121 haberi

182 2149 393 2213 queat;
442 2142 903 2213 quemadmodum
945 2142 1143 2213 legenti
1180 2142 1406 2213 patebit.
1458 2140 1564 2196 Alii
1595 2142 1778 2211 suspi-

180 2244 393 2289 cantur
418 2248 451 2288 a
476 2231 754 2289 Clemente
780 2236 970 2291 exsule
1007 2235 1180 2290 factas
1210 2234 1453 2300 litteras,
1472 2234 1583 2289 sub
1612 2232 1772 2288 linem

182 2326 355 2381 vitae:
382 2327 511 2397 quia
532 2341 664 2396 'cap.
707 2326 741 2382 5
764 2327 896 2382 dicit
924 2325 1157 2381 Paulum
1179 2328 1233 2382 in
1265 2327 1467 2383 ﬁnibus
1504 2325 1775 2382 Occiden-

182 2416 262 2469 tis
283 2430 510 2487 passum
542 2432 686 2479 esse,
717 2430 819 2470 nec
860 2416 1012 2471 urbis
1043 2414 1229 2473 Rome
1262 2415 1393 2469 facit
1446 2428 1777 2470 commemo-

180 2505 490 2571 rationem;
509 2511 566 2560 et
595 2506 724 2575 quia
751 2504 807 2559 in
825 2504 982 2559 initio
1003 2504 1344 2560 calamitates
1388 2504 1776 2562 adversitates-

180 2605 297 2661 que
344 2605 478 2647 suas
530 2592 807 2665 proponit.
865 2589 1066 2646 Verum
1114 2592 1241 2661 quis
1285 2590 1473 2646 credat
1513 2588 1778 2646 Romanis

179 2679 395 2737 aditam
442 2680 871 2751 Chersonesum,
900 2690 971 2757 ut
988 2682 1056 2739 ad
1077 2681 1392 2741 Corinthios
1425 2682 1778 2741 scriberent?

1882 1963 2001 2003 sum
2031 1948 2395 2022 bibliothecae)
2430 1965 2496 2006 ac
2526 1949 2825 2006 favorabile
2858 1948 3174 2021 Hieronymi
3225 1949 3472 2005 intruse-

1879 2039 2010 2094 rint.
2036 2037 2309 2106 Quocirca
2341 2040 2586 2113 suspicio
2616 2048 2765 2096 tenet
2811 2054 2919 2104 me,
2954 2038 3099 2095 idem
3150 2038 3333 2095 scelus
3382 2037 3474 2092 hic

1881 2138 2276 2203 perpetratum.
2308 2147 2373 2187 ac
2402 2132 2710 2189 versionem
2733 2130 3091 2188 Clementinm
3126 2130 3375 2203 epistola
3399 2131 3473 2187 ad

1875 2221 2144 2281 Jacobum
2168 2239 2200 2279 a
2232 2222 2433 2281 Ruﬁno
2470 2224 2696 2290 factam,
2732 2223 3049 2297 Hieronymi
3096 2223 3259 2278 titulo
3298 2220 3475 2279 fuisse

1878 2309 2249 2373 honestatam,

1949 2402 2196 2475 Denique
2236 2402 2548 2461 monendus
2593 2420 2673 2470 es,
2703 2402 2921 2469 Lector,
2964 2403 3124 2461 uncis
3177 2418 3275 2476 per
3295 2409 3470 2460 totum

1874 2508 2017 2565 opus
2038 2494 2306 2565 inspersis
2328 2495 2535 2552 includi
2557 2510 2621 2551 ea
2647 2510 2769 2566 qua:
2792 2495 2848 2549 in
2877 2494 3163 2551 ms.deleta
3187 2501 3282 2548 aut
3304 2494 3475 2550 amis-

1877 2597 1960 2648 sa.
1993 2596 2091 2657 per
2112 2584 2490 2656 conjecturam
2508 2586 2783 2658 suppleta,
2810 2587 2866 2641 iu
2895 2585 3138 2644 editione
3163 2583 3467 2657 Anglican

1878 2664 2124 2732 miniitis
2147 2674 2347 2733 litteris
2371 2676 2639 2750 impressa
2672 2684 2824 2733 sunt.

736 3269 1122 3334 'JUDICIUM
1157 3270 1266 3332 DE
1308 3269 1824 3331 POSTERIORE
1869 3268 2267 3332 EPISTOLA
2308 3269 2369 3331 S.
2425 3268 2902 3331 CLEMENTlS.

224 3554 227 3555 ν
251 3520 448 3577 Exstat
468 3518 539 3575 de
563 3518 667 3575 hac
687 3516 929 3591 Epistola
956 3518 1220 3588 judicium
1250 3518 1431 3589 magni
1460 3518 1647 3575 critici
1662 3517 1767 3573 Eu-

1878 3516 2102 3590 γραψιν,
2138 3517 2264 3572 οὔτε
2293 3516 2388 3572 τοῦ
2413 3518 2681 3589 Ῥωμαίου
2703 3520 3043 3593 Κλήμεντος,
3075 3522 3217 3597 πλὴν
3245 3524 3339 3582 δύο
3368 3529 3466 3586 καὶ

176 3607 641 3673 aebiifﬂistoria’
674 3608 1043 3661 ecclesiasticae
1084 3607 1177 3662 lib.
1236 3622 1320 3672 ιιι,
1353 3622 1475 3677 cap.
1505 3607 1595 3671 58,
1624 3607 1776 3662 hisce

174 3701 371 3756 verbis
418 3714 735 3770 expressum
772 3716 785 3753 :
829 3697 1022 3751 Ἰσιτέον
1066 3698 1109 3751 δ’
1140 3698 1218 3761 ὡς
1278 3698 1373 3752 καὶ
1419 3698 1644 3769 δευτέρα
1688 3714 1775 3761 τις

177 3786 323 3844 εἶναι
372 3791 589 3858 λέγεται
636 3789 731 3843 τοῦ
780 3790 1095 3860 Κλήμεντος
1144 3788 1423 3859 ἐπιστολή·
1453 3790 1515 3842 οὐ
1551 3788 1647 3859 μὲν
1694 3785 1772 3841 ἔθ’

184 3883 393 3953 ὁμοίως
420 3886 487 3953 τῇ
520 3882 761 3953 προτέρᾳ
799 3883 893 3935 καὶ
922 3881 1125 3951 ταύτην
1160 3880 1435 3954 γνώριμον
1474 3880 1775 3953 ὲπιστάμια

178 3973 277 4047 θνα,
310 3974 389 4027 ὅτι
422 3973 554 4043 μηδὲ
580 3976 705 4036 τοὺς
734 3973 993 4044 ἀρχαίους
1025 3974 1161 4045 αὐτῇ
1192 3974 1563 4046 κεχρημένους
1590 3976 1767 4046 ἴσμεν.

179 4063 321 4131 Quae
347 4080 378 4119 a
426 4064 644 4126 Rufino,
675 4064 756 4117 uti
787 4065 925 4118 solet
953 4063 1300 4135 indiligenter
1324 4065 1629 4120 redduntur
1651 4067 1764 4123 sic:

184 4153 398 4207 Dicitur
421 4162 595 4207 tamen
621 4168 734 4206 esse
772 4161 821 4205 et
866 4152 980 4221 alia
1010 4151 1294 4208 Clementis
1329 4155 1576 4222 epistola,
1616 4158 1767 4227 cujus

181 4260 284 4299 nos
329 4244 573 4298 notitiam
619 4260 724 4297 non
767 4244 1081 4312 accepimus.
1133 4244 1244 4300 Nec
1291 4246 1467 4317 magis
1512 4256 1768 4304 accurate

183 4335 575 4406 Hieronymus,
609 4335 751 4389 libro
794 4333 872 4387 De
922 4334 1047 4387 uiris
1090 4332 1387 4387 illustribus
1419 4349 1439 4387 :
1470 4332 1668 4389 Fertur
1716 4345 1767 4391 et

183 4429 422 4487 secunda
448 4445 559 4483 esse
579 4442 644 4482 es
674 4428 787 4497 ejus
812 4428 1019 4480 nomine
1046 4427 1290 4496 epistola,
1321 4436 1485 4498 quwfa
1508 4428 1763 4485 veteribus

179 4520 518 4590 reprobatltr.
564 4519 631 4577 Et
650 4519 873 4575 Photius
892 4520 1291 4587 Μυριοὸιόλου
1326 4518 1446 4573 cod.
1482 4518 1603 4581 ΗΞ,
1636 4519 1762 4587 115,

181 4613 216 4681 ή
250 4610 309 4663 δὲ
345 4608 609 4679 λεγομένη
637 4607 861 4678 δευτέρα.
891 4606 1028 4677 πρὸς
1070 4608 1196 4668 τοὺς
1228 4608 1445 4669 αὐτοὺς,
1490 4607 1564 4671 ὡς
1613 4608 1765 4673 νόθος

182 4701 665 4773 ἀποδοκιμάζεται.
714 4699 899 4769 Neque
937 4699 1080 4754 enim
1110 4698 1242 4753 dicit
1274 4699 1541 4755 Eusebius
1567 4715 1765 4756 secun-

182 4795 313 4849 dam
356 4793 652 4849 Clementis
693 4791 976 4862 epistolam
1006 4791 1231 4845 notham
1260 4807 1404 4856 esse,
1437 4799 1491 4846 et
1522 4793 1590 4847 ab
1620 4794 1765 4849 anti-

1877 3610 2058 3681 μόνων
2074 3609 2391 3665 ἑπιστολῶν.
2422 3609 2483 3663 Et
2503 3625 2632 3666 vero
2649 3612 3109 3681 quemadmodum
3134 3615 3464 3679 Caesariensi

1877 3697 2135 3768 episcopo
2181 3696 2501 3764 credimus,
2539 3697 2848 3755 dubitatum
2898 3701 3067 3759 fuisse
3121 3704 3189 3761 de
3238 3717 3465 3767 auctore

1874 3795 2081 3842 nostra;
2150 3786 2427 3857 epistolm;
2494 3789 2955 3857 quemadmodum
3010 3808 3118 3847 non
3166 3779 3463 3866 possumus

1874 3893 2042 3941 nunc,
2074 3886 2196 3949 post
2222 3877 2537 3949 deperditos
2566 3887 2645 3933 tot
2674 3881 2975 3949 primorum
3010 3882 3232 3941 Patrum
3267 3889 3460 3957 libros,

1848 3969 2192 4025 memoriam
2237 3970 2384 4025 illius
2421 3983 2702 4035 accusare,
2740 3988 2861 4042 qua:
2891 3981 3071 4030 tamen
3109 3992 3217 4032 non
3246 3993 3465 4052 semper

1873 4063 1980 4117 fida
2006 4062 2252 4129 exstitit;
2286 4064 2357 4115 ita
2391 4077 2656 4131 negamus
2688 4062 2814 4119 inde
2842 4068 3126 4137 consequi,
3147 4082 3245 4136 pro
3264 4069 3461 4141 pseud-

1872 4154 2169 4227 epigrapha
2220 4153 2914 4220 necessariohabendam
2956 4158 3244 4237 epistolam
3283 4178 3298 4217 :
3331 4175 3459 4217 cum

1872 4244 1988 4299 fieri
2030 4244 2286 4313 quiverit,
2317 4252 2373 4298 ut
2421 4259 2560 4315 opus
2606 4247 2905 4316 genuinum
2940 4248 2995 4302 iu
3026 4252 3459 4309 controversiam

1846 4334 2105 4396 venerit,
2137 4341 2192 4390 et
2221 4348 2250 4387 a
2280 4332 2473 4405 primis
2508 4336 2769 4393 Ecclesia:
2800 4339 3163 4409 scriptoribus
3192 4354 3302 4397 non
3339 4341 3461 4400 fue-

1867 4426 1940 4480 rit
1982 4424 2339 4481 celebratum.
2370 4425 2531 4482 Certe
2558 4442 2619 4482 ea
2646 4427 2935 4495 dubitatio,
2964 4446 3030 4486 ea
3058 4432 3316 4500 emissio,
3344 4449 3458 4491 non

1867 4516 2250 4584 deterruerunt
2273 4525 2552 4574 auctorem
2572 4512 2848 4573 Canonum
2868 4523 3299 4594 apostolicorum,
3328 4540 3453 4586 can.

1868 4611 1997 4674 ult.,
2024 4606 2389 4680 Epiphanium
2421 4611 2612 4666 haeresi
2642 4612 2731 4674 37,
2763 4627 2813 4667 c.
2845 4612 2901 4679 6,
2934 4614 3124 4670 haeresi
3155 4616 3245 4682 50,
3277 4632 3326 4673 c.
3365 4619 3457 4685 15,

1848 4708 1921 4755 et
1953 4716 2077 4756 eum
2107 4702 2201 4771 qui
2224 4696 2446 4755 Librum
2470 4703 2829 4773 pontiﬁcalem
2858 4706 3189 4775 composuit,
3223 4724 3333 4778 quo
3355 4712 3485 4767 ποί-η

1866 4810 1972 4849 nus
2014 4793 2083 4849 de
2124 4792 2483 4849 Clementinis
2514 4794 2780 4863 epistolis.
2814 4797 3041 4865 perinde
3082 4812 3145 4853 ac
3187 4801 3323 4857 nihil
3374 4803 3462 4858 in-

183 4884 314 4956 quis
348 4854 886 4954 repnobatam;-dicit
918 4881 1261 4936 solummodo
1295 4882 1603 4952 ignoratam‘
1628 4884 1765 4941 fuis-
1797 4854 1842 4914 θ
1870 4885 2170 4941 tercederet
2200 4886 2343 4939 inter
2371 4886 2492 4941 illas
2520 4854 2877 4949 discriminis,
2912 4888 3459 4961 loquerentur.Mitto

184 4994 269 5041 se,
304 4977 359 5031 in
404 4976 754 5031 citationibus
801 4988 831 5027 a
878 4974 1153 5029 veteribus
1203 4974 1655 5043 praetermissam,
1708 4978 1763 5033 in

184 5070 727 5139 dubiumvocatam;
762 5066 904 5119 unde
935 5065 1123 5119 eodem
1155 5064 1258 5119 loci
1287 5074 1340 5120 et
1368 5068 1495 5122 alibi
1527 5068 1763 5137 priorem

180 5171 468 5233 nuncupat
493 5158 1449 5232 ὁμολογουμένην,ἀνωμολογημένην
1482 5160 1631 5232 παρὰ
1661 5163 1768 5214 πᾶ-

186 5255 492 5325 ιτιν.1ιε‹ιυο
515 5252 786 5307 rectiusin
812 5249 1115 5319 Nicephoro
1132 5251 1223 5304 lib.
1244 5265 1395 5313 m,c.
1415 5250 1482 5305 18
1510 5251 1781 5315 habetur;

181 5348 294 5401 Καὶ
327 5346 459 5415 ἄλλη
504 5344 559 5399 δὲ
610 5341 776 5394 αὑτοῦ
808 5342 1029 5412 φέρεται
1059 5342 1337 5413 ἐπιστολὴ,
1368 5342 1467 5416 τῆς
1494 5344 1768 5414 προτέρας

186 5437 325 5491 κατὰ
373 5436 507 5488 πολὺ
556 5432 873 5485 ἁποδέουσω
928 5432 1057 5503 περὶ
1102 5426 1169 5501 ἦς
1196 5432 1223 5483 ὁ
1256 5432 1418 5495 αὑτός
1470 5449 1632 5503 φησιν
1662 5434 1769 5486 Ei»

186 5527 407 5598 σέὃιοςη
427 5526 503 5596 μὴ
530 5528 589 5577 ὲν
619 5524 896 5597 ἐπιστήμῃ
922 5524 1125 5593 ταύτης
1161 5525 1288 5587 τοὺς
1316 5526 1575 5595 ἀρχαίους
1605 5520 1762 5579 εἶναι.

187 5619 453 5674 Maximus
509 5618 566 5670 in
628 5615 856 5684 PrOIOgo
884 5615 952 5669 ad
980 5614 1222 5686 Dionysii
1261 5632 1448 5687 opera,
1484 5630 1651 5686 agens
1700 5618 1765 5673 de

184 5708 443 5773 Eusebio,
470 5708 565 5761 ml.
611 5705 718 5776 μὴν
746 5704 867 5759 οὗτε
897 5706 1194 5761 Παπαίνου
1242 5708 1369 5772 τοὺς
1427 5706 1621 5772 πόνους
1652 5707 1768 5762 ἀνέ-

1870 4977 2015 5032 enim
2046 4974 2328 5040 Niconem,
2359 4976 2427 5031 de
2473 4992 2581 5046 quo
2626 4976 2693 5031 ad
2743 4980 3046 5048 superioris
3082 4981 3339 5052 Epistolas
3363 5002 3459 5042 ca-

1872 5075 1969 5136 put
2006 5066 2092 5121 14.
2123 5063 2236 5121 Ιωο
2270 5067 2415 5133 quod
2442 5066 2735 5122 admodum
2767 5072 2987 5137 mirere,
3007 5074 3058 5128 id
3084 5077 3150 5131 ab
3176 5079 3309 5147 ipsis
3332 5079 3459 5137 Hie-

1871 5173 2101 5228 ronymo
2148 5172 2214 5212 ac
2261 5155 2456 5213 Photio
2507 5159 2873 5230 designatum,
2903 5169 3121 5234 quando
3151 5185 3305 5225 suam
3345 5190 3457 5233 non

1872 5248 2094 5304 Eusebii
2138 5260 2450 5319 proponunt
2485 5251 2831 5321 opinionem;
2884 5256 2973 5311 ille
3018 5258 3070 5311 in
3119 5262 3448 5321 voluminel

1869 5342 2134 5397 adversus
2180 5340 2529 5396 Jovinianum
2583 5358 2705 5413 cap.
2787 5345 2837 5410 7,
2884 5347 2972 5403 hic
3015 5350 3069 5403 in
3149 5345 3455 5415 Myriobibli

1868 5449 1989 5503 cap.
2018 5433 2141 5489 126.
2195 5434 2506 5501 Quinetiam
2557 5443 2859 5507 utramque
2895 5438 3037 5493 inter
3085 5456 3257 5498 sacrae
3304 5443 3457 5499 Scri-

1867 5535 2043 5596 μοι-π
2070 5526 2241 5582 libros
2271 5528 2575 5583 collocasse
2602 5528 2855 5611 videntur
2874 5534 3129 5591 Ecclesiae
3175 5536 3297 5601 illan
3334 5555 3455 5609 quae

1867 5618 2172 5673 canonibus
2204 5617 2520 5687 apostolicis
2552 5620 2904 5689 regebantur,
2936 5626 3137 5695 quique
3168 5642 3265 5682 eos
3291 5643 3455 5682 cauo-

1869 5724 1967 5765 nes
1998 5710 2053 5767 in
2084 5709 2219 5767 Novi
2247 5710 2576 5771 Testamenti
2604 5715 2972 5778 voluminibus
3000 5728 3245 5776 recenset
3280 5717 3450 5779 Joan-
