4046 6326
637 381 696 439 ’11
1763 384 1853 438 ΑΙ)
1894 384 1952 447 S,
1992 384 2176 442 CLEM

2285 385 2417 442 ΙῈΜ
2457 388 2477 442 1
2516 385 2745 443 ΡΑΡΛΜ
3813 389 3882 442 72

634 509 735 551 nes
765 492 1131 548 Damascenus
1159 491 1251 549 lib.
1291 508 1343 548 tv
1419 497 1742 555 Orthodoxa:
1771 499 1899 569 ﬁdei
1947 509 2069 566 cap.
2113 495 2203 563 18,
2234 509 2279 567 Α
2307 506 2551 565 ceperam
2581 499 2602 570 (
2633 512 2698 553 es
2733 496 2987 558 Eusebio.
3013 496 3233 566 Rullno,
3266 497 3596 571 Nicepboro,
3627 508 3797 572 amne
3822 516 3895 557 es

629 595 686 642 et
720 590 989 657 quotquot
1037 584 1333 640 Bibiiorum
1365 584 1649 641 codicibus
1680 587 1972 642 utebantur
2011 585 2205 644 simili-

628 677 737 733 bus
759 675 836 731 illi
866 672 1103 737 ‘l'beclae,
1127 690 1158 730 e
1180 689 1290 745 quo
1314 676 1437 732 dum
1464 675 1584 731 Ista:
1602 677 1845 747 epistolae
1867 678 2205 748 prodierunt.

632 764 860 820 Accedit
905 766 1013 819 huc
1040 766 1186 835 quod
1214 766 1413 822 eadem
1446 769 1736 839 utrobique
1769 777 2032 840 apparent
2074 770 2211 823 anti-

630 855 859 926 quitatis
905 863 1066 921 notae,
1106 858 1294 911 eadem
1327 858 1599 914 interdum
1631 859 1796 914 verba
1826 868 2204 931 usurpentur;

628 963 734 1003 nec
784 954 990 1002 tantam
1038 948 1406 1011 diversitatem
1436 948 1594 1004 habet
1624 952 1819 1022 stylus,
1848 952 1979 1021 quin
2018 953 2087 1008 ab
2115 966 2211 1008 eo-

627 1037 750 1093 dem
806 1038 1073 1109 scriptore
1120 1038 1289 1095 variis
1331 1039 1669 1110 temporibus
1717 1040 2058 1113 diversisque
2108 1057 2208 1113 pro

626 1130 812 1185 causis
855 1130 988 1183 oriri
1033 1130 1291 1199 potuerit.
1340 1129 1630 1201 Dionysius
1658 1138 1837 1186 autem
1886 1132 2206 1189 Corinthius

624 1217 875 1273 scribens
904 1218 974 1272 ad
1000 1216 1274 1275 Romanos
1305 1220 1447 1289 apud
1476 1220 1769 1276 Eusebium
1800 1222 1895 1277 lib.
1929 1238 2003 1286 tv.
2032 1238 2084 1280 c.
2107 1224 2200 1286 25,

626 1302 750 1364 ideo
789 1308 952 1365 unius
994 1315 1208 1365 tardum
1250 1311 1493 1379 epistola:
1530 1311 1826 1369 Clementis
1873 1316 2203 1370 mentionem

629 1397 777 1462 facit,
808 1399 935 1470 quia
968 1400 1210 1470 loquitur
1242 1400 1311 1456 de
1352 1402 1547 1460 litteris
1576 1402 1945 1461 Romanorum
1986 1408 2206 1464 nomine

624 1490 768 1547 datis
812 1489 882 1545 ad
929 1492 1285 1558 Corinthios;
1336 1505 1387 1548 at
1432 1494 2044 1564 posteriocClementis,
2076 1498 2202 1562 etsi,

624 1588 767 1656 teste
806 1580 1023 1647 Photio,
1054 1579 1120 1638 ad
1162 1583 1479 1640 Corinthios
1520 1599 1741 1656 quoque
1782 1593 1930 1641 esset
1976 1588 2203 1658 scripta,

622 1684 733 1726 non
780 1682 960 1727 tamen
1006 1672 1147 1728 sicut
1194 1675 1363 1744 prior,
1398 1672 1651 1731 Ecclesiae
1684 1674 1948 1733 Romam:
1978 1694 2200 1745 nomen,

622 1765 717 1843 sed
750 1760 983 1820 Romani
1029 1763 1309 1823 Pontificis
1346 1768 1687 1838 praeferebat.
1716 1766 1995 1825 Iudicatur
2021 1771 2074 1826 id
2104 1787 2200 1843 ap-

2311 601 2478 643 seusu
2507 588 2856 644 scribendum
2886 592 3170 663 receperat)
3189 592 3549 658 traditionem,
3570 594 3899 649 annuntian-

2310 689 2414 734 tem
2441 694 2604 734 unum
2634 679 2801 735 Deum
2828 682 3254 750 omnipotentem,
3280 684 3534 753 factorem
3562 684 3681 738 caeli
3706 694 3759 739 et
3779 695 3896 740 ter-

2309 784 2405 833 re,
2423 769 2799 839 plasmatorem
2816 772 3065 835 hominis;
3082 773 3173 843 qui
3189 773 3459 829 induxerit
3480 779 3889 845 cataclysmum,

2306 866 2359 912 et
2412 859 2743 915 advocaverit
2789 861 3080 926 Abraham,
3112 865 3203 933 qui
3245 863 3489 919 eduxerit
3524 868 3778 936 populum
3828 866 3894 919 de

2310 954 2453 1002 terra
2492 947 2738 1020 Egypti,
2781 951 2872 1021 qui
2908 951 3201 1009 collocutus
3237 956 3307 1010 sit
3346 953 3555 1026 Moysi,
3591 959 3683 1028 qui
3725 958 3887 1028 legem

2308 1039 2647 1108 disposuerit,
2675 1051 2724 1095 et
2748 1043 3030 1113 prophetas
3064 1046 3285 1112 miserit,
3309 1049 3398 1118 qui
3421 1050 3591 1119 ignem
3610 1064 3889 1118 prwpara-

2310 1132 2439 1185 verit
2456 1120 2669 1187 diabolo
2689 1142 2739 1186 et
2769 1135 2970 1204 angelis
2995 1136 3133 1204 ejus.
3161 1134 3386 1193 Brevem
3413 1141 3884 1195 enumerationem

2308 1223 2573 1292 capitum,
2605 1224 2661 1279 in
2690 1226 2795 1281 hac
2824 1226 3085 1285 Ecclesia
3112 1227 3374 1285 Romana:
3401 1230 3631 1301 epistola
3655 1241 3886 1287 conten-

2306 1316 2516 1377 torum,
2555 1322 2781 1371 sanctus
2811 1324 3017 1388 martyr
3050 1317 3307 1373 instituit.
3354 1316 3429 1373 Ea
3474 1301 3660 1373 autem
3699 1325 3884 1375 omnia

2306 1401 2487 1456 adhuc
2512 1403 2691 1474 legere
2720 1412 2835 1469 est,
2876 1415 3107 1476 excepto
3143 1408 3355 1472 ultimo,
3388 1407 3534 1478 quod
3559 1409 3728 1466 dubio
3755 1425 3870 1481 pro

2305 1490 2395 1545 cui
2441 1491 2636 1547 lacuna
2666 1493 2755 1548 illa
2781 1495 2927 1551 circa
2959 1495 3122 1551 ﬁnem
3153 1496 3438 1567 interiecta
3477 1501 3883 1569 complecteba-

2305 1586 2416 1637 tur.
2439 1580 2574 1647 Quis
2604 1596 2769 1652 porro
2796 1599 2905 1638 non
2934 1584 3115 1649 videt,
3147 1586 3238 1641 ubi
3276 1587 3416 1657 ignis
3443 1587 3660 1643 diabolo
3686 1600 3742 1644 et
3778 1604 3883 1644 an-

2303 1670 2438 1739 gelis
2463 1671 2584 1739 ejus
2621 1681 2957 1742 praeparatus
3007 1676 3434 1741 memorabatur,
3477 1678 3553 1733 ibi
3593 1680 3881 1736 commode

2305 1760 2551 1830 potuisse
2598 1763 2683 1833 agi
2730 1764 2798 1819 de
2842 1764 3028 1819 mundi
3070 1764 3195 1828 line,
3243 1781 3307 1821 ac
3352 1767 3421 1823 de
3459 1769 3751 1840 impiorum
3782 1787 3881 1841 per

591 1840 933 1925 ‘pellatione,
979 1854 1193 1926 ἀδελφοί
1226 1855 1348 1927 μου,
1381 1873 1549 1927 quam
1591 1858 1645 1914 in
1688 1859 1927 1915 secunda
1972 1874 2082 1916 non
2111 1840 2183 1918 se.

2298 1852 2477 1922 ignem
2494 1854 2707 1922 judicio
2734 1863 2868 1911 tunc
2896 1854 3109 1924 futuro;
3134 1857 3365 1928 ideoque
3385 1866 3439 1913 et
3477 1858 3696 1930 Sibyllae
3724 1840 3878 1917 men-

621 1947 727 2001 mel
758 1944 989 2016 positam
1020 1947 1284 2011 invenies,
1324 1957 1595 2019 nusquam
1629 1950 1683 2004 in
1713 1951 1916 2020 priore.

691 2030 893 2106 Objicit
941 2034 1183 2091 Iacobus
1229 2036 1507 2102 Usserius,
1538 2038 1925 2097 dissertatione
1966 2041 2034 2096 de
2062 2044 2199 2099 scri-

617 2110 728 2196 ptis
756 2124 968 2194 lgnatii,
994 2134 1125 2190 etc.,
1160 2142 1280 2198 cap.
1314 2129 1389 2184 to
1413 2130 1481 2185 ad
1511 2130 1656 2186 hunc
1689 2131 1944 2187 modum:
1980 2128 2198 2204 Episto-

620 2215 671 2269 la
704 2214 865 2271 titulo
902 2217 1198 2273 Clementis
1244 2217 1313 2273 ad
1358 2218 1678 2275 Corinthios
1708 2230 1923 2286 ornata,
1956 2223 2199 2291 profere-

618 2306 712 2361 bat
730 2308 1209 2376 (quemadmodum
1273 2324 1337 2363 ιω
1357 2304 1744 2375 ραωιιὶοηίὁιη
1765 2307 1839 2359 ad
1854 2310 2191 2379 orthodosos,

615 2394 833 2455 Iustino
875 2399 1093 2471 Martyri
1136 2398 1377 2464 tributis,
1410 2399 1577 2471 Resp.
1608 2402 1675 2457 ad
1703 2410 1896 2473 quaest.
1939 2404 2005 2459 74
2034 2404 2197 2459 intel-

616 2488 839 2559 llgimus
860 2505 879 2563 )
910 2490 1154 2545 carmina
1188 2490 1475 2563 Sibyllina,
1508 2507 1629 2563 qua:
1656 2493 1952 2549 Clementis
1984 2502 2186 2565 tempo-

613 2581 769 2636 ribus
818 2582 1119 2651 posteriora
1165 2580 1422 2653 t'uerunt;
1443 2582 1587 2640 unde
1614 2584 1890 2655 colligitur
1916 2601 2037 2641 eam
2055 2589 2194 2642 cita-

614 2674 822 2726 tionem
854 2686 981 2727 cum
1014 2672 1069 2726 in
1099 2672 1280 2742 priore
1304 2672 1599 2729 Clementis
1639 2676 1868 2745 epistola
1913 2690 2189 2745 nusquam

614 2770 945 2833 compareat,
980 2762 1047 2816 ad
1076 2764 1302 2817 alteram
1330 2763 1521 2818 referri
1545 2765 1764 2828 debere,
1797 2781 1918 2836 quin
1946 2767 2195 2836 ejusdem

613 2854 835 2907 nomine
868 2854 1007 2908 falso
1037 2854 1389 2908 inscribatur.
1410 2852 1687 2909 lntlrmum
1718 2860 1876 2926 plane
1905 2874 2191 2929 argumene

613 2950 749 2995 tum.
783 2941 922 2995 Audi
946 2942 1108 2996 verba
1147 2941 1577 3014 pseudo-Justini
1615 2964 1627 2999 :
1660 2945 1723 2998 Et
1771 2944 1869 3015 τῆς
1910 2947 2194 3018 παρούσης

612 3034 996 3097 καταστάσεως
1041 3035 1102 3087 τὸ
1147 3034 1298 3095 τέλος
1342 3037 1488 3088 ἐστὶν
1536 3038 1569 3107 ἡ
1619 3037 1707 3091 διά
1733 3038 1828 3091 τοῦ
1858 3038 2026 3111 πυρὸς
2071 3041 2194 3113 κρί-

613 3139 701 3187 σις
764 3124 872 3178 τῶν
928 3125 1135 3177 ἀσεϐῶν
1168 3164 1182 3189 ,
1257 3126 1401 3180 καθά
1464 3144 1626 3197 φασιν
1691 3130 1747 3182 αἱ
1794 3130 2002 3199 γραφαὶ
2058 3146 2191 3201 προ-

610 3214 797 3285 φητῶν
858 3232 916 3267 τε
972 3217 1066 3268 καὶ
1108 3216 1439 3281 ἀποστόλων,
1491 3219 1570 3273 ῑτι
1621 3220 1677 3273 δὲ
1731 3222 1823 3274 καὶ
1870 3222 1967 3292 τῆς
1996 3220 2186 3274 Σιϐύλ-

609 3302 728 3374 λης,
763 3303 945 3368 καθώς
994 3322 1156 3375 φησιν
1202 3305 1230 3355 ὁ
1286 3308 1550 3379 μακάριος
1599 3310 1828 3381 Κλήμης
1870 3312 1929 3363 ὲν
1954 3313 2020 3382 τῇ
2052 3312 2189 3383 πρὸς

609 3394 932 3465 Κορινθίους
976 3396 1255 3466 ἐπιστολῇ,
1291 3405 1396 3452 etc.
1454 3397 1514 3452 Si
1560 3402 1829 3467 pra'sentis
1867 3415 2039 3453 rerum
2074 3410 2186 3455 sta-

610 3496 695 3540 tus
728 3487 849 3556 ﬁnis
878 3496 957 3540 ut
1022 3488 1302 3555 impiorum
1346 3505 1439 3559 per
1485 3491 1655 3560 ignem
1691 3491 1995 3560 judicium,
2028 3501 2184 3559 prout

609 3585 875 3631 leuantur
916 3576 1286 3645 prophetarum
1333 3589 1382 3633 et
1417 3581 1774 3650 apostolorum
1824 3582 2043 3651 scripta,
2099 3593 2183 3637 at-

607 3682 707 3736 que
752 3668 963 3736 insuper
995 3666 1217 3739 Sibylla
1241 3670 1425 3738 ipsius,
1470 3672 1905 3741 quemadmodum
1935 3676 2011 3727 ait
2059 3673 2182 3728 bea-

606 3769 693 3811 tus
741 3756 981 3812 Clemens
1028 3760 1084 3811 in
1114 3758 1356 3827 Epistola
1406 3760 1476 3813 ad
1520 3760 1843 3832 Corinthios,
1895 3770 2000 3818 etc.
2051 3762 2181 3829 Quae

607 3847 665 3903 in
729 3846 990 3903 Gallicam
1044 3850 1283 3920 linguam
1328 3853 1404 3907 ita
1449 3856 1613 3908 vertit
1643 3852 1811 3908 David
1862 3854 2179 3912 Biondellus

606 3938 750 3993 libri»
778 3941 954 4009 primo
1000 3940 1074 3997 De
1119 3942 1360 4014 Sibyllis,
1401 3960 1521 4015 cap.
1558 3945 1662 4010 20,
1696 3962 1781 4019 _ac
1833 3947 1881 4001 si
1934 3947 2174 4017 legisset,

602 4027 665 4083 ιν
688 4030 758 4101 τῇ
786 4029 976 4103 πρώτῃ
1006 4032 1145 4103 πρὸς
1171 4026 1487 4105 Κορινθίους
1514 4036 1909 4109 ἐπιστολῇ.ὼὰ
1935 4048 2174 4095 erratum

600 4124 690 4174 est
733 4122 1081 4191 praperantis
1126 4122 1385 4189 hominis,
1418 4127 1754 4198 nimiumque
1798 4132 2060 4186 memoria
2113 4130 2176 4187 li-

598 4213 802 4268 dentis.
838 4212 1025 4285 Itaque
1053 4230 1178 4271 cum
1236 4218 1714 4288 pseudo-Justinus
1762 4225 2059 4294 generatim
2107 4228 2175 4285 de

595 4306 845 4376 epistolis
871 4307 1140 4376 loquatur,
1175 4317 1363 4364 neutra
1389 4318 1568 4366 autem
1597 4312 1666 4367 ad
1686 4329 1791 4371 nos
1814 4316 2022 4388 integra
2049 4333 2174 4388 per-

594 4398 828 4463 venerit,
861 4404 1063 4453 temere
1106 4400 1176 4455 ab
1227 4400 1448 4458 Usserio
1489 4414 1833 4461 asseveratur
1858 4422 1967 4471 res.
2006 4424 2169 4480 quam

2300 1945 2379 1998 tio
2402 1944 2553 2000 fieri?

2365 2056 2459 2111 Ait
2488 2064 2673 2112 tamen
2696 2057 2780 2112 vir
2806 2058 3098 2127 perdoctus
3118 2074 3229 2115 non
3256 2060 3480 2118 licuisse
3503 2078 3602 2133 per
3619 2070 3875 2134 tempora

2299 2145 2567 2201 Clementi
2612 2161 2680 2200 es
2727 2144 3009 2218 Sibyllinis
3055 2151 3426 2214 carminibus,
3504 2161 3692 2223 utpote
3756 2154 3880 2223 ipso

2298 2237 2717 2307 posterioribus,
2744 2239 3117 2295 testimonium
3147 2249 3356 2311 petere.
3387 2243 3499 2299 Hoc
3525 2246 3873 2315 probandum

2299 2335 2441 2389 erat,
2481 2344 2589 2384 non
2628 2330 2789 2386 modo
2818 2329 3111 2387 dicendum
3138 2352 3152 2389 :
3183 2334 3329 2404 quod
3366 2336 3412 2389 si
3442 2347 3750 2404 constaret,
3783 2352 3876 2393 re-

2298 2420 2575 2490 quirerem
2620 2421 3001 2489 praedictarum
3042 2423 3419 2490 Quaestionum
3470 2428 3689 2483 codices
3730 2444 3873 2488 mss.

2298 2528 2426 2567 num
2442 2526 2541 2581 pro
2558 2511 2740 2575 καθώς
2756 2513 3121 2569 haberentual
3136 2516 3212 2580 ὡς
3231 2520 3427 2570 autxa‘i
3441 2518 3643 2580 καθώς.
3666 2517 3872 2573 Verum

2297 2614 2463 2671 super
2493 2599 2774 2673 Sibyllinis
2807 2605 3057 2658 versibus
3087 2606 3428 2675 exploratum
3470 2622 3581 2663 non
3612 2608 3869 2674 habetur,

2296 2691 2515 2762 quando
2558 2693 2827 2762 ceperint
2867 2694 3009 2764 apud
3055 2693 3399 2752 Christianos
3443 2700 3706 2766 evulgari.
3754 2697 3874 2755 Sub

2296 2785 2560 2853 apostolis
2581 2801 2695 2841 rem
2724 2786 3019 2855 contigisse
3042 2788 3423 2855 persuaderet,
3448 2789 3592 2859 quod
3621 2806 3650 2843 a
3679 2791 3872 2846 multis

2294 2872 2554 2938 refertur,
2586 2874 2922 2930 Clementem
2953 2875 3381 2932 Alexandrinum
3412 2880 3463 2932 in
3482 2892 3533 2933 vn
3554 2879 3870 2936 Stromateo

2295 2962 2387 3031 (ι).
2409 2961 2546 3031 656)
2576 2965 2814 3017 recitare
2845 2963 3011 3019 verba
3040 2963 3195 3021 Pauli
3218 2969 3473 3037 apostoli,
3514 2966 3734 3024 Graecos
3764 2986 3866 3025 seu

2295 3044 2520 3115 gentiles
2570 3053 2637 3108 ad
2678 3050 2896 3122 Sibyllae
2938 3057 3161 3111 oracula
3204 3058 3585 3125 amandantis;
3629 3061 3737 3116 nisi
3768 3071 3866 3117 aut

2291 3141 2545 3197 Clemens
2588 3141 2826 3197 fabulam
2858 3159 2887 3198 a
2928 3146 3163 3215 quodam
3203 3151 3515 3221 apocrypbo
3557 3154 3867 3223 sumpsisse

2290 3230 2399 3285 dici
2421 3240 2636 3302 posset;
2661 3239 2756 3287 aut
2784 3232 2967 3303 potius
2996 3235 3144 3289 illius
3174 3252 3393 3292 sensum
3418 3239 3731 3295 viderentur
3750 3257 3862 3297 non

2288 3322 2537 3393 attigisse
2558 3324 2808 3379 homines
2838 3325 3018 3393 docti;
3057 3341 3179 3395 qua:
3206 3328 3425 3397 quidem
3470 3346 3591 3384 mea
3626 3342 3712 3387 est
3740 3334 3861 3405 opi-

2287 3412 2398 3466 nio.
2420 3411 2496 3465 Eo
2521 3415 2720 3482 quippe
2744 3414 2847 3468 ioci
2878 3424 3166 3485 postquam
3198 3436 3262 3475 ex
3283 3419 3424 3475 Petri
3453 3424 3859 3491 prtedicatione,

2288 3503 2429 3557 libro
2445 3513 2596 3558 extra
2608 3520 2872 3560 canonem
2902 3507 3103 3576 posito,
3126 3507 3412 3562 afﬁrmavit
3424 3509 3453 3561 ό
3467 3508 3857 3583 Στρωματεὺς,

2282 3590 2509 3661 Grecis,
2545 3603 2603 3648 ut
2632 3594 2798 3651 Deum
2824 3598 3071 3651 colerent
3098 3607 3153 3652 et
3176 3598 3350 3669 gloria
3380 3601 3687 3667 adicerent,
3722 3618 3859 3658 con,

2283 3698 2497 3738 cessam
2539 3685 2713 3739 fuisse
2752 3686 3181 3757 philosophiam,
3214 3691 3671 3759 quemadmodum
3710 3709 3833 3747 eam

2281 3775 2405 3830 dem
2440 3776 2511 3830 ob
2537 3790 2761 3831 causam
2795 3786 3087 3848 utrumque
3124 3777 3535 3835 Testamentum
3564 3779 3765 3837 Judaais
3798 3792 3857 3838 et

2279 3860 2640 3927 Christianis;
2694 3862 2798 3916 ista
2828 3864 2990 3932 paulo
3019 3864 3337 3919 obscuriora
3392 3866 3612 3937 subjieit
3651 3886 3665 3922 :
3706 3869 3857 3923 Ἐπεὶ

2276 3956 2357 4008 ὅτι
2426 3956 2674 4029 καθάπερ
2779 3958 3059 4022 Ἰουδαίους
3149 3960 3447 4025 σώζεσθαι,
3496 3959 3742 4014 ἐϐούλετο
3822 3962 3854 4015 ό

2277 4043 2427 4107 Θεὸς,
2474 4048 2599 4109 τοὺς
2632 4048 2917 4118 προφήτας
2960 4048 3166 4111 διδοὺς,
3208 4048 3380 4111 οὕτως
3428 4049 3523 4102 καὶ
3583 4050 3853 4120 Ἑλλήνων

2274 4137 2399 4198 τοὺς
2428 4136 2852 4207 δοκιμωτάτους,
2882 4137 3113 4199 οἰκείους
3140 4138 3318 4191 αὐτῶν
3344 4141 3409 4209 τῇ
3430 4138 3691 4208 διαλέκτῳ
3712 4155 3851 4210 προ-

2274 4227 2450 4298 φήτας
2470 4228 2799 4297 ἀναστήσας,
2817 4230 2893 4293 ὡς
2920 4225 3019 4283 οἷοί
3046 4246 3105 4282 τε
3133 4224 3272 4299 ἦσαν
3297 4229 3545 4300 δέχεσθαι
3572 4229 3669 4300 τὴν
3691 4230 3850 4301 παρὰ

2262 4317 2397 4374 Θεοῦ
2427 4319 2765 4390 εὐεργεσίαν,
2812 4320 2919 4373 τῶν
2949 4320 3181 4391 χυδαίων
3226 4319 3525 4391 ἀνθρώπων
3552 4310 3844 4391 διέκρινεν,

2268 4407 2496 4477 δηλώσει
2525 4408 2661 4480 πρὸς
2711 4405 2791 4477 τῷ
2818 4403 3434 4480 Πέτρουοκηρύγματι,
3476 4411 3504 4462 ό
3542 4412 3845 4476 ἀπόστολος

597 4487 749 4541 nullo
774 4487 937 4542 modo
972 4491 1147 4559 potuit
1194 4494 1419 4550 rescire.
1453 4494 1707 4561 Quinimo
1733 4498 1780 4553 si
1814 4498 2167 4555 divinationi-

2285 4499 2440 4566 λέγων
2482 4496 2938 4562 Παῦλος,Λάϐετε
2986 4502 3080 4554 καλ⁵
3122 4502 3221 4564 τάς
3260 4500 3572 4571 Ἑλληνικὰς
3601 4500 3841 4570 βίϐλους,

597 4577 702 4633 bus
728 4576 1007 4648 indulgere
1055 4580 1233 4642 liceat.
1265 4583 1591 4639 crediderim
1623 4586 1677 4641 in
1707 4589 1897 4659 prima:
1924 4590 2167 4661 epistolae

596 4668 790 4723 lacuna
822 4670 889 4723 ad
930 4685 981 4725 c.
1009 4670 1077 4725 57
1108 4671 1302 4727 factam
1348 4672 1567 4746 Sibyllae
1610 4679 1958 4735 mentionem.
1988 4681 2166 4751 Atque

593 4757 931 4826 conjectura:
981 4758 1207 4812 fundum
1261 4768 1316 4816 et
1369 4772 1649 4819 auctorem
1690 4766 1762 4821 do
1809 4766 1869 4824 S.
1902 4766 2163 4825 Irenaeum

593 4845 692 4902 lib.
726 4860 785 4899 ιιι
822 4844 1082 4900 Aduersus
1097 4846 1338 4917 licereses,
1396 4867 1516 4924 cap.
1543 4855 1598 4918 3,
1629 4857 1719 4911 ubi
1746 4855 1848 4911 boc
1868 4868 2028 4927 pacto
2050 4861 2163 4916 dis-

592 4937 726 4992 serit
758 4956 771 4990 :
806 4936 913 4993 Sub
944 4938 1040 4993 hoc
1069 4940 1231 5010 igitur
1251 4940 1533 5008 Clemente,
1563 4944 1889 5003 dissensione
1916 4966 2020 5004 non
2052 4967 2161 5005 mo-

588 5028 712 5087 dica
739 5030 874 5083 inter
900 5048 986 5085 eos
1017 5033 1106 5101 qui
1134 5031 1375 5089 Corinthi
1402 5048 1571 5093 essent
1604 5038 1799 5109 fratres
1828 5041 2001 5110 facta,
2030 5045 2162 5097 scri-

586 5120 696 5189 psit
744 5136 859 5190 qua
901 5131 978 5175 est
1011 5121 1190 5177 Romte
1225 5123 1463 5180 Ecclesia
1511 5130 1901 5200 potentissimas
1956 5132 2160 5188 litteras

590 5206 901 5275 Corinthiis,
940 5212 1009 5266 ad
1036 5230 1217 5282 pacem
1246 5232 1332 5271 eos
1357 5233 1698 5290 congregans,
1729 5240 1777 5275 et
1806 5236 2061 5290 reparans
2093 5224 2160 5292 ﬁ-

588 5298 706 5353 dem
731 5316 931 5363 eorum.
962 5311 1010 5357 et
1042 5306 1363 5360 annuntians
1395 5309 1756 5377 (annuntians
1802 5313 2075 5367 omittitur
2101 5314 2155 5371 in

588 5388 779 5444 Cnseo
824 5392 966 5460 apud
1014 5392 1307 5451 Eusebium
1338 5398 1432 5453 lib.
1466 5414 1517 5463 ν.
1549 5416 1670 5472 cap.
1697 5401 1762 5469 ὃς
1806 5411 1862 5459 et
1885 5402 2157 5478 Nicepho-

588 5496 709 5536 rum
754 5483 848 5538 lib.
880 5500 957 5549 iv,
984 5499 1105 5556 cap.
1142 5487 1227 5552 i5,
1260 5489 1401 5547 forte
1441 5491 1515 5546 ob
1549 5492 1955 5553 similitudinem
1986 5501 2156 5569 parti-

586 5572 851 5641 cipiorum
880 5576 1176 5632 ἀνανεοῦσα
1205 5590 1260 5635 et
1287 5583 1708 5651 ἀναγγέλλουσα.
1747 5584 1883 5642 Nam
1922 5588 2151 5648 Ruﬁnus

561 5664 801 5721 videtur
828 5667 931 5723 hoc
958 5686 1173 5741 quoque
1213 5674 1265 5727 in
1308 5672 1542 5731 Eusebio
1578 5677 1792 5747 legisse,
1815 5681 1947 5735 dum
1982 5683 2149 5739 inter-

535 5765 542 5774 ·
586 5760 828 5821 prctatur
855 5756 1170 5829 exprimens)
1196 5776 1353 5829 quam
1383 5762 1436 5816 in
1467 5764 1659 5819 recenti
1690 5763 1753 5819 ab
1778 5769 2028 5835 apostolis
2060 5787 2142 5825 re-

2271 4587 2535 4658 ἐπίγνωτε
2580 4590 2836 4643 Σίϐυλλαν
2856 4630 2870 4653 ,
2901 4591 2976 4654 ὼς
3004 4591 3155 4663 δηλοῖ
3180 4594 3275 4645 ἕνα
3295 4593 3425 4649 Θεὸν
3455 4594 3548 4646 καὶ
3588 4592 3657 4646 τὰ
3709 4592 3843 4662 μέλ-

2268 4679 2426 4732 λοντα
2455 4679 2692 4732 ἐσεσθαν
2727 4682 2819 4734 καὶ
2846 4681 2937 4734 τὸν
2971 4682 3283 4751 ’Υστάσπην
3310 4682 3562 4747 λαϐόντες
3590 4684 3843 4751 ἀνάγνω-

2265 4789 2344 4835 τε,
2375 4773 2469 4825 καὶ
2497 4773 2755 4844 εὑρήσετε
2785 4771 2963 4839 πολλῷ
2993 4771 3419 4844 τηλαυγέστερον
3448 4776 3541 4827 καὶ
3570 4776 3841 4843 σαφέστε-

2266 4882 2358 4936 ρον
2388 4864 2769 4936 γεγραμμένον
2798 4864 2888 4916 τὸν
2906 4864 3029 4917 Υίὸν
3070 4862 3163 4917 τοῦ
3201 4864 3358 4927 Θεοῦ,
3396 4866 3489 4919 καί
3524 4866 3705 4929 καθὼς
3734 4883 3839 4918 πα-

2265 4953 2487 5024 ράταξιν
2516 4955 2803 5023 ποιήσουσι
2830 4952 2907 5024 τῷ
2937 4954 3157 5026 Χριστῷ
3213 4954 3396 5008 πολλοὶ
3451 4955 3688 5025 βασιλεῖς
3748 4974 3839 5027 μι-

2264 5047 2482 5112 σοῦντες
2510 5048 2695 5112 αὑτὸν,
2727 5047 2821 5103 καὶ
2849 5050 2973 5111 τοὺς
3003 5048 3301 5119 φοροῦντας
3345 5049 3404 5101 τὸ
3432 5050 3603 5119 ὄνομα
3634 5051 3831 5113 αὐτοῦ,

2262 5139 2355 5189 καὶ
2388 5139 2514 5201 τοὺς
2546 5139 2770 5200 πιστοὺς
2799 5136 2987 5199 αῢτοῦ,
3020 5140 3113 5190 καὶ
3138 5138 3236 5209 τὴν
3279 5139 3575 5210 ὑπομονὴν,
3608 5141 3701 5198 καὶ
3728 5142 3833 5211 τὴν

2260 5228 2560 5297 παρουσίαν
2590 5226 2776 5280 αὑτοῦ.
2810 5222 2943 5280 Εἶτα
2990 5227 3069 5280 ἐνὶ
3111 5226 3251 5297 λόγῳ
3292 5229 3615 5282 πυνθάνεται
3644 5232 3829 5300 ἡμῶν·

2258 5318 2415 5384 Ὅλος
2430 5318 2488 5373 δὲ
2500 5321 2529 5373 ό
2545 5318 2749 5391 κόσμος
2764 5317 2861 5371 καὶ
2873 5316 2941 5371 τά
2966 5318 3023 5371 ὲν
3044 5319 3119 5391 τῷ
3140 5320 3347 5390 κόσμῳ,
3363 5321 3508 5383 τίνος
3526 5338 3541 5385 ;
3571 5322 3691 5392 οὐχ).
3728 5325 3830 5377 τοῦ

2254 5406 2389 5461 Θεοῦ
2405 5425 2420 5473 ;
2438 5406 2568 5473 Quae
2585 5410 2748 5463 verba
2763 5409 2843 5464 sic
2859 5410 3155 5481 accipiunt,
3172 5412 3327 5480 quasi
3356 5410 3568 5475 λάϐετε,
3584 5423 3690 5467 etc.
3702 5452 3716 5477 ,
3750 5416 3831 5469 sit

2260 5499 2506 5568 Apostoli
2533 5499 2860 5557 exhortatio.
2892 5502 2961 5554 At
2988 5516 3089 5569 ego
3114 5500 3235 5566 illa,
3273 5504 3302 5555 ό
3329 5502 3623 5566 ἀπόστολος
3648 5503 3827 5572 λέγων

2252 5587 2481 5653 Παῦλος,
2496 5605 2604 5644 non
2632 5589 2811 5645 refero
2831 5590 2899 5644 ad
2919 5594 3308 5661 consequentia
3332 5592 3547 5656 λάϐετε,
3566 5602 3698 5658 etc.,
3720 5597 3824 5650 sed

2250 5680 2316 5734 ad
2331 5682 2711 5750 pracedentia,
2730 5684 2957 5746 οίκείους
2976 5685 3153 5738 αὐτῶν
3166 5686 3230 5755 τῇ
3252 5685 3514 5757 διαλέκτῳ
3532 5689 3837 5758 προφήτας,

2250 5785 2347 5826 seu
2362 5772 2427 5827 ad
2445 5774 2769 5829 versiculum
2790 5773 2855 5831 12
2889 5774 3081 5847 capitis
3100 5794 3118 5835 ι
3138 5776 3175 5830 Ε
3180 5777 3389 5846 υἱδιοιιε
3402 5776 3680 5844 adTitum,
3695 5774 3820 5831 εἶπέ
