4054 6320
648 338 717 395 ’05
1767 323 1858 381 ΔΙ)
1896 319 1955 380 3.
1991 317 2412 379 CLEIIENTEI
2452 318 2473 373 l
2510 313 2739 372 PAPAM
3797 301 3865 358 7G

653 455 827 509 hitror
856 448 999 506 inter
1026 454 1165 503 duas
1198 444 1401 516 primas
1429 438 1854 515 persecutiones,
1875 433 2107 491 Nemnis
2133 447 2203 491 ac.

2328 431 2405 487 Τοῦ
2440 430 2592 499 ἁγίου
2630 418 2939 499 Κλήμεντος
2982 426 3044 479 ἐκ
3116 420 3173 479 S.
3228 421 3507 479 Clementis
3554 439 3620 477 e1:
3659 422 3873 492 Epistao

653 522 974 605 Domitiani,
1011 544 1066 591 et
1092 532 1570 590 ante'sedltionem
1610 527 1857 583 Corinthi
1887 525 2197 581 excitatam.

721 628 1047 685 Omittebam
1097 625 1214 689 hic,
1244 630 1310 677 ut
1332 622 1389 676 in
1418 626 1659 675 veterum
1694 616 2053 679 testimoniis,
2091 614 2199 668 duo

652 733 775 788 qua
794 725 982 789 postea
1007 718 1362 771 occurrerunt
1391 712 1521 765 loca.
1546 708 1759 763 Primus
1782 708 1933 762 locus
1961 714 2046 760 est
2067 718 2203 775 prte-

657 809 873 864 lationis
900 806 1141 862 concilii
1190 803 1426 868 Nicaeni,
1476 800 1678 855 Latinae
1706 815 1787 855 [ex
1831 796 2061 851 Arabico
2109 810 2204 864 per

658 899 1018 955 Abrahamum
1037 895 1439 949 Ecchellensem
1463 891 1647 956 facta;
1672 889 1727 944 in
1748 903 1854 958 quo
1874 886 2072 940 dicitur
2090 882 2207 940 Cle-

657 995 891 1043 mentem
919 985 1147 1056 epistola
1181 984 1217 1037 2
1243 983 1570 1037 mentionem
1599 979 1794 1035 fecisse
1821 985 2089 1033 sectarum
2116 974 2200 1027 70.

658 1078 857 1134 Verum
886 1076 977 1131 illa
1000 1074 1308 1146 epistola,si
1335 1073 1521 1128 eadem
1546 1082 1630 1126 est
1666 1083 1730 1123 ac
1752 1074 1937 1122 nostra
1953 1105 1968 1129 ,
1997 1080 2099 1119 nec
2122 1072 2207 1117 est

660 1173 819 1240 plane
847 1167 1153 1238 apocrypha
1180 1208 1193 1233 ,
1224 1178 1567 1235 nequaquam
1606 1161 1791 1217 retulit
1834 1159 1900 1213 70
1938 1158 2203 1220 haereses,

660 1263 840 1319 retulit
872 1260 1053 1315 forsan
1079 1260 1129 1313 7.
1156 1258 1396 1313 Alterum
1422 1257 1621 1313 locum-
1642 1251 1951 1324 deprompsi
1984 1266 2049 1305 ex
2071 1249 2209 1319 opti-

660 1353 764 1407 mis
792 1348 1120 1406 membranis
1164 1346 1370 1402 codicis
1408 1343 1695 1399 admodum
1760 1340 1963 1409 antiqui
2027 1339 2080 1393 in
2125 1337 2209 1393 bi-

660 1441 931 1497 bliotheca
975 1438 1079 1493 PP.
1112 1436 1236 1491 Sec.
1266 1436 1424 1500 Jesu,
1452 1434 1663 1503 copiam
1693 1430 1922 1486 faciente
1960 1427 2210 1483 Gabriele

662 1531 962 1596 Cessartio,
995 1530 1115 1584 viro
1136 1543 1258 1583 cum
1287 1527 1515 1597 insignis
1543 1524 1821 1587 doctrinae,
1851 1532 1963 1575 tum
1991 1518 2212 1591 prolixa

662 1620 1037 1677 humanitatis.
1084 1619 1179 1674 Est
1223 1626 1400 1673 autem
1444 1616 1500 1671 S.
1538 1612 1854 1669 Damasceni
1896 1610 2213 1680 Eclogarum

665 1728 938 1780 sacrarum
990 1726 1112 1782 cap.
1140 1710 1274 1779 Περὶ
1314 1708 1420 1762 τῶν
1450 1706 1793 1777 προσκαίρων
1822 1703 1915 1756 καὶ
1958 1700 2063 1753 τῶν
2091 1701 2213 1753 αἰω-

662 1804 790 1856 νίων
818 1801 1057 1870 ἀγαθῶν,
1115 1801 1208 1853 καὶ
1261 1800 1340 1851 ὅτι
1386 1795 1490 1868 χρὴ
1518 1795 1625 1847 τῶν
1653 1792 1932 1865 παρόντων
1982 1787 2050 1841 τὰ
2094 1785 2219 1858 μιλ-

663 1894 821 1949 λοντα
852 1881 1149 1964 προτίμᾷν,
1188 1889 1331 1969 quod
1376 1885 1665 1957 respondet
1705 1882 1869 1953 capiti
1906 1878 1976 1934 20
2016 1876 2141 1947 libri
2178 1891 2218 1933 ll

665 1983 1057 2040 Paullelorsm
1082 1982 1371 2039 editorum.

2245 1764 2289 1819 Β
2318 1748 2573 1838 περιϐολὴ
2591 1766 2817 1833 γίνεται.

2334 526 2433 597 τῆς
2450 524 2581 597 πρὸς
2604 521 2920 594 Κορινθίους
2938 520 2999 589 β’.
3170 520 3223 572 la
3254 517 3319 571 11
3382 516 3450 571 ad
3483 516 3810 571 Corinthios.

2364 639 2421 693 '0
2448 638 2554 691 τῶν
2575 635 2849 707 παρόντων
2866 631 3055 702 αίσθη-
3196 616 3301 695 Qui
3337 646 3417 684 res
3451 628 3720 696 prementis
3750 628 3876 681 vitae

2300 732 2448 797 τικδς
2492 730 2730 801 συνίησιν
2758 730 2833 793 ὼς
2858 726 2980 782 οὔτε
3019 726 3055 780 s
3126 721 3391 789 agnoscit,
3426 719 3666 788 intelligit
3710 732 3878 786 neque

2306 818 2765 892 λογίζονταίτινες
2780 812 3055 884 srvatum-
3122 829 3187 867 ea
3214 829 3330 883 qua:
3363 812 3600 867 nonnulli
3634 808 3880 880 jucunda

2304 918 2440 982 πνὰ,
2512 916 2634 981 ξένα
2688 916 2781 971 καὶ
2839 911 3053 987 μακράν
3125 914 3401 976 reputant,
3429 905 3603 957 aliena
3636 916 3746 956 esse
3784 908 3879 954 aut

2304 1010 2417 1061 ἔστι
2455 1004 2855 1075 τῶν.ἀπεχθῶν.
2900 1002 3068 1081 Ἀλλὰ,
3122 1000 3304 1069 procul
3331 998 3519 1051 dissita
3555 996 3619 1049 ab
3647 997 3714 1049 iis
3756 1007 3883 1063 qua

2304 1099 2397 1151 καὶ
2478 1094 2706 1158 πλοῦτος
2797 1092 3055 1155 πολλάκις
3128 1094 3247 1149 odio
3274 1093 3549 1147 habentur.
3573 1089 3885 1157 Quinetiam

2309 1190 2505 1263 μᾶλλον
2534 1187 3057 1262 πενίαςνέθλιψεᾳαὶ
3128 1184 3322 1238 divitia:
3360 1196 3711 1251 saepenumero
3754 1195 3881 1233 ma-

2307 1287 2459 1355 ὐγεία
2479 1286 2636 1341 πλέον
2662 1285 2849 1355 ἠνίασε
2874 1283 3053 1339 νόσου.
3128 1282 3406 1351 gis‘quam
3444 1286 3724 1347 paupertas
3794 1276 3885 1330 la:-

2306 1385 2416 1438 Kal.
2433 1383 2776 1437 ωθόλουτῶν
2803 1376 3057 1451 λυπηρῶν
3128 1386 3338 1439 serunt,
3394 1384 3442 1428 et
3493 1373 3697 1425 sanitas
3756 1370 3883 1439 plus

2308 1482 2401 1535 καὶ
2424 1464 2664 1550 φευκτῶν
2695 1478 2909 1546 πάντων
2937 1478 3061 1531 ὑπό-
3130 1471 3308 1525 morbo
3331 1470 3536 1540 afﬂixit.
3556 1467 3622 1521 In
3647 1482 3882 1533 summa,

2308 1577 2455 1641 θεσις
2483 1578 2576 1631 καί
2601 1576 2732 1646 ὕλη,
2761 1578 2795 1647 ἡ
2830 1573 2937 1628 τῶν
2971 1574 3061 1628 ἀσ.
3131 1574 3400 1635 gratarum
3424 1577 3599 1615 rerum
3633 1576 3695 1613 ac
3728 1568 3895 1639 opta-g

2311 1671 2532 1726 παστῶν
2588 1672 2682 1725 καὶ
2742 1670 2855 1739 μετ’
2896 1666 3061 1737 εὐχὴν
3132 1665 3307 1709 tarum
3335 1654 3595 1724 aﬂiuentia
3626 1651 3801 1706 evadit
3831 1651 3887 1703 iis

3133 1767 3347 1805 causam
3368 1759 3415 1804 et
3446 1749 3721 1803 materiam
3769 1762 3888 1799 ont—

3137 1844 3280 1896 nium
3318 1842 3548 1895 tristium
3590 1848 3741 1909 atque
3787 1836 3887 1891 de-

3141 1946 3442 1992 testularum
3453 1972 3469 1988 ο

668 2129 3866 2189 __________________.___.______.______————-————

944 2588 1156 2714 EX
1250 2562 1976 2709 EDITIONE
2056 2571 2523 2721 PETRI
2618 2562 3602 2699 COUSTANTII.

1651 2825 1798 2898 (ιρρ.
1824 2827 1961 2878 nom.
1983 2825 2127 2876 Poet.
2153 2828 2191 2874 ι
2221 2822 2260 2885 ι,
2284 2818 2439 2872 Paris.
2469 2820 2605 2883 mi,
2643 2814 2831 2886 ιιι-τοι.)

1225 3152 1842 3249 ΕΡῐδΤοιιΕ
1899 3125 2024 3240 ἐ.
2100 3145 2225 3240 CL

2328 3144 2770 3255 MENTIS
2849 3147 2885 3234 Ι
2960 3142 3320 3233 ΡΑΡΛΕ.

1765 3360 2037 3439 Quando
2069 3366 2133 3423 et
2162 3375 2356 3436 quam
2385 3358 2501 3421 diu
2533 3356 2789 3421 sederit.

750 3689 804 3745 Ι.
828 3686 1079 3745 Clemens
1115 3688 1356 3738 veterum
1375 3674 1680 3733 testimonio
1703 3682 1762 3728 ut
1786 3670 2149 3742 apostolorum
2177 3682 2242 3722 ae-
2268 3669 2313 3731 ρ
2345 3666 2400 3719 in
2427 3662 2744 3719 Corbeicnsi
2776 3668 2957 3718 autem
2984 3661 3144 3718 annis
3176 3679 3225 3717 ix
3249 3704 3264 3731 ,
3309 3662 3593 3719 mensibus
3638 3680 3669 3717 x
3690 3704 3705 3729 ,
3752 3665 3842 3723 die
3877 3679 3898 3720 τ

678 3779 859 3852 qualis
901 3775 1224 3832 celebratur.
1250 3769 1611 3837 Quamobrem
1654 3780 1764 3819 non
1811 3765 1949 3818 alius
1990 3761 2229 3817 creditur

681 3877 857 3937 abeo,
883 3874 1040 3941 cujus
1070 3868 1271 3924 Paulus
1300 3864 1496 3933 Philip.
1547 3877 1601 3915 iv
1620 3901 1635 3926 ,
1666 3860 1701 3916 3
1721 3900 1736 3924 ,
1780 3858 2046 3916 meminit.
2081 3855 2233 3909 Licet

682 3969 829 4023 hunc
881 3964 957 4019 uti
981 3958 1093 4032 jam
1121 3955 1558 4029 praemonuimus.
1584 3966 1613 4005 a
1634 3950 1796 4006 Petro
1816 3950 2125 4018 epis'cOpum
2150 3960 2235 3998 ora

683 4058 926 4112 dinatum
950 4048 1315 4126 Tertullianus
1344 4043 1458 4097 Lib.
1487 4043 1549 4096 de
1581 4040 1897 4111 prwscript.,
1921 4052 1973 4093 c.
2004 4036 2093 4099 32,
2121 4042 2234 4087 tra-

648 4140 651 4144 ⁴
684 4147 797 4209 dat,
823 4153 985 4213 atque
1007 4155 1127 4195 aevo
1153 4136 1503 4206 Hieronymi,
1544 4133 1663 4203 ipso
1702 4128 2029 4200 Hieronymo
2062 4133 2198 4181 teste
2218 4166 2233 4191 ,

684 4237 910 4305 plerique
937 4231 1243 4286 Latinorum
1262 4224 1540 4281 secundum
1566 4232 1681 4291 post
1704 4220 1917 4275 Petrum
1944 4219 2235 4287 apostolum

686 4333 929 4395 putarent
960 4320 1154 4390 fuisse;
1191 4316 1330 4372 idem
1372 4322 1553 4368 tamen
1582 4311 1945 4379 liieronymus
1966 4351 1980 4374 ,
2027 4321 2235 4361 necnon

688 4413 1047 4485 Epiphanius,
1076 4406 1407 4477 Augustinus
1428 4444 1442 4469 ,
1467 4400 1693 4472 Optatus
1713 4441 1729 4465 ,
1766 4399 2029 4455 Eusebius
2050 4437 2065 4461 ,
2101 4397 2241 4451 scri-

688 4515 813 4578 ptor
863 4499 1132 4573 poematis
1186 4496 1445 4551 adversus
1508 4492 1856 4554 Marcioncm,
1903 4489 2240 4545 Tertulliano

690 4598 818 4653 olim
872 4586 1425 4657 tributi,etlrenaeus,
1464 4585 1605 4639 sicut
1648 4591 1702 4637 et
1738 4586 1945 4638 veteres
1970 4578 2241 4635 Romano-

691 4703 810 4742 rum
838 4682 1149 4756 pontiiicum
1180 4676 1432 4748 catalogi,
1451 4676 1754 4745 proximum
1781 4671 1928 4727 Petri
1955 4686 2242 4726 successo-

690 4794 805 4835 rem
826 4792 934 4831 non
967 4773 1295 4830 Clementem
1316 4809 1332 4834 ,
1367 4768 1460 4823 sed
1489 4765 1681 4821 Linum
1710 4766 2016 4835 designant.
2050 4762 2125 4817 Ita
2155 4763 2246 4817 ille

694 4869 917 4940 intelligi
949 4874 1125 4937 potest
1152 4882 1184 4919 a
1210 4863 1372 4917 Petro
1396 4859 1680 4916 ordinatus
1707 4858 1992 4927 episcopus
2034 4856 2101 4910 ad
2130 4858 2246 4927 ep'r-

2334 3756 2642 3811 obtinuisse
2664 3761 3019 3811 memoratur.
3058 3753 3210 3819 Eum,
3237 3769 3381 3809 anno
3410 3752 3630 3824 Trajani
3662 3755 3902 3825 impera-

2333 3849 2472 3904 toris
2506 3847 2689 3912 tertio,
2721 3847 2826 3901 hoc
2866 3853 2951 3902 est
2985 3844 3190 3900 Christi
3231 3846 3530 3901 centesimo
3557 3886 3571 3910 ,
3603 3827 3727 3901 cum
3764 3857 3900 3901 totos

2334 3958 2514 3996 novem
2552 3955 2714 3994 annos
2736 3937 3165 4008 medicationem
3187 3938 3326 3991 uerbi
3353 3938 3515 3991 divini
3540 3950 3899 4006 procurasset,

2334 4048 2367 4087 e
2395 4031 2505 4086 vita
2545 4030 2747 4086 abiisse
2776 4028 3043 4084 Eusebius
3086 4028 3180 4084 lib.
3229 4044 3290 4081 Ill
3332 4027 3499 4093 Hist.,
3529 4045 3579 4085 c.
3632 4029 3735 4094 34,
3760 4030 3902 4083 serie

2340 4124 2440 4179 bit.
2477 4122 2614 4177 Hinc
2637 4121 2795 4176 valde
2824 4120 3085 4176 sublesta:
3114 4129 3197 4176 est
3232 4118 3375 4188 ﬁdei,
3406 4119 3548 4189 quod
3573 4119 3725 4175 solus
3754 4117 3901 4175 Prae-

2338 4212 2643 4268 destinatus
2688 4226 2719 4264 a
2761 4210 3049 4266 Sirmondo
3088 4211 3338 4283 vulgatus
3390 4227 3511 4281 cap.
3545 4210 3647 4274 l2,
3679 4221 3901 4279 narrat,

2337 4304 2622 4375 quemdam
2658 4300 2911 4356 videlicet
2942 4299 3202 4365 Marcum,
3234 4302 3325 4371 qui
3354 4302 3537 4355 carnis
3557 4301 3789 4371 negabat
3814 4316 3904 4358 re-

2342 4396 2761 4457 surrectionem,
2793 4393 3023 4467 ideoque
3055 4393 3333 4448 Christum
3362 4407 3468 4450 non
3500 4408 3625 4449 vere
3654 4408 3901 4463 passum,

2342 4487 2436 4543 sed
2467 4488 2729 4558 putative,
2762 4486 3061 4540 conabatur
3098 4493 3345 4540 astruere
3368 4524 3383 4551 ,
3416 4498 3446 4537 a
3484 4481 3766 4539 Clemente
3794 4481 3907 4538 Ro-

2342 4597 2506 4637 mano
2532 4582 2791 4651 episeopo
2820 4587 2880 4633 ut
2910 4577 3235 4648 dignissimo
3272 4576 3479 4651 Christi
3512 4584 3751 4646 martyre
3782 4576 3904 4632 lixis

2343 4682 2396 4728 et
2418 4650 2645 4742 integris
2666 4671 3063 4725 assertionibus
3090 4650 3449 4732 confutatum,
3478 4674 3533 4721 et
3549 4681 3730 4722 coram
3750 4667 3907 4737 plebe

2345 4764 2399 4818 in
2424 4764 2657 4820 ecclesia
2686 4762 2957 4816 detectum
2977 4800 2992 4824 ,
3039 4768 3243 4814 aeterna
3271 4758 3616 4812 damnatione
3654 4757 3904 4827 punitum

2346 4856 2540 4911 fuisse.
2572 4854 2704 4909 Nam
2725 4862 2778 4909 et
2793 4852 3027 4907 lrenzeus
3050 4852 3146 4906 lib.
3168 4866 3208 4916 ι,
3232 4864 3282 4905 c.
3302 4849 3358 4919 9,
3377 4849 3523 4903 circa
3552 4838 3753 4902 annum
3779 4849 3904 4912 180,

694 4926 965 5031 scopalia,
1000 4973 1094 5013 seu
1132 4950 1433 5026 apestolica
1460 4950 1646 5005 munia
1688 4926 1936 5003 obeunda
1958 4988 1972 5012 ,
2007 4959 2081 5027 uti
2110 4926 2243 5002 nulli
2275 5012 2318 5031 ἢ
2350 4956 2442 5002 aut
2470 4946 2634 5002 etiam
2672 4944 2795 5008 190,
2838 4928 3004 4999 Marci
3040 4950 3344 4997 commenta
3382 4926 3707 5003 confuta'ns,
3737 4939 3807 4997 de
3840 4956 3908 5010 eo

695 5006 965 5031 --ντ--η,
1000 5006 1094 5013 -η
1135 5006 1281 5026 νιν-ν
1308 5006 1337 5007 η
1382 5006 1387 5007 κ
1961 5006 1970 5012 ,
2783 5006 2789 5008 ν

695 5060 809 5104 tum
837 5048 1079 5103 ecclesias
1105 5052 1252 5100 esset
1279 5042 1550 5113 alligatus,
1583 5038 1680 5097 sed
1719 5047 1841 5110 post
1867 5026 2094 5093 mortem
2123 5037 2243 5091 Lini
2275 5012 2320 5066 D
2350 5048 2409 5093 ut
2443 5040 2622 5093 adhuc
2665 5038 2959 5107 superstite
2997 5034 3267 5104 loquitur:
3296 5039 3349 5087 et
3382 5031 3651 5087 Eusebius
3681 5006 3865 5107 lib.grvl
3888 5074 3905 5098 ,

694 5148 748 5193 et
770 5138 907 5193 Cleti
937 5152 968 5192 a
996 5134 1257 5190 Romanis
1284 5134 1339 5187 in
1368 5132 1681 5201 episcopum
1712 5129 1991 5199 proprium
2023 5138 2245 5199 coepta-

695 5243 782 5287 tus
812 5230 994 5286 fuerit.
1022 5225 1305 5298 Epiphanii
1324 5240 1388 5280 ea
1412 5224 1479 5279 de
1497 5238 1556 5278 re
1582 5221 1951 5292 conjecturam
1973 5220 2245 5290 superius,

698 5322 789 5376 ubi
816 5321 883 5375 de
904 5318 1042 5373 Lino
1070 5316 1445 5383 disseruimus,
1462 5311 1648 5368 relatis
1670 5310 1844 5383 ipsius
1871 5306 2052 5366 verbis
2081 5323 2248 5379 expo-

696 5413 928 5467 suimus.

767 5502 822 5557 2.
854 5502 1009 5555 Anno
1026 5498 1229 5555 Christi
1257 5498 1347 5562 9|,
1376 5496 1626 5554 Clemens
1653 5494 1711 5549 in
1738 5492 1882 5548 Cleti
1912 5492 2091 5546 locum
2127 5488 2251 5543 suis

701 5592 873 5648 fectus
914 5590 1175 5646 creditur.
1226 5586 1524 5643 Romanam
1572 5582 1757 5644 sedem
1804 5583 1859 5639 in
1908 5580 2249 5637 Bucheriano

698 5682 916 5749 quidem
947 5680 1191 5754 catalogo
1213 5680 1372 5735 annis
1394 5695 1469 5744 ιι,
1508 5677 1790 5735 mensibus
1812 5690 1888 5742 xi,
1920 5671 2113 5729 diebus
2142 5684 2245 5739 xu,

2350 5145 2399 5186 c.
2457 5131 2552 5193 ll,
2595 5137 2882 5199 postquam
2926 5124 3277 5180 Valentinum
3329 5124 3575 5193 aliosque
3617 5122 3908 5180 haereticos

2350 5222 2559 5295 Hygino
2598 5219 2848 5289 pontifice
2879 5217 3106 5272 Romam
3133 5215 3352 5271 venisse
3372 5254 3387 5278 ,
3419 5222 3581 5283 atque
3611 5214 3679 5268 ad
3710 5214 3911 5270 Anice~

2354 5322 2466 5367 tum
2524 5307 3122 5382 usque-permansisse
3174 5305 3491 5369 enarravit,
3551 5304 3800 5375 adjungit
3856 5317 3915 5359 et

2355 5405 2498 5459 hunc
2530 5402 2768 5457 Marcum
2798 5400 2977 5456 eodem
3026 5408 3250 5468 tempore
3299 5396 3596 5453 exstitisse.
3637 5396 3793 5462 Quod
3827 5397 3912 5449 in-

2352 5494 2497 5548 dicio
2544 5502 2628 5548 est
2672 5492 2819 5547 hunc
2876 5490 3194 5550 hmr‘eticum
3262 5497 3391 5546 ante
3430 5474 3624 5559 Hygini
3662 5494 3911 5561 tempora

2353 5585 2521 5645 fuisse
2550 5586 2815 5657 ignotum.
