4046 6326
222 311 285 374 77
1446 290 1784 350 PROQ-MM
1824 285 2205 345 VARIORUM.
3377 273 3448 335 π

1089 473 1549 540 ΛΒΜΟΝΙἸΊΟ
1606 472 1687 532 1N
1744 462 2198 533 EPISTOLAM
2266 458 2607 525 PRIMAM.

290 627 333 687 ι.
354 627 555 701 Elapso
582 621 785 682 saeculo
806 615 1289 698 Cyrillus‘Lucaris
1306 612 1541 684 primum
1558 608 1790 663 Alexan—
1816 610 1862 668 Α
1890 602 2087 659 tentias
2130 602 2275 673 apud
2321 601 2657 657 Clementem
2700 580 2857 654 Alex.
2893 598 3000 655 lib.‘
3034 601 3124 663 tv,’
3152 606 3273 670 pag.
3309 596 3448 665 5t6,

221 719 436 783 drinus,
460 698 533 773 ac
574 713 766 771 deinde
808 698 1439 777 Constantinopolitanus
1479 698 1787 774 patriarcha

221 804 419 862 Carolo
458 804 503 869 ἰ,
535 802 833 874 Anglorum
855 797 989 870 regi,
1042 796 1311 866 insignem
1336 794 1481 849 don‘o
1510 786 1660 845 misit
1688 802 1784 842 co-

222 895 402 952 dicem
452 890 905 954 Alexandrinum;
952 885 1339 957 grandioribus
1372 881 1573 937 litteris
1620 891 1786 933 manu

223 984 699 1052 Theclae‘nobilis‘
736 976 1301 1050 teminm~Egyptim,
1365 975 1514 1030 circa
1580 972 1787 1030 Nicmni

228 1076 248 1131 l
272 1074 533 1140 concilii,
560 1083 621 1130 ut
649 1074 840 1137 fertur,
870 1082 1117 1141 tempora
1133 1066 1441 1129 exaratum,
1472 1064 1525 1119 in
1550 1079 1658 1132 quo
1687 1062 1790 1119 Ve-

226 1168 365 1226 teris
394 1176 449 1225 et
478 1166 613 1223 Novi
651 1161 983 1223 Testamenti
1004 1160 1177 1235 libris
1196 1158 1317 1215 dum
1351 1155 1649 1217 Clementis
1675 1155 1789 1226 epi-

227 1257 383 1315 stola
397 1256 780 1327 subjiciuntur.
798 1250 1001 1305 Harum
1020 1250 1197 1321 prima
1220 1246 1372 1302 valde
1401 1244 1630 1302 celebris
1647 1242 1788 1315 apud

227 1355 457 1404 veteres.
476 1326 598 1402 fuit.
628 1342 789 1404 lianc;
808 1326 1004 1413 quippe
1046 1337 1267 1395 laudant
1305 1336 1539 1411 Irenaeus
1573 1334 1667 1391 lib.
1701 1349 1786 1400 ιιι,

230 1451 283 1495 c.
310 1437 378 1506 ὃς
408 1426 467 1493 et
502 1433 644 1506 apud
678 1431 969 1490 Eusebium
1016 1430 1109 1490 lib.
1133 1441 1256 1493 v,c.
1284 1427 1339 1493 6,
1375 1426 1630 1483 Clemens
1665 1424 1790 1481 Ale-

231 1527 537 1597 xandrinus
566 1522 890 1582 Stromatsm
912 1520 1020 1577 lib.
1057 1534 1096 1588 ι,
1130 1535 1205 1584 tv,
1244 1530 1280 1573 ν
1306 1525 1358 1574 et
1407 1533 1495 1586 vt;
1527 1516 1788 1588 Origenes

234 1618 330 1674 lib.
366 1633 415 1675 -ιι
456 1613 850 1685 Deprincipiis,’
868 1626 988 1682 cap.
1021 1610 1076 1675 5,
1108 1618 1161 1666 et
1195 1609 1251 1664 in
1281 1606 1440 1663 Ioue.
1473 1621 1512 1670 ι.
1551 1606 1657 1672 29ς
1688 1604 1790 1661 lle-

232 1708 489 1780 gesippus
522 1706 660 1777 apud
692 1703 981 1760 Eusebium
1021 1701 1115 1757 lib.
1160 1715 1249 1765 tv,
1290 1714 1341 1755 c.
1382 1696 1787 1766 2%;Eusebius

234 1801 354 1870 ipse
373 1799 467 1854 lib.
498 1813 559 1853 ιιι
600 1796 743 1851 Hist.
787 1791 1005 1859 ποίης.
1036 1789 1134 1857 l6;
1166 1789 1400 1859 scriptor
1421 1786 1788 1858 quaestionum

232 1892 434 1951 lustini
466 1891 684 1948 nomine
700 1889 1065 1959 vulgatarum',
1086 1899 1138 1947 c.
1168 1882 1263 1950 74;
1291 1874 1626 1954 Epiphanius
1655 1881 1785 1936 hazr.

1886 694 2235 764 paucioribus
2264 690 2603 763 perstrictas,
2629 697 2683 745 et
2709 696 2900 744 contra
2921 704 3046 762 pag.
3076 689 3179 744 517
3206 688 3453 759 pluribus

1885 783 2179 853 explicatas
2199 780 2505 845 offendant,
2538 780 2823 850 epistolam
2850 778 2989 834 hanc
3015 794 3122 853 non
3153 780 3449 836 sinceram.

1887 871 1985 928 sed
2011 872 2133 928 aliis
2163 872 2298 927 locis
2343 879 2649 926 truncatum
2697 878 2750 925 et
2795 869 2918 924 aliis
2960 852 3341 940 interpolatum
3382 868 3455 926 ad

1887 976 1988 1018 nos
2018 963 2329 1033 pervenisse
2358 962 2727 1030 suspicentur.
2763 958 2867 1015 Sed
2896 958 3192 1016 Clementis
3220 960 3456 1018 Romani

1887 1050 2309 1105 Alexandrinum
2360 1048 2800 1118 interpolatorem
2848 1062 2973 1104 esse
3024 1065 3135 1104 nun
3183 1042 3453 1120 ambiget,

1888 1136 1982 1206 qui
2021 1137 2187 1192 verba
2220 1135 2406 1191 addita
2435 1136 2502 1190 ad
2532 1136 2840 1191 institutum
2875 1137 3048 1207 ipsius
3077 1137 3453 1204 Alexandrini,

1889 1244 1997 1300 quo
2020 1230 2086 1287 de
2113 1228 2283 1287 Guosi
2303 1240 2554 1287 .tractare
2582 1232 2688 1287 sibi
2726 1242 3105 1301 preposuerat,
3147 1248 3459 1291 accommo-

1890 1321 2015 1376 data
2042 1331 2164 1378 esse
2193 1321 2539 1394 compererit.
2579 1321 2682 1390 Qui
2724 1332 2904 1378 autem
2938 1324 3235 1382 Clementis
3279 1328 3455 1383 nostri

1891 1414 2189 1468 sententias
2230 1411 2521 1477 nonnullis,
2539 1413 2593 1468 in
2624 1414 2761 1471 locis
2804 1416 3134 1486 interpolare
3161 1418 3265 1473 sibi
3296 1420 3461 1477 licere

1889 1502 2241 1569 existimavit,
2275 1504 2329 1559 in
2361 1505 2483 1560 aliis
2510 1505 2700 1560 eadem
2745 1506 2968 1562 licentia
3000 1508 3065 1562 ad
3100 1523 3195 1564 eas
3234 1518 3461 1565 contra-

1891 1593 2098 1650 hendas
2124 1595 2205 1649 uti
2238 1596 2483 1665 potuisse
2522 1611 2630 1652 non
2658 1594 2978 1654 dubitatur.
2999 1598 3266 1657 Praeterea
3297 1601 3457 1660 Joan.

1889 1685 2135 1743 Clericus
2169 1685 2315 1741 Artis
2339 1688 2535 1761 critica
2576 1696 2717 1759 part.
2745 1703 2828 1755 ιιι,
2861 1697 2999 1749 sect.
3020 1691 3097 1755 '2,
3126 1708 3175 1749 c.
3201 1693 3254 1759 δ,
3284 1709 3340 1749 ιι.
3370 1689 3460 1755 l2.

1886 1775 2142 1846 observat
2157 1766 2544 1839 ,"ex‘duorum
2592 1778 2838 1834 locorum
2882 1782 3078 1851 capitis
3118 1782 3187 1836 46
3218 1784 3462 1854 epistolas

1892 1872 2094 1921 nostra
2137 1880 2261 1920 cum
2302 1866 2485 1922 Verbis
2525 1866 2823 1940 Clementis
2866 1869 3221 1927 Alexandrini
3252 1886 3461 1944 cogna-

230 1943 434 2061 ’
465 1943 759 2046 ξξξβξετ,
796 1943 907 2041 Ῡδο,
939 1992 995 2032 η,
1129 1991 1145 2042 ;
1171 1943 1557 2045 Ηίέι-οξιίωυε,
1590 1948 1798 2023 1.55.4,
1824 1946 1867 2002 Β
1897 1957 2043 2061 tione
2074 1943 2384 2059 nonnullos
2418 1960 2657 2061 moveri»,
2692 1968 2752 2015 ut
2796 1960 2910 2016 haec
2948 1962 3056 2017 duo
3098 1963 3219 2019 loca
3244 1943 3464 2023 exitie-

233 2046 333 2135 ,δέ
368 2076 585 2132 “tum.
639 2088 689 2129 ο,
736 2070 839 2136 εδ,
887 2066 987 2125 ιη),
1039 2082 1152 2132 ιιγ⁹
1184 2066 1240 2120 in
1274 2060 1449 2120 nam
1481 2057 1589 2125 ιιι,
1630 2061 1715 2128 ιδ,
1742 2066 1797 2118 ει
1895 2046 2162 2102 xandrino
2184 2048 2357 2103 ascita
2384 2048 2695 2119 opinentur.
2728 2049 2904 2121 Ipsius
2927 2054 3283 2111 Alexandrini
3301 2058 3467 2113 verba

231 2163 536 2221 Comment.
562 2165 615 2220 in
642 2161 836 2234 Ephes.
860 2172 978 2225 tv,t
1009 2173 1024 2224 ;
1061 2154 1292 2211 Photius
1318 2153 1438 2210 cod.
1473 2150 1798 2219 “56126,

1898 2136 2313 2234 ad_p_rm_dictum
2342 2147 2505 2231 caput
2533 2140 2603 2195 ιϐ
2629 2141 2927 2199 referemus
2956 2152 3010 2197 et
3034 2146 3425 2215 expendentes.

236 2262 298 2311 ω
350 2256 487 2310 alios
537 2228 768 2308 “eam.
819 2244 1046 2305 Etiamsi
1085 2252 1263 2301 autem
1310 2259 1341 2299 α
1374 2244 1649 2315 plerisque
1676 2240 1797 2297 Cie-
1969 2228 2056 2284 Ν.
2090 2229 2413 2284 Prteclaram
2440 2230 2593 2287 hanc
2620 2231 2907 2304 epistolam
2940 2236 3149 2305 primus
3190 2235 3465 2297 Patricius

238 2345 459 2425 mentis,
498 2359 529 2399 a
552 2342 825 2400 nonnullis
861 2342 1043 2395 tamen
1076 2337 1466 2399 Romanorum,
1492 2335 1620 2406 quia
1648 2333 1801 2389 vide-
1896 2318 2092 2425 “illius
2106 2315 2295 2425 ιᾶξίξλξ
2309 2334 2628 2375 εοηνεηδῐη
2679 2336 2743 2376 ac
2786 2322 2931 2379 notis
2961 2324 3289 2381 illustratam
3320 2326 3467 2383 Oxo.

240 2436 368 2493 licet
394 2423 582 2492 eorum
620 2430 840 2489 nemine
864 2447 893 2485 a
916 2429 1190 2485 Clemente
1220 2426 1534 2496 conscripta
1554 2432 1659 2489 est,
1684 2423 1801 2495 epi-

238 2528 379 2583 stola
426 2532 791 2596 nuncupatur.
841 2519 1171 2577 Nominatim
1223 2533 1357 2573 vero
1387 2516 1639 2572 Clemens
1681 2514 1802 2570 A161

237 2617 563 2683 xandrinus,
597 2616 691 2671 lib.
716 2613 967 2670 γείτοσι.
986 2614 1116 2683 pag.
1149 2609 1274 2673 εει,
1304 2608 1464 2663 verba
1492 2602 1703 2662 numeri
1729 2600 1799 2662 20

238 2708 319 2765 sic
343 2707 563 2763 laudat:
600 2704 755 2760 Ἀλλὰ
778 2703 973 2775 κὰνηῇ
995 2700 1139 2774 -πρὸς
1163 2698 1479 2771 Κορινθίους
1518 2698 1810 2769 Ῥωμαίων

232 2796 493 2867 Anatolii
522 2792 756 2857 ὠκεανὸς
796 2791 1096 2864 ἀπέραντος
1136 2787 1445 2860 ἀνθρώποις
1471 2786 1800 2859 γέγραπται,

240 2886 334 2940 καὶ
363 2885 415 2939 oi
452 2885 564 2955 μετ’
596 2882 754 2937 αὑτὸν
784 2881 995 2951 κόσμοι.
1028 2877 1168 2945 Quin
1183 2878 1341 2931 etiam
1362 2878 1418 2931 in
1443 2876 1671 2947 epistola
1694 2875 1804 2933 Ro-

240 2980 517 3031 manorum
544 2972 612 3027 ad
640 2960 936 3028 Corinthios
966 2969 1219 3038 scriptum
1240 2976 1318 3023 est
1346 2982 1365 3020 :
1398 2965 1660 3035 Oceanus,
1687 2978 1795 3024 etc.

310 3064 376 3120 II.
401 3063 695 3135 Epistolam
739 3063 885 3117 illam
917 3058 1288 3131 publice‘olim
1317 3058 1566 3130 plurimis
1603 3059 1660 3114 in
1704 3072 1797 3115 ee-

240 3157 424 3214 ciesiis
464 3157 656 3211 lectam
705 3152 872 3209 fuisse
914 3150 1180 3221 Eusebius
1221 3148 1364 3206 Hist.
1413 3150 1541 3205 ccci.
1579 3149 1679 3205 lib.
1708 3163 1795 3214 ιιι,

1900 2410 1975 2465 nil
2008 2422 2154 2464 anno
2181 2408 2321 2464 1653
2348 2408 2540 2469 edidit.
2578 2409 2835 2466 Eamdem
2876 2428 3001 2468 cum
3040 2414 3242 2485 insigni
3272 2415 3477 2485 praefae

1902 2499 2048 2554 tione
2068 2502 2211 2554 anno
2239 2498 2377 2557 1654
2427 2498 2779 2569 Helmestadii
2811 2503 2996 2559 recudi
3024 2506 3237 2560 curavit
3256 2504 3472 2564 Joachi-

1900 2604 2022 2645 mus
2058 2588 2296 2646 Joannes
2340 2588 2611 2647 Maderus.
2666 2592 2913 2649 Hittoet
2956 2600 3119 2666 quam
3172 2596 3469 2655 Bartonius

1900 2696 2044 2736 anno
2085 2681 2253 2747 £647,
2286 2696 2350 2737 ac
2379 2672 2627 2739 subinde
2670 2682 3001 2742 Godel'ridus
3039 2686 3376 2745 Vendelinus
3414 2700 3473 2747 et

1898 2771 2136 2829 Joannes
2161 2773 2294 2830 Fell.
2312 2774 2640 2831 Oxoniensis
2668 2777 2897 2833 antistes
2918 2778 3119 2849 aliique
3148 2778 3381 2839 subinde
3412 2783 3468 2836 in

1900 2878 2019 2919 eam
2042 2872 2313 2920 navarunt
2339 2880 2581 2936 operam.
2620 2863 2975 2931 Postmodum
3005 2875 3058 2923 et
3094 2868 3469 2925 Joannes-Ba-

1900 2942 2065 3026 ptista
2094 2952 2397 3011 Cotelerius
2435 2968 2579 3011 anno
2609 2952 2928 3009 l672illam
2973 2970 3111 3010 nova
3141 2956 3472 3027 interpreta-

1884 3046 2053 3105 tione
2082 3048 2351 3120 novisque
2386 3048 2533 3104 notis
2576 3046 2894 3103 adornatam
2935 3045 3165 3104 Parisiis
3198 3048 3254 3103 in
3292 3048 3472 3106 lucem

1901 3137 2103 3195 emisit.
2131 3136 2265 3193 Eam
2287 3137 2506 3194 demum
2537 3136 2816 3193 recensuit
2856 3132 2921 3192 ac
2960 3145 3211 3193 notarum
3236 3138 3473 3211 spicile-

240 3264 291 3305 c.
316 3248 418 3315 t6,
449 3247 638 3313 tradit,
668 3253 721 3303 et
758 3242 1091 3315 Epiphanius
1126 3243 1256 3319 hair.
1294 3243 1383 3310 50,
1416 3259 1468 3299 ιι.
1494 3243 1585 3310 l5,
1638 3250 1800 3313 atque
1822 3266 1870 3328 ε
1901 3227 2046 3328 Sil"?
2076 3228 2293 3328 θίξηεεξξ
2331 3226 2946 3328 ,Ρθιιιυεξςιξιωθεὶξιξν
2979 3226 3152 3328 cuius.
3171 3229 3473 3328 novissima

241 3338 604 3411 Hieronymus
649 3337 746 3393 lib.
780 3334 857 3391 De
902 3335 1029 3391 viris
1060 3332 1276 3389 rillustr.
1314 3333 1654 3390 conﬁrmant.
1684 3333 1799 3390 Hoc

239 3440 389 3489 certe
408 3427 655 3487 Corinthi
685 3443 749 3484 ex
781 3428 959 3499 prisca
1002 3425 1393 3481 consuetudine
1437 3427 1632 3482 factum
1679 3442 1802 3485 esse

239 3522 534 3596 Dionysius
578 3518 976 3577 Alexandrinus
1023 3515 1167 3589 apud
1216 3516 1511 3574 Eusebium
1568 3517 1665 3573 lib.
1720 3534 1795 3583 ιν,

238 3631 292 3673 c.
323 3615 429 3689 ιδ,
458 3612 929 3685 locupletissimus
961 3613 1116 3667 testis
1143 3616 1245 3667 est.
1280 3608 1360 3664 Ex
1385 3624 1449 3664 eo
1468 3609 1631 3665 etiam
1655 3608 1797 3675 loco,

238 3721 403 3780 quem
437 3707 494 3761 in
537 3704 755 3761 laudato
789 3694 974 3759 codice
1008 3700 1375 3759 Alexandrino
1410 3693 1637 3765 obtinet,
1668 3716 1803 3756 cons

234 3797 444 3870 jectare
463 3803 546 3851 est
566 3796 615 3851 ei
646 3810 677 3850 a
694 3793 968 3849 nonnullis
992 3794 1076 3865 vel
1094 3804 1275 3864 parem
1300 3791 1471 3849 sacris
1494 3792 1649 3847 libris
1667 3833 1683 3860 ,
1715 3794 1800 3849 vel

176 3912 179 3913 ν
237 3887 545 3964 proximam
586 3891 708 3956 post
753 3884 877 3941 illos
917 3884 1177 3940 tributam
1217 3899 1338 3942 esse
1388 3882 1793 3939 auctoritatem.

237 3979 343 4036 Cui
365 3977 709 4049 conjecturae
739 3974 884 4033 t‘avet
910 3975 1135 4031 ultimus
1175 3973 1560 4046 Apostolorum
1600 3989 1798 4040 canon,

237 4069 297 4125 in
326 4080 436 4141 quo
460 4068 617 4133 inter
635 4064 771 4121 Novi
793 4062 1131 4121 .Testamenti
1159 4063 1327 4119 libros
1356 4062 1475 4118 duae
1503 4061 1800 4119 Clementis

235 4158 489 4233 epistolae
530 4164 902 4215 recensentur.
936 4154 1003 4211 Et
1031 4156 1283 4212 Clemens
1324 4155 1541 4225 quidem
1573 4153 1803 4208 Alexan-

236 4254 435 4309 drinus
462 4250 556 4307 lib.
590 4266 641 4305 Iv
672 4248 897 4315 δίγονα..
927 4248 1069 4304 dum.
1100 4247 1242 4302 hanc
1265 4251 1327 4301 ut
1349 4244 1642 4300 Clementis
1672 4259 1803 4315 apo-

238 4340 368 4398 stoli
412 4339 616 4403 laudat,
642 4338 784 4394 inter
814 4336 1140 4408 apostolicas
1171 4333 1485 4405 Scripturas
1512 4334 1723 4389 videtur
1750 4334 1799 4389 ei

235 4414 422 4486 locum
442 4427 592 4483 dare.
624 4424 738 4481 imo
763 4418 878 4481 non'
896 4425 1001 4480 alia
1027 4423 1094 4479 de
1113 4437 1277 4480 causa
1307 4421 1574 4479 Eusebius
1602 4422 1694 4477 lib.
1727 4437 1799 4488 vt,

236 4535 289 4575 c.
327 4519 416 4581 l3,
447 4516 781 4587 Clementem
819 4511 1244 4569 Alexandrinum
1289 4509 1693 4581 Seripturarum
1732 4508 1802 4564 ab

1901 3318 2066 3375 editio
2104 3318 2347 3375 Londini
2376 3333 2521 3373 anno
2548 3317 2687 3372 {694
2728 3318 2954 3389 prodiit.
2999 3316 3261 3374 Cotelerii
3302 3318 3476 3375 inter-

1900 3412 2278 3485 pretationem,
2310 3418 2371 3464 ut
2392 3410 2583 3466 litterae
2606 3409 2954 3473 tenaciorem,
2986 3409 3169 3466 verbis
3192 3411 3472 3469 nonnullis

1904 3504 2198 3561 identidem
2224 3502 2468 3566 mutatis,
2502 3500 2846 3557 retinendam
2877 3500 3030 3557 duxi.

1979 3595 2041 3653 ν.
2074 3595 2150 3651 De
2179 3603 2418 3665 tempore
2433 3608 2539 3665 quo
2561 3593 2762 3663 scripta
2782 3599 2886 3657 est,
2912 3594 3151 3650 nondum
3180 3595 3324 3652 inter
3340 3611 3471 3654 eru-

1901 3689 2046 3747 ditos
2078 3687 2354 3745 convenit.
2390 3684 2470 3741 Ac
2499 3685 2628 3739 licet
2670 3684 2845 3755 prima
2876 3685 3026 3742 illius
3054 3686 3219 3741 verba
3248 3687 3315 3743 de
3346 3704 3473 3760 per-

1901 3778 2182 3837 secutione
2219 3775 2363 3833 dicta
2393 3790 2514 3831 esse
2552 3775 2797 3847 plerique
2848 3790 3038 3831 omnes
3083 3779 3477 3846 consentiant,

1899 3885 1962 3925 ca
1986 3876 2169 3924 tamen
2194 3866 2284 3922 alii
2314 3866 2381 3920 de
2401 3862 2652 3928 Neronis,
2681 3862 2772 3915 alii
2797 3861 2861 3917 de
2890 3860 3181 3917 Domitiani
3211 3879 3473 3934 persecu-

1901 3961 2051 4018 tione
2099 3959 2548 4028 interpretantur.
2590 3954 2657 4009 Et
2686 3953 2835 4009 hanc
2866 3954 3086 4023 quidem
3125 3955 3218 4009 alii
3254 3954 3471 4011 ferven-

1898 4060 2045 4116 tem,
2078 4050 2171 4105 alii
2197 4045 2541 4111 desinenlem
2586 4045 2921 4116 intelligunt.
2966 4044 3104 4099 Hinc
3138 4046 3285 4100 circa
3332 4052 3470 4101 tem-

1901 4157 2024 4213 pus.
2050 4156 2159 4213 quo
2186 4140 2414 4211 epistola
2435 4139 2564 4193 -ista
2605 4136 2807 4207 scripta
2847 4144 2965 4200 est,
3005 4136 3203 4206 triplex
3234 4136 3471 4194 maxime

1900 4230 2084 4287 existit
2128 4227 2314 4298 opinio
2353 4245 2366 4283 :
2403 4225 2577 4297 prima
2605 4222 2834 4279 Joannis
2863 4221 3076 4281 Ernesti
3118 4219 3339 4285 Grabii,
3369 4223 3467 4294 qui

1904 4322 2154 4392 Spiciteg.
2178 4319 2331 4375 Patr.
2351 4327 2392 4373 t.
2423 4318 2547 4388 l,.p.
2570 4315 2677 4373 264
2711 4322 2765 4371 et
2792 4314 2919 4379 Q55,
2950 4328 3070 4369 eam
3096 4311 3327 4369 Neronis
3354 4330 3470 4385 per-

1901 4412 2183 4468 secutione
2213 4406 2515 4471 desinente,
2548 4406 2795 4478 proxime
2819 4412 2944 4477 post
2973 4406 3343 4476 apostolorum
3367 4402 3485 4460 Pe;

1899 4504 1969 4557 tri
1990 4510 2043 4556 et
2074 4499 2229 4555 Pauli
2256 4500 2599 4571 martyrium,
2630 4496 2736 4551 hoc
2760 4504 3018 4553 est'anno
3047 4494 3249 4550 Christi
3289 4495 3362 4551 68
3383 4496 3474 4551 vel

235 4610 365 4666 aliis
395 4584 821 4679 repudiatarum,
848 4603 1271 4673 nominatimque
1293 4602 1641 4674 epistularum
1672 4600 1805 4654 Bar-
1833 4617 1878 4673 υ
1905 4592 2070 4647 etiam
2098 4591 2166 4646 65
2192 4596 2425 4646 exeunte
2467 4588 2726 4679 scriptam
2755 4638 2763 4658 ,
2775 4602 2899 4643 esse
2940 4584 3255 4651 contendit;
3298 4586 3470 4639 altera

235 4702 418 4765 nabc,
449 4697 743 4773 Clementis
772 4702 825 4752 et
846 4693 997 4761 luds:
1026 4693 1359 4749 testimoniis
1390 4693 1470 4746 uti
1502 4699 1671 4754 notat,
1703 4692 1809 4747 nisi

234 4795 371 4865 quia
403 4804 504 4862 pro
528 4803 685 4844 sacra
716 4785 998 4857 Scriptura
1025 4785 1167 4839 hanc
1196 4782 1491 4839 Clementis
1522 4781 1806 4852 epistolam

235 4886 494 4943 habebat.
526 4880 604 4936 Eo
627 4890 786 4952 pacto
830 4876 1117 4957 quamdam
1149 4890 1339 4946 pugnae
1381 4875 1617 4944 speciem
1638 4914 1652 4937 ,
1688 4889 1809 4944 quas

234 4977 298 5033 in
324 4970 544 5028 Eusebii
577 4969 817 5025 Historia
843 4966 1102 5028 occurrit,
1127 4964 1254 5020 dum
1276 4962 1573 5020 Clementis
1602 4964 1807 5033 episto-

234 5064 351 5121 lam
380 5062 501 5117 loco
525 5074 646 5114 mox
678 5054 892 5112 laudato
916 5055 982 5110 ab
999 5054 1120 5110 aliis
1142 5052 1503 5123 repudiatam,
1525 5058 1580 5107 et
1604 5051 1699 5106 lib.
1720 5066 1804 5116 ιιι,
1882 5114 1883 5117 η

236 5170 367 5225 cap.
400 5153 466 5209 l6
494 5159 547 5208 et
570 5150 659 5215 58,
705 5149 773 5203 ab
814 5146 1067 5202 omnibus
1097 5158 1207 5199 uno
1233 5158 1503 5199 consensu
1530 5151 1799 5213 receptam

234 5230 456 5308 scribit,
486 5240 737 5312 componi
758 5252 921 5309 posse
952 5236 1267 5301 Cotelerlus
1284 5234 1557 5290 observat.
1598 5233 1801 5299 Quam.

234 5336 327 5392 vis
360 5334 503 5391 enim
532 5332 602 5388 ab
629 5329 882 5386 omnibus
910 5328 1049 5383 inter
1072 5325 1503 5389 ecclesiasticas,
1532 5339 1641 5379 non
1673 5324 1800 5378 item

235 5429 315 5484 ab
333 5425 585 5483 omnibus
604 5423 746 5479 inter
774 5434 960 5476 sacras
984 5416 1300 5491 Scripturas
1322 5424 1406 5472 est
1436 5422 1672 5485 recepta,
1707 5411 1801 5469 sed

236 5537 270 5576 a
305 5519 579 5591 plerisque
612 5530 644 5573 c
678 5514 988 5571 divinorum
1038 5511 1303 5567 librorum
1350 5520 1560 5564 canone
1602 5506 1801 5569 reiecta

240 5612 364 5668 iuit.

312 5700 399 5758 ill.
436 5697 554 5753 Non
584 5695 819 5761 desunt,
848 5693 938 5766 qui
967 5708 1089 5749 cum
1133 5689 1430 5749 Clementis
1465 5686 1633 5744 nostri
1682 5701 1803 5764 sen-

1907 4679 2183 4739 Godel‘ridi
2212 4674 2774 4735 Vendelini'eamdem
2803 4688 2949 4729 anno
2990 4674 3195 4733 Christi
3235 4673 3325 4738 95,
3361 4673 3471 4731 i'er.

1901 4780 2064 4828 vente
2100 4768 2394 4827 Domitiani
2435 4765 2816 4837 persecutione
2855 4764 3151 4836 illigantis;
3196 4773 3471 4835 postrema

1900 4858 2334 4928 Coteleriiatque
2349 4854 2703 4919 Tillemontii,
2727 4854 2819 4927 qui
2839 4853 2986 4911 illam
3014 4855 3293 4910 desinente
3319 4854 3469 4924 ejus-

1898 4952 2020 5008 dem
2050 4950 2395 5023 imperatoris
2426 4947 2827 5020 persecutione,
2860 4946 3007 5000 circa
3032 4957 3244 5013 annum
3264 4946 3469 5002 Christi

1906 5044 1975 5100 97
2024 5043 2282 5113 scriptam
2313 5038 2666 5095 arbitrantur.
2710 5036 2969 5112 Quartam
3018 5038 3099 5095 vir
3125 5036 3471 5095 clarissimus

1904 5133 2165 5190 Claudius
2183 5129 2508 5201 Fleury,t.l
2547 5124 2690 5182 Hist.
2746 5126 2897 5190 eccl.,
2932 5143 3053 5197 pag.
3087 5126 3213 5192 248,
3246 5128 3471 5199 excogi-

1904 5224 2071 5285 tavit,
2117 5237 2239 5294 quin
2267 5222 2331 5279 ad
2372 5218 2557 5277 Grabii
2597 5218 2922 5276 sententiam
2966 5218 3191 5290 propius
3220 5220 3467 5277 accedat.

1904 5314 2107 5385 Nempe
2135 5314 2203 5370 ad
2233 5311 2288 5367 id
2313 5320 2548 5382 tempus,
2578 5310 2723 5384 quod
2747 5308 2975 5367 Neronis
3006 5310 3282 5366 interitum
3308 5324 3470 5368 exce-

1905 5407 2018 5479 pit,
2047 5415 2099 5462 et
2132 5403 2647 5476 Jerosolymitanum
2692 5402 2987 5457 antecessit
3032 5402 3334 5464 excidium,
3379 5417 3469 5457 re-

1906 5498 2037 5562 ferri
2060 5512 2222 5570 posse
2246 5496 2535 5567 opinatur;
2562 5504 2617 5551 et
2634 5492 3117 5571 casusadversos,
3150 5492 3205 5547 in
3224 5492 3470 5565 epistola

1907 5588 2179 5662 principio
2208 5576 2557 5649 memoratos,
2589 5582 2657 5639 de
2682 5584 2827 5639 bello
2856 5583 3033 5650 civili,
3063 5581 3213 5654 quod
3238 5581 3473 5641 Neronis

1910 5696 2056 5737 mors
2085 5674 2355 5745 excitavit;
2392 5678 2796 5746 interpretatur.
