4046 6326
560 332 629 390 79
1650 332 1739 384 AD
1780 332 1836 387 s.
1878 326 2299 387 CLEMENTEM
2340 336 2358 387 ι
2399 334 2626 390 psmn
3714 346 3781 401 so

630 446 1069 504 VL'Obscurum
1100 463 1213 503 non
1240 457 1345 513 est,
1372 448 1701 506 Clementem
1729 451 1800 506 ibi
1830 450 1899 506 de
1926 466 2124 505 aerum—
2154 448 2199 526 ᾼ
2229 464 2355 504 sens
2388 459 2603 521 tempus
2629 453 2915 508 enuntiare
2944 457 3186 529 narranti
3219 458 3361 513 licet.
3396 459 3534 524 Quid
3564 458 3707 514 enim
3728 459 3783 513 in

563 542 683 603 nis,
720 542 919 609 quibus
949 553 1218 610 oppressa
1262 550 1379 595 erat
1428 540 1672 596 Romana
1711 540 1954 596 Ecclesia
1998 556 2122 596 cum

548 631 965 687 Corinthiorum
996 632 1283 699 epistolam
1304 633 1529 702 accepit,
1557 633 1648 688 sed
1678 647 1707 685 a
1730 634 1926 702 quibus
1952 634 2125 702 respi-

561 725 716 777 rabat
746 737 882 775 cum
942 722 1086 774 hanc
1146 722 1466 790 rescripsit,
1522 720 1722 777 habere
1774 737 2121 788 sermonem,

561 812 801 881 adeoque
818 810 1106 865 fendelini
1140 812 1207 865 de
1229 812 1607 879 persecutione
1635 810 1876 866 fervente
1904 820 2123 866 senten-

545 904 688 955 tiam
736 903 955 957 minime
998 901 1333 970 probandam
1362 916 1505 955 esse.
1545 899 1729 971 Neque
1759 900 1937 956 minus
1972 910 2120 956 certo

544 1009 621 1046 ex
660 992 849 1047 eodem
872 992 1103 1045 exordio
1136 993 1445 1053 coniicitur,
1482 1006 1752 1046 aerumnas
1784 991 1903 1046 illas
1930 992 1995 1045 de
2015 991 2121 1047 Ne-

543 1083 1131 1153 .ronisu-persecutione
1178 1082 1527 1151 interpretari
1579 1095 1689 1135 non
1732 1081 1917 1136 licere.
1971 1079 2119 1135 Nihil

558 1176 702 1231 enim
732 1182 877 1240 erat,
921 1190 1021 1228 cur
1061 1175 1119 1228 in
1169 1162 1469 1228 litterarum
1525 1173 1776 1228 tarditate
1822 1171 2117 1229 Corinthiis

544 1266 869 1323 excusanda
902 1267 1005 1319 hoc
1038 1272 1349 1327 taceretur,
1378 1248 1595 1319 Petrum
1632 1264 1915 1328 videlicet,
1958 1264 2116 1332 cujus

541 1365 672 1413 erat
699 1358 945 1427 ipsorum
978 1354 1298 1409 satisfacere
1325 1354 1751 1423 quaestionibus,
1779 1355 1847 1408 iis
1876 1355 2114 1423 acceptis

555 1448 853 1511 detentum,
880 1462 1082 1502 caesum
1107 1453 1160 1499 et
1190 1461 1219 1499 e
1239 1445 1377 1500 vivis
1407 1444 1573 1500 fuisse
1595 1445 1886 1500 sublatum.
1911 1444 2115 1499 Deinde

556 1542 609 1595 in
626 1549 743 1594 toto
764 1538 1005 1610 epistolae
1028 1543 1285 1591 contextu
1314 1534 1445 1589 illud
1472 1535 1744 1602 inanitur,
1781 1550 1905 1590 eum
1932 1534 2111 1604 ipsum

554 1632 649 1701 qui
674 1646 819 1685 nunc
847 1629 1124 1693 reseribit,
1160 1627 1315 1697 prius
1337 1626 1747 1681 Corinthiorum
1783 1626 1983 1695 scripta
2020 1640 2113 1679 ac-

554 1720 1078 1791 cepisseé'Quocirca
1110 1719 1177 1771 ad
1212 1718 1446 1771 litteram
1475 1716 1808 1787 intelligendi
1840 1724 1967 1770 sunt
1993 1723 2107 1770 tum

2226 540 2329 594 hac
2356 543 2583 611 epistola
2620 543 2725 598 sibi
2769 545 2913 607 vult,
2947 546 3225 616 Sacriﬁcia
3256 566 3357 602 non
3385 551 3438 603 in
3464 552 3601 603 omni
3650 550 3781 617 loco,

2224 632 2315 684 sed
2342 631 2689 701 Jerosolymis
2722 642 2925 688 tantum
2977 637 3301 704 offeruntur,
3342 638 3449 693 nisi
3495 639 3662 703 illud,
3706 638 3783 697 Ex

2221 726 2539 795 praescripto
2568 726 2701 796 legis
2730 726 2994 781 sacriﬁcia
3020 726 3368 800 Jerosolymis
3406 738 3611 783 tantum
3655 731 3784 800 οπο·
3828 715 3838 723 ⁸

2222 820 2452 873 runtur?
2481 816 2637 882 Quod
2678 817 2896 888 quidem
2927 822 3303 889 praescriptum
3334 836 3455 874 cum
3486 824 3781 877 etiamnum

2220 904 2279 959 in
2311 907 2427 977 lege
2454 915 2703 973 maneat,
2741 910 2859 978 ipsa
2886 909 3183 965 Clementis
3219 909 3382 965 verba
3413 912 3578 965 etiam
3620 912 3781 968 nobis

2218 995 2409 1053 efferre
2452 1014 2563 1053 non
2616 999 2795 1070 inepte
2844 1014 2989 1054 nunc
3024 1000 3232 1055 liceret.
3278 1000 3479 1070 Nempe
3526 1000 3780 1058 Clemens

2216 1088 2620 1158 comparatione
2635 1104 2698 1142 ac
2726 1092 2875 1144 more
2903 1089 3232 1153 Judaeorum,
3259 1092 3455 1160 quibus
3481 1090 3781 1148 sacriﬁcio-

2215 1193 2335 1232 rum
2365 1179 2509 1247 leges
2541 1194 2570 1233 a
2607 1178 2790 1250 Moyse
2817 1181 3280 1250 prescribuntur,
3317 1181 3648 1237 Christianis
3673 1197 3777 1238 au-

2214 1277 2334 1323 ctor
2354 1258 2472 1337 est,
2507 1279 2562 1324 ut
2589 1278 2643 1325 et
2675 1270 2777 1340 ipsi
2820 1277 3084 1325 statutum
3128 1271 3197 1326 ab
3236 1272 3499 1342 apostolis
3544 1272 3777 1328 oblatio-

2213 1374 2341 1414 num
2368 1368 2422 1415 et
2448 1360 2747 1416 ofﬁciorum
2790 1362 3036 1428 ordinem
3068 1373 3376 1420 reverenter
3413 1355 3685 1434 accipiant-
3710 1380 3774 1420 ac

2211 1458 2447 1504 servent.
2476 1450 2591 1507 Hoc
2616 1458 2818 1516 autem,
2846 1460 2903 1506 ut
2930 1453 3045 1523 ipse
3074 1469 3128 1509 ν.
3158 1455 3226 1509 cl.
3259 1454 3450 1510 Claud.
3473 1453 3664 1526 Fleury
3692 1454 3775 1511 fa-

2210 1543 2379 1602 tetur,
2412 1540 2467 1593 in
2493 1540 2834 1610 exponendis
2863 1544 3364 1613 comparationibus
3395 1546 3679 1609 usuvenit,
3712 1553 3772 1599 ut

2209 1645 2296 1683 res
2322 1633 2610 1700 praeteritae
2649 1634 2873 1702 perinde
2914 1648 2977 1691 ac
3008 1634 3054 1690 si
3080 1644 3374 1706 praseates
3404 1636 3673 1706 adessent,
3702 1638 3773 1694 ob

2210 1723 2399 1776 oculos
2431 1732 2721 1792 ponantur.

556 1782 788 1868 frenante
937 1828 1020 1874 ιιι,
1049 1809 1179 1864 Adv.
1206 1808 1389 1863 luet-es.
1420 1823 1472 1863 c.
1498 1808 1550 1873 5,
1574 1817 1626 1861 et
1647 1782 1788 1877 apud
1817 1807 2109 1863 Eusebium
2139 1782 2187 1845 Β
2286 1782 2682 1869 ν111.’1λ“ι“ιιειι·α
2704 1815 2865 1871 etiam
2894 1815 3220 1871 Clementem
3250 1817 3493 1886 proxime
3525 1827 3645 1886 post
3672 1817 3769 1875 Pe-

560 1904 709 1957 Hist.
736 1902 877 1957 θέσει.
900 1942 914 1965 ,
948 1902 1042 1957 lib.
1074 1918 1135 1965 v,
1167 1914 1291 1969 cap.
1324 1900 1392 1965 6;
1432 1907 1544 1951 tum
1588 1897 1925 1969 Hegesippus
1968 1899 2112 1969 apud

530 1995 798 2049 «eumdem
840 1993 1134 2047 Eusebium
1168 1992 1262 2045 lib.
1302 2006 1390 2056 Iv,
1427 2006 1478 2043 c.
1512 1989 1612 2053 22,
1648 2003 1772 2043 cum
1811 1990 2112 2045 dissensio-

556 2096 717 2147 nem,‘-
731 2099 890 2154 quam
921 2085 1113 2139 sedare
1142 2096 1287 2137 nunc
1316 2090 1546 2136 conatur
1568 2080 1839 2145 Clemens,
1869 2097 1976 2135 non
2008 2080 2110 2136 sub

552 2174 733 2237 Petro,
760 2174 862 2229 sed
885 2175 985 2229 sub
1006 2173 1284 2228 Clemente
1311 2182 1483 2227 ortam
1519 2187 1640 2227 esse
1665 2179 1953 2226 testantur.
1973 2172 2111 2226 Prte-

552 2278 695 2321 terea
718 2281 845 2320 cum
870 2268 1009 2321 idem
1039 2264 1272 2321 lrenazus
1294 2305 1307 2327 ,
1343 2265 1762 2333 apostolicorum
1804 2274 2105 2335 temporum

550 2368 659 2412 tam
688 2358 913 2420 vicinus,
934 2358 1262 2412 Clementem
1290 2357 1448 2411 tertio
1477 2357 1594 2410 loco
1616 2357 1684 2410 ab
1708 2358 1966 2426 apostolis
1984 2364 2107 2425 post

549 2449 743 2503 Linum
768 2456 822 2503 ct
848 2447 1083 2509 Cletum,
1116 2462 1210 2501 seu
1236 2454 1296 2499 ut
1329 2455 1509 2510 vocat,
1538 2446 1851 2502 Anacletum
1871 2486 1887 2510 ,
1920 2445 2106 2504 Romae

549 2541 921 2611 episcopatum
946 2538 1201 2594 sortitum
1224 2553 1345 2621 esse
1374 2540 1609 2602 scribat,
1644 2541 1910 2609 reliquum
1940 2549 2021 2596 est
2047 2550 2105 2596 ut

546 2646 670 2688 eum
701 2632 946 2703 pluribus
972 2638 1093 2702 post
1117 2630 1549 2687 Neroncmannis
1571 2631 1829 2688 Romana:
1852 2632 2103 2691 Ecclesia:

548 2721 1067 2777 administrationem
1082 2723 1387 2792 suscepisse
1409 2724 1712 2779 crediderit.
1748 2725 1899 2780 Hunc
1922 2733 2101 2782 autem

544 2828 609 2871 ea
636 2813 695 2866 in
722 2828 781 2869 re
808 2813 1004 2867 falsum
1047 2829 1168 2870 esse
1198 2815 1322 2884 quis
1364 2816 1467 2870 sibi
1508 2816 1867 2886 persuadeat?
1912 2817 2099 2873 Eidem

545 2902 910 2973 suﬂ‘ragantur
946 2912 999 2959 et
1040 2906 1284 2976 plerique
1328 2905 1551 2971 Patres,
1597 2909 1688 2977 qui
1733 2907 2099 2964 Romanorum

543 2995 864 3051 Pontiﬁcum
894 2998 1087 3053 seriem
1116 3004 1333 3062 texunt,
1380 3008 1537 3070 atque
1580 3002 1683 3072 ipsi
1714 3012 1921 3058 veteres
1948 2984 2099 3058 cata-

540 3089 673 3158 logi,
702 3089 757 3143 in
780 3088 977 3158 quibus
1004 3087 1165 3143 Petro
1203 3089 1391 3155 Linus,
1424 3091 1560 3146 Lino
1590 3092 1792 3160 Cletus,
1826 3095 1951 3149 huic
1976 3096 2098 3150 Cle-

533 3194 696 3235 mens
741 3179 1079 3236 successisse
1124 3181 1340 3251 legitur.
1385 3181 1507 3253 ipsa
1552 3202 1765 3255 quoque
1806 3185 2097 3243 Clementis

530 3270 705 3325 verba
730 3285 879 3324 num.
906 3269 976 3324 44
1005 3271 1098 3340 qui
1126 3272 1464 3341 expenderit,
1495 3275 1584 3327 ubi
1628 3276 1846 3330 laudata
1882 3286 2097 3347 aposto-

541 3358 715 3412 lorum
763 3358 1105 3429 providentia
1150 3360 1335 3415 subdit
1364 3380 1377 3415 :
1405 3362 1507 3428 Qui
1554 3365 1714 3433 igitur
1753 3364 1970 3428 abillis,
2006 3375 2097 3419 aut

538 3448 782 3518 deinceps
827 3449 892 3503 ab
933 3451 1054 3504 aliis
1103 3452 1227 3505 uiris
1261 3451 1473 3507 eximiis
1516 3454 1783 3509 constituti
1812 3464 2001 3511 sunt...
2034 3473 2096 3509 ac

542 3541 695 3611 longo
740 3550 965 3610 tempore
1014 3542 1327 3611 praclarum
1367 3542 1432 3596 ab
1469 3544 1704 3599 omnibus
1745 3546 2094 3601 testimonium

540 3639 903 3701 reportarunt,
933 3632 1025 3686 hos
1057 3648 1323 3687 censemus
1352 3634 1513 3702 officio
1529 3635 1721 3703 injuste
1744 3634 1929 3704 dejici;
1955 3637 2091 3704 haec,

542 3724 783 3793 inquam,
814 3726 907 3795 qui
929 3725 1267 3794 expendet-it,
1301 3726 1348 3781 is
1389 3741 1709 3795 persuasum
1740 3728 1957 3783 habebit
1978 3728 2094 3799 epi-

540 3817 733 3870 stolam
766 3815 925 3870 istam
953 3823 1081 3872 tunc
1108 3818 1368 3888 temporis
1396 3819 1762 3888 conscriptam
1787 3835 1931 3883 esse,
1967 3835 2091 3875 eum

537 3909 608 3962 ab
652 3907 824 3963 ofﬁcio
870 3923 971 3963 suo
1002 3910 1194 3964 remoti
1230 3910 1461 3965 fuissent
1491 3911 1824 3982 presbyteri,
1866 3913 1959 3982 qui
1984 3928 2093 3967 non

538 3998 714 4053 solum
743 3998 813 4052 ab
840 3999 1119 4067 apostolis,
1149 3998 1241 4054 sed
1264 3999 1429 4055 etiam
1458 4000 1522 4053 ab
1549 4001 1671 4054 aliis
1699 4000 1956 4072 deinceps,
1987 4000 2091 4056 hab

536 4093 619 4141 est
646 4086 714 4141 ab
741 4101 931 4141 eorum
968 4088 1382 4143 successoribus
1411 4090 1669 4155 ordinati,
1703 4105 1903 4146 munus
1932 4106 2090 4147 suum

536 4176 690 4249 longo
714 4184 942 4248 tempore
966 4178 1235 4234 obierant.
1271 4179 1535 4235 Standum
1564 4181 1729 4250 igitur
1766 4187 1851 4235 est
1874 4191 2091 4237 senten-

535 4268 624 4322 tiae
651 4267 892 4333 Eusebii,
925 4268 979 4323 in
1001 4269 1160 4337 cuius
1191 4267 1446 4327 Chronico
1473 4285 1593 4340 cap.
1636 4270 1719 4335 l5,
1745 4273 2088 4349 pontiﬁcatus

533 4361 831 4416 Clementis
870 4360 1024 4416 initia
1078 4362 1145 4416 ad
1188 4369 1492 4433 postremos
1528 4363 1815 4420 Domitiani
1855 4366 2090 4435 impera-

2216 1904 2285 1957 tri
2310 1919 2372 1959 ac
2408 1904 2559 1959 Pauli
2592 1908 2912 1979 martyrium
2945 1908 3233 1977 scripsisse
3261 1925 3327 1964 ex
3358 1926 3424 1965 eo
3460 1911 3768 1980 colligitur,

2209 1994 2354 2063 quod
2381 2010 2530 2049 num.
2562 1996 2596 2049 4
2622 1998 2828 2061 Abelis,
2854 1995 3051 2063 Jacob,
3094 1998 3295 2067 Μηδὶς
3320 2014 3381 2054 ac
3409 2000 3647 2066 Davidis,
3675 2002 3771 2071 qui

2210 2101 2305 2153 per
2334 2086 2730 2141 aemulationem
2746 2094 2799 2140 et
2830 2086 3083 2141 invidiam
3110 2089 3275 2141 multa
3298 2090 3443 2159 passi
3466 2100 3611 2155 sunt,
3632 2106 3773 2161 prte-

2208 2177 2393 2231 missis
2418 2178 2703 2246 exemplis,
2737 2193 2889 2232 num.
2915 2178 2948 2232 5
2991 2178 3150 2232 initio
3181 2180 3438 2249 subiicit,
3471 2180 3559 2236 sed
3589 2182 3769 2237 missis

2207 2265 2457 2318 veteribus
2478 2266 2745 2335 exemplis,
2776 2268 3041 2322 veniamus
3071 2268 3141 2321 ad
3163 2271 3430 2338 proximos
3448 2272 3693 2338 athletas,
3716 2282 3771 2328 ει

2208 2358 2377 2410 celatis
2412 2367 2605 2411 nostra:
2630 2374 2877 2427 generosa
2905 2359 3139 2426 exempla
3162 2375 3453 2427 sumamus,
3479 2378 3542 2417 ac
3572 2362 3769 2421 deinde

2204 2447 2347 2503 Petri
2383 2456 2436 2503 et
2476 2448 2628 2503 Pauli
2664 2451 2979 2521 martyrium
3008 2462 3245 2505 enarrat.
3276 2450 3446 2507 Nemo
3474 2444 3616 2508 enim
3651 2469 3767 2511 non

2202 2538 2348 2592 videt
2379 2554 2540 2608 quam
2572 2547 2717 2595 recte
2759 2540 3011 2593 Clemens
3040 2540 3184 2595 circa
3216 2556 3416 2595 annum
3447 2542 3647 2599 Christi
3671 2544 3763 2609 97,

2202 2628 2347 2683 Petri
2378 2645 2439 2683 ac
2471 2628 2619 2684 Pauli
2647 2632 2982 2698 martyrium,
3014 2646 3136 2685 cum
3162 2634 3495 2702 temporibus
3520 2633 3763 2700 Davidis.

2203 2719 2421 2791 Moysis,
2452 2720 2617 2776 Jacob
2641 2728 2693 2775 et
2722 2722 2904 2776 Abelis
2934 2732 3303 2791 comparatum
3325 2763 3340 2786 ,
3370 2726 3666 2792 proximum
3701 2742 3765 2782 ac

2202 2814 2422 2875 ricinum
2445 2814 2614 2866 astatis
2647 2822 2838 2865 nostra:
2860 2813 3075 2867 dixerit.
3110 2814 3222 2868 imo
3252 2829 3425 2885 neque
3455 2819 3763 2885 proximum

2201 2902 2267 2956 ab
2288 2919 2352 2957 eo
2376 2902 2581 2956 dicitur
2611 2903 2803 2957 diebus
2835 2904 3030 2973 quibus
3061 2905 3274 2971 scribit,
3306 2906 3398 2961 sed
3414 2907 3762 2981 aetatique;

2199 3007 2358 3063 quam
2383 2995 2495 3063 agit
2518 3034 2531 3055 ,
2567 3009 2663 3047 seu
2694 2994 2748 3047 in
2780 3010 2884 3064 qua
2913 2994 3086 3064 degit.
3121 2994 3345 3050 Domum
3376 3013 3523 3052 num.
3560 2999 3628 3052 47
3666 2999 3761 3055 ubi

2200 3086 2268 3139 ad
2298 3085 2607 3155 evangelica
2637 3092 2879 3154 tempora
2902 3087 3144 3140 animum
3171 3085 3371 3151 refert,
3416 3103 3587 3157 eaque
3632 3082 3769 3143 cum

2199 3177 2290 3231 illo
2335 3177 2544 3230 confert
2590 3191 2698 3246 quo
2724 3177 2951 3239 scribit,
3000 3178 3401 3232 Corinthiorum
3454 3177 3759 3235 Ecclesiam

2196 3267 2474 3337 antiquam
2506 3282 2737 3332 vocare,
2769 3276 2821 3322 et
2866 3267 3099 3337 primum
3131 3285 3317 3323 eorum
3348 3270 3655 3334 dissidium,
3689 3272 3756 3326 de

2196 3376 2303 3431 quo
2332 3358 2533 3413 Paulus
2561 3360 2581 3413 Ι
2609 3359 2738 3416 Cor.
2766 3375 2806 3426 ι,
2837 3358 3095 3427 loquitur.
3129 3367 3187 3413 ut
3206 3361 3258 3413 in
3288 3362 3544 3429 principio
3572 3360 3754 3415 Evan-

2193 3450 2314 3517 gelii
2339 3459 2517 3503 ortum
2549 3440 2868 3512 memorare,
2892 3450 3177 3519 ipsamque
3200 3452 3428 3518 apostoli
3461 3450 3623 3519 hujus
3646 3452 3761 3521 epio

2195 3543 2386 3596 stolam
2412 3581 2427 3606 ,
2463 3541 2677 3595 tametsi
2724 3541 3133 3611 quatuordecim
3179 3550 3385 3595 tantum
3419 3544 3577 3598 annis
3604 3544 3753 3597 exci-

2193 3632 2341 3687 dium
2369 3631 2694 3704 Jerosolym.
2722 3634 3086 3703 praecesserit,
3122 3634 3171 3687 in
3199 3634 3453 3703 principio
3482 3634 3752 3705 Evangelii

2192 3726 2442 3793 scriptam
2473 3725 2657 3780 dicere
2694 3740 2805 3780 non
2847 3725 3081 3780 dubitat.
3126 3725 3281 3790 Quod
3333 3742 3465 3781 sane
3514 3728 3747 3782 evidenti

2192 3822 2510 3884 argumento
2538 3822 2623 3870 est
2658 3829 2813 3878 eum,
2844 3830 2966 3868 cum
2998 3815 3073 3869 ita
3104 3815 3395 3879 scriberet,
3431 3816 3646 3886 longius
3682 3819 3749 3873 ab

2190 3905 2376 3960 eodem
2405 3906 2674 3975 principio
2702 3906 3035 3973 recessisse;
3078 3921 3180 3961 nec
3204 3906 3271 3960 ab
3300 3906 3426 3961 hinc
3453 3909 3748 3964 recessisse

2189 3994 2401 4067 longius
2450 3985 2755 4059 videretur,
2806 3994 2875 4059 si,
2923 4001 2982 4048 ut
3018 3994 3134 4049 vult
3180 3992 3446 4061 Grabius,
3492 3998 3748 4067 praedicta

2189 4084 2340 4140 Pauli
2358 4085 2600 4156 Epistula
2632 4086 2745 4139 haec
2786 4084 3081 4141 Clementis
3124 4098 3319 4142 novem
3353 4086 3622 4145 duntaxat
3661 4088 3747 4144 vel

2189 4176 2257 4230 ad
2286 4191 2558 4231 summum
2586 4176 2870 4232 duodecim
2897 4178 3054 4231 annis
3080 4177 3348 4246 posterior
3375 4175 3531 4231 foret.

2256 4266 2346 4321 ιχ.
2378 4266 2457 4322 Ex
2491 4268 2797 4329 venerando
2840 4268 2932 4322 illo
2978 4282 3146 4323 sacra:
3176 4267 3517 4338 antiquitatis
3548 4282 3744 4323 monu-

2187 4368 2401 4423 mento,
2449 4360 2593 4429 quod
2644 4375 2909 4415 summam
2959 4360 3259 4430 primorum
3303 4359 3741 4415 Christianorum

533 4454 668 4506 toris
703 4467 875 4509 annos
918 4454 1249 4509 referuntur.
1299 4451 1453 4510 Unde
1496 4454 1633 4510 nihil
1665 4455 1863 4510 rationi
1906 4458 2081 4527 magis
2112 4451 2157 4507 D
2187 4450 2585 4519 simplicitatem
2618 4452 2779 4521 sapit.
2810 4450 2918 4505 duo
2949 4449 3196 4521 inprimis
3232 4449 3453 4505 maximi
3479 4450 3743 4506 momenti

530 4550 952 4597 consentaneum
976 4544 1237 4607 occurrit,
1268 4558 1431 4613 quam
1460 4554 1521 4599 ut
1535 4543 1941 4600 Corinthiorum
1970 4548 2085 4617 epi-

531 4632 723 4686 stolam
776 4632 1029 4688 sazviente
1087 4633 1377 4689 Domitiani
1428 4637 1805 4705 persecutione
1855 4635 2081 4692 Romam

529 4722 875 4793 pervenisse,
933 4730 1095 4794 atque
1135 4723 1246 4780 illis
1290 4724 1481 4781 eadem
1514 4726 1894 4795 persecutione
1937 4727 2082 4782 desi-

528 4822 691 4868 nente
720 4828 749 4867 a
777 4813 1057 4870 Clemente
1081 4814 1226 4869 circa
1258 4829 1459 4869 annum
1503 4815 1709 4871 Christi
1750 4817 1841 4883 97,
1875 4818 2079 4873 rescri-

530 4912 676 4973 ptum
710 4920 832 4959 esse
862 4919 1203 4959 censeamus.

600 4991 707 5048 VII.
746 4992 931 5063 Neque
957 4992 1043 5047 his
1085 4994 1403 5048 adversatur
1429 4997 1583 5059 illud,
1618 5012 1765 5050 num.
1820 4997 1881 5050 61
1908 5014 1928 5053 ς
1958 4995 2079 5051 Non

524 5082 729 5155 ubique,
759 5082 973 5151 fratres,
1015 5084 1305 5151 o/feruntur
1351 5087 1611 5153 sacriﬁcia
1647 5088 1819 5157 jugia,
1872 5088 1950 5143 uel
1992 5105 2078 5142 uo~

526 5174 650 5238 tius,
681 5174 758 5227 uel
776 5190 868 5241 pro
901 5185 1110 5242 peccato
1139 5184 1187 5228 et
1221 5174 1431 5239 delicto,
1461 5176 1549 5231 sed
1579 5175 1924 5248 Jerasolymis
1954 5190 2075 5233 tan—

525 5272 657 5326 tum,
689 5265 815 5318 licet
840 5262 1072 5320 Grabius
1100 5265 1227 5319 hinc
1258 5273 1407 5320 certo
1454 5277 1707 5320 constare
1746 5269 1849 5323 sibi
1894 5268 2073 5332 dicat,

523 5355 781 5425 templum
805 5346 1313 5425 JeroSolymitanum
1337 5364 1449 5411 ttim
1479 5356 1716 5419 stetisse,
1744 5366 1905 5427 atque
1928 5358 2076 5414 exci-

521 5446 668 5500 dium
700 5444 866 5507 illius,
897 5444 1041 5515 quod
1070 5446 1123 5499 in
1144 5460 1343 5499 annum
1378 5446 1442 5500 70
1464 5446 1673 5509 incidit,
1700 5448 1927 5503 necdum
1952 5462 2077 5504 con-

520 5537 737 5608 tigisse;
767 5535 969 5605 alioqui
992 5550 1102 5590 non
1133 5535 1422 5603 oﬂ'eruntstr
1444 5536 1499 5590 in
1523 5537 1801 5606 presenti,
1824 5538 1919 5593 sed
1946 5540 2072 5594 olim

518 5626 868 5696 oﬂerebantur
897 5626 1065 5683 fuisse
1088 5626 1401 5683 dicendum.
1434 5625 1633 5682 Verum
1678 5641 1787 5683 non
1826 5630 1959 5684 satis
1989 5636 2072 5682 at-

516 5719 689 5774 tendit
716 5719 798 5772 vir
827 5717 1075 5772 eruditus
1099 5716 1369 5774 sermonis
1413 5725 2066 5787 usum,quorespraeter-

523 5812 627 5867 itas
679 5808 846 5865 veluti
882 5818 1173 5881 praesentes
1204 5810 1272 5865 ob
1293 5809 1478 5866 oculos
1506 5825 1705 5880 ponere
1732 5818 1785 5867 et
1808 5824 1903 5880 per
1926 5824 2067 5882 prae-

2184 4542 2511 4596 documeuta
2543 4540 2728 4597 ﬁdeles
2761 4541 3090 4613 percipiunt.
3122 4538 3363 4595 Primum
3390 4540 3533 4597 enim
3558 4539 3653 4595 ubi
3678 4542 3742 4596 in

2182 4634 2438 4703 primaria
2463 4632 2727 4698 Ecclesia,
2761 4640 2839 4688 tot
2863 4631 3101 4702 Spiritus
3132 4631 3304 4687 sancti
3334 4630 3491 4687 donis
3513 4640 3737 4697 ornata,

2182 4738 2245 4777 ac
2268 4721 2521 4777 maximis
2549 4722 2916 4792 apostolorum
2949 4720 3241 4775 sudoribus
3269 4720 3482 4776 exculta
3502 4760 3517 4784 ,
3550 4720 3742 4790 spinas

2180 4813 2584 4869 dissensionum
2616 4820 2835 4868 exortas
2857 4800 3061 4876 vident,
3098 4813 3279 4867 minus
3302 4811 3414 4881 jam
3441 4811 3733 4875 mirantur,

2179 4904 2227 4960 si
2258 4904 2396 4972 inter
2418 4900 3080 4977 Christianassocietates,
3102 4918 3220 4971 quae
3250 4908 3393 4955 recte
3421 4900 3741 4970 composita

2179 4993 2450 5057 audiunt,
2502 4992 2816 5061 hujusmodi
2863 4991 3119 5047 scandala
3170 4993 3376 5046 oboriri
3424 4994 3733 5063 contigerit.

2181 5084 2468 5155 Nunquam
2522 5084 2778 5138 nimirum
2826 5083 3059 5153 quiescit
3103 5084 3357 5152 antiquus
3399 5083 3737 5140 zizaniorum

2178 5177 2505 5239 seminator,
2548 5181 2602 5229 et
2657 5188 2847 5245 agrum
2884 5173 3097 5229 Domini
3139 5174 3394 5229 infaustis
3430 5166 3737 5231 Seminibus

2180 5265 2383 5319 foedare
2425 5280 2534 5319 non
2564 5271 2778 5320 cessat.
2813 5262 2918 5318 Sed
2950 5263 3197 5335 quamvis
3219 5256 3500 5333 antiquum
3529 5264 3601 5319 sit
3631 5263 3739 5319 hoc

2177 5357 2396 5422 malum,
2427 5371 2537 5410 non
2561 5354 2683 5408 ideo
2707 5360 2887 5409 tamen
2913 5354 3095 5410 minus
3125 5354 3414 5423 lugendum
3440 5369 3455 5417 ;
3485 5352 3580 5407 sed
3613 5354 3737 5407 nul--

2176 5447 2285 5500 lum
2314 5462 2463 5510 esse,
2511 5445 2601 5498 cui
2645 5442 2946 5499 remedium
2993 5443 3157 5498 citius
3204 5442 3571 5498 adhibendum
3621 5451 3729 5508 sit,

2174 5540 2301 5592 item
2330 5551 2396 5591 ex
2423 5536 2527 5591 hoc
2556 5534 2780 5604 scripto,
2807 5542 2868 5588 ut
2895 5550 2964 5589 ex
2992 5533 3144 5589 Pauli
3163 5531 3424 5605 Epistola,
3449 5533 3734 5590 docemur.

2171 5627 2373 5697 Nempe
2402 5627 2552 5681 tenui
2580 5624 2974 5681 discordiarum
3001 5625 3214 5679 ﬂamma
3232 5664 3248 5688 ,
3277 5624 3379 5679 nisi
3413 5640 3577 5694 quam
3618 5626 3736 5695 pri-

2172 5724 2321 5772 mum
2351 5716 2759 5786 exstinguatur,
2800 5716 2949 5771 brevi
2987 5716 3178 5787 ingens
3205 5713 3512 5785 incendium
3543 5716 3727 5770 conci-

2172 5809 2278 5865 tari
2300 5809 2541 5880 apprime
2559 5807 2847 5864 callebant.
