4054 6320
208 449 265 507 Si
1439 438 1782 498 PROLEMIA
1822 436 2206 494 VARIORUM.
3364 429 3436 483 εἰ
3452 416 3465 423 ’“

1020 640 1605 708 ΑΒΜΟΝΙΤΙΟΙΝ
1662 627 2123 698 EPISTOLAM
2172 631 2615 695 SECUNDAM.

276 802 317 859 l.
345 798 427 855 Ex
451 796 644 855 eodem
663 792 849 857 codice
866 787 1255 852 Alexandrino,
1274 802 1340 843 ex
1363 799 1473 856 quo
1497 780 1766 855 superior,
1796 758 1843 815 Α
1869 774 2125 830 familiari
2152 752 2304 830 more
2332 772 2723 845 intelligendus
2744 779 2830 829 est
2850 773 3016 843 loqui.
3046 769 3147 828 Ubi
3170 769 3313 825 enim
3336 769 3434 825 ali-

210 890 410 963 prodiit
436 886 777 955 subsequens
797 878 1046 952 epistola.
1067 876 1147 933 De
1170 876 1271 931 hac
1285 874 1553 930 Eusebius
1574 869 1682 963 lib:
1708 884 1769 924 nt

211 956 354 1037 Hist.
385 978 516 1035 eccl.
544 994 596 1034 c.
623 976 725 1033 38:
756 972 950 1028 Ὶστέον
976 972 1019 1025 δ’
1051 969 1127 1033 ὡς
1156 969 1249 1024 καὶ
1274 964 1499 1038 δευτέρα
1523 981 1606 1027 τις
1633 956 1770 1015 εἶναι

209 1074 423 1141 λέγεται
457 1070 554 1124 τοῦ
578 1070 893 1140 Κλήμεντος
936 1061 1211 1133 ἐπιστολὴ,
1240 1060 1300 1113 οὐ
1333 1058 1439 1131 μὴν
1467 1055 1541 1109 ἔθ’
1572 1053 1771 1125 ὁμοίως

206 1168 270 1235 τῇ
287 1162 533 1236 προτέρᾳ
547 1157 847 1229 minume
863 1158 1133 1227 γνώριμον
1151 1148 1508 1221 ἐπιστάμεθα,
1524 1148 1604 1201 ὅτι
1621 1146 1679 1200 δὲ
1697 1143 1771 1217 μὴ

194 1256 328 1317 Δτοὺς
345 1252 613 1325 ἀρχαίους
628 1249 763 1321 αὐτῇ
791 1247 1157 1321 κεχρημένους
1184 1244 1359 1315 ἴσμεν.
1379 1239 1657 1296 Sciendum
1676 1253 1772 1291 au-

210 1354 306 1398 tem
332 1354 412 1398 est
426 1341 563 1415 quod
575 1350 623 1395 et
635 1340 862 1396 secunda
881 1337 1117 1409 qua’dam
1135 1332 1413 1389 Clementis
1425 1328 1646 1400 epistola
1660 1342 1772 1381 esse

208 1434 419 1488 dicatur
431 1453 452 1487 :
468 1450 582 1486 eam
599 1440 771 1485 autem
787 1447 889 1483 non
905 1428 1145 1483 similiter
1156 1441 1217 1478 ac
1231 1423 1457 1492 priorem
1473 1429 1648 1474 notam
1662 1433 1772 1471 esse

208 1529 555 1594 com-perimus
573 1539 592 1587 ,'
609 1523 851 1593 quoniam
866 1535 956 1574 nec
970 1527 1160 1573 reteres
1175 1532 1235 1570 ea
1251 1531 1374 1568 usos
1390 1528 1500 1567 esse
1512 1512 1767 1567 novimus.

208 1614 477 1670 Ohservat
497 1600 799 1668 Cotelerius
823 1612 937 1665 hac
973 1606 1191 1663 Eusebii
1220 1605 1403 1659 verba
1428 1601 1771 1671 indiligenter

207 1723 237 1760 a
263 1704 470 1759 Ruﬁno
486 1691 799 1759 sic’reddita
826 1720 838 1755 :
871 1698 1080 1753 Dicitur
1110 1706 1279 1750 tamen
1304 1709 1416 1749 esse
1441 1702 1490 1748 et
1521 1692 1629 1745 alia
1654 1688 1772 1746 Cle-

207 1798 397 1852 mentis
419 1794 665 1865 epistola,
696 1792 847 1860 cujus
888 1805 982 1844 nos
1022 1787 1265 1842 notitiam
1294 1800 1397 1840 non
1436 1782 1770 1851 accepimus;

932 1878 1001 1932 ab
1046 1875 1375 1944 Hieronymo
1404 1871 1523 1928 Lib.
1556 1844 1626 1924 'de
1670 1844 1780 1924 νὴ]

207 1979 411 2034 illustr.
447 1975 515 2048 (si
547 1983 727 2029 tamen
761 1971 837 2026 ibi
866 1970 933 2025 ad
956 1958 1177 2024 Eusebii
1206 1967 1365 2022 verba
1400 1963 1648 2034 respicit)
1678 1978 1772 2018 ex-

206 2084 399 2141 pressa
448 2067 620 2122 fuisse
664 2064 721 2117 in
747 2062 894 2118 hunc
928 2060 1147 2115 modum
1178 2074 1193 2114 :
1241 2055 1435 2111 Fertur
1466 2064 1515 2109 et
1545 2052 1771 2108 secunda
1802 2096 1845 2152 Β

204 2178 317 2216 esse
346 2174 416 2215 ea:
440 2158 553 2227 ejus
579 2155 784 2211 nomine
812 2151 1069 2224 epistola,
1100 2166 1215 2221 quia
1245 2166 1279 2202 a
1303 2147 1555 2202 veteribus
1594 2160 1772 2213 repro~

207 2254 406 2315 batur;
433 2249 687 2304 Photium
717 2245 951 2315 denique
990 2242 1113 2298 cod.
1147 2241 1249 2296 “5
1288 2238 1601 2310 Hieronymi
1645 2250 1773 2291 sen-

207 2344 439 2401 tentiam
464 2341 641 2411 sequi,
666 2338 759 2394 ubi
787 2338 860 2392 ait
881 2335 1045 2403 :‘Quce
1071 2331 1301 2389 secunda
1330 2330 1398 2385 ad
1418 2328 1621 2403 eosdem
1648 2326 1774 2399 (Co.

206 2434 467 2503 rinthios)
502 2430 717 2495 dicitur,
739 2435 801 2482 ut
835 2426 995 2481 notha
1034 2424 1309 2494 rejicitur;
1340 2430 1487 2477 certe
1514 2412 1657 2474 hanc
1688 2434 1774 2473 se-

206 2523 446 2580 cundam
478 2519 765 2591 epistolam
794 2516 1019 2571 minime
1046 2515 1113 2569 ab
1152 2512 1386 2569 Eusebio
1414 2511 1521 2565 dici
1550 2509 1771 2565 notham

206 2619 259 2670 et
306 2610 692 2671 adulterinam,
740 2612 835 2660 aut
875 2617 907 2658 a
946 2602 1220 2664 veteribus
1262 2598 1642 2669 reprobatam,
1680 2594 1773 2650 sed

204 2704 382 2775 prima
409 2702 595 2757 minus
615 2706 799 2753 notam
822 2704 985 2766 atque
1004 2693 1061 2748 in
1080 2690 1431 2748 citationibus
1457 2703 1485 2741 a
1499 2685 1774 2743 veteribus

205 2793 658 2867 praetermissam.
684 2789 768 2845 Ab
788 2786 1006 2843 Eusebii
1029 2793 1211 2841 mente
1232 2780 1480 2867 nonnihil
1504 2779 1667 2834 etiam
1696 2793 1777 2833 τε·

205 2858 378 2944 cessit
405 2882 750 2953 Nicephorus
792 2876 1002 2933 Callisti
1030 2875 1126 2930 lib.
1153 2858 1251 2938 ut,
1273 2888 1323 2927 c.
1354 2872 1443 2936 18,
1474 2869 1565 2925 ubi
1592 2869 1660 2923 de
1684 2884 1778 2922 ea.

210 2978 335 3033 dem
361 2975 446 3032 sic
471 2968 854 3043 loquiturzKa‘t
872 2966 1004 3036 ἄλλη
1018 2964 1074 3018 δὲ
1093 2961 1256 3017 αὐτοῦ
1274 2961 1495 3032 φέρεται
1523 2955 1777 3027 ἐπιστολὴ

204 3069 306 3139 τῆς
337 3065 614 3138 προτέρας
641 3059 782 3115 κατὰ
806 3058 937 3112 πολὺ
960 3055 1279 3110 ἀποδέουσαν
1311 3052 1438 3125 περὶ
1466 3046 1533 3122 ἦς
1562 3050 1589 3102 ὁ
1618 3049 1778 3111 αὐτός

207 3174 372 3229 φησιν
388 3153 667 3216 Εὐσέϐιος,
691 3150 765 3223 μὴ
800 3143 859 3203 ἐν
884 3148 1077 3218 emori;
1087 3161 1161 3219 μῃ
1171 3144 1371 3215 ταύτης
1382 3145 1506 3205 τοὺς
1523 3140 1780 3213 ἀρχαίους

205 3224 370 3302 siuas.
396 3244 592 3300 Fertur
611 3251 661 3297 et
677 3242 785 3294 alia
802 3240 913 3310 ejus
937 3237 1158 3308 epistola
1172 3235 1335 3290 multo
1354 3233 1573 3304 inferior
1584 3224 1783 3301 prima,

204 3342 270 3396 de
303 3357 411 3411 qua
452 3338 583 3391 dicit
617 3336 755 3389 idem
804 3332 1099 3396 Eusebius,
1130 3337 1322 3384 veteres
1373 3327 1489 3396 ejus
1530 3327 1779 3379 notitiam

1871 880 1979 935 qua
2007 864 2075 920 de
2106 874 2165 919 re
2182 864 2307 935 quis
2330 863 2626 919 identidem
2660 862 2875 918 locutus
2898 868 2983 917 est
3001 900 3017 927 ,
3047 861 3095 918 is
3124 874 3340 916 omnem
3368 857 3438 914 de

1870 970 1935 1011 ea
1964 954 2270 1010 orationem
2298 955 2649 1011 contexuisse
2677 955 2810 1010 satis
2837 952 3181 1011 familiariter
3207 950 3432 1007 dicitur.

1870 1045 2122 1114 Clemens
2161 1061 2288 1101 vero
2316 1061 2440 1101 cum
2473 1047 2634 1117 epist.
2669 1046 2723 1110 1,
2758 1061 2814 1103 n.
2842 1045 2946 1108 21,
2978 1042 3071 1107 29,
3099 1042 3190 1107 ΞΟ,
3224 1041 3313 1105 58,
3339 1039 3435 1105 45,

1870 1138 1962 1203 48,
1987 1139 2077 1204 58,
2107 1147 2221 1194 tum
2245 1140 2408 1210 epist.
2443 1139 2510 1206 2,
2537 1156 2593 1196 ιι.
2625 1140 2679 1204 8,
2708 1140 2743 1195 9
2773 1155 2836 1194 ac
2860 1138 2950 1203 18,
2986 1145 3047 1194 ιιι
3078 1148 3286 1191 taceam
3315 1151 3438 1206 quas

1871 1228 2011 1286 forte
2033 1230 2089 1285 in
2117 1229 2259 1287 foliis
2286 1228 2490 1287 avulsis
2510 1244 2573 1291 ea
2606 1231 2672 1286 de
2700 1246 2759 1286 re
2794 1229 3236 1295 disserebantur,
3283 1227 3439 1297 puri-

1874 1329 2074 1385 tatem,
2123 1324 2503 1377 continentiam
2536 1363 2550 1387 ,
2607 1322 3011 1389 castitatemque
3065 1317 3433 1375 commendat.

1873 1412 2012 1469 Hinc
2049 1421 2104 1470 et
2134 1413 2269 1469 illud
2315 1426 2659 1486 consequens
2698 1422 2798 1478 ut,
2828 1415 2875 1469 si
2908 1412 3244 1485 Epiphanius
3272 1418 3438 1480 atque

1872 1503 2251 1575 Hieronymus
2285 1519 2393 1559 non
2435 1505 2489 1561 in
2527 1503 2795 1576 epistola,
2827 1503 2923 1559 sed
2952 1504 3010 1559 in
3036 1503 3283 1574 epistolis
3311 1500 3440 1557 Cle-

1870 1593 2070 1649 mentis
2122 1594 2410 1665 puritatem
2458 1595 2774 1666 virginitatis
2811 1594 2995 1648 doceri
3040 1592 3435 1664 praedicantes,

1872 1691 2158 1755 utramque
2183 1684 2425 1741 indicare
2442 1687 2733 1752 voluerint,
2758 1702 2942 1758 parem
2965 1687 3128 1743 simul
3149 1688 3434 1754 ambabus,

1870 1781 1932 1827 ut
1956 1773 2202 1844 ejusdem
2246 1776 2511 1845 parentis,
2543 1778 2837 1835 tribuerint
2872 1779 3269 1833 auctoritatem.
3318 1777 3439 1849 Ipse

1871 1860 2033 1915 etiam
2060 1862 2214 1918 locus
2241 1903 2255 1926 ,
2302 1878 2462 1933 quem
2499 1866 2554 1919 in
2584 1867 2773 1922 codice
2801 1867 3169 1922 Alexandrino
3195 1867 3436 1935 obtinet,
3484 1934 3485 1937 η

1873 1953 1927 2006 in
1958 1968 2066 2023 quo
2097 1956 2219 2008 cum
2256 1956 2433 2021 sacris'
2462 1956 2745 2028 utriusque
2778 1957 3001 2015 fmderis
3034 1959 3189 2015 libris
3228 1945 3437 2014 nullum

1874 2045 2019 2110 aliud
2062 2061 2201 2117 opus
2239 2058 2432 2118 praeter
2481 2050 2623 2105 hanc
2666 2058 2719 2105 et
2763 2052 3096 2122 superiorem
3146 2050 3439 2106 Clementis

1872 2137 2154 2208 epistolam
2178 2140 2509 2204 continetur,
2545 2148 2831 2212 utramque
2860 2123 3138 2213 nonnullis
3170 2143 3223 2196 in
3250 2142 3440 2197 Eccle-

1871 2228 1969 2284 siis
1994 2230 2134 2286 inter
2156 2246 2339 2285 sacras
2372 2229 2684 2302 Scripturas
2715 2232 3007 2289 admissam
3043 2233 3211 2295 fuisse
3238 2234 3440 2289 indicio

1871 2326 1999 2375 cst:
2039 2320 2200 2391 idque
2230 2318 2516 2377 conﬁr'mat
2549 2323 2617 2379 84
2661 2340 2758 2380 seu
2799 2326 3025 2380 ultimus
3068 2324 3437 2395 apostolorum

1873 2424 2069 2476 canon,
2093 2415 2182 2482 qui
2202 2413 2417 2483 quidem
2433 2415 2495 2468 in
2525 2416 2770 2485 catalogo
2801 2416 3060 2470 librorum
3084 2414 3220 2470 Novi
3245 2414 3440 2472 Testa—

1874 2503 2040 2555 menti
2071 2501 2208 2559 duas
2238 2504 2531 2560 Clementis
2560 2486 3015 2577 epistolas’ponit.

1946 2591 2034 2649 ill.
2075 2594 2134 2649 In
2162 2595 2416 2651 omnibus
2443 2598 2661 2667 quidem
2687 2599 3039 2662 editionibus,
3074 2614 3181 2653 una
3218 2598 3439 2653 Patricii

1872 2683 2019 2740 Junii
2047 2690 2528 2763 exceptaﬁaurtépa
2554 2692 2691 2765 πρὸς
2712 2693 3033 2765 Κορινθίους
3063 2691 3319 2763 ἐπιστολή
3354 2691 3407 2745 in
3426 2720 3441 2731 -

1875 2778 2169 2837 scribitur:
2196 2782 2291 2837 sed
2311 2783 2424 2838 hanc
2458 2785 2741 2857 inscriptio
2771 2785 2840 2839 ad
2858 2785 3174 2840 Corinthios
3199 2801 3328 2839 num
3350 2801 3443 2854 ge-

1876 2871 2041 2925 nuina
2073 2879 2167 2926 aut
2200 2873 2555 2931 Alexandrini
2585 2877 2793 2931 codicis
2825 2877 3149 2932 auctoritate
3174 2875 3309 2930 fulta
3342 2878 3439 2939 sit,

1876 2966 2123 3045 nonnulli
2173 2965 2459 3033 dubitant;
2520 2970 2754 3025 maxime
2802 2985 2927 3025 cum
2968 2971 3026 3025 in
3068 2970 3301 3026 Juniana
3327 2972 3445 3026 edi-

1876 3056 2043 3120 tione,
2073 3057 2127 3111 in
2143 3074 2249 3127 qua
2272 3060 2504 3128 primum
2526 3057 2706 3115 σπι-αρε
2728 3063 2949 3132 prodiit,
2980 3062 3124 3117 hunc
3146 3079 3311 3118 unum
3335 3080 3445 3135 prae

1883 3163 1943 3201 se
1976 3146 2115 3203 [erat
2141 3150 2361 3204 titulum
2386 3190 2401 3213 ,
2435 3149 2817 3221 Fragmentum
2843 3155 3080 3223 epistolis
3104 3156 3344 3211 secunda:
3378 3172 3445 3210 ea;

1877 3236 2053 3292 eodem
2093 3257 2217 3306 ms.,
2249 3256 2349 3295 nec
2373 3240 2672 3307 Eusebius,
2706 3241 2955 3310 Ruﬁnus,
2986 3245 3347 3318 Hieronymus
3378 3263 3442 3302 ac

1878 3326 2218 3399 Nicephorus
2263 3332 2474 3388 Callisti
2514 3334 2581 3389 de
2620 3327 2788 3390 altera
2839 3336 3121 3407 loquentes
3150 3338 3442 3393 Clementis

207 3444 313 3487 non
337 3426 657 3484 habere.Ait
674 3426 872 3496 quippe
888 3422 1156 3478 Eusebius
1172 3435 1290 3477 eam
1307 3419 1581 3477 veteribus
1604 3418 1784 3490 minus
1811 3422 1855 3481 α
1886 3421 2113 3490 epistola
2135 3462 2149 3487 ,
2183 3423 2249 3477 ad
2276 3440 2412 3494 quos
2440 3425 2645 3496 scripta
2694 3427 2765 3483 sit
2808 3426 3074 3483 indicent,
3120 3425 3315 3483 verum
3355 3429 3445 3483 hic

206 3533 399 3580 notam
422 3521 617 3591 prima,
644 3516 739 3572 sed
766 3532 873 3570 non
891 3516 973 3571 eis
993 3526 1218 3584 prorsus
1248 3513 1494 3583 ignotam
1528 3510 1742 3564 scribit.

282 3612 349 3669 ll.
385 3611 489 3666 Hic
520 3608 816 3664 notandum
838 3646 853 3672 ,
882 3623 949 3662 ex
980 3605 1233 3661 omnibus
1267 3604 1629 3674 scriptoribus
1652 3615 1779 3655 mox

208 3706 418 3767 citatis,
450 3703 659 3757 nullum
690 3716 837 3764 esse,
868 3700 959 3770 qui
989 3690 1204 3753 duabus
1230 3698 1427 3751 litteris
1455 3696 1639 3765 plures
1659 3691 1778 3747 Cle-

207 3796 381 3852 menti
404 3793 652 3848 Romano
676 3790 938 3844 attribuat
965 3798 1057 3842 aut
1078 3787 1364 3841 attributas
1396 3790 1675 3855 agnoscat.
1700 3782 1775 3836 Ex

208 3905 323 3955 quo
346 3886 615 3955 colligere
635 3889 739 3946 est,
765 3879 1121 3951 Epiphanium
1147 3878 1486 3939 cunLhtBres.
1521 3875 1611 3939 27,
1634 3890 1691 3930 n.
1720 3873 1776 3938 6,

209 3980 553 4036 Clementem
587 3954 641 4029 in
678 3990 787 4027 una
832 3972 1181 4043 epistolamm
1214 3984 1434 4023 suarum
1478 3971 1643 4034 citat,
1686 3972 1781 4021 aut

210 4089 339 4129 cum
365 4071 499 4124 liter.
529 4069 617 4129 50,
645 4065 700 4121 ιι.
730 4066 817 4129 15,
846 4062 1028 4117 laudat
1047 4057 1311 4130 Epistolas
1339 4058 1623 4111 circulares
1649 4072 1781 4126 quas

213 4162 383 4231 (idem
415 4154 681 4229 pontifex)
707 4153 951 4220 scripsit,
980 4165 1191 4220 quisque
1226 4148 1277 4201 in
1318 4148 1514 4200 sanctis
1536 4143 1781 4198 Ecclesiis

213 4250 489 4319 leguntur,
523 4253 574 4300 et
606 4245 659 4298 in
683 4244 881 4314 quibus
909 4241 1269 4310 virginitatem
1298 4238 1475 4300 docet,
1509 4250 1617 4289 non
1646 4236 1779 4289 alias

212 4342 300 4394 vel
350 4354 381 4392 a
426 4336 707 4407 praemissa
744 4334 826 4388 vel
866 4349 896 4387 a
934 4338 1193 4402 sequente
1231 4344 1549 4384 memorare.
1584 4326 1647 4379 Et
1676 4327 1780 4379 hoc

212 4431 442 4501 quidem
482 4440 547 4481 eo
575 4434 657 4481 est
683 4423 1038 4496 probabilius,
1074 4422 1219 4492 quod
1261 4435 1383 4474 cum
1418 4419 1785 4490 Hieronymus

214 4522 338 4576 Lib.
372 4519 437 4574 de
476 4518 667 4585 script.
691 4515 817 4570 ecct.
850 4521 1063 4569 tantum
1098 4513 1235 4568 duas
1262 4511 1552 4566 Clementis
1577 4509 1781 4580 episto-

213 4613 299 4669 las
326 4619 629 4671 recenseat,
660 4623 754 4663 eas
801 4606 970 4677 ipsas,
996 4618 1136 4676 quas
1176 4603 1509 4674 Epiphanius
1538 4602 1782 4673 proxime

216 4700 485 4761 laudavit,
520 4701 615 4756 lib.
650 4717 666 4755 ι
696 4699 961 4754 Adversus
1010 4695 1353 4750 Iovinianum
1399 4693 1779 4749 commendare

213 4814 328 4853 non
372 4795 654 4849 dubitatur
694 4793 781 4847 his
821 4791 1045 4846 verbis:
1094 4788 1175 4839 Ad
1220 4788 1311 4841 llos
1352 4788 1675 4855 (eunuchosl
1730 4796 1779 4841 et

218 4891 462 4946 Clemens
491 4902 760 4941 successor
792 4884 1014 4953 apostoli
1048 4883 1214 4947 Petri,
1238 4882 1387 4950 cujus
1420 4880 1621 4933 Paulus
1654 4897 1781 4948 upo«

218 4983 389 5039 etolus
420 4980 677 5041 meminit,
711 4975 894 5030 scribit
933 4975 1209 5044 epistolas,
1252 4989 1550 5042 omnemque
1583 4990 1782 5026 sermo-

220 5092 337 5130 nem
366 5089 521 5128 suum
552 5070 614 5123 de
644 5067 960 5139 virginitatis
982 5067 1209 5135 puritate
1244 5066 1526 5118 contexuit.
1565 5062 1629 5115 Et
1654 5079 1783 5118 vero

220 5166 350 5237 quis
397 5161 584 5216 credat
629 5158 1017 5227 Hieronymum
1067 5171 1209 5208 anno
1258 5154 1362 5207 392
1408 5155 1460 5206 in
1512 5152 1672 5205 Libro
1720 5152 1782 5205 de

221 5256 409 5325 script.
458 5252 585 5309 eccl.
626 5252 681 5306 in
715 5264 822 5321 quo
868 5249 993 5303 data
1020 5265 1181 5319 opera
1212 5249 1447 5302 virorum
1489 5249 1782 5319 insignium

222 5346 429 5414 scripta
458 5349 741 5406 recenset,
771 5348 981 5393 tantum
1012 5340 1241 5394 duarum
1272 5339 1621 5407 epistolarum
1664 5340 1784 5392 Cle—

224 5435 426 5490 mentis
448 5434 779 5489 mentionem
812 5431 980 5486 fuisse
1011 5430 1304 5493 facturum,
1341 5432 1384 5483 si
1409 5432 1476 5483 ab
1508 5446 1652 5483 anno
1681 5431 1783 5483 585

227 5534 417 5580 contra
449 5522 755 5577 Helvidium
783 5522 1029 5575 scribens
1054 5522 1188 5574 alias
1220 5520 1287 5573 ab
1327 5522 1411 5575 his
1436 5522 1645 5574 duabus
1672 5523 1781 5589 jam

232 5626 432 5673 nosset.
459 5614 617 5682 Quod
646 5615 692 5667 si
725 5613 902 5666 nullas
937 5613 1072 5666 alias
1104 5614 1285 5673 novit,
1336 5613 1425 5665 ubi
1451 5612 1781 5666 Clementem

230 5711 360 5764 dicit
384 5722 601 5764 omnem
633 5719 937 5761 sermonem
972 5720 1129 5759 suum
1174 5704 1241 5759 de
1280 5707 1598 5774 virginitatis
1639 5707 1784 5773 puri-

234 5813 334 5855 tate
362 5798 735 5861 contexuissc,
800 5795 1151 5865 hyperbolico
1193 5798 1443 5867 quidem,
1480 5797 1571 5853 scd
1605 5806 1781 5853 tamen

1878 3514 2192 3583 scrupulus,
2224 3530 2289 3569 ex
2326 3516 2660 3587 indiligentia
2686 3518 2805 3588 ejus
2854 3517 3109 3586 injectus,
3138 3518 3230 3589 qui
3256 3520 3445 3589 primae

1878 3601 2174 3660 Clementis
2225 3606 2469 3676 epistola:
2514 3622 2544 3660 a
2594 3607 2755 3661 Junio
2804 3608 2963 3664 editae
3019 3598 3243 3663 alteram
3302 3608 3445 3663 hanc

1879 3695 2085 3750 omisso
2112 3695 2233 3763 ejus
2265 3696 2423 3751 titulo
2454 3697 2769 3761 subnexuit,
2814 3697 2971 3751 facile
2999 3698 3276 3753 eximitur.
3307 3698 3442 3751 Nam

1879 3800 2003 3839 cum
2027 3785 2424 3841 Alexandrinus
2454 3788 2621 3842 codex
2652 3786 2894 3841 omnium
2924 3788 3255 3858 scriptorum
3278 3828 3294 3852 ,
3325 3807 3444 3859 quae

1880 3876 1934 3929 in
1967 3890 2031 3930 eo
2061 3880 2435 3943 continentur,
2470 3878 2776 3947 generalem
2817 3893 2926 3947 pra:
2956 3893 3016 3934 se
3043 3877 3183 3932 ferat
3210 3879 3443 3935 indicem

1880 3965 2068 4022 eadem
2098 3980 2283 4049 manu,
2316 3979 2421 4034 qua
2450 3974 2596 4021 totus
2638 3966 2809 4019 codex
2842 3966 3083 4039 scriptus
3106 3974 3211 4030 est,
3253 3984 3447 4022 exara-

1879 4061 2029 4121 tum;
2062 4054 2176 4108 hsce
2205 4052 2373 4107 altera
2406 4054 2633 4122 epistola
2665 4068 2772 4107 non
2811 4054 2985 4108 solum
3019 4054 3074 4106 in
3103 4053 3203 4107 hoc
3229 4055 3407 4109 indice
3428 4094 3442 4119 ,

1883 4145 1980 4202 sed
2008 4145 2169 4201 etiam
2196 4146 2251 4199 in
2272 4145 2443 4215 ipsius
2474 4143 2652 4199 fronte
2682 4143 2939 4215 ἐπιστολὴ
2970 4144 3106 4215 πρὸς
3127 4144 3445 4215 Κορινθίους

1880 4244 2237 4308 praenotatur.
2280 4236 2465 4306 Neque
2505 4236 2681 4290 codici
2713 4233 2841 4290 hhic
2883 4234 3227 4305 refragantur
3275 4234 3447 4289 Euse-

1877 4326 2032 4391 bius,
2084 4324 2313 4380 Ruﬁnus
2335 4366 2349 4390 ,
2383 4324 2744 4397 Hieronymus
2791 4331 2885 4378 aut
2915 4322 3272 4391 Nicephorus.
3309 4320 3446 4375 Dum

1880 4419 2045 4483 enim,
2070 4398 2367 4471 memorata
2410 4416 2703 4471 Clementis
2750 4414 2818 4469 ad
2856 4412 3167 4470 Corinthios
3216 4413 3447 4481 epistola

1882 4510 2078 4579 prima,
2113 4494 2357 4578 prosime
2392 4506 2689 4577 subjiciunt
2726 4523 2739 4557 :
2776 4503 2971 4558 Fertur
3018 4514 3067 4557 et
3109 4506 3276 4556 altera
3298 4542 3312 4561 .
3344 4517 3445 4555 nec

1883 4599 1951 4652 ad
1976 4600 2113 4653 alios
2144 4600 2285 4653 hanc
2323 4600 2551 4653 alteram
2592 4599 2848 4665 scriptam
2874 4611 2996 4650 esse
3035 4594 3357 4664 designant,
3393 4600 3446 4648 e‘.

1884 4692 2023 4746 hanc
2051 4692 2117 4745 ad
2140 4691 2358 4746 eosdem
2390 4690 2645 4760 scriptam
2674 4696 2967 4743 censentur
2999 4686 3317 4756 intelligere.
3339 4689 3448 4738 Aut

1810 4750 1855 4804 θ
1881 4791 2048 4847 certe,
2074 4782 2117 4836 si
2149 4782 2214 4836 ad
2247 4782 2382 4836 alios
2413 4782 2669 4850 scriptam
2702 4790 2946 4841 nossent,
2974 4781 3083 4833 hate
3110 4778 3325 4832 illorum
3357 4795 3443 4830 re-

1880 4874 2103 4929 ticentia
2134 4874 2326 4927 merito
2361 4872 2699 4943 negligentiae
2719 4870 3051 4939 culparetur.
3084 4869 3189 4923 Sed
3220 4876 3273 4923 et
3304 4868 3449 4922 Pho-

1884 4966 2013 5028 tins,
2046 4966 2137 5034 qui
2166 4964 2383 5034 aliquod
2428 4965 2616 5018 saltem
2667 4962 2910 5032 epistola:
2956 4961 3119 5029 hujus
3170 4962 3448 5028 exemplar

1884 5072 2048 5127 penes
2075 5073 2132 5111 se
2162 5057 2369 5120 habuit,
2404 5064 2455 5110 et
2490 5055 2889 5117 Damascenus,
2921 5054 3015 5122 qui
3048 5068 3212 5105 unum
3236 5060 3289 5105 et
3310 5053 3446 5105 alte-

1883 5167 2002 5205 rum
2020 5151 2179 5204 nobis
2198 5150 2555 5219 fragmentum
2572 5147 2719 5201 illius
2747 5144 3074 5215 transmisit,
3090 5144 3218 5195 dum
3238 5158 3356 5195 eam
3378 5142 3445 5193 ad

1885 5242 2195 5297 Corinthios
2212 5242 2469 5309 scriptam
2499 5238 2721 5293 disertis
2747 5238 2929 5291 verbis
2958 5236 3203 5295 tradunt.
3228 5235 3279 5288 id
3302 5235 3447 5305 quod

1888 5351 1982 5405 per
1995 5352 2051 5391 se
2066 5336 2295 5387 innuunt
2310 5330 2754 5396 Eusebii,Rullni,
2768 5336 2873 5383 etc.
2885 5325 3451 5391 ,verba,conlirmant.

1955 5425 2044 5481 1V.
2097 5426 2227 5478 Eam
2258 5424 2609 5477 nihilominus
2645 5419 2893 5474 nonnulli
2928 5416 3317 5486 suppositionis
3347 5432 3453 5468 su-.

1888 5528 2125 5589 spectam
2156 5519 2391 5579 habent,
2420 5515 2579 5585 idque
2607 5512 2925 5568 nominatim
2953 5510 3112 5566 Joan.
3144 5509 3274 5563 Ern.
3305 5506 3449 5561 Gra-

1889 5614 2011 5667 bius
2062 5610 2243 5678 Spicil.
2286 5610 2439 5662 Patr.
2473 5616 2514 5662 t.
2552 5608 2591 5673 l,
2624 5622 2745 5676 pag.
2791 5604 2927 5668 9.65,
2981 5604 3169 5658 confici
3200 5608 3353 5671 putat
3382 5615 3453 5653 et

1887 5705 2067 5758 verbis
2095 5702 2337 5772 Dionysii
2369 5699 2773 5754 Corinthiorum
2806 5696 3045 5765 episcOpi
3098 5693 3240 5763 apud
3280 5690 3448 5745 Eusc-

1888 5798 2035 5851 hium
2059 5794 2154 5848 lih.
2193 5807 2266 5855 Iv,
2300 5806 2347 5848 c.
2380 5791 2470 5851 2'5.
2508 5788 2574 5843 ad
2605 5786 2901 5843 Romanam
2938 5784 3233 5852 Ecclesium
3265 5780 3344 5836 sic
3366 5776 3463 5834 re!
