4046 6326
632 301 698 362 8⁵1
1769 301 1859 355 AD
1888 299 1946 354 S.
1980 295 2161 354 CLEBI

2266 267 2398 352 rei!
2437 299 2457 353 ι
2494 293 2722 351 ΡΑΡΑΜ
3766 284 3836 338 ss

633 423 769 474 sime
808 417 1090 482 dimensis,
1133 422 1400 488 supplevit
1435 430 1488 474 et
1518 419 1685 472 minio
1720 418 1888 472 rubro
1932 413 2180 478 notavit;
2209 418 2255 471 Δ
2284 413 2454 482 plaria
2493 427 2614 484 qua:
2660 424 2846 467 eorum
2884 416 3109 476 uterque
3149 419 3274 460 cum
3303 417 3407 459 ms.
3439 401 3627 459 codice
3670 413 3837 468 quam

631 526 696 564 eo
726 511 978 563 nlmlrurn
1009 511 1256 573 consilio,
1290 517 1348 563 ut
1378 525 1498 580 quae
1531 513 1584 562 ln
1630 509 1824 563 laceris
1854 505 2181 562 membranis

633 598 894 668 temporis
923 599 1120 668 injuria
1153 607 1473 669 consumpta
1506 598 1975 662 desiderabantur,
2013 597 2080 650 ah
2111 588 2194 649 iis

633 702 752 754 qua:
790 687 970 740 addita
1016 690 1100 743 vel
1149 689 1394 759 suppleta
1454 686 1652 743 fuerint
1699 687 1930 742 lectores
1969 684 2179 739 facilius

635 785 991 830 secernerent.
1046 775 1175 843 Qua:
1237 777 1452 848 quidem
1519 778 1892 846 supplementa
1945 774 2178 829 Juniaua

635 870 959 938 posteriores
999 868 1257 932 editores,
1291 876 1349 922 ut
1380 866 1656 923 ancillulis
1686 869 1871 922 clausa
1898 865 2048 940 typis.
2071 863 2176 918 im-

631 959 1029 1025 primerentur,
1083 953 1367 1029 diligenter
1434 951 1717 1016 curarunt.
1761 952 1952 1028 Magna
2011 957 2178 1012 enim-

627 1067 754 1104 vero
784 1062 836 1106 et
876 1051 1141 1106 laudanda
1161 1049 1306 1104 Junii
1351 1040 1569 1107 solertia
1592 1092 1606 1117 ,
1646 1050 1692 1106 si
1723 1050 1854 1105 ﬁdes
1884 1049 1985 1119 ipsi
2023 1047 2176 1102 adhic

626 1138 822 1198 benda.’
847 1141 1046 1197 Verum
1077 1157 1232 1196 secus
1267 1141 1507 1195 sentiunt
1535 1140 1602 1194 de
1628 1154 1696 1194 eo
1739 1139 1913 1209 deque
1945 1138 2063 1207 ejus
2096 1137 2175 1190 la-

627 1229 756 1287 bore
805 1232 859 1285 in
910 1230 1267 1286 describendo
1317 1245 1421 1285 ms.
1457 1228 1825 1284 Alexandrino
1873 1228 1972 1282 viri
2017 1228 2174 1297 longe

624 1317 944 1382 doctissimi,
996 1316 1281 1373 Wottonus
1316 1317 1391 1388 (l)
1423 1318 1476 1371 in
1508 1316 1718 1386 primis,
1753 1317 1952 1372 Millius
1983 1316 2059 1387 (2)
2118 1325 2171 1372 et

623 1405 854 1463 Grabius
887 1410 961 1478 (5)
999 1428 1010 1462 :
1040 1419 1098 1461 ut
1125 1410 1349 1479 proinde
1371 1411 1549 1475 minus
1577 1419 1724 1467 recte
1747 1410 2023 1466 censuerit
2048 1407 2170 1482 Fel-

623 1496 844 1565 lus(4),
893 1516 911 1547 ι
971 1507 1150 1550 actum
1203 1497 1412 1552 scilicet
1455 1499 1612 1553 irrito
1667 1507 1866 1554 conatu
1923 1507 2170 1553 acturum

624 1587 793 1642 fuisse
830 1587 1003 1651 illum,
1037 1590 1126 1656 qui
1148 1597 1269 1659 post
1297 1587 1515 1644 Junium
1545 1590 1613 1644 ad
1643 1590 1918 1659 exemplar
1945 1591 2173 1644 Alexan-

619 1678 837 1731 drinum
866 1679 1047 1732 omnia
1081 1680 1258 1733 denuo
1284 1682 1554 1750 exegisset
1595 1699 1610 1738 :
1645 1680 1934 1752 siquidem,
1962 1681 2166 1746 subdit,
2217 1699 2219 1706 τ

2279 512 2531 557 accurate
2559 501 2883 563 contulerat,
2907 496 3040 550 mihi
3061 493 3397 565 comparavi,
3422 503 3586 564 atque
3615 490 3836 545 illorum

2277 596 2597 651 collationes
2649 601 2703 648 et
2758 588 3164 646 emendationes
3223 586 3511 656 diligenter
3554 581 3623 636 ad
3681 594 3838 635 oram

2276 686 2402 742 libri
2455 684 2560 740 mei
2599 682 2871 740 adnotavi.
2905 679 3061 747 Quod
3091 693 3215 733 cum
3259 677 3513 749 egissem,
3542 688 3647 730 ms.
3689 671 3838 727 codi-

2278 791 2394 830 cem
2426 782 2626 845 quanta
2663 771 2778 828 ﬁeri
2816 770 2990 829 notuit
3019 767 3297 838 diligentia
3331 765 3453 836 plus
3475 778 3639 835 quam
3665 761 3837 817 semel

2277 850 2343 919 de
2370 847 2517 920 novo
2549 861 2791 929 contuli;
2823 873 3008 929 quem.
3048 847 3173 912 cum
3197 855 3392 910 unicus
3425 853 3516 918 sit,
3554 866 3730 919 usque
3761 848 3837 905 ad

2277 952 2508 1011 litteram
2534 945 2771 1010 secutus
2805 965 2947 1013 sum,
2988 951 3352 1019 prater-quam
3380 945 3435 998 in
3465 942 3832 999 abbreviatio-

2274 1049 2458 1109 nibus,
2504 1044 2784 1115 quashoc
2832 1041 3038 1118 inloco
3070 1040 3253 1112 potius
3252 1036 3634 1118 _a_dnotandas
3676 1030 3838 1118 duxi;

2276 1114 2603 1208 ilujusmodi
2633 1144 2760 1191 sunt
2791 1156 2804 1192 :
2836 1115 2920 1190 δὲ
2949 1114 3047 1205 pro
3078 1133 3228 1195 Θεὸς,
3250 1114 3352 1184 ﬁ
3385 1144 3482 1208 pro
3511 1120 3737 1208 Κέρας,
3765 1114 3843 1178 ﬁt

2274 1245 2370 1299 pro
2396 1228 2624 1299 Ἰησοῦς,
2674 1214 2778 1282 ᾖ
2809 1241 2909 1298 pro
2965 1223 3220 1294 Χριστός,
3263 1207 3418 1279 Eii
3446 1231 3502 1278 et
3546 1207 3840 1299 Β

2272 1318 2494 1390 Πνεῦμα
2531 1326 2585 1373 et
2615 1318 2944 1388 Πνεύματος,
2976 1318 3199 1371 ΟΥΝΟΣ
3231 1332 3330 1387 pro
3369 1317 3614 1386 οὐρανός,
3655 1311 3842 1367 ΑΠΟΣ

2273 1430 2371 1484 pro
2423 1405 2726 1486 ἄνθρώπος.
2781 1391 2893 1466 EA
2922 1419 2977 1465 et
3026 1393 3145 1464 iﬁK
3175 1426 3271 1481 pro
3299 1411 3538 1482 Ἰσραήλ,
3559 1391 3694 1462 ﬁ
3727 1423 3836 1478 pro

2274 1488 2795 1578 Ἰερουσαλήμ,ἷῆ
2826 1518 2926 1574 pro
2955 1502 3188 1574 πατέρα.
3216 1499 3320 1556 Ubi
3350 1516 3479 1556 vero
3513 1500 3685 1555 codex
3724 1513 3832 1553 ms.

2268 1582 2506 1648 discedit
2549 1609 2579 1648 a
2625 1593 2834 1664 vulgari
2890 1591 3168 1647 scribendi
3219 1589 3450 1653 ratione,
3487 1589 3593 1664 Avel
3640 1603 3839 1656 parum

2265 1690 2418 1739 recte
2438 1700 2497 1740 se
2517 1684 2701 1749 habet,
2725 1661 2930 1738 iveram
2966 1695 3031 1736 ac
3055 1681 3404 1758 usitatiorem
3429 1661 3706 1736 scribendi
3739 1694 3841 1733 ra-

3546 1203 3690 1216 _

3659 1295 3839 1306 ___—

620 1782 681 1820 ea
704 1765 937 1822 habetur
965 1768 1030 1822 de
1060 1768 1384 1834 eruditione,
1418 1769 1687 1826 industria
1716 1779 1769 1827 et
1801 1771 1903 1826 ﬁde
1932 1771 1994 1825 ι).
2026 1770 2176 1825 Junii
2205 1764 2246 1818 Β
2273 1776 2500 1838 tionem,
2531 1781 2590 1828 ut
2615 1783 2668 1828 et
2705 1767 3427 1838 lectiones,.emendationes
3467 1777 3521 1823 et
3551 1767 3842 1836 conjectu-

620 1857 762 1926 apud
807 1873 994 1912 onmcs
1043 1852 1207 1921 fama,
1258 1864 1316 1912 ut
1359 1858 1602 1916 eamdem
1646 1858 1956 1931 suspicione
1993 1859 2173 1932 aliqua

619 1948 966 2015 labelaetare,
991 1963 1099 2002 non
1129 1948 1349 2002 iucivile
1388 1949 1570 2016 modo,
1599 1950 1696 2007 sed
1735 1951 1982 2022 iniquum
2016 1967 2174 2022 pror-

620 2054 714 2092 sus
737 2039 1004 2122 videatur.
1044 2059 1066 2093 ι

686 2131 1009 2201 Αιρτειίωῐι
1034 2131 1195 2185 fuerit
1227 2140 1406 2203 opera:
1425 2134 1515 2189 hic
1558 2132 1612 2188 in
1641 2133 1876 2190 medium
1907 2133 2168 2203 proferre,

616 2237 736 2290 quae
769 2222 833 2276 de
871 2221 1100 2276 Juniana
1146 2223 1608 2278 Clementinarum
1654 2223 2021 2295 Epistolarum
2057 2226 2172 2279 edi-

615 2313 761 2365 tione
797 2310 948 2366 {uere
985 2311 1052 2366 ab
1088 2314 1207 2381 ipso
1234 2311 1437 2369 Grabio
1469 2314 1744 2368 adnotata.
1783 2313 1873 2368 Sic
1904 2322 2081 2368 autem
2111 2328 2171 2370 se

613 2400 811 2454 habent
832 2401 906 2473 (δ’)
936 2420 948 2456 :
975 2421 991 2453 ι
1021 2401 1151 2469 Qua:
1172 2419 1237 2458 ex
1254 2403 1543 2459 collatione
1561 2404 1687 2476 (ms.
1707 2404 1914 2460 codicis
1935 2403 2171 2460 Alexan-

611 2491 780 2561 drini“)
809 2495 1237 2550 emendationem
1271 2482 1534 2564 praebent,
1581 2496 1648 2550 ad
1689 2496 1803 2552 haec
1847 2496 1956 2552 fere
1993 2497 2169 2565 capita

609 2585 964 2639 reducuntur.
1011 2587 1052 2642 Ι.
1096 2585 1369 2641 Nonnulla
1405 2589 1461 2641 in
1486 2587 1648 2642 editis
1684 2588 2009 2644 omittuntur
2047 2603 2168 2658 quae

611 2677 666 2730 in
693 2687 979 2747 prototypo
996 2687 1233 2744 exstant,
1255 2687 1313 2734 ut
1339 2695 1406 2735 ex
1434 2680 1680 2736 versione
1707 2677 1899 2733 Latina
1926 2686 2162 2733 constat.

611 2767 676 2820 ll.
705 2766 857 2822 Haud
886 2784 1056 2839 pauca
1097 2770 1360 2825 vocabula
1389 2772 1587 2828 litteris
1629 2771 1870 2826 miniatis
1901 2770 2159 2836 eduntur,

609 2875 729 2927 quae
768 2860 822 2930 in
859 2860 1044 2915 codice
1080 2869 1329 2929 exstant;
1371 2862 1514 2933 quod
1544 2861 1746 2916 factum
1788 2878 1913 2918 esse
1941 2878 1972 2916 a
2004 2871 2165 2934 typo-

608 2949 772 3001 thetis
833 2950 1122 3004 verisimile
1177 2959 1278 3006 est.
1339 2951 1428 3005 ill.
1463 2952 1602 3005 Sunt
1628 2952 1770 3006 haud
1806 2967 1998 3021 pauca,
2043 2969 2164 3023 quae

609 3054 717 3092 non
762 3047 909 3094 recte
958 3043 1248 3110 exscripsit
1297 3042 1494 3097 editor.
1551 3040 1641 3098 IV.
1695 3041 1960 3096 Nonnulla
2007 3042 2164 3098 aliter

608 3127 809 3196 scripta
844 3139 990 3192 sunt,
1027 3147 1190 3201 quam
1226 3132 1404 3185 editor
1438 3134 1844 3201 repraesentavit
1875 3149 1940 3186 ex
1973 3133 2164 3200 singu-

609 3219 705 3272 lari
741 3222 971 3288 quadam
998 3224 1116 3291 ejus
1143 3225 1431 3293 opinione;
1458 3240 1563 3294 qua
1593 3226 1787 3294 adduci
1822 3242 1929 3280 non
1963 3226 2161 3294 potuit,

611 3321 666 3364 ut
705 3314 1051 3380 seriptionem
1086 3291 1318 3368 veterem
1366 3291 1522 3370 aliter
1549 3291 1847 3381 exhiberet,
1887 3291 2048 3386 quam
2079 3332 2164 3370 se-

605 3412 841 3465 cundum
874 3414 1143 3481 vulgarem
1181 3414 1455 3469 scribendi
1500 3432 1723 3470 morem.
1761 3415 1820 3470 ν.
1869 3415 2020 3486 Smpe
2042 3432 2163 3471 cum

606 3504 722 3572 ipse
751 3504 888 3556 male
916 3506 1286 3572 exscripserit,
1319 3507 1714 3560 correctionem
1747 3524 1812 3562 ex
1845 3508 2160 3576 conjectura

607 3592 752 3645 addit
794 3594 860 3645 ad
907 3594 1236 3662 marginem;
1281 3611 1400 3664 qua:
1436 3597 1704 3650 correctio
1737 3598 1788 3650 in
1833 3598 1949 3666 ipso
1975 3597 2162 3652 Codice

607 3686 888 3751 reperitur.
930 3707 946 3734 ι
985 3685 1255 3740 Hactenus
1289 3685 1544 3744 Grabius.
1593 3687 1800 3753 Quibus
1847 3689 2162 3758 ergo‘vitiis

606 3774 853 3827 laborant
891 3777 1154 3830 editiones
1199 3777 1364 3831 ferme
1399 3794 1611 3841 omnes,
1647 3787 1830 3848 utpote
1854 3795 1974 3849 quae
2010 3779 2161 3834 fuere

604 3863 672 3916 ad
718 3862 1004 3919 Junianam
1055 3879 1257 3921 exactm
1292 3888 1302 3920 :
1335 3869 1478 3938 quod
1526 3871 1743 3937 quidem
1774 3871 1973 3940 liquido
2013 3878 2160 3940 patet

601 3973 668 4009 ex
691 3955 1057 4022 Wottoniana,
1079 3959 1317 4012 omnium
1349 3961 1808 4015 emendatissima.

674 4046 796 4102 Haec
818 4048 982 4115 igitur
1007 4046 1474 4120 Cantabrigiensis
1493 4053 1629 4107 satis
1656 4053 1926 4109 luculenta
1950 4053 2158 4118 ἔκδυσις

602 4137 657 4188 in
701 4140 892 4206 vulghs
921 4141 1120 4207 prodiit
1149 4156 1292 4196 anno
1330 4142 1490 4208 1718,
1524 4159 1736 4198 summa
1782 4159 1913 4199 cura
1942 4143 2157 4207 iienrici

601 4225 844 4282 Wottoni
881 4223 1177 4287 elaborata.
1210 4230 1339 4286 Eam
1383 4236 1527 4289 enim
1556 4236 1700 4290 haud
1727 4237 1892 4291 semel
1934 4239 2156 4306 exigens

604 4315 665 4371 ν.
699 4317 760 4373 C.
796 4316 860 4372 ad
897 4318 1053 4373 (idem
1086 4337 1191 4377 ms.
1243 4323 1449 4379 codicis
1485 4325 1863 4389 Alexandrini,
1894 4323 2156 4382 adhibito

2273 1881 2362 1920 ras
2384 1864 2554 1929 Jun-ii,
2579 1858 2769 1927 Boisii,
2795 1862 3073 1927 Cotelerii,
3103 1859 3260 1927 Felli,
3285 1859 3579 1916 Colomesii
3610 1873 3675 1912 ac
3707 1856 3839 1913 Cle-

2268 1959 2404 2021 rici,
2475 1958 2616 2011 inter
2676 1957 2955 2011 variantes
3013 1953 3278 2009 lectiones
3335 1951 3515 2023 posui.
3575 1948 3844 2003 Plurimis

2270 2051 2433 2105 etiam
2473 2051 2526 2104 ln
2566 2048 2702 2104 locis
2729 2055 2936 2101 textum
2976 2043 3259 2102 emendavi
3297 2050 3352 2099 et
3388 2057 3501 2098 suae
3532 2040 3839 2110 integritati
3875 2073 3881 2078 -

2269 2140 2504 2204 restitui,
2536 2138 2627 2192 ubi
2665 2152 2856 2207 parum
2882 2144 3031 2191 recte
3063 2151 3091 2188 a
3111 2134 3276 2190 Junio
3302 2131 3737 2189 describebatur.
3762 2158 3843 2173 -—

2267 2229 2398 2296 Quae
2430 2243 2516 2284 me
2543 2229 2612 2282 ad
2638 2230 2778 2283 hanc
2798 2227 3092 2283 editionem
3127 2223 3533 2296 suscipiendam
3559 2223 3841 2293 praecipue

2267 2322 2616 2391 impulerunt,
2649 2317 2764 2372 haec
2804 2317 3064 2372 fuerunt:
3107 2331 3177 2370 ne
3234 2317 3450 2371 deesset
3495 2311 3840 2370 emendatior-

2267 2409 2438 2466 Graeci
2478 2418 2660 2464 textus
2683 2410 2870 2473 editio,
2913 2417 3001 2466 etc
3063 2428 3080 2462 ι
3119 2402 3272 2462 Hanc
3299 2413 3480 2462 autem
3516 2403 3835 2459 Woltonia-

2267 2517 2392 2556 nam
2415 2496 2732 2564 editionem,
2769 2500 3012 2554 omnium
3054 2498 3182 2553 licet
3205 2495 3705 2556 aceuratissimam,
3737 2493 3841 2562 qui

2265 2591 2522 2661 deinceps
2567 2590 2827 2660 epistolas
2867 2589 3240 2644 Clementinas
3291 2587 3438 2659 typis
3491 2584 3840 2640 excuderunt

2264 2685 2368 2738 viri
2429 2683 2655 2747 eruditi,
2708 2684 2753 2736 si
2812 2681 3146 2735 Riehardum
3177 2678 3491 2734 Russelium
3549 2677 3837 2746 excipias,

2265 2772 2572 2843 prieteriere
2601 2772 2991 2828 inconsultam.
3023 2770 3180 2836 Quod
3217 2769 3437 2840 quidem
3480 2769 3703 2833 mirum,
3745 2768 3837 2822 sin

2265 2864 2447 2919 minus
2479 2862 2547 2918 de
2572 2864 2815 2933 reliquis,
2848 2871 2902 2915 at
2920 2864 3112 2918 saltem
3131 2860 3197 2916 de
3219 2860 3435 2914 Clerico
3462 2860 3554 2929 qui
3584 2857 3838 2913 eamdem

2265 2971 2375 3025 pra:
2395 2955 2647 3008 manibus
2675 2954 2865 3007 habuit
2899 2973 2911 3008 :
2946 2968 3011 3007 ex
3039 2967 3104 3006 ea
3132 2952 3277 3006 enim
3311 2950 3629 3006 selectiores
3661 2947 3838 3001 Boisil

2265 3047 2644 3103 adnotationes
2671 3060 2700 3098 a
2724 3044 2986 3099 Wottono
3010 3053 3126 3098 tum
3157 3044 3391 3113 primum
3419 3041 3596 3096 editas
3619 3040 3834 3095 descri-

2267 3139 2396 3208 psit,
2429 3152 2566 3207 quas
2596 3137 2653 3190 in
2683 3135 2978 3190 secundam
3003 3131 3576 3185 Amstaalodamenscm
3601 3125 3834 3180 Patrum

2267 3230 2688 3300 apostolicorum
2714 3225 3006 3280 editionem
3021 3223 3416 3282 .Cotelerianam
3437 3218 3738 3274 transtulit.
3757 3218 3835 3270 At

2265 3335 2329 3374 eo
2357 3321 2409 3372 in
2434 3319 2626 3389 primis
2651 3318 2869 3373 nomine
2893 3316 3037 3368 illam
3067 3314 3291 3383 insuper
3320 3311 3576 3389 habuisse
3605 3307 3830 3364 videtur

2264 3383 2529 3472 Clericus,
2560 3409 2707 3481 quod
2731 3407 2907 3461 editor
2932 3404 3400 3474 Cantabrigiensis
3445 3383 3557 3455 tum
3588 3397 3833 3453 Eduardi

2264 3500 2524 3556 Bernardi
2557 3498 2771 3553 notulas
2809 3497 3010 3566 quibus
3040 3495 3294 3565 Epistolze
3331 3495 3354 3546 i
3387 3491 3673 3545 αὑθεντίαν
3709 3490 3824 3543 εἷεν

2266 3608 2390 3647 vare
2429 3603 2659 3646 conatus
2688 3599 2768 3644 est
2804 3588 3132 3645 exsulllarit.
3173 3594 3284 3638 tum
3333 3585 3619 3653 ipsummet
3650 3581 3827 3636 Cleri-

2262 3699 2385 3737 cum
2414 3682 2707 3736 identidem
2740 3681 2882 3733 haud
2931 3678 3204 3732 immerito
3234 3675 3536 3744 castigarit.

2333 3775 2777 3845 Quandoquidem
2816 3789 2944 3827 vero
2984 3772 3220 3826 Russelii
3259 3773 3466 3825 mentio
3515 3769 3728 3831 incidit,
3762 3767 3826 3819 il-

2246 3869 2351 3921 'iud
2378 3869 2606 3922 interest
2633 3866 2917 3928 adnotare,
2943 3864 3272 3918 industrium
3302 3862 3448 3916 hunc
3476 3861 3736 3914 editorem
3763 3858 3826 3911 in

2261 3959 2375 4015 suis
2409 3957 2632 4012 Patrum
2671 3956 3076 4025 apostolicorum
3113 3952 3351 4032 operibus
3380 3952 3638 4022 genuinis,
3675 3948 3826 4003 Lon-

2258 4049 2374 4104 dini
2408 4064 2548 4103 anno
2583 4047 2720 4101 i746
2770 4047 3057 4117 evulgatis,
3083 4043 3491 4100 Wottonianani
3522 4040 3823 4095 editionem

2258 4156 2368 4210 prae
2393 4141 2600 4195 caeteris
2624 4140 2726 4193 sibi
2752 4133 3081 4208 sequendam
3110 4137 3241 4205 jure
3262 4133 3559 4188 censuisse.
3597 4131 3700 4198 Qui
3765 4140 3824 4185 et

2260 4232 2327 4285 ad
2377 4233 2580 4286 calcem
2625 4229 2880 4285 secundae
2929 4229 3100 4300 partis
3156 4226 3512 4282 voluminisi
3559 4224 3822 4280 laudabili

2258 4322 2488 4375 consilio
2534 4321 2791 4391 pleraque
2851 4317 3087 4389 subjecit
3137 4319 3415 4388 adnotata,
3468 4332 3534 4372 ex
3590 4316 3824 4371 Joannis

599 4406 761 4460 etiam
799 4405 947 4462 Junii
976 4409 1119 4464 edito
1146 4427 1265 4466 cum
1290 4412 1480 4467 eodem
1519 4413 1705 4469 codice
1740 4430 1770 4468 a
1802 4414 1967 4470 Millio
1995 4425 2156 4486 atque
2189 4427 2228 4479 ί)
2261 4413 2411 4466 hiillii
2453 4415 2762 4482 apographo
2803 4419 3056 4465 accurate
3100 4409 3166 4463 ad
3197 4423 3298 4463 ms.
3345 4408 3550 4464 codicis
3584 4409 3823 4463 Alexan-

591 4499 630 4554 ἐι
661 4497 864 4553 Grabio
914 4501 1133 4566 collato,
1175 4502 1468 4560 Junianum
1511 4514 1716 4561 textum
1762 4521 1924 4577 quem
1974 4509 2156 4578 catteri

597 4598 832 4651 editores
878 4602 1006 4649 sunt
1045 4596 1240 4657 secuti,
1269 4597 1508 4667 octogies
1538 4595 1842 4654 emendavit
1869 4579 2150 4669 supplevit-~

597 4703 733 4757 quc;
775 4703 893 4756 quae
936 4702 1064 4741 vero
1111 4687 1336 4741 aberant
1377 4703 1405 4740 a
1439 4705 1542 4744 ms.
1577 4685 1892 4760 exemplari,
1925 4699 2087 4761 atque
2126 4707 2155 4745 a

595 4775 758 4830 Junio
794 4778 987 4832 litteris
1017 4777 1258 4833 miniatis
1288 4778 1734 4848 designabantur,
1766 4782 2155 4838 minutioribus

598 4869 740 4940 typis
770 4869 1128 4939 impriincnda
1168 4871 1398 4925 curavit.
1436 4870 1542 4925 Sed
1582 4881 1803 4941 praistat
1835 4872 2153 4929 Wottouum

593 4959 774 5032 ipsum
837 4961 1045 5025 audire,
1105 4951 1536 5030 qui-consilium
1585 4965 1935 5033 studiumque
1991 4981 2148 5018 suum

594 5053 648 5107 in
680 5053 780 5107 hac
804 5053 1039 5107 editione
1063 5052 1374 5114 adornanda
1400 5054 1550 5109 hisce
1572 5055 1752 5110 verbis
1778 5058 2000 5125 exponit
2027 5048 2108 5126 (6)
2137 5076 2147 5109 :

601 5167 616 5196 ι
657 5146 790 5198 Cum
825 5149 1061 5213 primum
1103 5161 1312 5199 mecum
1362 5146 1722 5202 decrevissem
1752 5149 2039 5203 editionem
2091 5147 2149 5204 S.

595 5239 888 5291 Clementis
915 5238 968 5290 in
1003 5252 1086 5291 me
1127 5239 1428 5308 suscipere,
1454 5236 1639 5292 Grabii
1672 5238 1930 5309 Milliique
1966 5255 2151 5294 exem-

595 5396 738 5519 ΜΝ)
794 5394 1096 5464 Prolegom.
1142 5397 1205 5449 ad
1264 5397 1399 5450 Bibl.
1461 5398 1764 5468 polyglott.,
1819 5406 1950 5452 Sect.
1999 5415 2073 5464 ix,
2120 5398 2145 5470 ᾗ

663 5511 909 5656 pud
933 5533 1167 5599 llussel.,
1193 5537 1321 5592 edit.
1349 5536 1679 5607 PP.Apost.,
1703 5544 1833 5591 tom.
1859 5536 1902 5601 i,
1924 5547 2059 5606 part.
2085 5548 2141 5606 ιἰ,

595 5621 643 5672 Ρ-
667 5621 1070 5743 ιΞῙΡῐῖιὊΙι-ευιιι.
1106 5678 1169 5730 ad
1207 5695 1342 5732 vers.
1368 5677 1654 5747 i..\'?\',t'ap.
1695 5688 1752 5740 Il,
1786 5675 1812 5748 ᾗ
1847 5677 1891 5732 l.

2259 4503 2402 4557 drini
2439 4502 2593 4557 ﬁdem
2632 4512 2826 4558 exacto
2868 4501 3185 4572 descripta:
3230 4514 3352 4569 quae
3385 4497 3606 4569 quidem
3646 4498 3820 4551 adno-

2258 4603 2368 4646 tata
2385 4593 2697 4647 W0ltonum
2725 4594 3160 4663 praetermisisse,
3179 4581 3442 4661 quamvis
3469 4597 3522 4644 et
3546 4590 3661 4659 ipse
3693 4605 3823 4659 apo-

2257 4686 2516 4753 graplium
2577 4685 2875 4737 lliillianum
2933 4684 3036 4738 sibi
3095 4695 3446 4751 comparasse
3497 4689 3818 4744 assereret,

2256 4779 2422 4830 miror
2452 4791 2762 4842 enimvero;
2794 4791 2858 4828 eo
2898 4775 2982 4828 vel
3019 4775 3255 4827 maxime
3283 4773 3427 4844 quod
3462 4772 3724 4825 nonnulla
3758 4773 3818 4826 in

2258 4867 2322 4921 iis
2354 4867 2713 4935 reperiantur,
2751 4867 2950 4936 quibus
2979 4879 3043 4919 ex
3086 4865 3276 4918 eodem
3304 4879 3407 4917 ms.
3437 4861 3818 4917 vetustissimo

2255 4957 2500 5010 codicum
2557 4957 2823 5018 editorum
2887 4955 3048 5009 lectio
3103 4955 3307 5023 passim
3369 4954 3632 5020 exactior,
3694 4953 3819 5004 red-

2254 5046 2417 5100 ditur.

2324 5137 2503 5207 Neque
2532 5153 2692 5206 porro
2714 5137 2844 5191 illud
2876 5137 3417 5207 pnetermittendum,
3444 5135 3506 5189 V.
3531 5133 3590 5189 C.
3616 5131 3815 5187 Joanni

2251 5225 2524 5283 Ludovico
2563 5227 2718 5298 Frey,
2748 5230 2837 5299 qui
2872 5244 3012 5284 anno
3066 5228 3203 5283 me
3248 5227 3516 5296 Epistolas
3586 5227 3808 5279 Parrum

2320 5383 2394 5454 (5)
2425 5383 2652 5454 Prml'at.
2681 5384 2745 5435 ad
2786 5383 2947 5450 epist.
2980 5383 3212 5454 lClem.,
3244 5386 3372 5440 edit.
3401 5384 3601 5446 Oxon.,
3647 5383 3806 5436 1509.

2415 5457 2568 5524 Apud
2590 5453 2902 5507 Wottonum
2943 5452 3008 5505 ad
3037 5457 3238 5509 calcem
3268 5456 3425 5524 epist.
3455 5454 3648 5516 Clcm.,
3684 5471 3805 5522 pug.

2251 5521 2375 5581 lOQ.

2319 5596 2393 5665 (6)
2423 5589 2665 5658 Prmfat.,
2700 5611 2752 5662 p.
2778 5607 2936 5646 ccvu.
