4046 6326
156 369 216 425 89
1430 353 1694 416 PROQ“
1701 350 1771 409 1A
1806 352 2194 412 YARlORUM.
3284 351 3358 406 80

155 481 555 552 apostolicorum
580 482 721 556 typis
750 481 1152 539 Basileenslbus
1167 470 1700 550 consignavit,Wot-
1731 475 1781 531 Α
1805 484 1994 525 carum
2059 471 2285 526 latebris
2343 469 2728 541 delitesceret.
2763 467 3074 524 Summaria
3121 466 3357 535 denique

153 575 431 629 tonianum
468 577 769 646 exemplar,
811 575 956 646 quod
996 574 1214 644 quidem
1253 570 1567 641 exoptabat,
1614 566 1701 622 vl-

152 665 275 721 dere
304 673 420 720 tum
442 667 658 721 demum
689 667 908 722 licuisse
926 707 940 731 ,
975 681 1096 720 cum
1124 667 1236 736 jam
1262 662 1492 734 epistola
1516 662 1541 715 l
1582 657 1705 714 Cle—

151 757 346 812 mentis
379 772 410 812 e
447 757 598 826 prelo
624 759 884 814 evasisset
917 776 930 812 :
965 764 1024 811 ut
1060 755 1286 826 proinde
1324 753 1689 824 posteriorem

151 845 524 900 tantummodo
550 845 713 915 paulo
740 844 1169 899 emendatiorem
1198 839 1525 897 exhibuerit.
1557 839 1704 907 Qua-

149 935 472 1007 lemcunque
505 946 685 1008 tamen
717 936 878 1007 hujus
897 936 1158 993 editionis
1188 933 1469 1006 Freya'nae,
1499 929 1702 999 alioqui

152 1027 284 1082 satis
301 1029 506 1092 nitidae,
540 1027 807 1083 defectum
829 1028 1079 1099 supplere
1103 1027 1328 1081 adnisus
1356 1030 1439 1080 est
1464 1024 1549 1078 vir
1576 1035 1704 1077 eru-

152 1117 299 1173 ditus
335 1119 603 1174 Antonius
627 1117 836 1174 Birrius
867 1118 924 1172 in
952 1117 1158 1188 publica
1182 1115 1491 1186 Specimins,
1519 1112 1702 1168 itidem

152 1206 374 1265 Basileae
405 1210 558 1264 anno
588 1211 728 1265 1744
772 1211 942 1275 edito,
983 1217 1144 1280 atque
1181 1207 1514 1278 coniecturis
1559 1203 1703 1260 haud

1801 565 1978 634 capita
2025 579 2057 620 e
2096 564 2457 621 Coutantiana
2488 570 2542 620 et
2570 561 2813 636 Freyana
2851 561 3186 618 editionibus
3231 576 3358 618 con-

1801 665 1949 712 texta
1970 657 2323 726 subiecimus.

1871 749 1938 804 ll.
1969 747 2088 803 Jam
2116 764 2266 812 vero,
2299 757 2359 804 ut
2389 747 2457 803 de
2492 747 2683 801 harum
2721 745 3071 815 epistolarum
3095 752 3360 814 prastan-

1802 840 1877 895 tia
1908 847 1964 896 et
1990 841 2303 895 sinceritate
2329 840 2684 901 disseramus,
2716 837 3068 894 celeberrima
3091 843 3197 895 est.
3212 835 3358 906 quod

1803 949 1992 991 omnes
2019 933 2213 988 eruditi
2245 941 2466 1000 norunt,
2499 947 2620 1002 qua:
2661 932 2811 1001 prior
2839 929 3137 986 Corinthiis
3161 929 3359 984 inscri-

1803 1028 1949 1084 bitur
1973 1046 1987 1083 :
2029 1026 2349 1096 Ἱκανωτάτη
2379 1024 2559 1095 γραφὴ
2587 1023 2726 1078 dicta
2751 1021 2808 1077 S.
2825 1020 3358 1092 1τεηκο,’Έπιστολὴ

1806 1115 2013 1186 μεγάλη
2069 1131 2128 1167 τε
2183 1115 2276 1167 καὶ
2322 1114 2596 1184 θαυμασία
2654 1111 2888 1167 Eusebio
2935 1132 2951 1167 :
3010 1119 3173 1182 atque
3223 1112 3365 1166 adeo

1804 1213 2012 1259 tantum
2039 1219 2147 1258 non
2170 1204 2456 1268 canonica,
2499 1219 2616 1258 eam
2642 1203 2806 1275 apud
2838 1218 3028 1258 omnes
3058 1203 3361 1258 auctorita-

150 1301 482 1368 ptenitendis
507 1302 573 1355 ad
600 1311 807 1356 textum
835 1302 1232 1356 Clementinum
1267 1299 1521 1356 editionis
1548 1296 1708 1350 Wot-
1802 1305 1910 1353 tem
1943 1298 2194 1362 obtinuit,
2255 1303 2314 1350 ut
2353 1295 2577 1366 perinde
2625 1310 2687 1350 ac
2720 1295 2940 1365 reliquae
2989 1296 3358 1365 apostolorum

151 1394 387 1447 tonianaa
404 1393 632 1449 ulterius
647 1391 822 1448 adhuc
847 1392 1233 1462 detergendum
1261 1391 1486 1446 referto.
1526 1386 1710 1456 Hujus"
1803 1389 2077 1462 Epistolas,
2095 1389 2310 1459 publice
2350 1389 2617 1458 aliquibus
2647 1388 2702 1441 in
2730 1386 2975 1443 ecclesiis
3006 1387 3144 1441 lecta
3175 1383 3354 1442 fuerit:

151 1475 328 1536 autem
384 1483 709 1557 Speciminis
757 1482 991 1537 Birriani
1020 1481 1299 1553 exemplar
1325 1494 1451 1536 cum
1495 1480 1702 1535 frustra
1802 1482 1946 1553 quod
2018 1482 2234 1552 quidem
2312 1487 2509 1551 praeter
2573 1479 2908 1545 Eusebium,
2971 1477 3357 1550 Hieronymum

148 1577 241 1630 diu
279 1577 755 1646 conquisivissem,
785 1588 999 1632 summo
1023 1575 1147 1630 licet
1180 1573 1360 1630 studio
1381 1573 1699 1645 expetitum,

125 1669 257 1740 ¹νς)ιὶ
290 1667 505 1723 tandem
537 1677 838 1739 compotem
869 1684 957 1723 me
986 1667 1114 1723 fecit
1143 1667 1225 1722 vir
1252 1667 1548 1723 liberaliter
1576 1681 1704 1722 eruv-

146 1758 294 1813 ditus
315 1756 524 1829 Gaspar
554 1758 991 1830 Hagenbuchius,
1018 1775 1048 1812 a
1082 1775 1191 1832 quo
1225 1763 1334 1815 una
1359 1773 1482 1814 cum
1501 1758 1701 1813 litteris

146 1847 502 1904 humanitatis
538 1853 593 1905 et
630 1849 790 1903 cilicii
821 1850 1152 1920 plenissimis
1192 1847 1392 1907 Turico
1440 1845 1703 1905 Helvetio-

145 1953 268 1992 rum
304 1939 449 1994 dono
491 1938 843 2010 illudiaccepi
881 1960 897 1996 :
941 1955 1051 2011 quo
1080 1941 1298 2012 quidem
1329 1941 1548 1996 nomine
1586 1942 1703 1994 viro

143 2031 351 2107 optimo
375 2025 578 2101 gratias
621 2044 722 2100 ago
760 2038 814 2086 et
842 2031 1036 2086 habeo.

219 2121 319 2177 His
349 2124 529 2192 itaque
560 2123 789 2192 aliisque
827 2121 1088 2179 subsidiis
1129 2122 1450 2188 instructus,
1488 2121 1555 2175 ad
1583 2134 1702 2175 eam

143 2229 310 2284 quam
347 2215 438 2268 hic
492 2214 709 2285 profero
757 2200 1051 2270 editionem
1084 2213 1378 2289 parandam
1421 2212 1699 2268 elaboran~

143 2307 382 2376 damque
408 2320 494 2360 me
521 2305 724 2361 contuli
753 2323 764 2358 ε
794 2321 901 2376 quo
922 2305 1141 2376 quidem
1172 2306 1229 2360 in
1250 2318 1413 2375 Opere
1439 2309 1700 2374 quantum

143 2396 426 2452 industriae
454 2411 517 2450 ac
555 2397 721 2451 studii
751 2395 1120 2460 adhibuerim,
1159 2395 1389 2452 aliorum
1418 2392 1704 2463 estojudi-

143 2487 311 2544 cium.
359 2485 495 2541 Illud
537 2502 672 2542 sane
716 2486 983 2542 allirmare
1019 2488 1218 2550 ausim,
1249 2484 1543 2558 Clementis
1575 2483 1706 2554 Epi~

141 2578 317 2632 stolas
359 2578 424 2632 ad
468 2567 784 2633 Corinthios
821 2593 968 2632 nunc
1016 2577 1234 2633 demum
1280 2576 1498 2646 prodire
1534 2574 1706 2629 multo

141 2669 541 2739 castigatiores,
574 2686 736 2740 quam
767 2669 1032 2725 hactenus
1065 2668 1215 2724 fuere
1242 2668 1298 2722 in
1321 2668 1518 2737 vulgus
1542 2665 1708 2723 emis-

139 2773 216 2812 sa:
251 2778 264 2812 :
297 2766 377 2812 tot
417 2760 562 2814 enim
606 2759 724 2814 loca
773 2767 902 2815 sunt
934 2759 1204 2825 restituta,
1249 2767 1329 2815 tot
1365 2753 1703 2829 mendas'ub-

141 2848 294 2910 lata;
352 2855 411 2902 ut
446 2856 734 2920 perpauca,
768 2851 816 2904 si
845 2867 953 2921 qua
982 2857 1131 2915 sunt,
1162 2849 1338 2904 adhuc
1367 2845 1706 2922 emendanda

140 2953 432 3008 superesse
485 2940 790 2997 videantur.
845 2938 983 2995 Cum
1043 2956 1170 2996 vero
1228 2944 1284 2995 ln
1331 2948 1480 2995 textu
1517 2935 1706 2994 Graeco

137 3031 504 3086 emaculando
547 3047 757 3086 summa
788 3048 912 3086 cum
953 3033 1113 3090 laude
1156 3047 1266 3102 pra:
1294 3030 1546 3086 omnibus
1574 3045 1699 3085 ver-

1803 1577 2050 1646 aliosque
2078 1585 2288 1630 veteres
2311 1575 2634 1644 scriptores,
2660 1581 2890 1628 testatur
2926 1573 3201 1642 antiquior
3232 1570 3363 1625 Dio-

1802 1669 1993 1740 nysius
2051 1665 2458 1723 Corinthiorum
2524 1665 2815 1735 episcOpus
2892 1662 2989 1734 (8).
3038 1663 3162 1718 llaec
3229 1677 3363 1718 sane

1804 1759 2043 1827 priscum
2100 1755 2370 1828 Evangelii
2431 1756 2670 1825 vigorem
2725 1755 2936 1825 spirat:
2983 1755 3156 1826 stylus
3196 1768 3359 1824 quam

1807 1849 2049 1920 proxime
2079 1848 2144 1902 ad
2165 1848 2371 1902 Novum
2404 1845 2811 1903 Testamentum
2843 1846 3089 1901 accedit:
3117 1859 3206 1901 res
3241 1860 3363 1899 ver-

1803 1941 1980 2010 baque
2009 1939 2126 2008 ipsa
2158 1938 2442 2008 desumpta
2472 1939 2527 1993 in
2551 1939 2742 2008 primis
2780 1956 2847 1998 ex
2890 1938 3148 2010 Epistolis
3176 1927 3361 1990 Pauli-

1803 2031 1931 2084 nis:
1974 2029 2207 2099 denique
2249 2030 2384 2084 nihil
2433 2029 2546 2086 fere
2596 2032 2746 2086 inea
2803 2031 3031 2102 reperiri
3068 2029 3359 2100 contingit,

1779 2107 1946 2212 .quod
1976 2121 2229 2193 primmva
2284 2123 2561 2178 nascentis
2592 2120 2847 2179 Ecclesiae
2891 2118 3221 2178 incunabula
3247 2134 3361 2198 non

1799 2211 2038 2276 referat,
2081 2207 2323 2281 nihilque
2384 2212 2529 2281 quod
2576 2213 2751 2268 virum
2781 2212 2956 2284 .plane
3002 2213 3358 2286 apostolicum

1799 2316 1906 2354 non
1935 2302 2167 2357 maxime
2186 2301 2395 2358 deceat.

1868 2393 1942 2447 At
1968 2394 2218 2462 quamvis
2247 2394 2558 2463 hujusmodi
2605 2395 2975 2461 venerandum
3024 2410 3196 2452 sacrae
3220 2397 3366 2450 anti-

1802 2486 2029 2556 quitatis
2056 2495 2466 2542 monumentum
2505 2501 2533 2541 a
2564 2487 2839 2559 plerisque
2862 2488 3091 2545 vetustis
3117 2483 3381 2559 locupleo"

1801 2579 2030 2633 tissimis
2061 2579 2292 2635 testibus
2331 2594 2473 2650 quos
2515 2580 2689 2637 eidem
2725 2580 3116 2650 praemisimus,
3159 2595 3383 2650 usque»

1805 2680 2022 2736 quaque
2057 2674 2370 2736 astruatur;
2422 2675 2605 2738 atque,
2656 2667 2817 2722 simul
2879 2684 2943 2722 ac
2985 2685 3053 2724 ex
3104 2667 3362 2738 antiquis-

1805 2755 1944 2836 εἰ,ωο
1984 2771 2088 2811 ms.
2127 2757 2316 2814 codice
2360 2753 2728 2815 Alexandrino
2772 2759 2907 2816 illud
2955 2764 3010 2815 in
3054 2760 3231 2816 lucem
3263 2761 3366 2815 fuit

1803 2848 2032 2913 editum,
2081 2862 2292 2902 summo
2325 2849 2660 2906 eruditorum
2708 2850 2879 2910 ferme
2933 2851 3176 2906 omnium
3230 2865 3364 2907 c0n-

1804 2956 1989 3005 sensu,
2018 2941 2288 2996 sincerum
2316 2943 2536 2997 omnino
2563 2951 3044 3015 quantumcunque
3071 2952 3176 3008 est,
3208 2945 3366 3012 agni-

1801 3037 1915 3083 tum
1944 3029 2126 3094 luerit,
2185 3039 2462 3101 receptum
2517 3033 3074 3104 comprobatumque:
3129 3049 3240 3087 non
3269 3035 3364 3090 de-

137 3132 295 3177 satus
323 3123 496 3178 fuisse
538 3124 785 3179 videatur
811 3123 1077 3180 Henricus
1102 3123 1413 3188 Wottonus,
1447 3124 1703 3180 solertem
1731 3130 1773 3189 ε
1808 3120 1955 3176 fuere
1985 3131 2166 3176 tamen
2194 3123 2298 3178 hoc
2327 3130 2379 3177 et
2411 3125 2690 3194 superiore
2711 3125 2910 3180 smculo
2929 3164 2946 3190 ,
2989 3124 3082 3195 qui
3111 3125 3362 3180 vitiatum

139 3213 288 3269 hunc
329 3214 589 3269 editorem
630 3215 798 3272 ferme
851 3217 1049 3287 ubique
1094 3231 1214 3271 sum
1265 3221 1568 3271 assectatus
1600 3228 1701 3269 :ea

135 3312 322 3360 tamen
363 3305 602 3358 adhibita
637 3307 866 3369 ratione,
898 3313 956 3361 ut
1000 3305 1260 3369 nonnulla
1290 3305 1616 3378 quandoque
1645 3303 1700 3358 in

137 3393 290 3450 notis
321 3393 646 3463 subiecerint
693 3411 759 3451 ex
809 3396 960 3451 ΜΗϋὶ
1015 3398 1314 3467 praesertim
1366 3394 1696 3466 apographo,

140 3502 264 3555 qua
286 3488 366 3541 vel
391 3487 568 3556 ipsum
589 3487 850 3543 editorein
882 3488 1387 3559 Cantabrigiensem
1414 3488 1693 3557 fugerunt,

137 3588 198 3633 ut
240 3572 397 3633 modo
431 3578 725 3648 praamonui
751 3597 766 3645 ;
798 3581 929 3649 quin
959 3581 1089 3635 etin
1121 3581 1355 3636 medium
1379 3580 1697 3651 protulerim

138 3671 348 3740 aliquot
390 3671 630 3725 virorum
651 3671 991 3726 eruditorum
1016 3672 1389 3741 conjecturas,
1423 3671 1699 3727 Birrianas

138 3762 194 3816 in
219 3762 435 3830 primis,
466 3777 584 3829 qua:
616 3761 680 3815 ad
718 3776 900 3816 veram
936 3764 1222 3817 lectionem
1259 3763 1576 3826 eruendam,
1606 3761 1700 3816 ubi

137 3861 321 3908 textus
363 3853 583 3916 defecit,
625 3854 848 3923 propius
877 3853 1172 3910 accessisse
1194 3856 1321 3912 vise
1349 3863 1495 3909 sunt.
1528 3852 1699 3907 Inter-

138 3946 504 4018 pretationem
547 3945 808 3999 Cotelerii
851 3961 881 3998 a
921 3942 1212 4002 Ceutantio
1250 3947 1576 4000 recensitam
1606 3959 1698 3998 re-

138 4038 300 4101 tinui,
349 4036 455 4091 nisi
492 4036 649 4090 aliter
672 4036 906 4090 suaserit
943 4038 1185 4092 exactior
1225 4036 1432 4092 codicis
1467 4037 1700 4091 Alexan-

137 4127 285 4182 drini
318 4127 560 4191 collatio,
593 4141 621 4178 a
647 4123 906 4181 Wottono
921 4136 974 4182 et
1002 4127 1169 4184 Millio
1197 4130 1445 4186 instituta
1473 4148 1488 4197 ;
1521 4129 1698 4184 sicubi

134 4220 284 4275 enim
332 4233 396 4271 ex
446 4217 549 4272 ﬁde
589 4233 692 4272 ms.
733 4219 893 4272 lectio
922 4218 1137 4288 vulgata
1189 4220 1533 4275 reformanda
1564 4220 1688 4287 fuit,

136 4309 518 4378 interpretatio
541 4313 760 4378 quoque
797 4317 856 4362 ut
895 4309 962 4362 ad
998 4318 1201 4364 textum
1229 4309 1479 4366 Crassum
1518 4314 1698 4380 exige—

136 4405 289 4453 retur
310 4397 570 4467 oportuit.
603 4397 820 4462 Adhzec,
844 4396 1095 4453 Veterum
1121 4401 1433 4456 testimonia
1459 4401 1693 4470 prasmisi

133 4505 201 4542 ex
242 4486 584 4542 Coteleriana
636 4488 874 4542 editione
914 4487 1232 4558 desumpta;
1287 4491 1483 4559 quibus
1513 4497 1693 4543 tamen

135 4580 244 4631 alia
276 4579 534 4632 nonnulla
571 4580 796 4642 intexui,
829 4580 1038 4633 caeteris
1072 4591 1165 4633 aut
1198 4585 1561 4651 praetermissa
1603 4591 1692 4637 aut

133 4671 332 4723 invisa.
380 4668 700 4743 Fragmenta
748 4671 872 4726 item
915 4670 1252 4726 Clemenlina
1284 4673 1477 4743 adjeci,
1512 4691 1576 4729 ex
1626 4676 1694 4730 iis

131 4761 482 4830 potissimum
530 4762 694 4829 petita
743 4777 863 4831 quae
906 4759 1228 4818 Coutantius
1270 4767 1547 4835 congessit
1585 4786 1595 4820 :
1639 4776 1692 4820 at

132 4856 316 4908 locum
357 4850 656 4906 lrenaicum
714 4853 782 4906 ab
836 4852 954 4922 ipso
983 4838 1270 4909 recitatum
1316 4859 1494 4924 omisi,
1527 4875 1686 4928 quem

131 4945 320 5014 potius
374 4944 513 4996 inter
557 4943 868 4998 testimonia
911 4943 1251 5000 referendum
1286 4951 1505 5017 censui;
1542 4953 1595 5005 in
1627 4968 1691 5007 eo

129 5049 372 5102 namque
404 5049 507 5087 non
557 5032 762 5102 aliquid
790 5036 934 5097 novi,
985 5035 1078 5088 sed
1121 5045 1328 5111 tantum
1371 5039 1627 5109 Epistolis
1672 5044 1688 5096 l

130 5126 399 5196 synopsin
433 5125 665 5179 Irenaaus
686 5126 994 5182 exhibuisse
1019 5128 1348 5197 perhibetur,
1385 5140 1443 5184 ut
1475 5134 1691 5188 cuilibet

128 5215 422 5284 diligenter
451 5216 748 5270 attendenti
771 5228 1105 5288 compertum
1133 5220 1219 5274 fiet
1256 5241 1266 5275 :
1301 5223 1445 5291 quod
1474 5226 1688 5293 quidem

128 5322 333 5375 magno
364 5305 616 5363 Ecclesiae
638 5311 912 5364 annalium
944 5312 1150 5380 parenti
1172 5311 1492 5382 jampridem
1525 5315 1690 5368 subo-

130 5400 234 5452 luit
266 5397 370 5468 (7),
397 5414 518 5454 cum
549 5400 730 5454 adhuc
759 5400 1051 5456 Clementis
1082 5410 1260 5458 textus
1301 5404 1355 5457 in
1401 5405 1688 5460 bibliothe-

196 5552 274 5620 (7)
317 5551 539 5624 Ιξποηη
566 5556 630 5608 ad
657 5571 782 5611 ann.
808 5558 895 5624 95,
917 5575 1061 5613 num.
1095 5560 1146 5614 2.

122 5621 552 5748 Μ’(διὶν
617 5621 891 5682 (ῖογὶιλιιιιξ
925 5631 1066 5699 aPUd
1122 5631 1318 5686 Euseb.
1367 5631 1501 5689 Hist.
1557 5637 1680 5690 εστι.

144 5724 218 5744 ιι).
258 5724 331 5757 II,
358 5724 403 5747 ι.
436 5724 517 5748 εἰν-1-

1804 3214 1944 3268 idem
2002 3201 2244 3285 mireque
2296 3208 2681 3286 interpolatum
2727 3217 3011 3273 obﬁrmate
3066 3219 3362 3273 contende-

1803 3306 1934 3364 rint.
1971 3306 2077 3363 Eos
2133 3308 2275 3364 inter
2316 3310 2517 3378 primas
2544 3317 2688 3364 tenet
2718 3308 3004 3365 Eduardus
3028 3304 3360 3373 Bernardus,

1803 3401 1960 3470 cujus
2002 3403 2201 3456 notulm
2254 3401 2309 3455 in
2356 3409 2585 3472 utraque
2612 3398 3117 3458 Amstaelodamensi
3159 3403 3364 3458 Cotele«

1804 3493 1959 3546 riana
1987 3489 2208 3546 Patrum
2261 3493 2682 3562 apostolicorum
2713 3493 2951 3550 editione
3000 3501 3357 3563 comparent:

1801 3569 2002 3653 quibus
2038 3585 2291 3638 nimirum
2326 3585 2378 3637 in
2415 3584 2468 3638 id
2503 3585 2686 3654 operis
2727 3584 3070 3655 potissimum
3098 3584 3242 3638 omni
3265 3585 3361 3638 ad-

1802 3675 1971 3728 hibito
2015 3682 2213 3728 conatu
2277 3674 2540 3730 incumbit
2606 3675 2690 3727 vir
2747 3673 3172 3752 κβοιτικώτατοςλ
3251 3690 3361 3742 quo

1804 3767 1940 3819 hanc
1967 3767 2251 3836 epistolam
2285 3782 2314 3818 a
2370 3767 2532 3835 plano
2575 3766 2820 3835 improbo
2858 3767 3055 3819 misere
3092 3765 3358 3819 foedatam

1802 3856 2045 3918 suadeat,
2070 3855 2161 3924 qui
2182 3857 2444 3909 Clementi
2481 3854 2724 3908 Romano
2769 3839 3080 3909 innumeras
3113 3854 3361 3909 Clemen-

1800 3949 1871 4008 tis
1898 3948 2248 4002 Alexandrini
2272 3936 2498 4002 laeinias
2523 3949 2784 4003 adsuerit.
2820 3943 3121 4004 Severioris
3177 3960 3356 4003 autem

1800 4041 1963 4108 hujus
1985 4042 2161 4095 critici
2191 4042 2390 4111 placita
2424 4041 2620 4096 Joanni
2650 4041 2855 4095 Clericr
2928 4042 3206 4110 ‘erumque
3231 4057 3360 4111 pro-

1800 4131 2018 4198 bantur,
2049 4133 2139 4201 qui
2164 4149 2226 4186 ea
2255 4134 2461 4202 primus
2497 4133 2548 4185 in
2583 4131 2773 4202 vulgus
2816 4134 3013 4186 emisit.
3059 4131 3359 4202 Utrumque

1798 4238 1984 4293 porro,
2020 4225 2115 4278 sed
2153 4224 2486 4277 Bernardum
2520 4228 2842 4294 praesertim,
2880 4224 3052 4279 solide
3101 4223 3357 4278 refutavit

1801 4318 2051 4372 laudatus
2082 4317 2346 4372 Henricus
2382 4316 2670 4371 Wottonus
2695 4319 2746 4371 in
2781 4316 2925 4372 notis
2953 4315 3019 4370 ad
3059 4315 3357 4369 Clementi--

1799 4424 1899 4463 nas
1955 4409 2235 4478 epistolas,
2282 4424 2510 4478 quarum
2556 4408 2846 4462 editionem
2898 4422 2963 4461 eo
3011 4406 3354 4475 potissimum

1801 4503 2019 4558 nomine
2050 4518 2080 4556 a
2111 4518 2166 4557 se
2188 4504 2503 4557 adornatam
2538 4501 2820 4572 proﬁtetur
2840 4500 2938 4573 (9).
2972 4498 3170 4556 Verum
3209 4499 3355 4553 haud

1798 4596 1976 4666 pigeat
2006 4595 2295 4663 ipsummet
2350 4594 2815 4648 accuratissimum
2865 4592 3125 4646 editorem
3158 4591 3258 4643 hac
3288 4591 3356 4644 de

1798 4703 1854 4740 re
1888 4687 2243 4740 disserentem
2296 4682 2486 4738 audire
2535 4684 2679 4754 (10):
2746 4701 2762 4732 ‹
2802 4682 2945 4734 irriti
2975 4691 3121 4744 sunt,
3156 4680 3350 4749 inquit,

1797 4775 1958 4843 hujus
1989 4774 2293 4844 (Bcrnardi)
2341 4781 2607 4839 conatus;
2642 4774 2732 4841 qui
2767 4775 2909 4826 enim
2943 4773 3045 4826 hoc
3088 4760 3258 4824 modo
3286 4787 3354 4826 ex

1794 4867 2069 4920 Clemente
2101 4864 2468 4919 Alexandrino
2507 4866 2702 4933 arguit,
2744 4874 2835 4918 aut
2876 4881 2998 4920 eum
3048 4880 3155 4916 non
3187 4863 3354 4932 probe

1795 4958 1964 5019 novit,
2011 4966 2104 5009 aut
2147 4957 2285 5009 mala
2337 4958 2440 5010 ﬁde
2482 4957 2592 5025 agit
2633 4974 2646 5009 :
2705 4955 2893 5010 eadem
2941 4955 3082 5010 enim
3142 4954 3355 5007 ratione

1795 5059 1974 5103 actum
2005 5051 2105 5103 erit
2137 5051 2203 5104 de
2236 5050 2515 5103 authentia
2546 5061 2597 5102 et
2623 5051 2937 5127 Mororum
2969 5048 3234 5111 omnium,
3259 5049 3353 5116 qui

1793 5158 1822 5197 a
1868 5143 2142 5198 Clemente
2199 5142 2568 5196 Alexandrino
2619 5157 2845 5210 usquam
2889 5132 3166 5204 'citantur,
3212 5140 3354 5195 scri-

1793 5243 2027 5302 ptorum.
2046 5233 2212 5287 Nemo
2235 5236 2376 5288 enim
2395 5234 2613 5287 Patrum
2639 5235 2830 5302 majori
2862 5235 3076 5288 licentia
3105 5242 3182 5287 est
3219 5247 3349 5287 usus

1791 5324 1845 5378 in
1880 5323 2112 5376 citandis
2139 5324 2474 5381 auctoribus.
2494 5325 2605 5377 sive
2631 5325 2800 5378 sacris
2824 5325 2935 5378 sive
2957 5323 3348 5391 ethnicis;cum

1790 5414 1836 5467 ei
1870 5414 1922 5466 in
1957 5429 2105 5467 more
2134 5415 2221 5471 sit,
2257 5430 2364 5470 non
2391 5416 2594 5484 integra
2626 5422 2906 5468 auctorum
2939 5416 3100 5469 verba
3136 5428 3345 5482 semper

1862 5569 1962 5641 (9)Δ
1994 5567 2204 5641 Prmfat.
2227 5573 2561 5626 adClement.
2599 5569 2791 5638 Epist,
2840 5589 2893 5641 p.
2919 5572 3043 5627 307.

1789 5639 1971 5763 ὦ000)
2034 5639 2088 5693 in
2139 5650 2248 5692 not.
2307 5642 2370 5692 ad
2425 5642 2592 5694 Clem.
2649 5639 2939 5712 Epistfl,
2991 5659 3111 5714 cap.
3168 5643 3237 5705 9,
3291 5661 3327 5714 ρ
