4054 6320
716 460 782 520 at
1834 458 1925 513 an
1964 457 2024 514 s.
2059 443 2481 515 cssumrsu
2514 432 2804 519 IAPAPAM
3856 450 3929 509 sa

718 571 985 641 recitare;
1025 571 1123 628 sed
1176 584 1276 642 pro
1317 572 1545 628 arbitrio
1599 585 1699 629 suo
1747 588 1892 627 nunc
1924 573 2265 637 contrahere,
2296 573 2347 634 Δ
2370 570 2514 627 drini
2544 560 2608 627 ex
2643 586 2752 642 quo
2776 571 3110 649 descriptum
3136 576 3220 626 est
3273 568 3596 640 pretiosum
3627 566 3759 623 illud
3811 583 3929 621 aut.

718 675 866 717 nunc
894 660 962 724 de
1012 676 1131 721 suo.
1160 662 1435 728 inserere,
1496 662 1602 719 alia
1643 665 1917 728 omittere,
1965 663 2073 718 alia
2099 662 2267 718 variis

720 751 898 807 modis
952 759 1183 809 mutare.
1240 746 1312 795 4-—
1352 754 1411 809 Si
1456 754 1524 810 ad
1596 754 1712 810 haec
1760 754 1950 811 sedulo
1995 754 2265 819 attendas,

723 853 1010 909 agnowes,
1033 840 1121 913 pie
1137 841 1351 910 Lector,
1375 857 1612 909 mecum,
1651 858 1717 901 ex
1744 844 2113 903 Alexandrino
2158 859 2267 898 non

715 929 1102 999 mterpolatam
1148 930 1348 997 .fuisse,
1392 920 1557 989 toties
1604 934 1672 988 ab
1730 933 1971 993 Ecclesia
2016 933 2268 1004 primaeva

720 1019 1047 1093 celebratam
1080 1022 1350 1086 laudibus,
1375 1023 1482 1077 imo
1506 1034 1561 1078 et
1602 1037 1726 1078 cum
1773 1023 1945 1080 sacris
1972 1021 2269 1094 Scripturis

720 1109 933 1179 publice
960 1110 1151 1167 lectam
1183 1110 1415 1167 Romani
1442 1111 1737 1169 Clementis
1766 1112 2115 1185 Epistolam.»
2143 1113 2268 1171 Haec

724 1199 1015 1269 Wottonus
1038 1218 1053 1269 ;
1077 1202 1165 1257 cui
1196 1210 1378 1258 tamen
1407 1203 1695 1273 prmiverat
1731 1203 1969 1259 Joannes
2003 1193 2265 1274 Potterus

716 1292 804 1345 vir
830 1292 965 1348 clar.
996 1292 1055 1347 in
1102 1293 1659 1349 animadversionibus
1681 1292 1751 1347 ad
1791 1292 2121 1349 Clementem
2144 1292 2268 1349 Ale-

717 1379 1043 1439 xandrinum
1064 1380 1208 1452 (ii),
1242 1382 1333 1445 ubi
1364 1383 1671 1437 summatim
1692 1381 1951 1451 quidem,
1996 1381 2091 1443 sed
2128 1381 2267 1435 acri-

716 1483 819 1537 ter,
850 1472 1108 1528 Bemardi
1130 1472 1555 1541 coniectationes
1579 1475 1742 1530 elisit.
2230 1530 2233 1533 .

787 1562 961 1634 Hujus
987 1578 1117 1619 vero
1139 1564 1316 1618 critici
1344 1562 1502 1634 Angli
1524 1565 1749 1635 vestigia
1780 1579 1969 1635 presso
1999 1564 2132 1635 pede
2152 1579 2273 1635 per-

724 1654 972 1727 sequitur
998 1652 1235 1711 Joannes
1262 1652 1588 1711 Laurentius
1616 1656 2089 1729 Moshemius(l2),
2108 1673 2267 1728 quem

716 1744 766 1800 si
799 1743 1012 1810 audias,
1055 1744 1353 1803 Clementis
1398 1747 1626 1816 epistola
1676 1747 1702 1801 1
1757 1756 1952 1816 quarta
2000 1750 2087 1805 sui
2116 1758 2269 1819 parte

715 1832 1025 1889 mulctanda
1050 1832 1146 1888 tibi
1172 1835 1276 1889 erit
1314 1835 1441 1890 hinc
1468 1843 1522 1891 et
1554 1835 1728 1900 illinc,
1761 1851 1791 1890 a
1822 1836 1997 1907 capite
2028 1836 2061 1891 9
2090 1838 2159 1893 ad
2176 1838 2264 1893 55.

718 1922 827 1985 Sed
866 1939 973 1979 non
1021 1925 1203 1996 priora
1255 1926 1474 1996 quidem
1505 1925 1689 1995 decem
1719 1928 1919 1997 capita,
1968 1943 2035 1985 eo
2060 1928 2263 1999 judice,

714 2014 787 2067 ab
806 2014 1223 2085 interpolatione
1265 2022 1401 2071 sunt
1438 2030 1663 2086 prorsus
1688 2017 1967 2073 immunia.
1994 2018 2062 2072 At
2084 2020 2269 2074 inania

716 2120 842 2161 esse
871 2121 935 2161 ac
964 2105 1139 2162 futilis
1157 2105 1437 2165 Moshemii
1466 2120 1783 2178 argumenta
1810 2110 1865 2164 in
1888 2101 2061 2165 oculis
2090 2112 2271 2180 posuit

714 2193 953 2253 Joannes
983 2196 1290 2253 Ludovicus
1313 2195 1449 2269 Frey
1477 2198 1588 2269 (l5)
1614 2218 1627 2253 :
1670 2200 1935 2270 siquidem
1971 2201 2168 2255 invicte
2188 2200 2271 2255 vir

669 2314 673 2320 ι
714 2288 1192 2351 eruditusevincit
1207 2303 1333 2344 cum
1352 2305 1424 2345 ex
1455 2291 1779 2361 antiquitate
1807 2292 2013 2348 codicis
2035 2292 2271 2348 Alexan-

960 2400 1130 2470 Epiu.
1165 2402 1192 2457 l
1235 2401 1514 2458 Clementis
1558 2408 1624 2458 ad
1670 2404 1988 2461 Corinthios.

737 2584 751 2599 ⁸
783 2512 918 2591 Cap.
950 2511 993 2595 Ι.
1023 2502 1269 2580 Γυναιείν
1295 2532 1355 2571 τε
1381 2545 1450 2557 --
1476 2507 1897 2588 παρηγγέλλετε,
1942 2506 2271 2589 στεργοῦσας

716 2590 1061 2673 έαθηκόντως
1108 2606 1233 2670 τοὺς
1279 2606 1474 2679 ἀνδρας
1506 2605 1711 2662 ἑαυτῶν
1763 2640 1831 2650 -
1875 2610 2013 2663 πάνυ
2070 2628 2274 2683 σωφρο-

716 2693 929 2756 νοῦσας.
1462 2762 1465 2767 η
1642 2708 1651 2716 ·

783 2786 916 2857 Cap.
947 2784 1016 2843 ν.
1047 2786 1252 2861 Πέτρος
1271 2821 1336 2831 —-
1354 2788 1495 2842 οὕτω
1526 2791 1881 2862 μαρτυρήσας
1907 2790 2175 2865 ἐπορεύθη
2193 2794 2272 2856 είς

716 2875 807 2931 τὸν
838 2877 1177 2950 ὀφειλόμενον
1195 2878 1356 2934 τόπον
1374 2878 1475 2949 τῆς
1500 2879 1674 2951 δόξης.

785 2962 919 3034 Cap.
950 2962 1064 3020 VII.
1098 2966 1188 3019 Διὸ
1209 2966 1590 3039 ἀπολείπωμεν
1608 2968 1706 3032 τὰς
1731 2969 1891 3034 κενὰς
1916 2970 2010 3023 καὶ
2039 2972 2273 3042 ματαίας

717 3057 1019 3133 φροντίδας,
1050 3060 1142 3112 καὶ
1184 3059 1421 3131 ἔλθωμεν
1450 3062 1541 3115 ἐπὶ
1581 3063 1670 3117 τὸν
1708 3062 1901 3133 εὐκλεῆ
1936 3064 2032 3117 καὶ
2080 3064 2272 3136 σεμνὸν

714 3139 825 3211 τῆς
845 3142 1004 3210 ἁγίας
1034 3142 1276 3214 κλήσεως
1302 3146 1457 3217 ήμῶν
1488 3149 1703 3203 κανόνα.

786 3229 921 3301 Cap.
951 3228 1042 3287 IX.
1072 3232 1164 3285 Διὸ
1192 3230 1584 3309 ὑπακούσώμεν
1628 3243 1694 3310 τῇ
1740 3240 2140 3311 μεγαλοπρεπεῖ
2178 3240 2271 3294 καὶ

716 3320 908 3393 ινδόξῳ
964 3320 1208 3394 βουλήσει
1262 3324 1427 3379 αὑτοῦ
1486 3326 1668 3400 [Θεοῦ]
1698 3360 1767 3370 —-
1805 3329 2151 3394 ἀπολιπόντες
2179 3330 2275 3403 τὴν

721 3411 1127 3493 ματαιοπονίαν,
1158 3411 1257 3482 τήν
1280 3429 1340 3465 τε
1370 3414 1568 3489 ἐρινρι.
1599 3434 1649 3470 τ.
1683 3418 1734 3470 λ.

787 3500 922 3569 Cap.
980 3500 1119 3556 XIII.
1167 3505 1515 3576 Μεμνημένοι
1559 3506 1667 3560 τῶν
1704 3509 1876 3578 λόγων
1925 3507 2021 3563 τοῦ
2068 3509 2275 3582 Κυρίου

717 3588 916 3677 "Insui,
945 3590 1039 3677 οὓς
1062 3593 1317 3665 ὲλάλησεν
1345 3595 1706 3649 διδάσκωνε-
1722 3590 1770 3665 ᾧ
1778 3594 1971 3677 μέτρῳ
1989 3602 2271 3671 μετρεῖτε,

717 3673 788 3726 ἐν
816 3674 976 3740 αὐτῷ
996 3678 1427 3746 μετρηθήσεται
1453 3682 1613 3751 ὑμῖν.

789 3766 920 3834 Cap.
953 3765 1095 3823 XXI.
1130 3769 1353 3841 Ἵδωμεν
1383 3772 1675 3841 πῶςὲγγύς
1702 3776 1847 3827 ἐστιν
1869 3773 1919 3845 [6
1932 3775 2162 3847 Κύριος]
2184 3777 2276 3847 καὶ

720 3853 800 3906 ὅτι
827 3855 977 3909 οὐδὲν
1004 3856 1223 3927 λέληθεν
1252 3860 1413 3913 αὐτὸν
1440 3861 1546 3913 τῶν
1575 3861 1789 3915 ἐννοιῶν
1818 3862 1994 3933 ήμῶν,
2024 3846 2275 3917 οὐδὲγτῶν

719 3944 1079 4017 διαλογισμῶν
1106 3945 1180 4001 ὧν
1223 3949 1538 4020 ποιούμεθα·
1568 3982 1637 3991 --
1678 3952 1967 4023 ἐρευνητὴς
1994 3953 2101 4025 γάρ
2129 3956 2276 4008 ἐστιν

722 4036 939 4089 ἐννοιῶν
968 4038 1074 4089 καὶ»
1089 4037 1452 4109 ἐνθυμήσεων.

793 4125 931 4181 Ibid.
958 4126 1103 4191 Τοὺς
1144 4128 1297 4191 νεοὺς
1339 4128 1711 4200 παιδεύσωμεν
1753 4130 1850 4202 τὴν
1895 4133 2137 4186 παιδείαν
2180 4134 2276 4187 τοῦ

722 4220 888 4291 φόϐου
917 4220 1010 4274 τοῦ
1040 4218 1173 4274 Θεοῦ
1192 4238 1207 4254 ο
1249 4221 1348 4285 τὰς
1392 4227 1651 4291 γυναῖκας
1676 4226 1709 4294 ή
1719 4224 1832 4297 μῶν
1858 4226 1951 4278 ἐπὶ
1984 4226 2057 4279 τὸ»
2076 4228 2276 4295 ἀγαθὸν

720 4310 1168 4382 διορθωσώμεθα’
1218 4312 1291 4365 ντδ
1333 4312 1701 4383 ἀξιαγάπητον
1738 4316 1837 4386 τῆς
1879 4318 2096 4385 ἁγνείας
2146 4314 2276 4389 ἦθος

722 4400 1140 4465 ἰνδειξάσθωσαν
1160 4419 1174 4433 ο
1230 4433 1297 4443 -
1349 4402 1445 4473 τὴν
1505 4404 1723 4475 ἀγάπην
1778 4406 1955 4461 αὐτῶν
2010 4407 2083 4479 μὴ
2137 4410 2277 4463 κατὰ

2375 660 2581 731 μήλιον,
2636 668 2753 715 tum
2788 674 2855 716 ex
2900 668 3141 716 veterum
3169 658 3388 715 Patrum
3416 658 3763 722 testimoniis,
3820 672 3931 712 nos

2370 750 2614 805 eamdem
2646 750 2871 807 omnino
2921 750 3203 821 epistolam
3260 742 3481 815 habere,
3537 764 3699 821 quam
3739 749 3935 804 habuit

2370 847 2585 895 vetusta
2615 839 2893 907 Ecclesia;
2925 854 3089 911 quam
3136 840 3428 896 audierunt
3463 839 3521 901 in
3567 839 3740 895 sacris
3769 840 3933 894 emti-

2369 930 2474 987 bus
2501 931 2743 1005 primani
2768 929 3086 995 Christiani,
3127 930 3257 985 dum
3304 928 3483 983 adhuc
3523 928 3644 999 ejus
3673 927 3933 985 lectionis

2368 1038 2503 1080 usus
2531 1022 2773 1096 vigeret;
2795 1037 2957 1095 quam
2978 1022 3213 1093 denique
3240 1022 3482 1093 legerunt
3503 1018 3796 1093 Dionysius
3818 1020 3935 1075 Co-

2368 1112 2627 1179 rinthius,
2654 1112 2905 1169 Clemens
2938 1111 3337 1170 Alexandrinus
3358 1150 3374 1177 ,
3407 1110 3645 1183 Cyrillus
3668 1109 3936 1168 Hieroso-

2367 1203 2683 1275 lymitanus,
2713 1202 3097 1276 Hieronymus,
3127 1210 3185 1259 et
3212 1202 3412 1259 ceteri.
3715 1264 3718 1266 γ

2439 1291 2640 1348 Verum
2672 1292 2721 1349 si
2767 1293 2930 1349 altius
2977 1292 3159 1348 adhuc
3214 1287 3603 1349 assurrexisset
3652 1285 3736 1347 vir
3760 1290 3929 1355 clam,

2367 1380 2603 1436 vetustis
2658 1380 2769 1436 illis
2837 1380 3094 1437 Ecclesia:
3151 1380 3511 1452 scriptoribus
3568 1381 3934 1437 vetustiorem

2366 1474 2530 1530 etiam
2559 1472 2760 1530 addere
2813 1481 3026 1545 poterat
3077 1474 3461 1546 Polycarpum,
3519 1473 3937 1531 sanctissimum

2370 1562 2755 1637 Smyrneusem
2779 1566 3105 1637 episcopum.
3123 1574 3177 1635 et
3196 1573 3486 1638 martyrem
3512 1610 3528 1635 ,
3553 1567 3645 1638 qui
3681 1566 3938 1621 eamdem

2375 1653 2769 1710 Clementinam
2817 1655 3115 1725 Epistolam
3170 1671 3336 1711 manu
3384 1672 3655 1722 versasse,
3709 1658 3849 1727 quin
3880 1663 3938 1712 et

2367 1745 2639 1811 nonnulla
2656 1759 2723 1799 ex
2745 1760 2809 1800 ea
2830 1760 2967 1816 pene
2992 1744 3165 1800 verbo
3193 1755 3350 1802 tenus
3378 1754 3630 1816 excerpta
3661 1747 3716 1803 in
3771 1761 3938 1803 suain

2370 1836 2437 1890 ad
2466 1834 2843 1905 Pbilippenses
2876 1835 3174 1905 Epistolam
3214 1837 3565 1893 transtulisse
3589 1837 3935 1907 perhibetur.

2367 1925 2553 1997 Neque
2579 1926 2815 1983 fortasse
2842 1928 3075 1983 otiosum
3116 1926 3299 1990 fuerit,
3340 1942 3461 1997 qua:
3514 1928 3648 1982 viris
3695 1926 3937 1981 eruditis

2368 2016 2635 2085 nobisque
2686 2016 2975 2072 observata
3023 2014 3091 2071 de
3133 2016 3520 2087 Polycarpiana
3570 2017 3798 2072 lectione
3837 2032 3938 2071 oc—

2370 2113 2621 2169 currunt,
2663 2104 2719 2159 in
2757 2121 2926 2160 unum
2949 2118 3206 2176 congesta
3239 2115 3402 2177 atque
3450 2106 3677 2163 invicem
3707 2122 3938 2177 compa-

2367 2203 2491 2249 rata
2521 2196 2577 2250 in
2612 2196 2849 2251 medium
2888 2196 3155 2266 proferre.
3212 2196 3293 2252 En
3344 2198 3526 2268 itaque
3556 2198 3800 2254 locorum
3834 2197 3941 2251 ali-

2369 2292 2502 2356 quot
2531 2286 2952 2355 parallelismum
2978 2288 3308 2344 institutum.

2715 2401 2888 2470 Epist.
2921 2401 3205 2472 Polycarpi
3231 2402 3299 2455 ad
3342 2400 3570 2470 Philipp.

2439 2511 2571 2583 Cap.
2606 2511 2693 2568 IV.
2726 2512 3030 2584 Διδάξωμεν
3084 2544 3153 2557 --
3210 2513 3308 2576 τὰς
3361 2516 3621 2581 γυναῖκας
3674 2514 3832 2585 ὑμῶν
3867 2543 3938 2555 --

2371 2603 2701 2675 στεργούσας
2726 2605 2852 2667 τοὺς
2883 2602 3088 2657 ἑαυτῶν
3113 2603 3384 2675 ἄνδρας,ὲν
3413 2604 3561 2678 πάσῃ
3588 2603 3815 2675 ἀληθείᾳ
3842 2604 3941 2657 καὶ

2369 2727 2439 2738 --
2471 2698 2528 2750 ὲν
2559 2697 2707 2770 πάσῃ
2735 2698 3045 2769 ἐγκρατείᾳ.
3780 2688 3784 2693 ’

2441 2788 2572 2860 Cap.
2596 2787 2687 2844 IX.
2712 2786 2916 2859 Πέτρος
2945 2790 3038 2841 καὶ
3069 2786 3280 2850 Παῦλος
3298 2778 3522 2840 -οὖτοι
3550 2786 3838 2850 πάντες-
3859 2787 3942 2847 εις

2368 2881 2459 2950 τὸν
2485 2879 2824 2949 ὀφειλόμενον
2855 2879 3036 2940 αὐτοῖς
3061 2877 3223 2929 τόπον
3252 2876 3359 2928 εἰσὶ
3385 2876 3536 2946 παρά
3558 2875 3639 2946 τῷ
3665 2876 3882 2946 Κυρίῳ.

2442 2974 2575 3042 Cap.
2620 2970 2735 3026 VII.
2766 2970 2858 3023 Διὸ
2899 2968 3253 3031 ἀπολιπόντες
3295 2965 3392 3037 τὴν
3438 2967 3770 3037 ματαιότητα
3828 2967 3942 3019 τῶν

2372 3063 2577 3117 πολλῶν
2603 3090 2675 3103 —-
2699 3061 2790 3113 ἐπὶ
2819 3060 2909 3114 τὸν
2950 3057 3011 3123 ἐξ
3049 3058 3222 3129 ἀρχῆς
3267 3059 3397 3127 ἡμῖν
3440 3056 3815 3129 παραδοθέντα
3861 3056 3942 3110 λό-

2298 3205 2340 3263 c
2371 3171 2466 3225 γον
2493 3142 2920 3263 ὲπιστρέᾧῶμεν.

2440 3245 2576 3313 Cap.
2610 3241 2674 3297 II.
2706 3240 2796 3295 Διδ
2826 3240 3230 3310 ἀναζωσάμενοι
3248 3239 3346 3303 τὰς
3364 3238 3589 3308 ὀσφύας,
3616 3228 3943 3301 δουλεύσατι

2372 3326 2451 3403 τῷ
2476 3330 2595 3401 Θεῷ
2620 3330 2679 3382 ὲν
2707 3326 2858 3398 φόϐῳ
2888 3328 2979 3381 καὶ
3010 3326 3252 3397 ἀληθείᾳ,
3270 3326 3621 3388 ἀπολιπόντες
3647 3324 3746 3396 τὴν
3774 3327 3942 3397 κενὴν

2377 3419 2777 3494 ματαιολογίαν,
2810 3419 2904 3472 καὶ
2932 3416 3029 3486 τὴν
3061 3415 3168 3468 τῶν
3196 3414 3403 3468 πολλῶν
3432 3414 3657 3485 πλάνην.

2440 3508 2571 3579 Cap.
2603 3507 2667 3562 II.
2703 3507 3181 3578 Μνημονεύσαντες
3208 3505 3264 3558 δὲ
3291 3499 3364 3559 ὧν
3394 3500 3544 3557 εἶπεν
3573 3506 3600 3557 6
3628 3504 3841 3575 Κύριος
3869 3507 3945 3559 δι-

2373 3600 2754 3656 δάσκων-ὲν
2780 3595 2826 3663 ᾧ
3060 3594 3341 3666 μετρεῖτε,
3372 3596 3942 3666 ἀντιμετρηθήσεται

2372 3691 2531 3746 ὑμῖν.

2406 3708 2575 3848 μὲῖρ.
2614 3775 2704 3831 IV.
2737 3775 2963 3829 Γινώσκ.
3022 3805 3089 3815 --
3143 3775 3225 3827 ὅτι
3278 3771 3330 3844 [6
3373 3771 3527 3843 Θεὸς]
3569 3770 3748 3826 πάντα
3779 3772 3946 3842 ἡμῶν

2375 3870 2697 3930 σκοπείται,
2727 3867 2820 3919 καὶ
2866 3863 3083 3933 λέληθεν
3132 3862 3297 3915 αὐτὸν
3352 3860 3521 3922 οὐδὲν,
3580 3858 3704 3912 οὔτε
3760 3859 3945 3927 λογισ-

2377 3959 2525 4029 μῶν,
2555 3956 2678 4010 οὔτε
2704 3955 2953 4019 ἐννοιῶν,
2998 3951 3125 4007 οὔτε
3163 3970 3215 4004 τι
3251 3950 3359 4004 τῶν
3387 3949 3641 4022 κρυπτῶν
3671 3950 3771 4020 τῆς
3802 3966 3943 4020 καρ-

2372 4050 2508 4112 δίας.

2444 4136 2578 4193 Ibid.
2628 4134 2934 4206 Διδάεωμεν
2985 4163 3056 4176 --
3105 4133 3204 4194 τὰς
3266 4132 3529 4199 γυναῖκας
3581 4126 3737 4199 ὑμῶν

2376 4216 2661 4299 ρεόἓσθαι]
2690 4228 2749 4281 ὲν
2789 4229 2857 4298 τῇ
2883 4224 3101 4297 δοθείσῃ
3127 4222 3333 4284 κναὺταῖς
3376 4220 3554 4273 πίστει
3601 4220 3696 4273 καὶ
3744 4220 3943 4292 ἀγάπῃ

2375 4321 2469 4373 καὶ
2498 4318 2686 4389 ἁγνείᾳ
2703 4348 2771 4359 -
2790 4318 2884 4370 καὶ
2910 4314 3208 4384 ἀγαπώσας
3239 4313 3445 4376 πάντας
3463 4312 3523 4379 ἐξ
3556 4312 3667 4365 ίσου
3696 4311 3755 4365 ὲν
3787 4312 3942 4384 πάσῃ

2376 4409 2685 4482 ἐγκρατείᾳο
2717 4407 2810 4462 καὶ
2834 4406 2904 4461 τὰ
2929 4404 3094 4460 τέκνα
3123 4404 3393 4459 παιδεύειν
3418 4401 3517 4475 τὴν
3559 4400 3814 4455 παιδείαν
3842 4400 3940 4455 τοῦ

723 4489 1090 4561 προσκλίσεις,
1120 4489 1253 4544 ἀλλά
1290 4492 1455 4544 πᾶσιν
1476 4495 1593 4573 τοῖς
1622 4492 1969 4564 φοϐουμένοις
2010 4496 2104 4549 τὸν
2143 4497 2274 4551 Θεὸν
2303 4532 2349 4588 D
2376 4499 2540 4570 φόϐου
2569 4494 2665 4553 τοῦ
2692 4496 2847 4552 Θεοῦ.

722 4582 903 4645 ὁσίως,
932 4582 1052 4651 ῐσην
1080 4572 1479 4667 παρεχέτῳσαν.

718 4750 730 4753 _
795 4691 879 4747 Ex
898 4692 1163 4751 hactenus
1192 4692 1369 4759 allatis
1391 4694 1708 4765 collatisque
1740 4695 1873 4752 locis
1910 4697 2281 4755 manileste‘li-

723 4768 875 4852 quet,
907 4790 964 4835 ut
996 4779 1211 4851 quidem
1249 4782 1507 4846 arbitror,
1538 4785 1607 4838 ab
1636 4785 1821 4839 ultima
1848 4801 2021 4855 usque
2037 4789 2276 4857 antiqui-

725 4879 835 4940 tate
855 4870 1168 4943 Polyearpo.
1180 4868 1409 4928 JOannis
1426 4876 1775 4943 evangelista:
1793 4876 2082 4946 discipulo,
2110 4877 2279 4934 fuisse

725 4960 1032 5031 perlectam
1071 4960 1367 5015 Clementis
1424 4958 1655 5017 Romani
1708 4961 2003 5034 Epistolam
2051 4982 2157 5035 qua
2209 4967 2279 5021 de

725 5050 977 5123 agimus,
1036 5068 1263 5125 eamque
1321 5070 1434 5127 pra
1495 5054 1668 5109 oculis
1722 5054 1978 5112 habuisse
2031 5064 2277 5111 sanctum

726 5145 1110 5215 Smyrnensem
1167 5146 1490 5227 aptistitem,
1538 5145 1669 5218 dum
1715 5160 1865 5199 suam
1920 5146 2184 5202 scriberet
2211 5147 2277 5202 ad

727 5234 1142 5305 Philippenses:
1174 5236 1459 5292 undeorta
1504 5236 1802 5293 similitudo
1844 5236 1956 5302 illa,
2007 5252 2128 5307 qua:
2170 5253 2278 5292 non

727 5326 911 5381 solum
930 5326 1177 5382 eumdem
1207 5328 1409 5399 stylum
1452 5326 1673 5397 ubique.
1725 5326 1822 5381 sed
1850 5326 2037 5381 eadem
2063 5342 2280 5397 quoque

733 5430 868 5486 pene
896 5416 1061 5487 verba
1086 5414 1289 5471 referre
1319 5415 1465 5471 haud
1504 5416 1671 5475 semel
1708 5414 1943 5472 videtur.
1994 5415 2130 5471 Cum
2172 5418 2278 5470 ita-

727 5520 835 5575 que
882 5506 939 5561 in
975 5496 1368 5578 Poly‘carpiana
1418 5507 1665 5578 perbrevi
1704 5505 1947 5578 Epistola
1992 5513 2074 5566 tot
2112 5521 2279 5577 appa-

803 5637 1134 5709 (ll)Potter.
1163 5639 1232 5695 ad
1268 5637 1440 5696 Clem.
1488 5638 1641 5694 Alex.
1685 5639 1881 5695 Strom.
1925 5639 2018 5695 lib'.
2044 5654 2122 5702 tv,
2152 5652 2265 5708 cap.

733 5704 820 5778 l8.
852 5725 886 5778 ι,
932 5709 1057 5771 610,
1088 5717 1200 5764 not.
1234 5709 1325 5778 6._
1498 5747 1505 5753 ρ
1618 5777 1622 5778 ν
2019 5776 2034 5778 _
2089 5775 2104 5778 _
2193 5777 2196 5778 ν

797 5775 914 5848 (Ιῖ)
943 5778 1119 5833 lmtit.
1146 5778 1268 5841 hist.
1292 5776 1486 5835 Christ.
1515 5777 1706 5847 major.
1739 5794 1857 5833 mc.
1887 5793 1982 5849 I,p.
2011 5775 2268 5833 212-215.

2375 4705 2530 4754 reant
2559 4693 2910 4751 Clementinze
2932 4692 3197 4762 vestigia;
3228 4688 3370 4746 banc
3401 4702 3564 4743 unam
3593 4688 3665 4743 ob
3686 4702 3938 4753 causam,

2375 4786 2667 4851 Bernardi,
2718 4784 2917 4851 Clerici
2967 4798 3029 4838 ac
3084 4771 3366 4837 Moshemii
3406 4780 3840 4859 _conjectationes
3871 4781 3941 4835 de

2376 4879 2541 4947 hujus
2564 4876 2782 4930 laciniis
2814 4890 2883 4929 ex
2911 4873 3188 4929 Clemente
3223 4870 3586 4926 Alexandrino
3609 4868 3940 4941 desumptis,

2376 4968 2599 5023 omnino
2626 4973 2954 5022 evanescant
2982 4971 3213 5034 oportet.

2441 5056 2631 5126 Neque
2660 5056 2751 5110 alii
2779 5054 3025 5125 profecto
3051 5054 3269 5118 desunt,
3310 5053 3402 5123 qui
3439 5052 3685 5123 ejusdem
3716 5051 3942 5122 Episto-

2378 5148 2442 5202 ιω
2459 5146 2828 5202 sinceritatem
2859 5145 2914 5197 in
2935 5144 3177 5199 dubium
3192 5150 3476 5209 revocent;
3502 5142 3649 5213 quod
3668 5135 3937 5197 nimirum

2377 5237 2635 5293 nonnulla
2670 5235 2917 5291 fabulosa
2946 5249 3055 5304 pra:
3083 5248 3142 5287 se
3170 5232 3305 5287 ferat
3328 5250 3344 5299 ;
3371 5224 3517 5303 quod
3569 5233 3749 5303 aliqua
3782 5234 3836 5287 in
3858 5249 3945 5289 ea

2378 5327 2756 5385 desiderantur
2784 5340 2813 5378 a
2862 5327 3091 5381 vetustis
3119 5322 3373 5380 Patribus
3400 5324 3650 5395 allegata,
3690 5332 3795 5381 etc.
3825 5323 3939 5381 Sed

2378 5417 2480 5473 hos
2510 5420 2844 5473 morosiores
2873 5418 3098 5472 criticos
3126 5416 3325 5471 missos
3355 5416 3618 5472 facimus:
3652 5423 3767 5471 tum
3786 5421 3941 5487 quod

2378 5521 2567 5564 eorum
2590 5510 2923 5579 objectiones
2948 5508 3091 5562 ﬂuxo
3116 5508 3252 5563 adeo
3279 5508 3392 5562 talo
3416 5498 3704 5573 nitantur,
3749 5517 3810 5562 ut
3839 5524 3941 5580 pe-

2377 5638 2560 5764 misr.)
2611 5640 2825 5695 Prml‘at.
2881 5636 2948 5693 ad
2992 5636 3166 5707 Epist,
3227 5639 3323 5696 ss‘
3360 5639 3461 5695 pp.
3494 5639 3721 5708 apum].
3782 5641 3937 5697 dm

2432 5726 2462 5764 e
2506 5752 2517 5763 .

2432 5726 2517 5764 ea.
