4046 6326
129 418 195 475 93
1392 412 1738 489 pnoemm
1776 423 2161 489 vaslonuu'
3296 434 3363 492 ot

127 537 249 591 dem
274 531 668 612 cumsingulis
696 538 947 622 conferre
983 549 1124 598 haud
1150 545 1418 614 expediat,
1466 556 1580 602 tum
1631 547 1687 602 in
1789 560 1952 616 porro
1984 562 2052 603 ne
2099 547 2246 601 illam
2292 547 2511 619 quidem
2544 547 2961 605 Corinthiorum
3010 550 3235 607 nomine
3285 551 3364 609 si-

126 628 322 695 pnmis
351 629 498 705 quod
541 644 570 684 a
604 632 876 705 plerisque
926 634 1060 707 viris
1104 636 1331 693 eruditis
1364 652 1450 693 res
1480 637 1695 693 abunde

125 718 265 772 satis
287 717 456 775 fuerit
470 729 815 790 pertractata.
837 721 1073 779 Firmum
1103 725 1267 795 igitur
1293 734 1577 796 ratumque
1601 728 1691 793 sit,

123 824 446 880 germanam
476 814 700 871 omnino
726 824 848 871 esse
894 817 1127 886 priorem
1158 817 1454 874 Clementis
1480 821 1693 889 episto-

124 900 405 973 lam,qua2
425 904 631 959 utinam
675 901 745 958 ad
790 920 892 964 nos
940 906 1694 981 integrapervenissethuid»

124 993 264 1062 quid
287 995 433 1049 enim
462 997 517 1051 in
541 1010 603 1049 ea
635 998 965 1062 continetur,
997 1006 1241 1070 tempora
1274 1001 1432 1072 plane
1472 1012 1694 1073 aposto-

123 1080 233 1137 lica
262 1083 471 1157 refert;
530 1102 703 1157 neque
731 1088 902 1143 ullum
932 1105 996 1145 ex
1026 1093 1173 1146 omni
1219 1099 1365 1147 retro
1394 1094 1694 1164 antiquita-

126 1179 183 1229 te
203 1174 496 1247 quispiam
516 1184 712 1247 testem.
738 1180 1074 1251 produxerit,
1105 1183 1196 1252 qui
1228 1182 1479 1259 homines
1499 1184 1693 1240 corda-

128 1268 215 1319 tos
243 1262 314 1319 de
347 1262 492 1322 illius
558 1268 869 1326 sinceritate
897 1270 1093 1326 merito
1146 1272 1435 1343 ancipites
1465 1274 1691 1330 reddere

126 1353 328 1409 valeat.
636 1423 641 1427 _

196 1442 292 1497 ill.
328 1443 655 1505 Posterioris
700 1450 826 1507 item
852 1452 924 1508 ad
948 1435 1261 1511 Corinthios
1286 1451 1541 1526 Epistolas
1567 1456 1692 1528 Cle-

123 1536 406 1600 mentinae,
438 1546 568 1591 sunt
622 1539 727 1609 qui
778 1556 887 1596 non
921 1543 1105 1598 solum
1142 1544 1447 1612 veritatem,
1500 1561 1685 1615 verum

122 1624 294 1678 etiam
321 1625 698 1696 antiquitatem
724 1630 1061 1702 impugnant.
1091 1631 1188 1689 His
1216 1622 1388 1705 nuper
1413 1636 1575 1693 etiam
1605 1653 1691 1694 ae-

122 1712 296 1769 cessit
330 1712 475 1770 haud
506 1710 793 1775 incelebris
817 1720 1043 1777 criticus
1080 1721 1421 1783 Hermannus
1450 1724 1688 1784 Venema

120 1799 180 1855 in
212 1800 474 1873 Epistolis
505 1804 778 1879 Harlingze
797 1811 1083 1882 evulgatis,
1108 1827 1183 1869 eo
1211 1815 1555 1884 potissimum
1587 1832 1689 1872 no-

121 1889 296 1957 mine,
331 1908 441 1964 quo
463 1896 816 1967 epistolarum
847 1881 1140 1957 Clementis
1172 1881 1357 1961 a_clar.
1388 1905 1689 1963 Wetstenio
1718 1881 1761 1934 Β

118 1984 274 2041 haud
308 1987 384 2041 ita
416 1989 625 2059 pridem
650 1992 927 2048 'editarnm
981 1996 1345 2065 integritatem
1382 2006 1685 2056 everteret:

120 2090 234 2146 qua
261 2076 332 2133 de
359 2092 417 2133 re
462 2080 588 2134 mox
618 2079 865 2138 inferius.
922 2081 1217 2161 Noeitaque
1277 2085 1452 2141 cilicio
1500 2097 1689 2144 nostro

115 2165 321 2223 deesse
356 2166 657 2235 videamur,
686 2171 1039 2251 Gotelerium,
1075 2175 1309 2239 Bullum,
1340 2177 1685 2234 Coutantium

120 2256 376 2327 aliosque
400 2259 549 2314 viros
576 2260 770 2317 doctos
811 2266 1089 2329 ‘assectati,
1126 2266 1558 2323 adversariorum
1589 2269 1689 2324 ob-

115 2350 517 2421 jeclationibus
541 2351 724 2410 facere
755 2356 891 2413 satis
933 2371 1123 2429 operat
1137 2361 1369 2429 pretium
1408 2338 1688 2415 existima-

120 2456 266 2499 EH38.

195 2532 609 2592 Observandum
641 2538 822 2609 itaque
869 2539 1101 2609 primum
1154 2538 1451 2611 Epistolam
1483 2549 1689 2597 utram-

120 2638 232 2694 que
260 2640 329 2679 ex
358 2642 468 2681 uno
518 2630 810 2698 superstite
838 2631 1210 2686 vetustissimo
1234 2631 1419 2686 codice
1450 2632 1686 2685 Alexan-

119 2716 286 2773 drino
317 2718 370 2772 in
404 2720 579 2775 lucem
612 2720 900 2791 prodiisse.
938 2720 1177 2785 Scilicet,
1218 2721 1393 2791 codex
1417 2722 1517 2776 iste
1554 2737 1688 2792 qua-

120 2814 250 2864 tuor
301 2809 667 2872 voluminibus
708 2819 988 2875 constans,
1028 2811 1300 2881 praeﬁxum
1339 2811 1498 2866 habet
1546 2811 1687 2886 indi-

114 2900 313 2973 culum
342 2900 605 2957 librorum
640 2903 925 2972 utriusque
965 2902 1227 2965 Fmderis,
1261 2904 1328 2957 ab
1350 2902 1591 2972 ejusdem
1623 2904 1688 2957 li-

116 2989 292 3046 brarii
344 3006 507 3045 manu
546 2993 952 3049 characteribus
1007 2993 1316 3048 uncialibus
1368 3000 1682 3049 exaratum:

115 3096 283 3152 quem
317 3082 584 3152 integrum
608 3082 826 3138 exhibet
855 3082 1179 3153 Beveregius
1210 3082 1342 3154 (li),
1372 3091 1424 3138 et
1466 3084 1684 3155 quidem

116 3188 341 3248 summa
370 3174 473 3229 ilde
494 3174 1014 3245 descriptum,.adeo
1036 3184 1093 3230 ut
1113 3190 1180 3230 ne
1209 3176 1438 3232 lacunas
1466 3177 1683 3247 quidem
1712 3199 1757 3262 ο

115 3263 481 3334 suppleverit,
514 3264 608 3321 sed
639 3266 729 3319 ubi
778 3265 970 3320 litterae
992 3265 1195 3334 quaevis
1223 3273 1393 3320 erant
1420 3274 1683 3325 vetustate

115 3354 357 3420 abrasm,
392 3354 466 3408 ibi
498 3355 791 3410 interstitia
821 3362 1073 3409 accurate
1096 3355 1342 3410 dimensa
1368 3351 1679 3427 reliquerit:

116 3442 270 3512 quod
328 3440 549 3495 itidemx
586 3442 843 3511 praestitit
874 3457 957 3498 ex
1004 3442 1297 3514 Beveregio
1354 3442 1684 3503 Huml'redus

117 3528 513 3602 Hodius~(l5);
562 3537 615 3585 et
667 3532 945 3601 deinceps,
995 3539 1051 3585 at
1094 3548 1214 3588 non
1236 3532 1679 3615 pari'religione,

113 3618 369 3677 Joannes
405 3618 667 3677 Ernestus
688 3618 923 3675 Grabius
957 3619 1090 3693 (l6).
1126 3619 1182 3675 In
1210 3621 1312 3676 hoc
1344 3616 1511 3691 igitur
1543 3626 1685 3683 indi-

117 3711 251 3767 culo
282 3710 387 3767 sub
417 3711 597 3775 ﬁnem,
628 3710 822 3767 litteris
848 3712 1228 3782 grandioribus
1260 3712 1463 3783 absque
1490 3729 1673 3773 acceno

120 3803 274 3861 tibus
305 3811 361 3857 et
389 3790 671 3872 spiritibus
700 3803 906 3873 quibus.
920 3812 1087 3868 caret,
1119 3804 1198 3860 sic
1226 3802 1421 3872 legitur
1449 3824 1462 3861 :

336 3894 766 3949 ΚΛΗΜΕΝΤΟΣ
818 3894 929 3960 Ε,,.
966 3934 979 3946 .
1016 3933 1030 3948 .
1065 3934 1078 3947 .
1114 3933 1126 3945 .
1162 3932 1175 3947 .
1208 3878 1374 3954 ΑΗΖ

372 3970 786 4063 ..μζεΝτοξ
821 3986 889 4039 E.
920 4025 933 4039 .
969 4024 983 4039 .
1114 4025 1126 4038 .
1164 3972 1375 4042 ,ΛΗἙ

192 4075 343 4145 Quas
372 4084 551 4132 autem
584 4090 693 4153 prae
722 4090 781 4132 se
836 4076 941 4140 fert
985 4076 1076 4132 hic
1104 4076 1378 4136 indiculus
1406 4078 1542 4137 duas
1560 4080 1684 4137 Cle-

118 4162 325 4224 mentis
354 4164 654 4237 Epistolas,
680 4180 776 4223 eas
808 4164 1027 4221 exhibet
1057 4165 1147 4221 .ad
1182 4168 1386 4225 calcem
1436 4169 1684 4240 ejusdem

118 4274 227 4317 ms.
258 4257 464 4315 codicis
486 4258 740 4315 volumen
771 4264 1059 4328 quartum:
1085 4257 1329 4328 priorem,
1363 4260 1685 4332 quidemsjc

117 4350 484 4421 inscriptam,
552 4348 989 4421 ΚΛΗΜΕΝΤΟΣ
1020 4349 1209 4427 ΠΡΟΣ
1273 4351 1685 4407 ΚΟΡΙΝΘΙΟΥΣ

117 4441 477 4497 ΕΠΙΣΤΟΛΗ
510 4440 594 4505 A;
649 4438 1005 4510 posteriorem
1034 4453 1165 4495 vero
1207 4442 1310 4507 sic,
1354 4444 1684 4497 ΚΛΗΜΕΝ-

1797 644 2013 705 gnatam
2042 650 2106 691 ex
2137 635 2380 703 ejusdem
2412 636 2639 691 indiculi
2670 638 2887 693 silentio
2919 638 3043 708 june
3070 641 3297 710 arguat?

1864 724 2050 795 Neque
2075 725 2201 781 item
2234 725 2511 782 silentium
2548 742 2650 782 nos
2671 737 2886 783 moveat
2921 728 3163 797 Eusebii,
3191 740 3245 787 et
3268 742 3362 801 qui

1794 828 1916 868 eum
1951 814 2127 868 secuti
2147 812 2638 886 sunt,Hieronymi
2670 824 2833 887 atque
2857 802 3075 886 Rufini;
3106 819 3200 889 qui
3231 819 3362 875 dum

1795 900 2051 972 Epistolae
2102 902 2809 971 secundae'meminerunt,
2856 905 3114 963 Ecclesiae
3165 896 3354 963 Corin-

1793 990 1988 1047 thiaete
2019 990 2186 1048 fuisse
2215 993 2360 1047 illam
2388 995 2707 1064 inscriptam
2742 1004 2853 1051 non
2884 998 3195 1066 perhibent.
3222 995 3361 1056 Cum

1792 1085 1936 1139 enim
1988 1085 2190 1140 laudati
2222 1086 2541 1154 scriptores,
2579 1093 2637 1141 ut
2667 1096 2817 1143 recte
2868 1088 3215 1153 Coutantius,
3246 1102 3366 1150 mo-

1792 1182 2001 1230 morata
2052 1174 2236 1244 priore
2268 1172 2579 1230 Clementis
2620 1174 2689 1229 ad
2734 1174 3039 1232 Corinthios
3091 1178 3361 1249 Epistula,

1793 1263 1983 1325 statim
2007 1263 2282 1320 subdant:
2328 1260 2524 1317 Fertur
2578 1273 2626 1320 et
2671 1266 2861 1330 altera,
2894 1283 3072 1338 neque
3108 1268 3175 1324 ad
3220 1268 3361 1349 alios

1791 1354 1933 1409 hanc
1962 1355 2186 1410 alteram
2221 1354 2478 1424 scriptam
2502 1369 2628 1415 esse,
2653 1355 2971 1428 designent,
3003 1372 3119 1414 eam
3141 1370 3361 1431 quoque
3400 1354 3401 1357 “

1791 1443 1857 1497 ad
1889 1444 2111 1499 eosdem
2141 1443 2401 1513 scriptam
2449 1444 2752 1515 intelligere
2801 1447 3003 1502 merito,
3038 1448 3361 1504 existiman-

1788 1542 1914 1599 tur;
1940 1536 2205 1609 alioquin,
2238 1536 2283 1591 si
2324 1536 2390 1590 ad
2414 1536 2549 1592 alios
2590 1537 2811 1592 missam
2843 1545 3089 1603 nossent,
3108 1554 3284 1611 neque
3305 1538 3358 1593 id

1788 1626 2131 1696 innuissent,
2157 1628 2271 1683 haec
2292 1628 2532 1699 ipsorum
2558 1628 2842 1684 reticentia
2867 1630 2992 1699 jure
3026 1645 3103 1685 ac
3158 1630 3359 1686 merito

1788 1717 2133 1789 negligentia:
2160 1718 2430 1789 culpanda
2472 1718 2775 1775 videretur.
2809 1719 2953 1786 Quid
2993 1720 3142 1791 quod
3184 1720 3358 1775 Doro-

1789 1808 1949 1867 tbeus
1979 1795 2427 1874 archimandrita,
2450 1807 2689 1865 Joannes
2710 1809 3078 1867 Damascenus
3104 1819 3159 1866 et
3184 1808 3358 1865 Nicon

1790 1899 2095 1955 monachus
2121 1890 2405 1964 secundum
2453 1900 2752 1956 Clementis
2790 1900 3114 1972 Epistolam,
3150 1914 3204 1957 et
3234 1888 3365 1972 quia

1788 1988 1909 2045 dem
1946 1988 2034 2049 ‘ad
2084 1987 2413 2063 Corinthios
2454 1989 2737 2059 scriptam,
2790 1996 3072 2062 legerunt,
3126 1992 3358 2062 ejusque

1790 2095 1959 2135 unun
1992 2080 2289 2135 alterumve
2320 2078 2680 2151 fragmentum
2711 2080 2877 2151 apud
2906 2082 3049 2138 illos'
3081 2090 3357 2138 servatum

1788 2171 2087 2227 etiamnum
2105 2171 2455 2241 reperimus?
2476 2170 2619 2237 Quid
2649 2171 2797 2242 quod
2832 2173 2915 2229 vel
2959 2175 3077 2243 ipse
3127 2172 3357 2229 Photius

1784 2260 1961 2322 ‘semel
1982 2260 2289 2337 iterumque
2309 2261 2485 2330 palam
2505 2266 2761 2326 testatur,
2781 2261 2882 2316 sibi
2905 2264 3098 2322 lectum
3122 2262 3355 2317 libellum

1787 2352 1844 2403 in
1870 2368 1969 2421 quo
1993 2349 2276 2407 Clementis
2308 2350 2562 2421 Epistula:
2585 2350 2706 2407 dum
2751 2353 2820 2407 ad
2849 2351 3148 2408 Corinthios
3181 2354 3357 2409 conti-

1788 2443 2077 2508 nebantur,
2119 2443 2347 2513 ejusque
2376 2444 2443 2501 de
2490 2454 2721 2515 utraque
2755 2445 3019 2515 judicium
3058 2446 3192 2500 mire
3218 2460 3355 2501 con-

1788 2543 1946 2590 sonat
1974 2548 2098 2588 cum
2130 2535 2198 2591 iis
2253 2551 2374 2605 quae
2426 2537 2607 2591 adhuc
2662 2538 2995 2606 supersunt?
3036 2536 3357 2595 Consulesis

1787 2626 1931 2680 intra
1963 2633 2205 2681 veterum
2232 2627 2539 2683 testimonia
2566 2626 2824 2697 Epistolis
2847 2626 3203 2683 Clementinis
3224 2644 3358 2699 prae-

1764 2715 1975 2780 .missa,
2004 2710 2411 2788 fragmentaque
2438 2716 2629 2772 iisdem
2663 2716 2929 2785 subjecta.
2974 2716 3029 2771 Si
3061 2718 3191 2787 quid
3225 2736 3357 2792 ergo

1721 2814 1741 2829 ‘
1786 2803 1990 2874 negotii
2037 2803 2309 2859 lacessant
2359 2805 2725 2875 antiquiorum
2766 2804 3007 2871 Eusebii,
3040 2804 3356 2879 Hieronymi

1788 2909 1852 2950 ac
1878 2894 2057 2950 Rufini
2089 2896 2208 2950 loca
2239 2896 2381 2951 haud
2428 2895 2560 2952 satis
2608 2903 2795 2967 aperta
2827 2937 2842 2963 ,
2878 2898 3021 2965 quod
3053 2905 3238 2954 tamen
3261 2898 3353 2954 vix

1788 2987 2099 3043 admiserim
2132 3026 2146 3052 ,
2203 2988 2331 3043 hinc
2387 2987 2578 3059 procul
2630 2987 2797 3042 dubio
2838 2986 3123 3044 dimcultas
3177 2989 3356 3045 omnis

1787 3076 2010 3131 tollatur
2036 3086 2285 3151 oportet;
2327 3093 2449 3133 cum
2479 3078 2685 3135 diserta
2726 3080 3091 3148 posteriorum
3124 3081 3358 3149 scripto-

1787 3178 1910 3222 rum
1940 3167 2127 3234 verba,
2183 3169 2426 3239 priorum
2476 3177 2549 3242 et.
2589 3170 2914 3225 sententiam
2963 3170 3255 3241 explanent
3302 3178 3356 3227 et

1786 3258 2094 3315 testimonia
2124 3259 2463 3325 confirment.
3094 3258 3097 3263 ’

1857 3348 1945 3405 Εἰ
1971 3350 2057 3406 his
2086 3350 2271 3420 itaque
2305 3359 2644 3423 compertum
2697 3354 2982 3418 habemus,
3015 3361 3076 3415 ut
3102 3353 3353 3425 equidem

1786 3439 2078 3507 existimo,
2134 3439 2279 3496 haud
2328 3456 2524 3511 parum
2585 3436 2842 3513 ponderis
2894 3442 2961 3497 ad
3006 3440 3352 3498 asserendam

1784 3528 2475 3605 Clementi-Romanohanc
2497 3534 2791 3589 secundam
2816 3533 3134 3604 Epistolam,
3151 3533 3357 3589 habere

1785 3621 2161 3678 auctoritatem
2207 3623 2414 3679 codicis
2467 3623 2842 3688 Alexandrini,
2879 3623 3128 3694 proximo
3177 3630 3239 3678 ut
3271 3626 3324 3679 vi

1784 3709 1957 3765 detur.
1995 3713 2199 3767 sa‘cuio
2241 3720 2366 3783 post
2413 3713 2706 3768 concilium
2759 3710 3041 3769 Nicmnum
3094 3727 3163 3768 ex
3210 3711 3341 3767 anti.

1784 3801 1975 3871 quiore
2022 3801 2265 3872 proiecto
2318 3804 2616 3874 exemplari
2673 3803 2956 3874 descripti.
2991 3802 3066 3857 Ex
3109 3818 3177 3859 eo
3203 3804 3350 3859 enim

1784 3895 1958 3966 liquet
1974 3900 2259 3964 utramque
2286 3891 2681 3951 Clementinam
2713 3893 3011 3964 Epistolam
3033 3906 3156 3949 non‘
3173 3894 3351 3949 solum

1785 3983 1929 4039 inter
1995 3984 2318 4040 eanonicas
2360 3981 2675 4055 Scripturas
2730 3983 2973 4054 perinde
3020 3984 3349 4040 recensitam

1784 4072 1977 4139 fuisse,
2004 4089 2069 4130 ac
2112 4074 2159 4130 si
2191 4081 2420 4145 utraque
2455 4089 2582 4129 vere
2627 4074 2887 4129 canonica
2930 4081 3105 4140 esset,
3158 4089 3349 4129 verum

1784 4165 1947 4221 etiam
1977 4164 2164 4220 ambas
2191 4166 2547 4235 proptereain
2565 4161 2843 4221 sacrorum
2869 4164 3154 4219 Librorum
3178 4179 3355 4221 censu

1784 4257 1963 4313 locum
1995 4255 2275 4331 habuisse,
2309 4270 2526 4326 unaque
2552 4271 2676 4311 cum
2713 4256 2836 4309 aliis
2863 4255 3143 4311 canonicis
3190 4254 3348 4311 libris

1785 4346 1956 4404 fuisse
1984 4354 2297 4417 compactas
2318 4387 2331 4411 ,
2387 4346 2532 4418 quod
2562 4354 2789 4418 utraque
2820 4356 2949 4402 tunc
2998 4348 3261 4417 temporis
3292 4349 3347 4403 in

1784 4439 2018 4497 ccetibus
2042 4438 2436 4495 ecclesiasticis
2460 4438 2549 4493 vel
2604 4439 2708 4507 legi
2768 4438 2985 4501 soleret,
3019 4439 3113 4493 vel
3152 4438 3345 4494 saltem

118 4530 251 4585 T0}:
305 4529 649 4603 ΕΠΙΣΤΟΛΗ
695 4529 740 4582 Β
788 4543 805 4584 :
857 4535 917 4583 ut
952 4530 1137 4587 videre
1188 4538 1273 4587 est
1332 4532 1474 4607 apud
1521 4532 1681 4589 Wots
1713 4526 1757 4583 D
1784 4545 1953 4588 sacrm
1988 4530 2218 4601 publicae
2246 4529 2466 4585 lectioni
2497 4528 2883 4585 destinaretur.
2921 4524 3087 4595 ’Quod
3125 4528 3347 4599 quidem

116 4612 332 4687 tonum,
391 4620 809 4696 solertissimum
866 4619 1069 4675 laudati
1114 4623 1338 4679 codicis
1374 4625 1679 4697 exscripto-

114 4729 261 4771 rem.
289 4711 367 4767 Ex
398 4712 504 4768 hoc
531 4712 695 4783 igitur
719 4710 1084 4767 Alexandrino
1113 4714 1415 4786 exemplari
1441 4730 1685 4787 compera

115 4814 234 4863 tum
258 4810 365 4867 est,
419 4803 615 4875 primo,
668 4803 1115 4876 duasEpistolas
1174 4804 1508 4863 Clementem
1544 4794 1683 4864 ’δειλία

113 4890 328 4970 potsse;
352 4894 546 4951 deinde
595 4892 883 4966 utramque
909 4894 1082 4952 fuisse
1134 4894 1434 4954 Corinthiis
1480 4898 1699 4967 inscria

115 4996 290 5061 ptem.
316 4982 638 5041 Licet'enim
667 4985 956 5057 posterior,
979 5001 1046 5042 ex
1067 4985 1412 5045 librariorum
1443 4988 1679 5046 fortasse

113 5076 352 5150 incuria,
371 5082 668 5150 praenotata
683 5074 819 5147 πρὸς
848 5073 1165 5147 Κορινθίους
1178 5073 1321 5130 haud
1338 5085 1675 5147 compareat;

114 5148 310 5237 quidni
344 5173 398 5221 et
424 5148 543 5243 eam
572 5162 647 5219 ad
667 5162 984 5235 Corinthios
1028 5153 1676 5243 missamexistimemus,

115 5275 242 5314 cum
272 5257 475 5329 prioris
503 5240 787 5327 inscriptio
809 5254 911 5311 hac
939 5254 1006 5313 de
1041 5240 1101 5310 re
1128 5254 1262 5311 satis
1293 5255 1566 5326 superque
1595 5256 1681 5310 in-

116 5349 317 5406 dubios
346 5362 447 5415 nos
474 5336 702 5407 reddat?
759 5346 1050 5402 Enimvero
1078 5360 1255 5417 neque
1284 5347 1434 5425 prior
1482 5347 1679 5417 legitur

119 5443 174 5497 in
220 5441 465 5502 iudiculo
521 5438 692 5499 fuisse
726 5438 793 5494 ad
845 5436 1160 5495 Corinthios
1188 5439 1511 5509 perscripta.
1545 5438 1678 5505 Quis

122 5679 303 5877 .u

352 5678 482 5805 god.
549 5666 685 5736 can.
726 5679 872 5737 Eccl.
911 5682 1104 5765 .primt,
1148 5681 1240 5739 lib.
1291 5698 1356 5742 Il,
1394 5696 1512 5754 cap.
1539 5701 1593 5756 9.

399 5748 599 5805 eBibL
657 5758 784 5805 text.
844 5766 1004 5805 omn.
1048 5752 1143 5805 lib.
1192 5767 1267 5805 ιν.
1326 5766 1446 5805 can.
1506 5755 1558 5805 ι.

399 5765 428 5804 τ
459 5748 599 5811 Bibl,
657 5758 784 5806 text.
844 5748 1004 5824 πίῃς,
1048 5752 1144 5809 lib.
1192 5767 1267 5821 tv,
1326 5748 1476 5823 cap."
1506 5748 1565 5820 ιζ
1595 5770 1671 5840 ρ.

1779 4620 1955 4692 magis
1978 4619 2157 4676 adhuc
2185 4620 2647 4675 coniirmatnrex
2680 4618 2984 4675 canonibus
3006 4619 3343 4690 apostolicis,

1776 4712 1921 4781 circa
1942 4694 2124 4767 ς»ωούιί
2152 4727 2211 4767 ιιι
2244 4709 2479 4765 medium
2510 4709 2790 4765 collectis:
2845 4710 2899 4764 in
2949 4709 3145 4764 horum
3192 4710 3339 4765 enim

1777 4788 2047 4860 canonum
2098 4803 2311 4869 ultimo,
2368 4812 2649 4858 sacrarum
2699 4792 3119 4872 scripturarum
3152 4817 3345 4859 recen-

1777 4894 1986 4951 sionem
2034 4892 2370 4966 proferente,
2407 4900 2531 4962 post
2568 4900 2914 4956 enumeratas
2968 4893 3339 4962 apostolorum

1778 4982 2261 5055 Epi'stolas’statim
2294 4982 2662 5053 subjiciuntur
2708 4982 3021 5053 Κλήμεντος
3066 4971 3345 5039 intervolat

1775 5058 1868 5128 δύο
1897 5092 1914 5133 :
1971 5089 2092 5145 qum
2144 5064 2392 5145 proiecto
2413 5073 2615 5128 eadem
2642 5071 2814 5153 [uisse
2836 5071 3092 5126 videntur
3114 5086 3239 5126 eum
3256 5073 3345 5126 iis

1778 5180 1916 5234 quas
1943 5164 2292 5219 Alexandrini
2338 5163 2546 5218 codicis
2579 5151 2853 5217 indiculus
2883 5163 3136 5231 exhibet;
3167 5178 3233 5219 eo
3260 5164 3344 5217 vel

1778 5254 2013 5311 maxime
2051 5253 2199 5325 quod
2240 5254 2430 5309 eodem
2483 5255 2642 5324 plane
2680 5254 2873 5309 ordine
2930 5269 3038 5324 quo
3064 5254 3342 5308 laudatus

1780 5344 2075 5408 indiculus,
2110 5358 2287 5399 canon
2314 5337 2417 5399 iste
2448 5345 2782 5414 apostolicus
2814 5344 2936 5401 illas
2970 5343 3177 5416 digerat
3210 5362 3224 5399 :
3282 5351 3339 5398 ut

1781 5433 2009 5504 proinde
2033 5426 2182 5488 nulla
2211 5435 2389 5492 subsit
2407 5433 2698 5506 dubitatio,
2732 5436 3026 5506 quominus
3059 5434 3341 5505 utriusque

1785 5675 1963 5813 ἔξω)
2030 5670 2330 5745 Prolegom.
2374 5671 2441 5727 ad
2476 5660 2637 5731 vers-
2679 5674 2839 5744 LXX,
2867 5682 3000 5732 tom.
3033 5649 3077 5744 l,
3117 5691 3237 5750 cap.
3281 5677 3329 5742 l,
