4054 6320
689 330 760 388 ss
1834 325 1926 378 an
1962 324 2020 386 s.
2059 301 2477 384 amares
2514 323 2533 376 ι
2571 321 2800 378 PAPAM
3696 369 3724 384 ..
3827 310 3912 362 οῦ

689 445 1023 506 resensioois
1042 445 1196 499 locus
1228 442 1301 500 sit
1328 439 1678 511 accipiendos
1704 438 1771 496 de
1790 439 1999 495 duabus
2031 438 2240 509 Episto-
2271 446 2319 504 Α
2412 438 2594 507 Neque
2606 439 2798 494 desunt
2819 431 3292 503 exempla,quibns
3308 427 3616 499 hujusmodi
3629 433 3912 481 assertum

676 540 773 594 .lis-
801 535 1187 602 Corinthiacis,
1243 550 1479 605 quorum
1527 541 1719 590 auctor
1767 533 1931 588 fuerit
1972 532 2230 589 Clemens

688 629 986 686 Romanus.

756 721 889 775 Hinc
915 719 1093 789 itaque
1121 720 1472 776 meritissimo
1499 718 1810 788 exploditur
1841 730 1873 770 a
1901 716 2033 772 viris
2072 715 2248 771 doctis

688 807 966 866 Vendelini
991 817 1044 862 et
1076 809 1333 863 Dodwelli
1364 808 1477 881 (17)
1526 808 1734 878 opinio,
1762 822 1882 877 quae
1909 805 2109 862 Grabio
2135 805 2246 875 (18)

685 913 902 970 quoque
932 900 1161 968 aliisque
1186 901 1450 969 probatur
1478 918 1495 956 :
1528 898 1763 954 bomilia:
1793 898 2007 954 scilicet
2039 904 2247 967 partem

686 1007 825 1055 esse,
857 1007 977 1061 qua:
1020 991 1339 1046 inscribitur
1384 990 1620 1046 secunda
1675 989 1952 1060 Epistola;
1995 991 2248 1058 illiusque

685 1081 1043 1154 fragmentum
1084 1083 1218 1137 satis
1245 1083 1464 1153 longum
1494 1068 1637 1152 quod
1659 1081 1953 1136 etiamnum
1976 1087 2246 1150 superest,

684 1174 752 1228 ad
809 1181 1044 1230 veterem
1095 1167 1326 1245 ’διδαχὴν
1399 1173 1785 1228 Clementinam
1847 1185 1968 1227 esse
2027 1172 2250 1226 omnino

684 1263 1082 1318 amandandum
1116 1266 1286 1334 :quin
1325 1272 1377 1318 et
1405 1279 1468 1319 eo
1493 1264 1760 1334 processit
1790 1264 1906 1332 ipse
1941 1262 2248 1318 Dodwellus

682 1348 1179 1422 intemperantioris
1209 1355 1425 1410 critices
1454 1363 1690 1409 sectator
1719 1353 2250 1417 studiosissimus,ut

682 1441 804 1496 loca
834 1446 1096 1498 nonnulla
1126 1445 1367 1514 ejusdem
1403 1444 1654 1514 Epistolas
1691 1445 1888 1514 stylum
1919 1445 2246 1514 eclogarium

681 1532 1089 1604 bypotyposeon
1148 1536 1441 1591 Clementis
1481 1535 1831 1590 Alexandrini
1878 1534 2081 1590 reierre
2122 1551 2251 1606 pro-

682 1622 863 1682 fessus
905 1627 1089 1692 fuerit,
1117 1629 1356 1697 adeoque
1391 1627 1660 1683 immistos
1690 1628 1920 1681 invicem
1952 1628 2092 1683 duos
2126 1629 2249 1684 illos

682 1720 853 1776 fuisse
897 1718 1202 1774 Clementes
1251 1717 1560 1785 coniecerit.
1616 1717 1722 1772 Sed
1767 1733 2024 1773 censores
2065 1718 2251 1773 istius-

680 1811 827 1880 medi
859 1811 1160 1875 mittamus,
1193 1809 1283 1881 qui
1328 1827 1359 1863 a
1402 1810 1629 1864 veritate
1658 1811 1814 1877 longe
1845 1810 2100 1863 aberrare
2145 1824 2245 1862 no-

681 1909 928 1958 scuntur.
962 1900 1132 1965 Quam
1156 1913 1301 1954 enim
1327 1912 1565 1952 canones
1593 1897 1899 1967 apostolici,
1929 1905 2092 1966 quam
2127 1910 2250 1966 per-

679 1999 930 2047 vetustus
963 1991 1131 2050 codex
1161 1988 1585 2052 Alexandrinus,
1619 2001 1791 2056 quam
1820 1986 2052 2056 denique
2081 1985 2249 2041 Euse-

679 2082 823 2142 bius,
843 2078 1220 2150 Hieronymus,
1243 2074 1568 2140 DorOtheus,
1590 2075 1978 2139 Damascenus,
1999 2075 2248 2142 Photius,

681 2181 733 2226 et
750 2170 931 2225 caeteri
951 2183 1162 2225 summo
1180 2183 1450 2224 consensu
1470 2165 1761 2234 Epistolam
1780 2172 2113 2236 nuncupant,
2129 2181 2248 2220 eam

680 2273 810 2316 vero
855 2259 1074 2332 nonnisi
1106 2258 1483 2326 'conjectando
1529 2258 1584 2315 in
1618 2256 1976 2311 Homiliarum
2020 2271 2247 2310 censum

679 2349 884 2405 referre
908 2356 1070 2418 atque
1098 2347 1240 2401 inter
1271 2346 1616 2416 supposititia
1645 2345 1969 2401 Clementina
2013 2346 2249 2406 colloca-

678 2453 738 2493 re
772 2458 781 2490 :
812 2438 864 2489 ld
915 2447 1026 2491 tum
1075 2435 1292 2497 demum
1322 2446 1405 2490 est
1434 2436 1714 2490 hominum
1746 2437 1858 2491 otio
1884 2436 2248 2500 abutentium,

679 2528 772 2600 qui
804 2539 913 2581 non
944 2527 1206 2580 rationem
1231 2527 1287 2580 in
1310 2515 1640 2596 disputando
1667 2533 1983 2595 sequantur,
2015 2527 2110 2581 sed
2135 2528 2254 2580 sive

679 2615 1056 2686 contentionis
1077 2615 1192 2672 sive
1224 2615 1478 2669 novitatis
1510 2615 1689 2669 studio
1717 2630 1773 2669 se
1800 2615 1972 2683 abripi
2016 2614 2197 2669 sinant
2231 2633 2244 2668 :

678 2713 740 2764 ut
786 2695 1070 2778 propterea
1115 2718 1302 2760 eorum
1354 2704 1537 2774 opinio
1567 2713 1808 2759 veterum
1835 2705 2110 2760 sententiae
2140 2720 2251 2758 non

681 2798 859 2854 solum
905 2811 1015 2850 non
1054 2793 1408 2865 praeferenda,
1447 2795 1544 2850 sed
1571 2810 1640 2850 ne
1669 2796 1996 2849 conferenda
2031 2796 2251 2866 quidem

687 2904 810 2942 cum
836 2887 925 2941 illa
955 2885 1221 2943 videatur.

752 2975 840 3031 IV.
883 2975 1068 3044 Neque
1091 2975 1329 3029 .demum
1379 2973 1693 3044 singillatim
1720 2981 1955 3043 acceptaz
1984 2975 2248 3030 adversa-

2348 531 2746 599 comprobetur.
2775 528 2843 584 Ut
2869 536 3046 582 autem
3076 540 3241 578 unum
3266 523 3349 578 vel
3376 523 3604 577 alterum
3634 534 3921 590 propona-

2348 641 2490 689 mus,
2522 623 2807 692 Epistolam
2832 622 2898 675 ad
2926 621 3168 674 Hebraos
3193 633 3299 674 non
3326 631 3447 672 esse
3469 615 3697 685 apostoli
3721 614 3913 672 Pauli.

2349 715 2442 771 sed
2487 716 2568 769 vel
2604 713 2860 766 Barnabm
2897 712 2978 765 vel
3009 712 3163 765 Luca:
3201 709 3284 762 vel
3319 707 3486 762 nostri
3521 705 3843 767 Clementis,
3883 722 3917 758 e

2349 807 2472 879 styli
2501 808 2814 860 charactere
2834 809 3071 856 veterum
3094 799 3335 854 nonnulli
3358 798 3756 860 existimarunt,
3775 796 3919 852 Ori—

2350 914 2510 969 genes
2530 895 2965 967 (22),Eusebius,
2994 891 3372 963 Hieronymus,
3399 892 3595 959 aliique
3625 888 3922 960 antiquio-

2349 986 2458 1043 res.
2489 987 2742 1048 Attamen.
2767 1001 2931 1056 quam
2959 984 3103 1038 ﬂuxa
3131 984 3202 1039 sit
3233 984 3343 1037 haec
3371 983 3658 1048 sententia,
3679 997 3808 1035 cum
3839 996 3918 1034 ex

2350 1077 2588 1146 Epistola
2617 1075 2679 1129 II
2706 1074 2871 1137 Petri,
2914 1082 3028 1128 tum
3057 1074 3111 1128 in
3136 1075 3324 1144 primis
3351 1090 3416 1128 ex
3446 1074 3615 1142 ipsius
3645 1071 3920 1140 Epistolis

2349 1168 2417 1222 ad
2464 1166 2712 1221 Hebrwos
2758 1172 3017 1221 contextu
3064 1165 3199 1218 satis
3247 1164 3433 1232 liquet,
3456 1169 3518 1215 ut
3545 1177 3655 1230 prae
3675 1162 3924 1215 caeteris

2349 1272 2575 1313 nervose
2618 1273 2732 1313 rem
2774 1257 2968 1312 astruit
2997 1253 3232 1311 Joannes
3263 1254 3460 1309 Millius
3486 1253 3617 1325 (2'5).
3639 1252 3791 1307 Idem
3822 1253 3922 1320 ju«

2348 1350 2549 1403 dicium
2599 1349 2765 1401 latum
2815 1347 2945 1402 olim
2988 1345 3158 1400 fuisse
3197 1345 3264 1400 de
3292 1345 3435 1399 Petri
3464 1343 3706 1412 Epistola
3732 1343 3801 1396 II
3836 1354 3924 1397 te-

2347 1448 2558 1494 stantur
2605 1438 2763 1494 iidem
2817 1440 3110 1507 scriptores
3162 1451 3393 1507 quorum
3444 1435 3603 1490 modo
3650 1436 3925 1489 memini—

2350 1547 2469 1584 mus
2495 1529 2627 1600 (24).
2658 1528 2858 1606 Verum
2892 1536 2945 1583 et
2982 1529 3071 1584 hic
3111 1527 3312 1582 frustra
3353 1528 3619 1581 censitum
3650 1542 3714 1580 ex
3738 1525 3928 1580 dissi-

2349 1620 2652 1675 militudine
2677 1620 2822 1690 styli,
2853 1634 2947 1673 eas
2977 1618 3246 1687 Epistolas
3279 1616 3417 1671 duos
3448 1617 3744 1685 scriptores
3777 1631 3924 1684 pro-

2351 1710 2498 1774 dere,
2529 1725 2664 1780 quas
2687 1708 2847 1770 unius
2878 1706 3021 1761 Petri
3049 1721 3177 1760 esse
3196 1706 3496 1760 luculenter
3525 1705 3741 1759 aliunde
3771 1721 3932 1758 con-.

2350 1807 2478 1855 stat.
2510 1797 2580 1853 De
2628 1805 2851 1851 auctore
2891 1796 3074 1849 itidem
3103 1794 3507 1865 Apocalypseos,
3533 1794 3651 1848 aliis
3680 1795 3920 1862 quidem

2347 1890 2679 1951 nominibus,
2715 1896 2768 1940 at
2816 1887 3108 1956 praesertim
3139 1901 3168 1940 e
3199 1886 3323 1956 styli
3359 1887 3570 1940 ratione
3603 1886 3926 1954 antiquitus

2348 1981 2675 2043 dubitatum,
2709 1988 2887 2033 utrum
2922 1979 3077 2032 fuerit
3105 1977 3342 2031 Joannes
3374 1977 3670 2046 apostolus.
3706 1976 3925 2047 Diony-

2349 2073 2490 2128 sium
2530 2070 2954 2126 Alexandrinum
3006 2069 3148 2139 apud
3179 2067 3470 2121 Eusebium
3500 2067 3609 2136 (25)
3639 2067 3684 2121 si
3715 2068 3927 2120 audia-

2349 2178 2493 2226 mus,
2511 2161 2847 2230 Evangelium
2875 2157 3100 2213 Joannis
3129 2165 3183 2211 et
3208 2157 3449 2226 ejusdem
3474 2155 3715 2224 Epistula
3739 2154 3770 2209 Ι
3813 2157 3924 2211 sibi

2348 2261 2539 2308 mutuo
2577 2254 2879 2319 cohairent;
2934 2261 3098 2320 atque
3145 2252 3197 2304 in
3230 2250 3502 2311 omnibus,
3534 2249 3578 2302 si
3612 2255 3755 2302 recte
3788 2265 3926 2318 per-

2350 2344 2621 2415 penderis,
2652 2361 2819 2398 unum
2863 2344 3112 2412 idemque
3159 2343 3438 2411 utriusque
3469 2341 3790 2411 scriptionis
3822 2357 3918 2410 ge-

2349 2452 2454 2491 nus
2501 2436 2775 2490 evidentcr
2825 2441 3077 2505 apparet;
3117 2431 3471 2503 Apocalypsis
3497 2449 3624 2487 vero
3655 2433 3725 2486 ab
3756 2441 3925 2486 utro-

2349 2542 2455 2597 que
2486 2527 2576 2579 illo
2605 2517 2807 2595 scripto
2830 2526 3005 2578 aliena
3031 2531 3114 2578 est
3144 2532 3197 2577 et
3221 2531 3496 2577 extranea.
3527 2523 3591 2576 At
3616 2538 3783 2593 quam
3826 2539 3924 2592 pa-

2350 2629 2470 2668 rum
2500 2614 2600 2667 bac
2629 2614 2681 2668 in
2713 2630 2769 2668 re
2807 2614 3152 2668 tribuendum
3177 2615 3244 2668 sit
3278 2613 3518 2684 Dionysii
3551 2613 3922 2670 Alexandrini

2351 2707 2696 2771 auctoritati,
2745 2716 2942 2760 norunt
2986 2707 3208 2768 eruditi,
3251 2714 3309 2759 ut
3348 2707 3560 2761 abunde
3608 2710 3742 2760 satis
3791 2718 3924 2762 ante

2350 2796 2539 2850 oculos
2570 2795 2751 2864 posuit
2779 2795 2861 2848 vir
2888 2796 3082 2850 doctus
3114 2796 3274 2849 modo
3299 2797 3550 2850 laudatus
3575 2796 3709 2866 (26).

2421 2883 2810 2939 Ex'hactenus
2862 2886 3039 2940 allatis
3092 2888 3351 2955 exemplis
3405 2887 3688 2942 manifeste
3715 2887 3922 2957 liquet.

2350 2991 2467 3032 mea
2514 2978 2730 3046 quidem
2777 2979 3063 3044 sententia,
3094 2994 3256 3048 quam
3282 2980 3431 3032 tenui
3455 2979 3679 3033 tibicine
3712 2978 3920 3034 fultum

678 3068 884 3120 riorum
929 3066 1320 3135 objectationes
1363 3066 1499 3118 tanti
1548 3074 1674 3120 sunt
1705 3065 1979 3135 ponderis,
2015 3074 2075 3119 ut
2109 3067 2248 3119 banc
2276 3097 2319 3154 ε
2353 3067 2423 3119 sit
2465 3074 2839 3135 argumentum
2873 3082 2902 3121 e
2939 3069 3063 3137 styli
3113 3068 3556 3123 dissimilitudine
3607 3079 3922 3140 sumptum,

679 3156 975 3225 Epistulam
1010 3157 1400 3226 suppositionis
1432 3165 1739 3226 suspectam
1771 3158 1993 3213 reddere
2015 3159 2248 3214 valeant.

679 3245 915 3301 Joannes
970 3244 1234 3309 Morinos,
1265 3246 1347 3298 vir
1406 3253 1598 3300 caetera
1652 3247 1865 3307 doctus,
1923 3247 2166 3302 eamdem
2220 3262 2251 3301 a

680 3339 884 3392 sanctis
912 3336 1163 3394 Patribus
1193 3337 1553 3392 adulterinam
1589 3317 1758 3393 fuisse
1793 3338 2033 3393 habitam
2064 3353 2249 3394 secum

680 3438 958 3497 reputans,
979 3428 1073 3483 sed
1103 3428 1374 3483 immerito
1404 3437 1462 3484 ut
1495 3444 1616 3484 mox
1645 3430 1881 3498 patebit,
1913 3447 2022 3500 quo
2051 3431 2104 3486 id
2133 3444 2253 3486 ma-

683 3522 765 3590 gis
810 3520 988 3574 adhuc
1039 3518 1371 3583 astruat,‘ab
1414 3521 1584 3589 ipsius
1631 3521 1883 3588 Epistolas
1915 3522 2056 3591 stylo
2092 3537 2252 3591 argu-

679 3623 917 3665 mentum
955 3611 1208 3676 desumit,
1244 3619 1296 3664 et
1343 3613 1558 3682 quidem
1603 3614 1783 3668 acrius
1829 3614 2057 3670 fortasse
2084 3629 2246 3686 quam

679 3702 918 3757 decebat.
961 3720 977 3752 ε
1011 3701 1157 3756 lllius
1188 3703 1381 3772 stylus,
1417 3704 1591 3771 inquit
1623 3704 1754 3773 (l9),
1790 3713 1845 3757 ut
1896 3707 2092 3773 prioris
2135 3721 2246 3761 non

679 3800 762 3848 est
789 3794 910 3850 simi
935 3809 1046 3855 lex,
1077 3791 1171 3847 sed
1205 3794 1525 3862 argutulus;
1562 3811 1665 3847 non
1699 3803 1889 3864 sponte
1920 3795 2113 3861 ﬂuens,
2149 3798 2245 3853 sed

680 3899 779 3955 pro
832 3883 1073 3938 auctoris
1117 3892 1278 3952 captu
1325 3886 1565 3942 studiose
1595 3887 1938 3952 elaboratus;
1973 3904 2080 3943 non
2110 3889 2245 3942 ἀπε-

682 3975 910 4047 ριοδικὸς
954 3984 1006 4028 et
1038 3989 1422 4043 nonnunquam
1453 3978 1872 4040 ἀνανταπὸδοτος
1911 3980 2004 4033 sed
2057 3981 2246 4036 verbo-

679 4081 801 4120 rum
852 4065 1138 4129 ambitum,
1192 4068 1488 4121 antitheses
1539 4084 1834 4137 earumque
1883 4071 2239 4127 redditionem

678 4156 964 4213 ambitiose
998 4158 1231 4212 allectat.
1270 4178 1288 4209 ι
1333 4156 1454 4213 llaec
1485 4158 1745 4220 Marinus,
1777 4161 1934 4229 cujus
1974 4162 2239 4216 sententia

683 4245 953 4300 Richardo
985 4263 1198 4316 quoque
1230 4247 1471 4302 Simonio
1506 4251 1722 4318 probari
1753 4252 1965 4305 videtur
1993 4253 2126 4324 (20).
2153 4253 2239 4309 In-

684 4338 849 4391 ficiari
901 4338 1146 4406 equidem
1194 4340 1358 4394 nolim
1408 4340 1550 4395 haud
1602 4344 1714 4396 leve
1762 4345 2050 4414 aliquando
2074 4361 2235 4416 argu-

2353 3160 2463 3229 q'no
2491 3156 2732 3227 Epistola
2762 3157 2827 3212 Il
2864 3159 3206 3228 abjudicctur
3234 3160 3518 3215 Clementi.
3546 3159 3663 3214 Jam
3713 3171 3924 3216 caetera

2351 3263 2766 3318 prosequamur.

2421 3337 2488 3397 γ.
2529 3340 2794 3395 Morinum
2827 3340 2986 3396 modo
3027 3341 3355 3408 audivimus,
3396 3343 3545 3398 nullo
3581 3351 3720 3398 tcste
3758 3343 3923 3398 adhi-

2350 3430 2485 3496 bito,
2529 3433 2833 3488 asseruisse
2864 3433 3002 3486 hanc
3031 3434 3315 3503 epistolam
3345 3451 3373 3487 a
3405 3434 3607 3490 sanctis
3655 3432 3924 3488 Patribus

2351 3528 2610 3591 tanquam
2634 3523 2995 3576 adulterinam
3035 3522 3203 3579 fuisse
3233 3523 3468 3576 habitam
3495 3541 3508 3578 :
3542 3539 3662 3593 qum
3692 3524 3921 3592 quidem

2349 3614 2614 3667 sententia
2647 3614 2921 3669 nonnullis
2953 3629 3167 3683 quoque
3232 3615 3353 3669 aliis
3383 3616 3660 3682 probatur.
3689 3613 3917 3674 Jurene.

2347 3718 2415 3756 an
2448 3719 2625 3769 secus,
2664 3704 2964 3760 videamus.
3009 3704 3082 3759 De
3124 3704 3225 3757 hac
3274 3704 3388 3772 ipsa
3429 3705 3656 3773 cpistola
3694 3703 3916 3758 Eusebii

2345 3795 2712 3848 testimonium
2735 3795 3044 3864 huiusmodi
3083 3796 3342 3849 habemus
3370 3795 3478 3865 (27)
3510 3815 3520 3847 :
3551 3796 3747 3848 ’ἰστέον
3769 3795 3814 3847 δ’
3846 3796 3917 3858 ὡς

2344 3886 2439 3939 καὶ
2485 3885 2706 3956 δευτέρα
2739 3903 2821 3947 τις
2862 3880 2997 3937 εἶναι
3043 3885 3254 3953 λέγεται
3293 3884 3387 3936 τοῦ
3431 3884 3747 3954 Κλήμεντος
3798 3886 3913 3936 ὲπι-

2344 3977 2526 4049 στολήο
2575 3979 2634 4029 οὐ
2677 3977 2773 4046 μὲν
2816 3976 2890 4028 ἔθ’
2939 3977 3137 4046 ὁμοίως
3183 3980 3248 4046 τῇ
3293 3976 3532 4047 προτέρᾳ
3572 3977 3664 4028 καὶ
3710 3964 3919 4045 ταύτην

2340 4065 2610 4138 γνώριμον
2650 4065 3004 4135 ἐπιστάμεθα,
3038 4067 3114 4118 ὅτι
3150 4065 3281 4135 μηδὲ
3318 4067 3441 4128 τοὺς
3471 4065 3727 4136 ἀρχαίους
3775 4068 3915 4134 αὐτῇ

2340 4158 2705 4229 κεχρημένους
2743 4157 2916 4226 ἴσμεν.
2956 4175 2972 4207 ‹
3025 4154 3313 4210 Sciendum
3341 4162 3422 4211 est
3450 4164 3649 4219 autem,
3683 4158 3833 4224 quod
3866 4175 3917 4224 ειι

2340 4251 2573 4306 secunda
2597 4249 2838 4319 quaedam
2854 4249 3146 4305 Clementis
3170 4250 3396 4318 cpistola
3416 4265 3535 4305 esse
3556 4250 3809 4305 dicatur:
3837 4268 3918 4303 ve-

2339 4356 2458 4394 rum
2488 4340 2626 4393 hanc
2656 4355 2763 4393 non
2790 4340 3013 4407 perinde
3043 4355 3104 4393 ac
3134 4341 3367 4408 priorem
3395 4349 3576 4394 nolam
3604 4355 3729 4395 esse
3765 4356 3916 4394 com-

683 4434 921 4481 mentum
951 4443 1016 4481 ex
1044 4426 1485 4484 dissimilitudine
1514 4431 1638 4500 styli
1669 4445 1984 4503 suppetere,
2016 4451 2125 4506 quo
2152 4437 2248 4490 ali-
2277 4427 2322 4486 Ι)
2346 4430 2615 4498 perimus;
2650 4430 2905 4498 quoniam
2955 4445 3050 4484 nec
3076 4439 3285 4485 veteres
3326 4446 3387 4483 ea
3425 4445 3554 4485 usos
3595 4444 3718 4483 esse
3761 4430 3917 4482 novi—

681 4516 769 4568 cui
817 4517 1070 4585 scriptori
1117 4532 1253 4586 opus
1300 4519 1660 4586 abjudicetur,
1692 4523 1890 4591 aliique
1923 4523 2242 4591 addicatur;

683 4607 971 4661 dummodo
1024 4615 1203 4661 tamen
1261 4608 1465 4676 reliqua
1522 4611 1622 4666 rite
1675 4612 1999 4670 cobmreant.
2043 4614 2242 4670 Verum

682 4695 826 4748 hunc
847 4710 1106 4752 canonem
1128 4697 1376 4750 criticum
1403 4715 1510 4752 non
1533 4716 1653 4755 esse
1677 4701 1900 4754 nimium
1921 4705 2241 4772 urgendum,

684 4797 841 4836 nemo
883 4798 992 4836 non
1042 4782 1182 4838 videt
1217 4804 1228 4837 :
1261 4785 1549 4853 siquidem,
1593 4798 1649 4840 ut
1701 4788 1903 4855 optime
1944 4787 2244 4845 Cotelerius

683 4887 841 4938 quem
884 4873 1129 4939 sequitur
1158 4879 1210 4925 et
1241 4871 1471 4927 Grabius
1515 4874 1649 4941 (2i),
1695 4875 1819 4945 styli
1862 4875 2246 4934 dissimilitudo

684 4964 753 5016 ab
781 4962 967 5017 eodem
999 4965 1265 5033 scriptore
1302 4981 1399 5034 pro
1430 4967 1691 5021 varietate
1719 4975 2019 5037 temporum
2049 4980 2102 5026 et
2123 4986 2246 5039 cau-

684 5069 867 5107 sarum
897 5054 1024 5107 oriri
1058 5055 1252 5122 potuit.

906 5203 1110 5281 [Boilva
1146 5206 1367 5281 Disser}.
1407 5206 1632 5281 infren.
1674 5210 1700 5281 ᾗ
1737 5195 1885 5275 uix,
1918 5227 1970 5280 p,
2003 5213 2089 5266 55.

781 5273 864 5345 l8)
905 5270 1110 5345 Spiciln
1147 5284 1275 5329 tom.
1313 5277 1354 5336 l.
1385 5292 1436 5345 ι).
1466 5278 1588 5333 268.

782 5344 866 5413 l9)
910 5344 1138 5399 Exercit.
1171 5344 1487 5410 biblic.,lib.
1529 5363 1566 5413 ι,
1593 5365 1770 5405 exere.
1825 5368 1899 5413 ix,
1952 5367 2073 5420 cap.
2127 5351 2181 5415 4,
2217 5350 2244 5421 §

688 5427 758 5466 ιι.

909 5481 1265 5560 ῃὶἰξιτιεΙιοὶδη
1302 5494 1338 5560 t.
1374 5484 1413 5548 l,
1445 5488 1602 5560 chap.
1629 5489 1718 5555 28,
1748 5507 1799 5560 ι).
1831 5490 1956 5543 282.

757 5551 866 5623 (ἓξ)
912 5553 1113 5623 δρίπὲί..
1147 5563 1276 5608 tom.
1305 5555 1343 5617 l,
1377 5571 1429 5623 p.
1464 5551 1585 5612 268.

757 5619 1144 5742 (ἓῖἐῦονὶδθηη
1184 5627 1325 5692 apud
1373 5619 1592 5692 Euseb,
1643 5626 1958 5694 "istuc-1.,
2007 5628 2100 5684 lib.
2151 5645 2242 5694 vi,

688 5691 916 5756 cap..25.

2345 4534 2485 4572 mus.
2519 4537 2536 4571 ι
2566 4518 2734 4583 Quem
2768 4520 2943 4571 locum
2981 4517 3208 4593 Rufinus
3256 4516 3600 4586 indiligenter
3625 4531 3724 4586 pro
3767 4530 3915 4568 more

2345 4625 2444 4664 suo
2465 4610 2538 4663 ita
2570 4611 2954 4678 interpretatur
2980 4629 2991 4663 :
3022 4610 3224 4662 Dicitur
3255 4619 3426 4663 tamen
3448 4625 3557 4662 esse
3575 4617 3622 4660 et
3655 4609 3764 4660 alia
3798 4607 3914 4663 Cia--

2345 4703 2538 4754 mentis”
2569 4700 2810 4768 epistola,
2844 4700 2994 4767 cujus
3039 4717 3131 4752 nos
3181 4701 3418 4752 notitiam
3463 4716 3562 4751 non
3593 4700 3908 4767 accepimus.

2344 4790 2527 4861 Neque
2556 4791 2727 4859 magis
2751 4799 3002 4845 accurate
3025 4789 3383 4861 Hieronymus
3417 4808 3428 4842 :
3462 4787 3654 4842 Fertur
3685 4800 3910 4841 secunda

2345 4899 2453 4936 esse
2476 4898 2538 4934 ea:
2558 4883 2668 4950 ejus
2693 4884 2895 4934 nomine
2917 4882 3161 4950 epistola,
3182 4897 3296 4950 qua:
3319 4898 3350 4932 α
3373 4869 3631 4933 veteribus
3661 4880 3910 4946 reproba-

2349 4984 2450 5026 ίαν.
2482 4973 2706 5026 Photius
2745 4981 2922 5028 autem
2955 4972 3018 5025 ad
3051 4972 3359 5041 Hieronymi
3399 4970 3722 5024 sententiam
3754 4985 3910 5022 acce-

2346 5066 2501 5132 dens,
2530 5068 2643 5121 hznc
2673 5067 2834 5120 habet
2861 5065 2972 5134 (28)
3001 5085 3014 5119 :
3056 5067 3119 5118 Ἠ
3145 5065 3198 5117 δὲ
3225 5063 3485 5133 λεγομένη
3511 5061 3733 5133 δευτέρα
3777 5060 3909 5128 πρὸς

2419 5221 2528 5286 (23)
2573 5220 2959 5290 Prolegom.ad
2995 5221 3056 5273 N.
3094 5219 3246 5274 'l'..n.
3275 5220 3360 5273 85.
3397 5235 3548 5288 seqq.

2418 5292 2528 5361 (24)
2570 5289 2811 5361 Origen.,
2839 5290 3125 5361 Comment.
3159 5293 3210 5342 in
3237 5290 3419 5345 Joan..
3455 5299 3584 5341 tom.
3625 5305 3675 5361 v_.
3713 5305 3763 5357 p.
3802 5289 3898 5343 83'

2348 5358 2571 5425 EuSeli.,
2602 5358 2703 5414 1.(Ξ.
2728 5360 3000 5425 ;Hieron.,
3029 5360 3099 5411 De
3128 5364 3224 5413 vir.
3255 5360 3474 5419 illustr.,
3507 5373 3624 5426 cap.
3650 5358 3699 5411 ι.

2419 5431 2530 5564 (25)
2576 5429 2715 5484 Hist.
2746 5430 2894 5492 eccl.,
2933 5428 3022 5482 lib.
3056 5444 3150 5481 γυ.
3186 5444 3301 5497 cap.
3333 5430 3420 5482 '50.

2443 5499 2531 5564 26)
2569 5498 2727 5564 Mill.,
2762 5500 2796 5550 l.
2830 5514 2878 5550 ο.
2912 5514 3061 5551 num.
3099 5499 3220 5558 176,
3251 5514 3399 5563 seqq.

2443 5499 2531 5564 26)
2569 5498 2727 5564 Mill.,
2762 5500 2796 5550 l.
2830 5514 2878 5550 ο.
2912 5514 3061 5551 num.
3099 5499 3220 5558 176,
3251 5514 3399 5563 seqq.

2420 5500 2531 5630 (26)
2569 5500 2727 5564 Mill.,
2762 5500 2796 5550 l.
2830 5514 2878 5550 ο.
2912 5514 3061 5551 num.
3099 5500 3220 5558 176,
3251 5514 3399 5563 seqq.

2415 5569 2506 5634 (27
2567 5567 2711 5622 Hist.
2741 5568 2887 5630 βοείη
2925 5569 3014 5620 lib.
3048 5583 3130 5634 in,
3162 5582 3280 5637 cap.
3310 5567 3399 5621 38.

2417 5637 2529 5711 (28)
2568 5637 2704 5693 Bibl.
2737 5638 2856 5694 cod.
2887 5652 3037 5693 cun.
