4046 6326
115 316 173 372 97
1369 312 1704 389 momnis
1742 312 2123 370 VARlORUtl.
3277 323 3345 374 es

113 424 468 488 ςοὺςαῦτοὺς,
501 426 575 487 ὡς
603 424 754 488 νόθος
777 422 1247 494 ἀποδοκιμάζεται.
1278 443 1297 477 ¢
1332 423 1463 491 Qua
1487 432 1668 481 autem
1696 429 1742 488 Α
1773 443 1873 499 ραν
1905 426 2267 497 διηγάγομεν,
2302 429 2359 481 ὲν
2474 425 2855 499 ἁνεγνὼκαμεν
2894 428 3046 500 ὑμῶν
3085 429 3183 499 τὴν
3229 430 3346 484 ἑπι-

114 518 347 574 secnnda
385 517 453 572 ad
493 517 712 573 eosdem
741 515 1101 588 (Corinthios)
1140 517 1359 583 dicitur,
1401 527 1458 572 ut
1503 517 1662 571 notha

1775 515 1986 588 στολὴν,
2018 517 2084 587 ἥν
2113 514 2303 588 ἕξομεν
2319 518 2403 570 ἀεί
2433 533 2562 569 ποτε
2593 516 3053 587 ἀναγινώσκοντες
3079 520 3345 573 νουθετεῖ-

110 608 372 678 rejicitur.
406 627 424 661 ι
458 608 525 661 At
558 609 756 664 rectius
776 600 847 662 ad
885 615 1119 665 mentem
1152 607 1370 665 Eusebii
1399 608 1671 680 Nicepho-

110 715 199 755 rus
218 696 335 769 (29)
367 718 381 755 :
408 700 518 752 Καὶ
548 699 678 770 ἄλλη
707 700 761 753 δὲ
790 697 953 753 αὐτοῦ
990 699 1210 770 φέρεται
1258 698 1533 771 ἐπιστολὴ,
1572 699 1673 768 τῆς

110 791 378 861 προτέρας
420 789 581 845 κατὰί
608 790 742 843 πολὺ
790 790 1117 843 ἀποδέουσα·
1171 791 1299 862 περὶ
1342 784 1409 861 ἧς
1435 791 1464 842 ὁ
1512 784 1672 852 αὑτός

110 895 266 949 φησιν
286 879 566 944 Εὐσέϐιος,
592 877 665 950 μὴ
684 879 742 932 ὲν
759 871 1037 951 ἐπιοτήμῃ
1052 877 1253 949 ταύτης
1269 881 1396 943 τοὺς
1413 879 1673 951 ἀρχαίους

109 964 260 1024 εἶναι.
301 988 321 1023 s
367 970 565 1027 Fertur
606 980 659 1027 et
698 972 802 1043 alia
842 970 962 1041 ejus
1003 969 1368 1042 (Clementis)
1406 971 1668 1041 epistola,

109 1061 283 1131 priore
315 1061 475 1132 longe
512 1060 771 1128 inferior;
796 1059 864 1115 de
883 1076 991 1131 qua
1021 1059 1154 1117 dicit
1188 1059 1345 1116 idem.
1370 1059 1670 1126 Eusebius,

108 1156 311 1206 veteres
350 1149 474 1218 ejus
531 1150 781 1204 notitiam
824 1164 935 1205 non
982 1148 1203 1204 habere.
1249 1166 1269 1201 ›
1314 1147 1393 1201 Ex
1443 1147 1529 1203 his
1568 1148 1671 1202 ita-

109 1255 208 1310 que
241 1240 478 1296 testibus
526 1239 619 1295 uni
666 1238 904 1295 Eusebio
945 1239 1196 1295 standum
1222 1278 1237 1299 ,
1270 1254 1430 1293 nemo
1454 1254 1564 1293 non
1589 1239 1671 1293 vi—

110 1334 230 1387 det:
263 1332 397 1387 ﬁdes
426 1332 570 1387 enim
610 1347 776 1404 penes
808 1340 1106 1394 auctorem,
1135 1346 1243 1385 non
1277 1336 1459 1385 autem
1500 1346 1669 1401 penes

80 1425 426 1494 interpretes
455 1430 547 1478 aut
572 1423 963 1494 exseriptores.
1000 1418 1228 1475 Photius
1269 1435 1402 1475 vero
1447 1421 1671 1477 minime

107 1512 426 1577 audiendus,
471 1513 566 1582 qui
612 1513 783 1565 multo
829 1511 1100 1567 recentior
1128 1516 1212 1564 est
1277 1524 1441 1579 quam
1471 1516 1528 1563 ut
1566 1508 1667 1579 ipsi

108 1616 383 1657 assensum
415 1602 751 1673 praebeamus
782 1617 795 1651 :
822 1615 997 1671 neque
1026 1599 1170 1654 enim
1200 1599 1364 1653 ullius
1394 1600 1548 1653 testis
1571 1614 1669 1652 an-

1775 607 1917 670 σθαι,
1943 607 2018 671 ὼς
2037 608 2131 661 καὶ
2163 607 2260 679 τὴν
2289 608 2559 680 προτέραν
2588 610 2720 679 ἡμῖν
2747 607 2833 663 διὰ
2867 608 3183 679 Κλήμεντος
3210 628 3343 683 γρα·

1772 699 1978 775 ipsinam
2028 713 2048 747 ι
2096 694 2267 751 Hodie
2314 705 2562 752 sanctum
2592 697 2734 753 diem
2778 696 3117 754 Dominicum
3167 710 3343 756 trans-

1769 788 1999 857 egimus,
2031 788 2087 842 in
2118 798 2225 857 quo
2266 797 2505 844 vestram
2537 789 2765 859 legimus
2812 792 3095 859 epistolam
3118 831 3133 855 ,
3177 782 3342 862 quam

1770 877 1986 949 quidem
2020 886 2277 950 perpetuo
2300 880 2555 951 deinceps
2577 881 2836 951 legentes.
2862 882 3085 951 perinde
3107 899 3170 937 ac
3194 886 3343 953 prio-

1769 982 1882 1023 rem
1914 969 2059 1023 illam
2096 984 2125 1023 a
2157 969 2432 1025 Clemente
2480 972 2763 1041 scriptam,
2801 974 2944 1027 unde
2972 975 3193 1043 Optimis
3224 990 3342 1029 mo-

1768 1060 1901 1116 nitis
1957 1060 2293 1115 instruamur
2344 1061 2736 1117 habebimusu
2790 1061 2929 1118 Hinc
2985 1060 3149 1119 infert
3204 1064 3345 1121 Gra-

1768 1148 1891 1205 bius
1920 1149 2054 1219 (55),
2090 1166 2251 1205 unam
2279 1164 2310 1203 a
2331 1148 2606 1205 Clemente
2632 1152 2890 1221 scriptam
2922 1154 2987 1208 ad
3018 1154 3339 1211 Corinthios

1768 1240 2048 1311 epistolam
2072 1257 2087 1306 ;
2132 1255 2296 1310 quam
2324 1238 2421 1311 τὴν
2452 1238 2720 1312 προτέραν
2748 1241 2834 1294 διὰ
2864 1242 3177 1315 Κλήμεντος
3203 1263 3340 1317 γρα-

1767 1334 1959 1401 φεῖσαν
2008 1328 2299 1401 Dionysius
2344 1332 2611 1402 appellat,
2660 1334 2806 1403 quod
2857 1334 3066 1389 scilicet
3116 1338 3181 1391 ad
3238 1338 3343 1393 Ec-

1767 1421 1991 1477 clesiam
2034 1420 2436 1477 Corinthiacam
2490 1424 2643 1492 prius
2674 1439 2737 1478 ea
2774 1426 2939 1481 missa
2973 1427 3154 1489 fuerit,
3174 1445 3340 1499 quam

1768 1510 1928 1567 Soter
1949 1527 2103 1567 suam
2131 1513 2386 1584 deinceps
2410 1514 2585 1569 eidem
2629 1515 2985 1585 inscripserit.
3018 1518 3150 1573 Esto
3182 1540 3194 1573 :
3225 1536 3339 1575 me-

1766 1602 1989 1657 minerit
2040 1602 2129 1656 hic
2192 1602 2483 1676 Dionysius
2539 1594 2739 1674 prioris
2784 1615 2994 1663 tantum
3041 1609 3339 1665 Clementis

98 1692 352 1763 tiquioris
372 1693 752 1749 auctoritatem
774 1691 1160 1758 adducit.Quid
1183 1693 1350 1762 igitur
1370 1688 1677 1745 Eusebius?
1701 1753 1743 1774 ἢ
1768 1691 2010 1762 epistola:
2032 1712 2044 1747 :
2064 1709 2241 1763 neque
2260 1697 2403 1749 enim
2424 1698 2599 1768 placet
2619 1698 3184 1769 Bevcregiisententia
3200 1703 3336 1774 (256),

104 1781 281 1854 Neque
312 1802 345 1837 a
376 1784 632 1839 ueteribus
661 1782 986 1853 reprobatam
1016 1782 1150 1836 dicit
1182 1780 1538 1851 posteriorem
1556 1781 1670 1849 epi-

103 1874 307 1941 stolam,
341 1888 523 1944 neque
556 1874 736 1945 prodit
770 1883 961 1929 veteres
989 1872 1102 1943 ejus
1143 1873 1386 1941 notitiam
1432 1888 1535 1925 non
1573 1872 1670 1923 ha-

104 1963 285 2030 buisse,
337 1981 514 2035 neque
562 1966 706 2019 illam
760 1965 951 2020 scribit
999 1964 1134 2017 inter
1187 1962 1489 2017 adulterina
1537 1964 1671 2033 reje-

102 2064 267 2120 ctam;
296 2054 393 2111 sed
418 2062 631 2110 tantum
664 2072 683 2106 ‹
709 2055 881 2124 priore
913 2053 1083 2107 minus
1127 2062 1307 2106 notam
1341 2052 1533 2117 fuisse,
1572 2068 1668 2109 ne—

102 2162 199 2216 que
226 2163 259 2200 a
292 2144 550 2202 veteribus
581 2154 908 2215 usurpatam.
942 2142 1148 2208 iCedo,
1174 2159 1303 2198 num
1331 2143 1457 2198 inde
1473 2158 1667 2199 cense.

102 2238 276 2308 quitur
311 2238 605 2310 epistolam
637 2248 881 2292 nostram
914 2236 1081 2291 fuisse
1109 2236 1485 2307 reprobatam,
1512 2235 1668 2306 igno-

102 2336 236 2391 tam,
310 2328 753 2399 postulatamque
823 2325 1078 2389 νοθείαςῖ
1157 2325 1321 2379 Aliud
1389 2325 1665 2381 enimvero

101 2426 178 2471 est
200 2418 380 2474 minus
405 2419 709 2489 cognitum,
748 2416 895 2473 aliud
922 2418 1176 2487 ignotum
1209 2414 1466 2483 omnino;
1502 2422 1666 2484 atque

104 2510 238 2563 aliud
267 2518 350 2565 est
373 2528 485 2566 non
517 2513 617 2575 uti,
658 2510 803 2565 aliud
849 2510 1143 2581 reprobare
1168 2516 1330 2576 atque
1359 2507 1499 2561 inter
1528 2522 1662 2575 sup-

102 2600 332 2670 posititia
378 2601 604 2657 referre.
661 2620 681 2653 (
710 2599 1176 2667 Quemadmodum
1224 2599 1429 2669 igitur,
1478 2596 1663 2651 verbis

105 2684 310 2748 utor‘cl‘.
344 2690 627 2757 Cotelerii,
662 2708 769 2747 non
795 2705 1089 2762 possumus
1113 2704 1280 2753 nunc,
1318 2695 1437 2758 post
1472 2688 1665 2757 deper-

103 2789 234 2845 ditos
273 2796 356 2843 tot
390 2788 693 2859 primorum
725 2782 949 2837 Patrum
993 2782 1187 2844 libros,
1213 2779 1527 2834 memoriam
1554 2776 1663 2831 Eu-

105 2882 227 2937 sebii
256 2892 539 2940 accusare,
572 2890 691 2946 qua:
716 2882 897 2929 tamen
923 2866 1033 2927 non
1066 2886 1277 2940 semper
1304 2868 1407 2923 ﬁda
1429 2868 1656 2933 exstitit;

100 2975 171 3028 ita
199 2986 463 3043 negamus
492 2967 617 3023 inde
642 2966 897 3036 consequi
929 2981 1026 3035 pro
1055 2961 1523 3034 pseudepigraplia
1562 2976 1660 3014 ne-

1770 1781 2113 1851 conjicientis
2139 1785 2454 1856 episcopum
2484 1787 2917 1855 Corinthiorum,
2943 1793 3147 1847 omissa
3184 1792 3339 1849 Sote-

1770 1872 1849 1926 ris
1896 1873 2156 1943 epistola,
2189 1876 2258 1929 de
2292 1886 2521 1947 utraque
2556 1879 2892 1935 Clementina
2922 1884 3083 1936 verba
3118 1882 3333 1939 fecisse.

1768 1961 1947 2018 Minus
1996 1966 2121 2019 item
2168 1967 2327 2022 nobis
2374 1969 2637 2036 probatur
2664 1971 2812 2040 quod
2841 1972 2933 2025 alii
2967 1974 3333 2040 arbitrantur,

1768 2051 2086 2124 Dionysium
2118 2070 2313 2126 nempe
2356 2056 2504 2111 illam
2536 2057 2836 2114 Clementis
2865 2061 3172 2131 epistolam,
3211 2079 3335 2132 quae

1766 2142 1980 2214 publice
2005 2144 2302 2214 legebatur,
2330 2145 2452 2201 ideo
2479 2146 2708 2203 fortasse
2754 2153 3029 2221 προτέραν
3084 2167 3333 2216 vocasse,

1767 2241 1828 2288 ut
1852 2249 1975 2289 eam
2004 2235 2073 2288 ab
2096 2235 2268 2289 altera
2300 2235 2509 2292 Soteris
2533 2238 2596 2291 ad
2622 2236 2937 2295 Corinthios
2968 2242 3172 2311 pariter
3198 2242 3338 2298 scri—

1752 2332 1857 2394 pta
1893 2323 2272 2394 distingueret.
2306 2325 2374 2378 At
2404 2326 2491 2382 his
2520 2327 2723 2393 missis,
2758 2344 2888 2382 num
2922 2337 3207 2399 propterea
3234 2333 3337 2388 rite

1765 2430 1891 2469 cum
1930 2414 2130 2471 Grabio
2179 2418 2424 2489 colligas,
2455 2426 2577 2489 post
2620 2435 2791 2476 rerum
2827 2420 3043 2476 d‘emum
3093 2423 3337 2480 Dionvsii

1764 2515 2007 2563 vertente
2050 2509 2249 2564 saeculo
2279 2525 2314 2563 ιι
2349 2510 2420 2563 ita
2442 2512 2761 2574 scribentis,
2793 2511 3188 2568 Clementinam
3238 2531 3325 2570 ser

1765 2599 1999 2653 cundam
2032 2597 2200 2654 fuisse
2232 2599 2557 2654 conﬁctam?
2584 2598 2701 2654 Hoc
2730 2616 2898 2654 unum
2930 2604 3139 2657 scilicet
3169 2619 3237 2658 ex
3263 2605 3332 2661 iis

1762 2690 1955 2745 conﬁci
1987 2705 2147 2760 posse
2177 2692 2412 2757 videtur,
2445 2690 2615 2746 fuisse
2641 2692 2694 2744 in
2730 2708 2879 2747 more
2906 2694 3142 2762 positum
3174 2694 3337 2751 insti-

1764 2790 1988 2852 tutoque
2032 2780 2439 2837 Corinthiorum
2494 2781 2771 2843 Ecclesize,
2818 2783 3055 2851 priorem
3112 2784 3335 2853 quidem

1762 2872 2057 2929 Clementis
2100 2873 2382 2942 epistolam
2435 2874 2575 2943 legi,
2627 2874 2983 2943 posteriorem
3036 2891 3166 2929 vero
3220 2891 3333 2933 non

1760 2965 1912 3028 item.
1942 2964 2217 3034 Numquid
2249 2966 2465 3021 demum
2497 2974 2625 3019 tunc
2657 2966 2918 3035 temporis
2949 2976 3106 3022 erant
3144 2969 3333 3038 legen~

104 3064 333 3119 cessario
380 3060 686 3117 habendam
721 3060 1002 3130 epistolam
1038 3077 1052 3111 :
1084 3073 1210 3113 cum
1260 3055 1375 3111 ﬁeri
1424 3056 1658 3126 quiverit
1685 3079 1729 3138 ρ
1762 3055 1917 3109 daein
1955 3056 2188 3125 publicis
2224 3054 2588 3109 Ecclesiarum
2617 3058 2978 3113 conventibus
3008 3074 3198 3116 omnes
3221 3075 3332 3116 non

104 3162 155 3209 ut
191 3170 324 3225 opus
369 3152 666 3223 genuinum
712 3150 765 3203 in
795 3149 1222 3204 controversiam
1255 3148 1484 3212 venerit,
1526 3153 1580 3202 et
1628 3162 1659 3201 a

102 3225 279 3315 primis
299 3243 560 3299 Ecclesia:
578 3241 935 3311 scriptoribus
955 3256 1061 3294 non
1088 3239 1247 3295 fuerit
1270 3238 1653 3293 celebratum.»

165 3336 300 3402 Quid
327 3350 482 3398 vero,
508 3334 554 3389 si
586 3332 853 3388 Eusebius
882 3332 993 3385 Arii
1029 3331 1247 3401 placitis
1294 3331 1537 3399 impense
1558 3330 1658 3383 ad-

102 3428 291 3489 dictus,
332 3426 400 3481 de
445 3424 686 3481 secunda
729 3422 1041 3479 Clementis
1067 3422 1295 3493 epistola
1336 3422 1415 3478 sic
1446 3420 1659 3491 abjecte

104 3520 353 3574 sensisset
395 3517 844 3587 scripsissetque;
888 3521 1173 3584 prepterea
1216 3512 1472 3567 nimirum
1511 3512 1657 3582 quod

105 3610 151 3663 in
182 3626 241 3665 ea
270 3619 497 3665 sanctus
539 3605 702 3662 Pater
730 3605 1164 3660 illustrissimum
1195 3604 1261 3659 de
1284 3602 1487 3658 Christi
1518 3602 1659 3657 divi-

105 3703 261 3757 nitate
306 3700 683 3757 testimonium
732 3697 964 3755 ediderit
993 3696 1145 3768 ('50)?
1171 3694 1309 3751 Illud
1353 3711 1484 3751 sane
1524 3695 1656 3752 viris

104 3792 265 3847 doctis
282 3809 406 3848 cum
431 3791 706 3846 veteribus
726 3797 841 3843 tum
865 3786 1259 3845 recentioribus
1281 3787 1653 3852 observatum,

102 3882 482 3940 Caesariensem
525 3884 836 3953 episcOpum
866 3886 1000 3935 aestu
1032 3878 1266 3949 partium
1297 3876 1443 3932 haud
1488 3875 1657 3933 semel

102 3974 393 4044 abreptum,
426 3973 484 4028 in
518 3988 617 4029 sua
643 3954 882 4029 Historia
912 3970 1159 4027 sive‘non
1176 3970 1309 4025 satis
1338 3975 1521 4039 aperte
1546 3977 1657 4024 tra-

104 4066 313 4129 didisse,
342 4066 461 4124 sive
483 4067 742 4138 pleraque
764 4063 1159 4128 dissimulasse,
1190 4056 1304 4118 sive
1321 4061 1540 4123 silentio
1562 4076 1657 4131 pe-

104 4157 235 4213 nitus
258 4158 609 4229 praeteriisse,
636 4172 757 4229 quae
784 4155 899 4210 suis
917 4154 1272 4225 opinionibus
1299 4152 1542 4208 novisset
1566 4153 1654 4206 in-

105 4253 391 4309 commoda.
427 4250 547 4318 Qua
576 4250 642 4306 de
664 4265 724 4304 re
747 4248 1003 4304 Photium
1037 4245 1176 4319 (51),
1212 4244 1508 4300 Baronium
1541 4242 1652 4314 (32)

104 4351 150 4396 et
188 4342 648 4399 Montiauconium
676 4340 786 4413 (53)
836 4336 1123 4396 consulere
1165 4344 1406 4409 praestat.
1450 4334 1654 4392 Verum

1762 3146 2133 3217 apostolorum
2180 3145 2360 3211 modo,
2394 3146 2487 3201 sed
2530 3147 2691 3200 etiam
2726 3150 3153 3217 apostolicorum
3183 3152 3332 3206 viro-

1760 3254 1878 3292 rum
1905 3238 2182 3308 epistolae;
2214 3247 2271 3292 ut
2302 3238 2528 3307 proinde
2553 3241 2824 3308 posterior
2842 3240 3180 3295 Clementina
3203 3258 3334 3297 cen-

1761 3328 1929 3383 senda
1957 3328 2030 3382 sit
2053 3329 2519 3399 pseudepigrapha
2543 3344 2607 3383 eo
2628 3331 2867 3394 nomine,
2899 3331 3045 3401 quod
3087 3333 3153 3387 de
3184 3334 3332 3392 illius

1760 3419 1992 3474 lectione
2035 3420 2090 3473 in
2134 3420 2404 3474 conventu
2456 3420 2807 3476 Corinthiaco
2861 3424 3064 3477 nullam
3120 3424 3331 3493 injiciat

1758 3511 2087 3566 mentionem
2114 3508 2444 3580 Dionysius?
2464 3512 2597 3566 Cum
2622 3514 2805 3583 itaque
2826 3513 3059 3581 priorem
3085 3516 3327 3583 quidem,

1754 3602 1984 3657 minime
2033 3617 2161 3657 vero
2219 3604 2603 3673 posteriorem,
2660 3604 2715 3657 in
2754 3612 2901 3659 coetu
2952 3606 3329 3660 ecclesiastico

1756 3695 1959 3766 perlegi
2010 3695 2363 3751 consuevisse
2392 3693 2462 3749 ab
2490 3694 2750 3764 episcopo
2774 3695 3181 3750 Corinthiorum
3213 3697 3332 3750 edi-

1757 3798 2012 3850 scamus;
2056 3782 2185 3837 hinc
2218 3784 2366 3837 sane
2395 3784 2780 3853 perspicimus,
2816 3800 2914 3839 cur
2952 3785 3186 3859 priorem
3217 3785 3329 3839 sxi-
3428 3811 3433 3815 «

1758 3873 1921 3927 mium
1952 3890 2170 3944 prorsus
2211 3884 2369 3955 atque
2412 3874 2706 3929 mirabilem
2734 3875 3016 3945 appellarit
3038 3878 3329 3945 episeopus

1755 3964 2137 4033 Caesariensis;
2191 3968 2257 4021 de
2306 3968 2609 4037 posteriore
2660 3982 2789 4022 vero
2836 3967 3143 4036 scripserit,
3176 3967 3324 4021 illam

1755 4058 1928 4111 minus
1948 4066 2127 4111 natam
2152 4057 2317 4127 fuisse
2338 4074 2497 4129 neque
2524 4075 2556 4112 a
2588 4057 2838 4115 veteribus
2865 4067 3193 4126 usurpatam.
3231 4055 3325 4113 Sic

1755 4148 1925 4204 ferme
1966 4156 2377 4218 argumentatur
2405 4150 2748 4215 Coutantius,
2782 4164 2949 4219 aquo
2978 4150 3174 4219 pedem,
3206 4165 3317 4205 non

1754 4238 1984 4297 discedit
2018 4255 2259 4311 nuperus
2282 4241 2607 4296 dissertator
2631 4238 2932 4313 Romanus.
3348 4250 3351 4251 ⁷

1825 4329 1915 4387 Vl.
1956 4330 2252 4402 Pergamus
2280 4345 2461 4401 porro.
2506 4328 2698 4386 Subdit
2725 4338 2984 4399 praterea
3017 4328 3099 4383 vir
3136 4329 3323 4386 erudi-

105 4434 347 4506 quidquid
397 4433 618 4490 demum
673 4430 905 4488 senseris
953 4429 1020 4485 de
1070 4428 1311 4485 secunda
1359 4426 1652 4484 Clementis
1682 4416 1863 4485 Dtus,
1895 4420 2283 4490 suppositionis
2312 4420 2679 4489 suspicionem
2709 4420 2814 4473 sibi
2844 4418 3322 4487 injiceresenteu-

103 4526 313 4596 epistola
350 4521 708 4582 Caesariensis
756 4520 1068 4593 episcopus,
1122 4520 1261 4575 satis
1309 4524 1648 4589 compertum

104 4619 331 4674 estnihil
376 4634 445 4673 ex
484 4617 605 4688 ejus
644 4614 825 4670 verbis
858 4613 1177 4684 exsculpere
1209 4625 1371 4685 posse
1394 4611 1652 4665 adversa-

1750 4513 1883 4567 tiam
1911 4529 1942 4569 e
1970 4514 2110 4568 libro
2140 4512 2375 4583 quodam
2408 4512 2722 4584 apocrypha
2756 4513 3059 4581 acceptam,
3112 4528 3232 4581 quae
3264 4512 3320 4567 in

1750 4604 1913 4675 hujus
1936 4603 2177 4675 epistola:
2200 4604 2375 4673 capite
2406 4603 2466 4657 ii
2498 4609 2697 4666 exstat,
2719 4615 2844 4656 cum
2871 4600 2987 4671 jam
3007 4610 3062 4655 et
3092 4601 3146 4656 in
3173 4601 3325 4671 prio~

105 4713 222 4785 rios,
245 4726 351 4783 quo
378 4711 527 4779 illam
556 4707 949 4779 suppositionis
970 4706 1166 4762 merito
1189 4710 1496 4775 suspectam
1526 4702 1653 4758 red-
1750 4699 1831 4752 ris
1858 4697 2034 4767 capite
2052 4696 2126 4751 25
2152 4695 2341 4767 paucis
2371 4694 2595 4749 mutatis
2629 4697 2917 4748 occurrat.-
2937 4689 3191 4785 Eamdem
3221 4690 3323 4747 ob-

96 4804 219 4859 dere
240 4803 472 4859 possint.

165 4820 219 4859 re
370 4819 472 4857 Ιηι.

164 4819 380 4946 mm
398 4870 703 4960 Dionysius,
719 4885 1131 4942 Corinthiorum
1167 4884 1462 4956 episcopus
1504 4884 1657 4954 apud

107 4980 379 5038 Eusebium
400 4979 536 5052 (34),
556 4979 624 5035 ad
652 4977 893 5034 Soterem
922 4990 1113 5048 papam
1134 4976 1462 5039 rescribens,
1487 4977 1649 5030 unius

106 5072 328 5142 epistola:
368 5072 700 5133 Clementis,
749 5072 811 5124 et
850 5067 1069 5139 quidem
1115 5065 1348 5137 prioris,
1403 5066 1651 5121 meminit

106 5159 241 5229 hisce
267 5161 482 5218 verbis:
501 5159 617 5232 Τὴν
634 5160 869 5230 σήμερον
896 5151 989 5211 οὖν
1018 5154 1299 5227 Κυριακὴν
1327 5153 1485 5224 ἁγίαν
1512 5154 1651 5226 ἡμέ-

168 5401 271 5470 (29)
312 5402 479 5470 Hist.,
507 5402 598 5457 lib.
633 5416 712 5462 Ill,
739 5416 858 5469 cap.
896 5398 984 5470 18.

169 5468 273 5606 $50)
309 5468 503 5554 Clem.,
535 5471 704 5541 Epist.
725 5472 787 5535 ll,
809 5468 931 5538 cap.
966 5468 1015 5522 1.

190 5543 274 5606 3i)
311 5541 452 5597 Bibl.
484 5540 607 5596 cod.
643 5556 844 5595 cnvn.

190 5540 274 5609 3f)
311 5541 452 5597 Bibl.
484 5540 607 5596 cod.
643 5556 844 5609 cxxvil.

170 5608 274 5680 (32)
318 5615 389 5667 Ad
417 5627 547 5667 ann.
578 5611 703 5673 518,
739 5608 802 5679 ᾗῇ
831 5622 1081 5680 ιοηιον.

169 5673 272 5737 (Siti
310 5683 437 5751 Opp.
486 5680 705 5744 Atinam,
739 5673 869 5733 t'om.
922 5677 964 5743 l,
1017 5683 1154 5747 part.
1189 5691 1230 5744 ι,
1259 5688 1380 5745 pag.
1410 5673 1535 5730 ειδ.

1744 4787 2038 4859 jectionem
2081 4787 2340 4857 deinceps
2370 4785 2589 4856 repetiit
2620 4783 2967 4837 Hermannus
2996 4780 3232 4837 Venema
3263 4783 3319 4836 in

1748 4878 2018 4948 epistolis,
2048 4892 2185 4948 quas
2207 4876 2668 4945 Clementinarum
2696 4872 3053 4943 epistolarnm
3089 4872 3317 4926 editioni

1748 4970 2139 5027 Wetstenianae
2168 4984 2341 5050 nuper
2364 4967 2620 5039 opposuit
2650 4965 2784 5039 (57).
2816 4963 2954 5021 Hinc
2990 4965 3136 5020 enim
3163 4964 3316 5033 indi-

1749 5062 1894 5117 cium
1928 5062 2069 5117 sumi
2102 5076 2261 5132 posse
2292 5060 2429 5117 satis
2456 5068 2698 5129 apertum
2729 5057 3026 5121 existimat,
3056 5070 3167 5128 quo
3202 5056 3318 5127 epi-

1748 5155 1904 5211 stolae
1937 5152 2191 5210 secundae
2220 5152 2358 5207 alius
2386 5166 2417 5205 a
2447 5134 2725 5206 Clemente
2762 5148 2996 5219 scriptor
3023 5154 3316 5205 statuatur.

1842 5399 1931 5465 δι)
1978 5394 2117 5465 Hist.
2149 5394 2300 5458 εδει..
2333 5392 2536 5465 nun,
2568 5408 2691 5465 cep2
2720 5391 2813 5448 23.

1971 5464 2183 5533 Spicil.,'
2209 5475 2339 5545 tom.
2372 5463 2425 5525 L-
2448 5480 2566 5534 pag.
2584 5462 2718 5519 266.

1842 5540 1909 5591 36
1971 5536 2105 5591 Cod.
2136 5550 2257 5589 can.
2294 5535 2387 5589 lib.
2420 5550 2479 5595 ιι,
2513 5550 2631 5604 cap.
2667 5532 2721 5597 9,
2753 5530 2779 5603 ᾗ
2811 5546 2864 5597 x,
2891 5546 3013 5604 pag.
3051 5529 3154 5585 “5

1842 5540 1932 5604 36)
1971 5540 2105 5591 Cod.
2136 5550 2257 5589 can.
2294 5540 2387 5589 lib.
2420 5550 2479 5595 ιι,
2513 5550 2631 5603 cap.
2667 5540 2721 5597 9,
2753 5540 2779 5603 ᾗ
2811 5546 2864 5597 x,
2891 5546 3013 5601 pag.
3051 5540 3175 5586 ua.

1841 5608 1931 5679 57)
1968 5605 2213 5671 Veuem.,
2248 5603 2418 5675 Epist.
2451 5605 2510 5671 2,
2548 5602 2576 5674 ς
2611 5617 2720 5666 ut,
2753 5616 2876 5671 pag.
2902 5601 2998 5660 .78.
