4046 6326
716 290 789 349 ω
1822 284 1912 340 ΔΙ)
1951 284 2006 340 S.
2047 281 2252 341 CLEII

2347 280 2467 338 τευ
2504 280 2526 336 ι
2561 280 2792 338 PAPAM

3754 288 3943 365 ‘too

716 405 871 463 itane
911 404 1143 477 ceth
1188 402 1357 477 Quasi
1409 414 1557 466 vero,
1588 407 1648 455 ut
1691 414 1814 454 cum
1844 402 1961 457 viro
1986 400 2147 457 docto
2192 412 2279 453 re-
2306 399 2360 459 Α.
2382 394 2599 451 veritati
2637 395 2815 451 locum
2858 391 3121 462 objiciant
3150 409 3179 449 e
3214 394 3667 467 pseudo-Ju'stino
3708 398 3943 455 desum-

718 475 1174 567 spondeatn»(58),
1198 475 1403 563 justam
1440 492 1771 563 suspicionis
1811 505 2000 547 ansam
2028 489 2272 561 ejusdem

717 586 999 643 sententia
1036 578 1286 655 repetitio
1321 583 1577 654 praebeat.
1608 582 1766 649 Quod
1794 582 1840 637 si
1871 596 1959 637 res
1985 582 2059 635 ita
2088 596 2146 637 se
2174 580 2273 634 ha-

716 672 1098 735 beret,-‘actum
1148 671 1398 742 profecto
1435 678 1581 726 esset
1626 670 1693 726 de
1739 667 1986 739 pluribus
2028 680 2270 725 veterum

715 760 954 818 indubiis
978 762 1364 826 monumentis,
1394 763 1447 827 in
1480 760 1677 831 quibus
1704 760 1907 830 passim
1942 775 2082 816 unus
2103 760 2273 816 idem-

715 868 821 925 que
852 861 1063 916 auctor,
1104 854 1219 910 sive
1241 853 1294 907 in
1320 853 1438 921 ipso
1461 865 1646 922 opere,
1674 852 1791 907 sive
1815 853 1976 905 etiam
2003 849 2059 905 in
2080 850 2271 914 variis,

713 946 900 1002 eadem
933 943 1335 1013 Scripturarum
1368 942 1485 995 loca
1504 942 1829 1010 easdemque
1852 940 2151 996 sententias
2172 954 2269 1010 pro

712 1050 775 1091 re
802 1042 929 1089 nata
959 1033 1064 1089 sibi
1095 1030 1383 1103 repetenda
1403 1044 1524 1086 esse
1552 1029 1723 1084 duxit.
1751 1027 1920 1098 Cujus
1950 1026 2167 1097 quidem
2192 1026 2269 1081 rei

712 1124 1015 1195 exemplum
1039 1122 1183 1194 quod
1206 1120 1338 1197 mihi
1366 1128 1512 1174 nunc
1532 1118 1821 1183 succurrit,
1836 1116 1975 1187 apud
1993 1115 2266 1171 Justinnm

712 1214 1001 1284 Martyrem
1048 1228 1174 1269 cum
1205 1212 1261 1266 in
1284 1218 1513 1279 utraque
1538 1204 1793 1280 Apologia
1826 1216 1941 1262 tum
1972 1207 2030 1261 in
2053 1208 2275 1279 Dtalogo

715 1317 835 1357 enin
894 1299 1197 1371 Tryphon,
1254 1302 1597 1356 luculentum
1643 1298 2078 1354 satis—habetur.
2118 1295 2267 1363 Quid

708 1406 874 1461 porro
920 1400 1085 1457 vetat,
1118 1398 1229 1463 quo
1275 1392 1457 1447 minus
1490 1406 1587 1462 pro
1622 1391 1879 1461 temporis
1929 1390 2267 1460 institutique

707 1482 919 1537 ratione
967 1498 1131 1542 unam
1188 1482 1541 1554 eamdemque
1602 1484 1921 1538 sententiam
1956 1470 2029 1537 in
2075 1482 2265 1537 eodem

707 1583 890 1639 opere,
921 1570 1161 1641 adeoque
1215 1571 1387 1641 magis
1433 1576 1478 1627 si
1524 1571 1869 1627 diversa‘illa
1896 1571 2036 1639 sint,
2076 1570 2276 1626 recitet-

2374 490 2546 554 ptum,
2566 484 2665 553 qui
2692 483 2771 538 sic
2802 498 2860 539 se
2881 482 3040 538 habet
3064 482 3203 553 ($9.):
3236 483 3302 561 if]!
3328 484 3431 554 τῆς
3457 485 3739 556 παρούσης
3765 504 3945 541 κατα·-

2374 572 2613 637 στάσεως
2638 573 2698 626 τὸ
2724 572 2873 637 τιλος
2903 562 3067 637 ἐστὶν,
3096 576 3128 645 ἡ
3166 573 3252 627 διὰ
3284 572 3379 627 τσῦ
3422 576 3591 647 πυρὸς
3616 578 3798 649 κρίσις
3825 579 3943 633 τῶν

2370 663 2599 728 ἀσεϐῶν,
2621 663 2763 720 καθά
2789 680 2951 734 φασιν
2977 666 3033 717 al
3061 665 3267 735 γραφαὶ
3294 666 3584 738 προφητῶν
3596 684 3657 721 τε
3687 671 3781 722 καὶ
3805 670 3944 723 ἀπο-

2372 754 2590 818 στόλων,
2618 756 2697 810 Iri
2724 756 2785 810 δι
2806 757 2899 810 καὶ
2927 756 3026 827 τῆς
3053 755 3347 827 nissum,
3368 756 3548 821 καθώς
3581 774 3743 829 φησιν
3762 761 3794 813 ὁ
3824 778 3939 831 μα-

2369 846 2559 918 κάριος
2570 847 2798 919 Κλήμης
2814 847 2870 901 ἐν
2886 849 2951 918 τῇ
2966 848 3101 919 πρὸς
3118 844 3435 919 Κορινθίους
3453 849 3704 922 ἐπιστολῇ
3722 890 3735 914 ,
3754 868 3809 905 κ.
3823 851 3939 907 τ.λ.

2375 952 2393 989 t
2433 937 2491 992 Si
2523 934 2805 1007 prmeentis
2838 954 3018 993 rerum
3065 946 3239 995 status
3294 940 3439 1003 linis,
3494 948 3576 997 est
3633 942 3942 1012 impiorum

2368 1044 2466 1100 per
2491 1031 2667 1103 ignem
2694 1028 3154 1100 judicium,prout
3182 1037 3452 1091 testantur
3470 1030 3765 1103 Scriptura:
3794 1049 3935 1106 pro-

2366 1121 2651 1192 phetarum
2689 1129 2747 1177 et
2794 1124 3185 1197 apostolorum,
3218 1131 3381 1194 atque
3430 1124 3652 1193 insuper
3686 1124 3934 1197 Sibyllae,

2366 1219 2429 1266 ut—
2446 1211 2524 1267 ait
2538 1212 2731 1268 beatus
2746 1211 3063 1269 Clemensin
3084 1199 3321 1284 Epistola
3336 1214 3404 1269 ad
3421 1213 3763 1282 Corinthios,
3782 1235 3799 1268 ι
3819 1225 3936 1275 etc.

2363 1302 2445 1357 Ad
2472 1318 2593 1374 quas
2619 1304 2838 1375 quidem
2860 1306 3024 1363 verba
3054 1307 3209 1381 plura
3238 1308 3449 1363 erudite
3472 1308 3729 1381 observat
3758 1308 3935 1365 Cote-

2363 1391 2552 1457 lerius,
2584 1402 2745 1464 atque
2779 1409 2846 1449 ex
2874 1408 2939 1450 eo
2980 1396 3308 1451 Cantantius
3348 1396 3569 1468 aliique.
3601 1396 3827 1464 Verum,
3858 1398 3936 1454 iis

2364 1483 2569 1548 missis,
2629 1484 2686 1539 in
2723 1485 2961 1540 medium
3016 1485 3261 1556 proferre
3310 1488 3461 1551 libet,
3494 1504 3613 1565 quae
3657 1488 3726 1544 ad
3778 1489 3933 1546 hunc

2370 1574 2807 1643 pseudo-Justini
2863 1577 3039 1658 locum
3080 1576 3375 1634 adnutavit
3431 1596 3670 1651 nuperus
3698 1596 3932 1652 operum

706 1659 901 1717 iterum
941 1660 1082 1715 idem
1111 1664 1341 1715 auctor?
1366 1659 1477 1714 lmo
1506 1670 1659 1724 vero,
1684 1674 1792 1729 quo
1822 1658 2155 1729 singularius
2180 1660 2264 1714 est
2292 1731 2335 1745 ἰ
2366 1664 2423 1721 S.
2454 1665 2857 1725 Justini‘editor
2884 1668 3211 1727 Parisiensis
3237 1691 3249 1727 :
3288 1690 3307 1724 ε
3342 1670 3478 1733 Cum
3509 1670 3758 1745 Sibyllini
3798 1688 3931 1731 ver-

703 1748 923 1805 enatum
951 1766 1143 1806 rursus
1193 1751 1248 1805 in
1296 1751 1532 1806 medium
1565 1750 1882 1815 adductum,
1906 1764 1971 1809 eo
1997 1750 2260 1807 conduci-
2291 1731 2336 1789 Β
2364 1771 2480 1818 sus.
2504 1756 2705 1826 inquit,
2735 1755 3043 1811 referantur
3064 1758 3118 1811 in
3135 1731 3427 1813 Constitui.
3478 1731 3834 1827 apostol.-lib.
3871 1776 3928 1823 ν,

702 1844 867 1901 bilius
914 1846 1095 1902 evadit
1144 1846 1210 1901 ad
1260 1846 1601 1903 suadendum
1640 1850 1807 1900 unum
1834 1860 1955 1901 esse
1984 1852 2260 1900 auctorem

702 1936 942 2005 epistolae
956 1938 1271 2008 utriusque,
1298 1937 1355 1994 in
1378 1937 1582 2008 quibus
1612 1936 1847 1994 relatum
1878 1933 2082 2007 pariter
2110 1948 2271 1991 ωωι

701 2029 923 2098 puteis:

767 2110 839 2173 ιι
861 2118 1009 2175 enim
1032 2119 1363 2176 sententiam
1394 2116 1544 2176 illam
1571 2120 1639 2178 de
1669 2136 1777 2193 qua
1808 2121 2174 2194 disputamus,
2192 2138 2258 2178 ex

697 2223 863 2281 opere
890 2211 1097 2281 aliquo
1145 2208 1639 2285 pseudspigrapho
1662 2222 1941 2284 exceptam
1985 2213 2249 2269 novimus.

697 2300 864 2368 Quasi
892 2314 1023 2356 vero
1050 2300 1285 2371 alicujus
1313 2304 1496 2373 operis
1522 2298 1833 2359 auctu-itas
1849 2309 2134 2372 propterea
2154 2302 2255 2357 mi-

695 2398 915 2455 nuatur,
947 2388 1091 2461 quod
1122 2385 1272 2448 illius
1296 2393 1534 2463 scriptor
1562 2393 1807 2464 quodam
1856 2407 2001 2447 vere-
2023 2392 2167 2447 dicta
2204 2399 2259 2447 et

694 2485 1014 2550 argumento
1040 2478 1186 2551 quod
1223 2478 1337 2548 jam
1380 2480 1849 2551 ωοιριλαρριὶιηθ
1894 2495 2158 2552 congrua,
2188 2496 2257 2536 ex

693 2570 837 2627 libro
865 2585 978 2627 non
1008 2566 1275 2629 canonico
1305 2570 1445 2627 forte
1474 2571 1927 2628 adduxeritaViri
1952 2570 2256 2627 eruditissi-

692 2658 787 2718 ω’
810 2660 992 2718 verbis
1026 2667 1152 2739 utor
1175 2660 1313 2731 (59).
1363 2659 1474 2727 Nic,
1507 2651 1552 2717 si
1589 2672 1777 2718 contra
1800 2664 2107 2718 “secundam
2140 2662 2256 2734 epi-

691 2751 889 2807 Iolam
911 2749 1034 2807 hac
1055 2751 1197 2808 ratio
1217 2751 1328 2806 vim
1351 2748 1569 2815 habeat,
1590 2750 1700 2820 jam
1733 2750 1801 2806 de
1831 2752 2019 2822 prima:
2040 2752 2255 2821 quoque

690 2839 1007 2911 integritate
1032 2837 1432 2894 conclamatum
1460 2836 1715 2905 est.Quid
1745 2837 1889 2908 quod
1921 2834 2100 2891 Photii
2126 2850 2253 2895 cen-

690 2943 821 2986 sura
850 2930 1090 3000 epistola
1114 2930 1395 3007 utriusque
1407 2930 1849 2992 consensionem,
1870 2927 1936 2982 ad
1963 2928 2080 2982 loca
2106 2940 2252 2998 quieo

688 3016 1144 3089 damapocrypha
1175 3019 1318 3089 quod
1352 3018 1560 3085 attinet,
1586 3016 1939 3081 conﬁrmans,
1965 3016 2253 3087 utriusque

688 3108 818 3184 item
838 3123 1007 3165 unum
1029 3110 1386 3179 eamdemque
1409 3117 1685 3173 auctorem
1712 3108 1998 3179 agnoscit?
2019 3104 2099 3165 En
2124 3121 2250 3178 per-

687 3212 816 3256 acre
841 3199 910 3256 de
938 3200 1023 3256 his
1050 3199 1406 3257 Clementinis
1436 3200 1683 3271 epistolis
1728 3201 1904 3255 critici
1946 3200 2117 3277 hujus
2160 3198 2252 3268 jn-

685 3290 887 3345 dicium
920 3290 1033 3361 (ιο)
1067 3308 1082 3345 :
1116 3289 1378 3355 Socunda,
1405 3291 1603 3361 inquit,
1633 3285 1777 3345 dicta
1818 3277 2063 3362 quadarn
2103 3306 2250 3361 pere,

683 3386 842 3457 grins
871 3382 1008 3440 uelut
1034 3400 1062 3440 ο
1099 3402 1257 3441 sacra
1305 3384 1580 3455 Scriptura
1610 3385 1926 3457 snbindneit,
1960 3384 2147 3455 quiluu
2186 3401 2249 3441 ns

682 3475 913 3544 epistola
933 3475 1137 3547 quidem
1166 3477 1350 3546 prima
1381 3478 1787 3532 omniuo‘sactu.
1820 3476 1889 3531 Et
1930 3477 2245 3543 interpreta-

686 3565 852 3620 tiones
872 3566 1218 3636 quorumdam
1266 3567 1498 3623 locorum
1528 3567 1803 3621 alieniores
1852 3566 2071 3635 profert.
2107 3565 2244 3623 Hinc

682 3652 751 3711 de
776 3662 1005 3727 utraque
1030 3656 1103 3711 ita
1133 3656 1347 3714 demum
1373 3658 1645 3714 concludit
1671 3658 1950 3728 :Alioquin
1980 3657 2096 3727 ipsa
2130 3670 2263 3725 quae,

680 3747 737 3799 in
767 3746 847 3803 Itis
880 3747 1114 3818 epistolis
1157 3749 1335 3805 insunt
1375 3766 1547 3814 sensa,
1580 3750 1816 3804 nonnihil
1858 3749 2059 3819 objecta
2098 3759 2249 3815 sunt,-

678 3850 777 3891 nao
821 3838 1164 3895 continentem
1208 3841 1391 3894 seriem
1438 3856 1501 3894 ac
1549 3841 1967 3910 consequentiam
2014 3852 2239 3898 servant.

679 3929 916 3989 Videsne
943 3930 1077 3989 nihil
1091 3934 1145 3989 in
1166 3935 1466 4006 posteriore
1488 3941 1677 3989 notare
1694 3932 2115 4006 Photium,quod
2133 3950 2241 3991 non

677 4028 734 4079 α
754 4023 921 4093 priori
950 4038 1073 4078 eum
1095 4038 1157 4094 ea
1184 4038 1303 4079 esse
1326 4037 1613 4078 commune
1642 4022 1986 4092 pronuntiet?
2016 4021 2240 4080 Photius

678 4111 861 4184 igitur,
895 4108 967 4168 ut
985 4113 1110 4184 jure
1131 4112 1307 4182 arguit
1334 4110 1679 4178 Coutantihs,
1709 4112 1995 4183 utriusque
2036 4112 2140 4168 hac
2182 4113 2239 4167 in

674 4220 740 4262 re
768 4221 1094 4262 consensum
1123 4204 1437 4277 indigitans,
1490 4204 1559 4259 ad
1587 4212 1874 4273 utramque
1915 4205 2115 4275 pariter
2145 4208 2255 4263 su-‘

676 4292 1007 4364 sciplendam
1061 4308 1163 4352 nos
1223 4291 1624 4366 quodammodo
1674 4293 1918 4360 inducit,
1962 4293 2229 4361 hortatur,

671 4390 946 4456 perurget.

744 4473 1019 4531 Hactenus
1043 4489 1168 4530 cum
1196 4473 1395 4531 Grabio
1417 4490 1607 4536 sumus
1632 4475 1686 4531 in
1708 4475 1900 4546 primis
1919 4476 2227 4546 congressi;

674 4566 767 4637 qui
798 4572 983 4623 tamen
1012 4566 1269 4639 deinceps
1299 4569 1537 4623 animum
1568 4576 1810 4623 mutasse
1866 4566 2178 4636 perhibetu-
2208 4584 2223 4622 :

674 4656 941 4727 siquidem
972 4656 1099 4711 alibi
1133 4656 1246 4727 (Η)
1278 4656 1455 4711 locum
1481 4671 1547 4712 ex
1570 4655 1810 4727 Epistola
1838 4654 1904 4723 ll,
1934 4663 1986 4710 et
2007 4656 2225 4727 quidem

672 4754 930 4817 tanquam
988 4746 1385 4803 Clementinum
1440 4756 1759 4817 acCeptnm,
1816 4754 2007 4800 contra
2067 4744 2225 4817 Luem

672 4837 918 4895 Mellierii
964 4837 1265 4893 Artemonii
1297 4852 1391 4892 seu
1424 4836 1688 4892 Samuelis
1720 4836 1900 4891 Crellii
1925 4837 2224 4892 cavillatio-

671 4945 770 4986 nes
794 4928 994 4984 acriter
1021 4936 1324 4999 propugnat
1351 4944 1363 4982 :
1392 4930 1526 4983 adeo
1557 4936 1615 4982 ut
1644 4930 1759 4984 sive
1786 4926 2068 4981 Grabianae
2098 4940 2222 4997 sen-

671 5023 851 5078 tentiae
879 5020 1146 5092 patronis,
1177 5020 1291 5075 sive
1339 5020 1419 5074 rel
1472 5018 1573 5089 ipsi
1621 5017 1818 5074 Grsbio
1866 5018 1999 5075 nihil
2029 5018 2220 5089 reliqui

669 5128 789 5169 csse
823 5112 1089 5169 videatur.

740 5204 850 5258 VII.
884 5201 1023 5257 Sunt
1067 5203 1309 5273 insuper,
1342 5203 1430 5275 qui
1472 5204 1722 5258 secundae
1753 5200 1913 5271 hujus
1955 5200 2210 5270 Epistolas

760 5378 848 5449 58)
883 5376 1159 5449 Contan_t.,
1187 5371 1367 5449 Epist.
1391 5370 1793 5449 ΒοίηξελΡρηιὶῙη
1821 5390 1943 5449 pag.
1976 5374 2062 5439 39,
2098 5374 2124 5446 ᾗ
2160 5391 2210 5429 v.

761 5390 848 5441 58)
883 5390 1159 5459 Coutant.,
1195 5390 1367 5446 δραι.
1391 5390 1793 5455 ηοηιηιιοηιιιη

760 5446 849 5517 59)
891 5446 1048 5517 Mtll.,
1079 5444 1377 5517 Prolegom.
1412 5448 1478 5501 ad
1503 5444 1567 5499 Ν.
1600 5446 1686 5513 Τ.,
1723 5463 1780 5500 n.
1847 5446 1879 5498 ι
1920 5486 1936 5501 .

757 5516 848 5573 tot
887 5516 1021 5573 Bibl.
1052 5517 1172 5572 eod.
1202 5532 1379 5571 cxxvt.

736 5581 847 5659 (ιι)
885 5581 1086 5659 Λᾲιιιψι.ἶ
1112 5584 1179 5639 ad
1224 5582 1475 5659 G.Ai_iulli
1512 5583 1715 5642 defens.
1748 5585 1838 5641 iid.
1872 5585 2012 5655 Nic.,
2072 5592 2207 5641 sect.

667 5654 882 5729 Il,'cap.
916 5657 969 5723 ὅ,
1001 5656 1030 5728 ί
1061 5656 1107 5724 5,
1146 5670 1264 5727 pag.
1298 5654 1383 5706 62.

2362 1845 2507 1915 quod
2538 1860 2674 1915 opus
2704 1845 2807 1900 sub
2828 1848 3055 1903 nomine
3068 1846 3363 1905 Clementis
3382 1849 3657 1905 ferebatur
3677 1889 3692 1915 ,
3720 1850 3928 1919 conjici

2361 1944 2546 2006 posset
2572 1944 2819 1992 nostrum
2852 1938 2996 1993 hunc
3029 1939 3648 2010 scriptorem,memoria
3672 1941 3931 1998 etilnente

2362 2023 2725 2088 existimasse,
2750 2025 3097 2098 hae.Sihyllm
3122 2027 3492 2084 testimonium
3532 2030 3676 2099 quod
3700 2031 3755 2085 in
3782 2029 3927 2086 Con-

2360 2114 2721 2181 stitutionisss
2751 2118 3053 2185 apostolicis
3077 2118 3302 2190 legerat,
3334 2120 3390 2176 in
3440 2118 3683 2189 Epistula
3723 2120 3794 2178 ad
3818 2120 3923 2177 Co-

2359 2203 2593 2261 rinthios
2621 2211 2856 2261 exstare.
2878 2204 2943 2260 Si
2974 2208 3156 2262 minus
3186 2208 3398 2278 placeat
3432 2209 3549 2266 ha:
3577 2211 3923 2282 conjectura,

2360 2295 2497 2351 illud
2546 2297 2737 2363 saltem
2769 2312 2891 2351 cum
2925 2298 3259 2355 doctissimis
3288 2300 3422 2357 viris
3462 2315 3779 2360 asseverare
3808 2320 3925 2362 non

2358 2383 2639 2451 dubitabo,
2672 2393 2935 2443 nostrum,
2964 2388 3283 2459 scriptorem
3313 2389 3535 2447 minime
3564 2406 3687 2447 cum
3718 2394 3801 2449 eis
3845 2394 3922 2452 fa-

2356 2489 2513 2539 cere,
2547 2475 2639 2545 qui
2673 2476 2793 2544 ejus
2843 2476 3156 2539 testimonio
3204 2486 3453 2545 utuntur,
3500 2490 3561 2536 ut
3612 2481 3920 2553 Epistulam

2357 2560 2414 2619 S.
2440 2562 2733 2635 Clementis
2758 2564 3051 2625 secundam
3081 2567 3304 2625 minime
3330 2568 3623 2640 genuinam
3645 2589 3769 2631 esse
3791 2586 3921 2646 pro-

2354 2653 2503 2721 bent,
2533 2654 2629 2711 sed
2658 2655 2897 2721 hominis
2939 2656 3105 2713 fetum
3134 2658 3221 2714 cui
3244 2659 3359 2717 nati
3384 2670 3540 2715 erant
3570 2661 3821 2736 Sibyllini
3850 2666 3920 2724 de

2353 2750 2596 2801 extremo
2635 2744 2843 2814 judicio
2873 2760 3087 2809 versus.
3132 2748 3307 2804 multo
3344 2752 3664 2809 recentloris
3694 2752 3758 2810 S.
3791 2754 3920 2813 Cleo

2352 2844 2558 2893 mente:
2588 2836 2659 2893 Ut
2699 2839 2944 2894 omittam
3010 2843 3517 2913 pseudodustinum
3548 2847 3605 2903 in
3655 2850 3916 2922 ambiguo

2351 2928 2657 3000 reliquisse,
2690 2940 2868 2986 utrum
2901 2932 2957 2988 Β.
2990 2931 3287 2991 Clementis
3312 2934 3609 3008 Epistulam
3637 2941 3915 3008 citaverit;

2352 2952 2657 3000 reliquisse,
2690 2952 2868 2986 utrum
2901 2952 2957 2988 δ.
2990 2952 3287 2991 uenientis
3312 2952 3609 3079 ιῖξιειοιθω
3637 2952 3915 3008 enaverit:

2350 3017 2474 3087 quis
2495 3017 2707 3089 ignorat
2724 3020 2893 3075 multa
2912 3018 3322 3093 Sibyllinoracu
3387 3066 3400 3091 ,
3427 3028 3763 3099 propheticis
3786 3048 3916 3089 sen-

2349 3110 2539 3166 tentiis
2554 3120 2937 3181 consentanea,
2970 3115 3191 3171 attribul
3216 3117 3375 3172 solita
3400 3117 3587 3186 fuisse,
3618 3130 3911 3195 antequam

2348 3200 2628 3269 prodirent
2676 3204 2920 3257 carmina
2968 3204 3067 3263 illa
3111 3203 3412 3277 Sibyllina?
3439 3209 3681 3277 Quorum
3711 3215 3908 3271 artifex

2348 3307 2455 3347 non
2486 3292 2704 3348 videtur
2736 3293 2952 3355 facinus
2985 3305 3368 3368 suscepturus.
3399 3310 3496 3357 aut
3526 3304 3724 3362 saltem
3749 3318 3907 3378 opta-

2346 3390 2431 3438 tos
2462 3381 2668 3439 fraudis
2698 3383 2878 3441 exitus
2912 3385 3221 3453 habiturus,
3254 3389 3360 3445 nisi
3386 3391 3499 3461 jam
3547 3402 3663 3449 tum
3700 3398 3907 3453 animis

2347 3472 2637 3529 insedisset
2689 3474 2983 3545 anticipata
3032 3475 3099 3532 de
3152 3476 3433 3551 Sibyllinis
3464 3486 3907 3553 prmdictionibus

2345 3562 2549 3633 opinio.
2569 3582 2587 3616 ι
2614 3561 2885 3621 Hactenus
2906 3567 2990 3621 vir
3015 3567 3104 3622 ille
3126 3569 3337 3627 doctus.
3369 3572 3471 3639 Qui
3501 3586 3683 3633 autem
3713 3578 3814 3635 hac
3836 3581 3902 3636 de

2346 3666 2403 3707 re
2427 3652 2579 3721 plura
2604 3654 3023 3726 sciregestiunt,
3055 3674 3149 3716 eos
3179 3662 3246 3716 ad
3276 3664 3571 3735 scriptores
3601 3669 3761 3725 modo
3783 3671 3899 3726 lau-

2342 3743 2499 3799 datos
2528 3745 2873 3803 remittimus.

2414 3831 2548 3887 Vill.
2583 3828 2862 3905 Reliquum
2890 3844 2969 3893 est
3003 3847 3064 3893 ut
3100 3840 3241 3897 alius
3285 3844 3583 3903 adversarii
3616 3865 3789 3921 neque
3811 3851 3894 3909 in-

2342 3921 2573 3979 celebris
2612 3938 2787 3994 neque
2825 3924 3048 3992 indocti,
3102 3927 3397 3988 Hermannl
3463 3935 3893 4012 Venemagobje-

2340 4014 2669 4104 ctationibns
2686 4031 3058 4083 occurramus,
3079 4022 3277 4090 quibus
3310 4024 3475 4095 hujus
3507 4026 3762 4099 Epistula:
3786 4049 3893 4104 qua

2340 4102 2407 4160 de
2437 4104 2666 4176 agimus,
2701 4106 2981 4177 integritas
3031 4110 3401 4170 vehementius
3431 4116 3726 4188 impetitur.
3747 4102 3815 4177 Et
3836 4124 3889 4179 in

2338 4194 2510 4263 prima
2540 4195 2761 4267 quidem
2778 4196 3141 4268 Epistolarum
3162 4217 3382 4258 suarum
3399 4206 3753 4279 (43)quarnm
3775 4230 3887 4271 mo-

2336 4282 2406 4339 do
2427 4286 2791 4350 meminimus,
2812 4287 2866 4341 in
2901 4303 2967 4343 eo
2986 4297 3132 4345 totus
3166 4298 3250 4345 est
3274 4292 3356 4347 vir
3385 4294 3516 4352 clar.
3536 4312 3644 4367 quo
3673 4302 3888 4370 probet,

2255 4396 2305 4458 ι)
2333 4390 2442 4431 non
2473 4383 2680 4431 tantum
2708 4376 3122 4458 ,Hi‘eronymum
3168 4381 3441 4440 doctorem
3466 4454 3469 4457 _
3494 4389 3789 4449 maximum
3819 4396 3887 4450 ad

2332 4467 2625 4526 secundam
2655 4467 2953 4540 Epistolam
2983 4457 3376 4530 Clementinam
3408 4482 3884 4550 respexisse,dum

2327 4572 2429 4647 nos
2458 4559 2675 4647 edocuit
2709 4560 2764 4617 S.
2791 4560 3122 4637 Clementem
3162 4565 3230 4619 ad
3259 4569 3563 4637 spirituales
3592 4582 3642 4627 et
3668 4591 3879 4647 euange-

2327 4644 2455 4700 licos
2481 4646 2743 4701 eunuchos
2776 4650 3083 4719 scripsisse,
3118 4669 3420 4727 omnemque
3449 4674 3576 4727 pene
3596 4644 3885 4720 sermonem

2326 4750 2477 4788 suum
2528 4734 2594 4788 de
2644 4738 2956 4806 virginitatis
3007 4742 3233 4808 puritate
3287 4749 3645 4816 commissa,
3695 4769 3881 4810 verum

2324 4826 2483 4880 etiam
2514 4824 2569 4879 S.
2613 4825 2972 4897 Epiphanium
3015 4830 3070 4885 in
3118 4820 3358 4890 eamdem
3409 4840 3599 4895 oculos
3628 4842 3883 4901 habuisse

2323 4912 2582 4984 intentos,
2612 4914 2824 4979 dumde
2854 4921 3025 4990 ipsius
3047 4924 3617 4999 ClementisEpistolis
3647 4937 3881 5007 encycli-

2324 5007 2396 5062 cis
2430 5023 2732 5065 sermonem
2760 5011 2969 5069 habuit.
3002 5013 3217 5071 Nec'ita
3247 5020 3417 5075 multo
3442 5032 3585 5092 post,
3616 5028 3698 5081 sui
3727 5033 3848 5097 peni

2322 5106 2411 5155 tus
2442 5100 2643 5157 oblitus
2670 5102 2753 5156 vir
2788 5105 3057 5169 eruditus,
3081 5110 3224 5177 quod
3254 5110 3498 5180 profecto
3520 5116 3709 5171 mirari
3748 5122 3862 5174 sub-

2322 5190 2383 5254 it,
2427 5192 2579 5262 plura
2626 5196 2868 5266 congerit
2900 5197 3012 5268 (44)
3050 5199 3249 5268 quibus
3290 5204 3525 5269 evincat,
3561 5208 3725 5263 alium
3760 5225 3876 5264 om-

2390 5371 2721 5454 (42)AQuwst.
2740 5388 2806 5454 aa
2825 5374 3027 5454 orth_o_d.
3053 5374 3322 5447 Respons.
3355 5381 3420 5435 ad
3447 5393 3637 5454 qmcst.
3684 5401 3846 5442 Lniv

2317 5430 2660 5525 ίηιὲιξξίέρρο,
2680 5442 2735 5525 5.-
2766 5443 2904 5525 πυρί·
2931 5444 3043 5525 lt-
3092 5430 3189 5525 ,ξ
3210 5430 3321 5525 “ﬂ
3357 5430 3420 5435 "
3449 5430 3637 5525 T77"

2408 5512 2496 5592 nl
2518 5510 2688 5592 ξρξειι
2714 5513 2849 5592 ιι-ε‹ι
2880 5516 2979 5592 ςει.
3007 5514 3066 5592 ρ.
3085 5510 3481 5592 Ἑνεέεειίιιςνς
3508 5521 3590 5585 ιο,
3617 5538 3667 5592 ρ.
3708 5529 3793 5580 ιδ.

2408 5536 2496 5579 ιο)
2518 5536 2688 5579 βμιδι.
2714 5536 2754 5575 I,
2786 5536 2849 5567 au
2880 5536 2979 5569 Cet.
3007 5536 3066 5573 ι’.
3100 5536 3359 5577 nessenn
3398 5536 3481 5592 ,κθ
3508 5536 3590 5585 ιυ,
3658 5567 3667 5577 .
3708 5536 3793 5580 ιδ.

2324 5536 2497 5703 Ἰϐξω)
2525 5580 2693 5654 Epist.
2742 5581 2808 5650 ll,
2845 5583 2909 5638 ad
2978 5587 3051 5642 cl.
3084 5586 3147 5642 T.
3184 5536 3579 5658 Hemstﬁerusq
3617 5538 3770 5666 £20,
3805 5610 3861 5666 β.
