4046 6326
154 269 251 329 {Ol

1384 252 1725 312 PROCEMIA
1762 249 2143 308 VARIORUM.

3279 248 3383 305 1οΞ

154 382 291 436 uino
313 392 433 435 esse
468 392 499 432 a
526 378 806 434 Clemente
850 390 954 433 nec
1000 388 1066 431 eo
1120 374 1281 445 paulo
1332 369 1713 430 recentiorem,
1745 367 1790 423 Α
1820 379 1944 418 nam
1973 364 2485 435 institutionemque
2518 366 2759 435 primum
2791 362 3011 436 quidem
3043 372 3329 423 assecutus
3351 382 3379 421 a

153 471 246 525 cui
278 468 393 523 hac
423 468 539 538 ipsa
578 466 841 538 'Epistola'
878 465 1150 521 referatur
1203 470 1445 532 accepta.
1498 460 1707 515 Nollem

156 558 362 612 factum
412 555 688 610 enimvero
720 553 890 624 :quid
932 551 1167 622 loquar?
1200 550 1281 603 An
1315 550 1483 618 longa
1508 546 1596 599 illa
1624 545 1709 599 di-

155 648 469 719 sputatione
518 661 681 716 quam
723 647 957 716 primum
1008 642 1286 696 contexuit
1335 637 1401 695 H.
1450 637 1731 698 Venema.

154 752 257 792 nos
315 735 503 790 ludere
538 734 748 789 voluit?
773 732 857 787 An
889 746 1017 787 vero
1050 730 1435 800 Hieronymum
1486 736 1540 782 et
1587 727 1715 797 Epi-

154 829 418 898 pluuium
453 829 526 883 ita
559 827 760 883 bardos
790 826 1142 888 existimavit,
1177 834 1237 877 ut
1295 838 1393 892 pro
1436 822 1545 876 ictu
1587 819 1713 875 Cle-

158 919 403 973 mentino
434 918 733 988 Epistolam
752 918 1057 986 reciperent
1074 914 1476 984 supposititiam
1495 912 1518 964 ?
1548 910 1717 964 Nimi-

156 1022 281 1061 rum
338 1008 422 1061 vir
461 1007 689 1062 criticus
743 1005 811 1061 ad
858 1005 1223 1062 subruendam
1247 1003 1744 1058 Clementinarum~

159 1094 525 1166 Epistolarum
584 1096 662 1151 De
712 1095 1011 1165 virginitate
1062 1094 1447 1162 integritatem,
1503 1093 1716 1161 telaque

158 1187 292 1241 clar.
326 1184 612 1243 Wetstenii
659 1188 884 1243 editoris
936 1186 1277 1249 declinanda,
1310 1184 1545 1255 primum
1592 1185 1713 1254 qui-

158 1276 279 1331 dem
312 1277 379 1331 ad
409 1279 763 1348 posteriorem
807 1276 1104 1331 Clementis
1153 1274 1562 1331 Corinthiacam
1589 1273 1716 1343 Epi-

159 1365 355 1425 stolam
384 1368 531 1421 velut
566 1365 633 1420 ad
676 1367 885 1437 asylum
923 1365 1189 1434 confugit,
1234 1364 1556 1433 nullumque
1605 1378 1715 1418 non

158 1462 341 1509 movet
388 1457 619 1528 lapidem
675 1472 783 1528 quo
836 1458 977 1511 hanc
1038 1456 1334 1527 Epistulam
1383 1456 1718 1511 demonstret

158 1543 307 1622 illam
333 1545 663 1616 ipsissimam
687 1560 807 1601 esse
839 1547 892 1599 in
916 1544 1087 1615 quam'
1106 1546 1331 1616 digitum
1366 1546 1717 1600 intenderunt

154 1642 389 1697 veteres,
431 1633 791 1707 Hieronymus
821 1638 875 1689 in
915 1636 1108 1705 primis
1138 1644 1301 1705 atque
1325 1634 1663 1706 Epiphanius
1696 1654 1707 1689 :

157 1723 500 1791 postmodum
532 1732 730 1788 autem,
759 1726 979 1795 perinde
1020 1740 1085 1779 ac
1127 1725 1194 1780 de
1242 1726 1515 1795 triumpho
1555 1741 1713 1780 secu-

155 1827 273 1877 rus,
302 1814 358 1867 in
387 1814 635 1869 eamdem
665 1817 952 1885 consurgit
979 1817 1279 1871 secundam
1304 1818 1712 1873 Corinthiacam

156 1901 477 1973 Epistolam,
502 1920 665 1975 quam
688 1907 1115 1962 commentitiam
1145 1924 1268 1963 esse
1298 1910 1457 1965 nobis
1489 1926 1715 1981 persua-

156 1994 285 2049 dere
332 2002 597 2064 conatur;
658 1997 903 2068 nihilque
964 2000 1116 2070 pensi
1172 1998 1375 2063 habet,
1422 2001 1717 2056 dummodo

157 2084 319 2142 unius
357 2086 558 2156 prioris
610 2089 678 2143 ad
722 2090 1040 2147 Corinthios
1087 2092 1343 2163 Epistolas
1373 2103 1563 2149 auctor
1590 2094 1715 2151 Cle-

156 2190 311 2235 mens
344 2190 466 2235 esse
497 2181 759 2239 videatur.
787 2185 897 2255 Age
927 2202 1094 2251 nunc,
1123 2188 1212 2241 illa
1237 2188 1593 2245 discutiamus
1607 2206 1717 2261 po-

155 2267 315 2332 tiora,
348 2284 485 2340 quae"
523 2272 589 2327 ad
620 2274 739 2343 ejus
790 2277 1221 2346 suppositionem
1254 2281 1609 2335 evincendani
1637 2282 1720 2336 vir

156 2359 349 2415 doctus
371 2361 612 2419 adducit.

224 2448 471 2505 Primum
499 2453 665 2523 igitur
694 2456 1072 2527 argumentum
1108 2474 1176 2514 ex
1207 2475 1273 2514 eo
1323 2461 1459 2530 petit
1512 2460 1577 2516 Η.
1615 2460 1719 2518 Ve—

159 2557 315 2596 nema
345 2543 481 2615 (45),
511 2546 656 2615 quod
685 2556 877 2603 auctor
926 2548 1181 2620 Epistolas
1240 2553 1563 2621 posterioris
1594 2568 1716 2609 sese

158 2631 370 2703 origine
418 2636 675 2704 gentilem
724 2646 908 2708 aperte
962 2639 1155 2708 prodat
1185 2638 1321 2711 (46),
1354 2656 1477 2695 cum
1529 2648 1721 2695 contra

157 2722 379 2779 natione
432 2720 680 2781 Judaeum
739 2728 911 2784 fuisse
961 2729 1298 2785 Clementem
1327 2732 1564 2786 clamare
1592 2745 1723 2786 cen-

155 2820 343 2868 seatur
388 2814 545 2871 locus
604 2817 697 2872 ille
743 2820 945 2889 prioris
992 2820 1269 2891 Epistolas,
1304 2822 1394 2877 ubi
1454 2820 1719 2877 Jacobum

155 2914 357 2970 patrem
394 2916 632 2961 nostrum
648 2910 896 2979 .appellat
924 2910 1059 2981 (47).
1083 2911 1331 2968 Perbelle
1358 2930 1513 2971 sane.
1535 2915 1723 2987 Neque

1811 452 1983 508 Paulo
2012 454 2266 509 Clemens
2316 453 2616 518 Romanus,
2662 448 2920 526 deinceps
2955 471 3086 510 vero
3116 457 3303 511 volens
3331 468 3386 514 et

1813 546 1931 615 ipse
1970 546 2163 601 iisdem
2206 547 2522 617 apostolicis
2572 549 2858 618 przeceptis
2905 549 3153 603 imbuere
3181 547 3382 603 Corin-

1812 637 1979 701 thios,
2006 635 2269 691 Jacobum
2299 648 2500 706 patrem
2553 650 2793 695 nostrum
2829 641 3081 694 vocavit:
3116 641 3385 710 quemad-

1813 726 2034 780 modum
2093 728 2257 781 etiam
2313 728 2511 783 ibidem
2561 731 2843 785 nonnullis
2895 730 3197 799 interjectis
3237 726 3382 801 (52),

1812 826 2014 885 patrem
2046 828 2282 871 nostrum
2312 822 2601 890 appellavit
2631 822 3023 877 Ahrahamum.
3056 820 3228 886 Quam
3260 822 3386 893 qni-

1815 910 1937 965 dem
1968 908 2274 965 doctrinam
2301 925 2421 964 cum
2455 912 2648 968 deinde
2675 913 2976 986 accepisset
3006 910 3248 968 Ecclesia
3275 912 3385 965 Ro—

1791 1022 1793 1024 ·
1816 1015 1976 1054 mana
2002 1001 2116 1055 sive
2146 1003 2215 1056 ab
2243 1002 2505 1072 Apostolo
2523 1004 2642 1058 sive
2666 1003 2831 1058 etiam
2854 1003 2921 1056 ab
2939 1001 3061 1072 ipso
3084 1002 3385 1067 Clemente,

1817 1097 2061 1146 sanctam
2116 1088 2259 1146 inter
2308 1092 2578 1145 actionem
2621 1091 3004 1160 precationem
3066 1091 3384 1159 huiusmodi

1817 1180 1990 1234 sacris
2019 1182 2289 1236 ministris
2305 1179 2642 1235 recitandam
2670 1179 2867 1233 indixit
2890 1180 2999 1249 (55)
3029 1195 3040 1229 :
3069 1179 3231 1243 Deus,
3256 1178 3388 1247 ﬁde-

1816 1269 1947 1323 lium
1986 1280 2135 1339 pater
2189 1286 2409 1333 summe,
2444 1271 2532 1339 qui
2562 1270 2611 1322 in
2650 1276 2757 1327 toto
2807 1270 2927 1323 orbe
2978 1279 3239 1323 terrarum
3264 1285 3390 1338 pro-

1817 1364 2087 1417 missionis
2119 1373 2223 1416 ταας
2270 1363 2411 1430 ﬁlios
2445 1361 2642 1430 diﬁ'usa
2682 1360 2978 1429 adoptionis
3004 1360 3182 1428 gratia
3209 1360 3399 1415 multi;

1816 1456 2003 1523 plicas,
2034 1464 2082 1508 et
2116 1470 2203 1521 per
2238 1454 2485 1523 paschale
2514 1460 2926 1513 sacramentum,
2954 1450 3225 1504 Abraham
3263 1469 3390 1520 pue-

1819 1561 1935 1597 rum
1973 1554 2119 1597 tuum
2149 1545 2534 1616 universarum,
2562 1543 2703 1596 sicut
2726 1542 2950 1609 jurasti,
2974 1543 3205 1609 gentium
3233 1542 3390 1611 efﬁcis

1818 1647 2042 1706 patrem,
2080 1648 2186 1692 etc.
2220 1635 2366 1689 Alibi
2398 1649 2617 1704 quoque
2664 1633 2869 1688 clarius
2899 1632 3079 1686 adhuc
3107 1633 3216 1703 (54)
3240 1650 3252 1683 ;
3280 1633 3392 1687 Ρα-

1819 1744 1896 1786 ter
1935 1731 2061 1800 ﬁdei
2086 1740 2293 1784 nostra!
2319 1728 2587 1781 Abraham
2625 1742 2881 1787 summus,
2917 1727 3105 1779 obtulit
3142 1728 3390 1780 holocauc

1816 1832 1955 1876 stum
1983 1838 2137 1891 super
2166 1818 2335 1874 altare
2355 1836 2447 1887 pro
2478 1819 2613 1887 ﬁlio.

1886 1911 2028 1977 Quid
2061 1911 2202 1979 quod
2242 1910 2577 1978 Theophilus
2620 1908 2673 1959 in
2706 1908 2820 1961 suis
2853 1906 2917 1960 ad
2959 1906 3282 1976 Autolycum
3326 1907 3394 1959 li-

1818 2004 1934 2059 bris
1980 2002 2114 2073 (55),
2152 2001 2299 2072 quod
2348 2016 2484 2070 pene
2526 1998 2841 2061 exciderat,
2886 1995 3144 2051 Davidem
3188 2005 3391 2065 patrem

1820 2113 1915 2152 seu
1950 2096 2330 2165 progenitorem
2372 2101 2609 2147 nostrum
2667 2087 2938 2159 appellat?
2969 2089 3196 2140 Ἔπειτα
3230 2088 3394 2143 Acuta

1818 2190 1846 2239 ὁ
1870 2189 2132 2259 πρόγονος
2160 2190 2191 2259 ἡ
2203 2186 2316 2257 μῶν
2346 2184 2730 2257 (ἐϐασίλευσεν)
2763 2182 2855 2252 ἔτη
2892 2189 2965 2253 μ’.
3000 2199 3017 2230 ‹
3045 2179 3248 2234 Deinde
3281 2178 3393 2233 Da-

1819 2279 1910 2333 vid
1932 2287 2083 2347 pater
2108 2286 2282 2331 noster
2306 2275 2552 2345 regnavit
2573 2287 2747 2327 annos
2782 2269 3162 2340 quadraginta.
3191 2287 3209 2320 ι
3241 2266 3393 2323 Nun-

1820 2368 1952 2439 quid
1982 2368 2105 2423 ideo
2136 2366 2421 2430 Hebraeus,
2454 2364 2746 2433 episcopus
2772 2360 2875 2417 iste
2914 2358 3325 2415 Antiochenus?

1891 2461 2115 2524 Verum,
2147 2468 2206 2515 ut
2224 2460 2289 2513 ad
2311 2472 2374 2512 ea
2396 2457 2581 2520 verba,
2616 2454 2873 2509 Iacobum
2897 2462 3101 2525 patrem
3130 2465 3390 2516 nostrum,

1823 2554 2066 2626 apertius
2096 2550 2433 2607 enueleanda
2467 2550 2742 2619 simulque
2771 2548 3166 2620 propugnanda
3199 2548 3396 2629 redea-

1822 2662 1967 2713 mus,
2006 2661 2115 2716 quo
2157 2643 2414 2713 deinceps
2455 2659 2519 2697 ex
2576 2657 2765 2697 eorum
2815 2641 3169 2711 ambiguitate
3214 2639 3393 2693 omnis

1823 2739 2119 2810 objiciendi
2169 2734 2493 2807 praecidatur
2545 2723 2777 2789 occasio.
2820 2750 2833 2785 :
2882 2732 3105 2787 Patrum
3176 2748 3396 2802 quoque

1824 2818 2191 2901 antiquissimi
2214 2830 2405 2885 eodem
2430 2828 2590 2897 plane
2619 2841 2783 2881 sensu
2815 2840 2937 2880 cum
2969 2823 3249 2879 Clemente
3272 2840 3396 2894 per-

1824 2922 2085 2979 hibentur
2124 2934 2248 2975 esse
2296 2918 2463 2973 locuti
2492 2933 2503 2968 :
2532 2916 2785 2971 Justinus
2831 2924 3040 2986 martyr
3082 2914 3213 2985 (56),
3272 2914 3396 2970 Cle-

155 3009 329 3089 nuper
357 2996 574 3053 demum
589 3009 778 3054 exorta
793 3010 877 3056 est
901 3003 968 3057 de
984 3002 1269 3058 Judaismo
1286 3004 1582 3063 Clementis
1602 3008 1719 3078 Opi-
1746 3032 1789 3089 ρ
1825 3026 1980 3066 mens
2011 3008 2417 3064 Alexandrinus
2445 3008 2578 3077 (57),
2612 3005 2987 3073 Tertullianus
3024 3006 3160 3077 (58),
3202 3012 3395 3061 auctor

156 3087 265 3143 nio.
300 3088 541 3156 Primus,
565 3091 709 3162 quod
732 3094 949 3163 quidem
998 3097 1188 3161 sciam,
1219 3098 1313 3167 qui
1338 3114 1457 3153 eam
1492 3100 1718 3167 invexit,

158 3174 258 3231 fuit
304 3177 687 3238 Tillemontius
746 3183 880 3253 (48).
932 3182 1141 3241 Exinde
1195 3202 1325 3242 vero
1355 3188 1496 3243 idem
1543 3191 1721 3247 visum

155 3273 450 3331 Coutantio
467 3276 602 3347 (49),
626 3278 753 3333 licet
770 3289 955 3347 postea
986 3282 1314 3336 sententiam
1334 3285 1558 3338 mutarit
1586 3284 1733 3355 (50).⁶

155 3364 406 3420 Accessit
432 3367 649 3422 demum
681 3366 1011 3433 Ceillierius,
1046 3372 1139 3440 qui
1199 3371 1427 3428 ﬁdenter
1460 3375 1625 3431 nimis
1658 3375 1716 3429 id

158 3475 409 3516 asserere
451 3477 560 3516 non
592 3463 861 3518 dubitavit
892 3464 1027 3535 (5i).
1082 3464 1152 3517 At
1210 3466 1429 3522 clumbe
1476 3467 1722 3538 profecto

157 3550 466 3607 habendum
522 3563 899 3622 argumentum
962 3555 1314 3621 istiusmodi,
1361 3572 1471 3628 quo
1534 3554 1725 3615 Corin-

157 3644 345 3698 thiacze
426 3644 744 3713 posterioris
799 3645 1054 3716 Epistolas
1119 3648 1341 3703 tollatur
1416 3652 1719 3723 integritas.

157 3733 355 3799 Quidni
406 3734 569 3790 sodes
604 3734 858 3791 Clemens
914 3736 1071 3792 Pauli
1130 3742 1408 3813 συνεργὸς,
1448 3738 1722 3800 σειροὺιιηι

156 3833 354 3892 patrem
409 3833 647 3877 nostrum
706 3840 774 3880 eo
828 3839 994 3881 sensu
1046 3843 1246 3882 vocare
1302 3822 1562 3900 potuerit,
1615 3851 1724 3905 quo

157 3918 293 3973 idem
325 3918 625 3987 Apostolus
652 3920 1034 3989 promissionis
1060 3920 1199 3977 ﬁlios
1230 3924 1286 3977 in
1318 3926 1526 3979 semine
1548 3926 1723 3981 Abra-

160 4005 238 4061 hae
262 4016 315 4062 et
348 4008 519 4064 Israel
555 4011 863 4079 computari
892 4011 1071 4074 docet,
1110 4019 1171 4066 ut
1205 4021 1352 4069 recte
1398 4014 1723 4074 Coutantius

159 4100 349 4155 melius
374 4101 689 4156 consultus?
707 4098 828 4155 Non
843 4088 1005 4167 enim,
1021 4104 1195 4173 inquit
1215 4104 1434 4161 divinus
1462 4123 1639 4177 prmco
1656 4110 1720 4171 ",

160 4206 330 4245 omnes
346 4190 437 4260 qui
458 4207 521 4245 ea:
535 4190 706 4245 Israel
722 4202 865 4255 sunt,
898 4194 937 4246 ii
968 4202 1090 4247 sunt
1117 4192 1377 4249 Israelita:
1401 4211 1418 4247 .'
1442 4214 1603 4266 neque
1637 4201 1725 4269 qui

160 4299 325 4336 semen
342 4292 467 4336 sunt
487 4281 914 4347 Abralue,omnes
935 4284 1035 4351 ﬁlii
1058 4298 1075 4335 :
1097 4282 1186 4336 sed
1209 4284 1261 4337 in
1280 4282 1438 4338 Isaae
1454 4288 1723 4341 vocabitur

162 4372 249 4426 tibi
272 4389 446 4429 semen
477 4392 494 4429 :
518 4372 573 4426 id
589 4383 686 4437 est,
706 4392 807 4428 non
832 4376 919 4445 qui
936 4374 1037 4444 ﬁlii
1065 4376 1335 4438 carnis,hi
1349 4378 1451 4445 ﬁlii
1489 4377 1604 4443 Dei,
1633 4386 1720 4433 sed
1754 4359 1797 4413 D

162 4465 249 4533 qui
276 4466 381 4534 ﬁlii
413 4474 541 4519 sunt
583 4466 969 4534 promissionis,
1021 4468 1356 4520 testimantur
1403 4470 1457 4522 in
1508 4472 1719 4525 semine.

160 4552 294 4609 Hinc
315 4555 449 4610 alibi
464 4555 512 4586 "
533 4555 702 4609 etiam
735 4554 967 4623 ipsemet
992 4554 1293 4624 Apostolus
1324 4554 1492 4612 Israel
1516 4557 1613 4612 Dei
1636 4575 1728 4613 vo-

162 4651 246 4698 cat
294 4646 519 4707 eosdem
565 4645 949 4717 promissionis
999 4644 1161 4710 ﬁlios,
1195 4646 1309 4702 sive
1337 4663 1401 4702 ex
1433 4648 1725 4706 circumci-

162 4733 309 4793 sione
338 4736 459 4793 sive
479 4751 544 4791 ex
582 4737 843 4807 preputio
879 4743 1121 4791 vocatos.
1150 4735 1303 4791 Hanc
1333 4737 1497 4808 igitur
1525 4739 1733 4797 doctri-

229 4922 275 4957 ιι
302 4922 696 4989 Rom.tx,6-8.
774 4922 817 4954 ιι
840 4920 1111 4984 Galat.v1,
1137 4920 1225 4985 t5,
1244 4880 1333 4975 l6.

250 5084 340 5154 45)
370 5082 547 5154 Epist.
572 5081 638 5154 il,
671 5082 706 5154 l.
739 5096 769 5136 c

252 5149 340 5222 46)
366 5148 565 5216 Cleon,
593 5152 761 5222 Epist.
793 5150 838 5204 ll
867 5150 946 5222 ad
970 5148 1124 5216 Cor.,
1147 5165 1306 5221 capp.
1340 5151 1366 5205 1
1403 5158 1457 5206 et
1484 5150 1539 5207 2.

251 5221 338 5293 Η)
366 5225 468 5285 id.,
509 5221 681 5293 Epist.
708 5222 749 5285 l,
779 5236 897 5289 cap.
919 5221 973 5275 4.

232 5289 339 5362 (48)
373 5294 531 5347 Mem.
558 5289 711 5351 Hist.
734 5292 885 5362 ιρι-ιη
918 5299 957 5362 t.
987 5289 1131 5361 ll,~p.
1161 5290 1281 5345 M9.

254 5361 341 5431 49)
371 5364 543 5431 Epist.
572 5362 722 5417 Rom.
750 5361 977 5430 Pontiﬁ,
1002 5377 1055 5431 p.
1086 5362 1174 5415 11.

256 5434 339 5502 50)
370 5433 535 5497 ma,
566 5434 730 5502 p.41.

256 5504 342 5570 51)
373 5503 516 5559 Hist.
543 5501 739 5573 genera,
771 5514 902 5557 tom.
932 5502 973 5565 l,
994 5515 1047 5570 p.
1074 5501 1196 5556 508.

255 5574 341 5641 52)
371 5572 557 5642 Epist.
582 5572 625 5636 Ι,
655 5588 775 5642 cap.
800 5573 875 5626 3i
890 5614 903 5625 .

236 5591 341 5641 (οι)
373 5591 413 5627 n
455 5591 548 5629 Ist.
582 5591 625 5636 ι,
655 5591 775 5642 cap.
800 5591 903 5626 νοι.

236 5642 345 5716 (55)
374 5591 585 5700 final.
614 5642 762 5698 Rom.
791 5644 845 5698 in
872 5642 1036 5696 Sabb.
1067 5649 1242 5698 sanct.
1271 5641 1337 5698 ad
1368 5642 1615 5714 prapltet.
1646 5656 1699 5695 Iv

233 5367 252 5640 Ξ

1826 3099 2189 3169 Expositionis
2227 3098 2283 3150 in
2309 3093 2650 3167 Evangelium
2677 3093 2835 3149 Luca:
2875 3110 2996 3165 qua:
3018 3096 3122 3151 sub
3151 3095 3260 3149 Titi
3279 3095 3394 3150 Bo-

1824 3194 2057 3250 strensis
2105 3190 2326 3251 nomine
2382 3188 2769 3243 circumfertur
2828 3188 2962 3260 (59),
3014 3199 3067 3243 et
3120 3188 3393 3259 Augusti—

1823 3300 1931 3341 nus
1968 3282 2102 3354 (60).
2136 3282 2274 3336 Hinc
2297 3294 2428 3351 ergo
2457 3278 2789 3334 Venemiana
2814 3280 3055 3348 objectio
3075 3278 3390 3337 evanescit:

1823 3393 1931 3448 quo
1962 3376 2106 3431 enim
2143 3386 2307 3430 sensu
2347 3371 2562 3425 locutus
2598 3377 2681 3424 est
2710 3371 2992 3439 apostolus
3028 3368 3252 3437 Paulus,
3284 3385 3395 3441 quo

1825 3466 2067 3524 Ecclesia
2095 3464 2340 3519 Romana
2383 3463 2453 3516 ab
2499 3462 2620 3532 ipso
2650 3461 2862 3526 edocta,
2886 3476 2995 3531 quo
3024 3460 3216 3518 Patres
3252 3464 3397 3516 anti-

1823 3560 2082 3632 quiores,
2131 3571 2196 3612 eo
2232 3556 2360 3609 item
2394 3554 2645 3608 Clemens
2683 3559 2869 3607 noster
2900 3553 3115 3608 locutus
3151 3569 3274 3609 esse
3318 3555 3399 3608 di-

1824 3653 2053 3715 cendus,
2086 3658 2141 3704 et
2166 3647 2387 3719 quidem
2422 3646 2488 3699 ad
2518 3644 2830 3700 Corinthios
2854 3642 3117 3700 Romanae
3138 3644 3399 3701 Ecclesiae

1825 3744 2046 3802 nomine
2091 3740 2337 3797 scribens
2370 3754 2383 3789 :
2412 3746 2470 3810 ut
2515 3747 2800 3807 prepterea
2844 3752 2953 3791 non
3002 3753 3105 3791 suo
3156 3746 3388 3801 tantum,

1826 3835 1922 3891 sed
1962 3841 2019 3889 et
2061 3831 2433 3885 Romanorum
2462 3836 2650 3897 ~atque
2689 3826 3099 3881 Corinthiorum
3150 3830 3391 3897 nomine,

1824 3922 2194 3979 Abrahamum
2227 3928 2279 3972 et
2309 3915 2571 3971 Jacobum
2606 3926 2780 3983 patres
2813 3926 3044 3980 nostros,
3070 3917 3195 3972 ﬁdei
3242 3919 3393 3973 scili-

1824 4023 1910 4070 cet
1932 4023 2132 4068 nostrze
2158 4017 2362 4081 patres,
2388 4008 2620 4078 ipsemet
2646 4007 2955 4077 appellasse
2982 4007 3278 4077 putandus.

1896 4104 2066 4159 Instat
2120 4115 2286 4172 porro
2328 4100 2413 4153 vir
2466 4098 2712 4160 criticus,
2765 4104 2927 4167 atque
2972 4114 3034 4152 ex
3086 4098 3171 4153 his
3210 4100 3393 4156 verbis

1826 4197 2072 4267 ejusdem
2116 4190 2371 4263 Epistolas
2400 4188 2509 4259 (61)
2544 4208 2556 4243 :
2595 4186 2783 4257 Plures
2816 4189 2950 4258 [acti
2978 4206 3160 4243 sumus
3200 4190 3267 4243 iis
3304 4194 3394 4261 qui

1827 4289 1995 4343 Deum
2039 4286 2227 4340 habere
2266 4289 2538 4337 censentur
2568 4279 2837 4352 (iudicis),
2860 4282 3068 4352 colligit
3112 4290 3391 4339 auctorem

1826 4395 1891 4436 eo
1930 4380 2146 4434 demum
2197 4383 2438 4444 tempore
2492 4372 2732 4438 vixisse,
2780 4388 2889 4442 quo
2937 4373 3393 4432 Christianismus

1825 4475 1971 4529 inter
2014 4476 2203 4537 gentes
2235 4465 2726 4521 numerosissimus
2768 4473 2887 4518 erat
2927 4480 3093 4535 supra
3121 4464 3338 4521 Iudaeos
3374 4487 3389 4522 :

1826 4560 1973 4632 quod
2008 4556 2250 4627 quidem,
2286 4554 2483 4625 inquit,
2516 4554 2721 4609 rectius
2751 4569 2913 4624 quam
2967 4556 3020 4609 in
3071 4554 3388 4621 Clementis,

1825 4650 2060 4723 quadrat
2110 4648 2166 4700 in
2225 4643 2447 4713 Trajani
2495 4654 2547 4699 et
2602 4645 2943 4712 sequentium
2997 4644 3388 4714 imperatorum
3434 4668 3439 4671 >

1824 4754 2093 4814 tempora,
2146 4738 2344 4809 quibus
2390 4735 2632 4791 Ecclesia
2689 4738 2930 4809 gentium
2974 4737 3133 4808 longe
3176 4738 3391 4810 lateque

1904 5083 2015 5155 (54)
2046 5082 2198 5155 _Br_ev.
2227 5079 2374 5155 Rom.
2411 5078 2572 5155 Salib.
2600 5089 2721 5155 ante
2738 5077 2941 5155 Quinq.
2963 5077 3029 5133 ad
3051 5075 3101 5130 Μ
3111 5076 3386 5147 agniﬁcat.

1927 5148 2014 5217 55)
2046 5151 2165 5204 Lib.
2189 5166 2270 5210 ιιι,
2303 5151 2366 5201 ad
2398 5148 2705 5217 Auloly'e.,§
2734 5149 2802 5204 25

1927 5160 1993 5208 55
2048 5160 2165 5204 Lib.
2189 5166 2270 5210 ιιι,
2303 5160 2366 5201 ad
2398 5160 2705 5217 Autolyc.,§
2734 5160 2801 5204 25

1902 5160 2016 5287 (56)
2042 5219 2182 5275 Dial.
2214 5236 2332 5287 cum
2360 5217 2579 5287 Tryph.,
2624 5217 2653 5286 §
2680 5220 2801 5287 154.

1912 5281 2011 5356 5Ἱ)
2041 5287 2212 5342 Clem.
2240 5281 2661 5356 Alex.,'Strom.
2692 5285 2785 5349 lib.
2824 5297 2898 5347 vr,
2937 5296 3061 5356 cap.
3106 5281 3153 5350 7,
3189 5298 3241 5352 p.
3275 5282 3396 5337 770.

1915 5351 2006 5420 58)
2041 5356 2174 5410 Adv.
2213 5355 2497 5420 Marciam,
2534 5357 2628 5409 lib.
2666 5372 2742 5419 tv,
2782 5368 2903 5420 cap.
2932 5351 3022 5405 Ἡ.

1891 5420 2002 5495 (59)
2040 5426 2107 5479 In
2131 5444 2251 5495 cap.
2293 5442 2306 5477 ι
2341 5425 2542 5496 Evang.
2576 5426 2707 5479 Luc.
2745 5420 2885 5478 Bibl.
2925 5420 3029 5475 PP.
3061 5422 3190 5478 edit.
3219 5422 3396 5487 Paris,

1821 5508 1953 5554 tom.
1989 5496 2127 5559 Xlll,
2158 5512 2211 5561 p.
2246 5496 2369 5549 767.
2946 5557 2950 5560 i

1902 5571 2014 5639 (60)
2056 5567 2231 5639 §erm.
2259 5561 2322 5639 ξ’,
2354 5561 2459 5631 §4;
2486 5562 2620 5639 Qpp.
2650 5572 2781 5618 tom.
2816 5561 2879 5628 ν,
2908 5580 2960 5634 p.
3000 5564 3087 5625 50.

1904 5632 2016 5710 (61)
2059 5636 2227 5705 Epist.
2259 5632 2318 5698 ll,
2349 5648 2471 5702 cap.
2502 5632 2557 5689 9..
