4054 6320
663 348 768 402 ωδ

1789 344 1876 397 ΑΙ)
1918 343 1974 399 S.
2015 344 2437 401 CLEMENTLM
2476 345 2496 400 ι
2534 343 2762 402 ΡΔΡΑΜ

3778 356 3884 410 lO-I

661 466 954 533 propagata
985 467 1090 515 est.
1121 460 1259 527 Quid
1282 462 1465 516 multis
1491 476 1627 530 opus
1655 461 1775 514 est?
1804 459 1992 515 Nonne
2019 457 2221 515 Paulus
2251 461 2297 519 Α
2323 458 2586 530 sanguine
2617 475 2736 517 suo.
2763 480 2782 513 ι
2817 461 2924 516 Nec
2954 461 3145 518 dubito
3186 465 3316 534 quin
3351 464 3499 521 hisce
3532 469 3730 530 verbis,
3781 471 3880 524 καὶ

658 550 727 604 ad
754 549 1034 606 Romanos
1073 552 1322 619 scribens
1341 553 1407 615 ³⁸,
1432 552 1645 622 gratias
1683 550 1794 605 Deo
1827 551 2039 621 agebat,
2073 549 2216 620 quod

659 622 1008 698 iides‘eorum
1032 643 1457 716 annuntiabatur
1483 644 1535 695 in
1559 643 1795 698 universo
1817 641 2008 696 mundo
2023 645 2049 698 1
2070 640 2222 696 Νοιι-Δ

657 745 727 784 ne
757 723 972 786 dicebat
999 733 1063 796 ",
1091 734 1146 786 in
1175 750 1378 788 omnem
1403 743 1602 787 terram
1632 735 1831 791 exiisse
1861 751 2053 791 sonum
2082 751 2217 806 apo-

656 822 945 887 stolorum,
1002 832 1052 880 et
1097 823 1155 876 in
1192 825 1322 891 ﬁnes
1374 823 1516 877 orbis
1564 835 1719 878 terra:
1771 827 1935 880 verba
1987 826 2216 880 eorum?

656 909 843 973 Nonne
873 910 1041 966 Deum
1079 913 1503 983 gloriﬁcabat“,
1531 915 1675 985 quod
1720 917 2037 988 mysterium
2077 923 2214 971 tem-

657 1004 881 1072 poribus
915 1007 1134 1062 teternis
1165 1007 1416 1068 tacitum,
1449 1006 1779 1076 patefactum
1821 1017 1967 1064 esset
1995 1009 2063 1063 ad
2093 1010 2221 1063 οὺεοη

652 1096 903 1152 ditionem
933 1099 1058 1168 fidei
1083 1099 1140 1153 in
1162 1098 1369 1155 eunetis
1399 1100 1637 1171 gentibus
1657 1104 1682 1156 .’
1715 1101 1913 1156 Eodem
1956 1101 2211 1172 loquendi

653 1205 866 1259 genere.
885 1191 1016 1246 alibi
1038 1207 1259 1262 quoque
1281 1194 1452 1248 utitur
1474 1194 1616 1250 idem
1646 1193 1963 1264 Apostolus.
1993 1196 2072 1250 Ad
2103 1196 2212 1250 Co—

652 1278 984 1344 lossenses"
1014 1300 1028 1335 :
1065 1281 1134 1341 «In
1179 1283 1330 1338 verbo
1361 1285 1613 1346 ,veritatis
1657 1284 1946 1355 Evangelii,
1968 1286 2106 1356 quod
2155 1285 2209 1339 in

651 1373 888 1428 universo
909 1373 1103 1430 mundo
1133 1383 1233 1440 est,
1266 1385 1313 1430 et
1334 1377 1649 1445 fruetiﬁeat,
1677 1387 1728 1432 et
1758 1379 1967 1434 crescit.
2004 1377 2070 1433 Et
2102 1378 2207 1433 ite-

648 1454 1269 1535 ﬁtszvangelium....
1330 1468 1678 1537 pradieatum
1735 1479 1810 1523 est
1861 1470 1918 1522 in
1962 1470 2208 1523 universa

649 1547 895 1621 creatura
922 1570 1042 1623 qua:
1061 1555 1156 1608 sub
1179 1556 1307 1611 caelo
1335 1567 1434 1611 est.
1464 1558 1546 1612 Ad
1586 1557 1937 1612 Timotheum
1978 1558 2107 1612 item
2129 1558 2203 1613 ‘°:

644 1642 706 1697 Η
709 1662 900 1713 agnum
913 1657 989 1702 est
1000 1647 1824 1718 pietatis-sacramentum,quod..
1835 1691 1847 1704 .
1860 1648 2205 1716 Prwdicatum

644 1734 1393 1840 estGENTIBiJSmreditum
1416 1737 1561 1799 estin
1579 1738 1859 1795 MUNDO.
1877 1738 1986 1794 Nec
2005 1740 2201 1793 mirum
2233 1787 2274 1840 Β

645 1841 817 1885 sane:
851 1836 910 1888 ut
943 1828 1090 1883 enim
1123 1830 1259 1885 alios
1299 1838 1686 1900 praetereamus
1717 1832 2014 1901 apostolos,
2056 1847 2200 1888 unus

643 1931 874 1985 magnus
898 1915 1118 1981 Paulus,
1153 1928 1291 1975 teste
1323 1929 1509 1975 nostro
1530 1921 1807 1976 Clemente
1832 1921 1972 1992 (62),
2009 1922 2200 1977 Prceco

641 2006 924 2081 factus-tn
963 2009 1254 2072 oriente‘et
1305 2000 1659 2068 Occidente...
1732 2016 2200 2068 eum‘universum

640 2098 892 2154 mundum
916 2099 1176 2155 docuisset
1204 2100 1496 2167 iustitiam;
1519 2113 1568 2157 et
1601 2104 1670 2157 ad
1706 2105 1992 2159 occidentis
2023 2106 2202 2159 termi-

638 2205 764 2250 num
803 2192 1044 2257 venisset,
1103 2210 1164 2246 ac
1219 2193 1313 2249 sub
1365 2184 1627 2263 praefectis
1653 2191 1965 2265 martyrium
2008 2212 2197 2265 passus

635 2285 792 2344 esset,
845 2280 920 2337 ita
972 2296 1001 2336 θ
1042 2280 1234 2335 mundo
1290 2283 1556 2352 migravit.
1615 2282 1745 2349 Quae
1799 2300 1923 2338 cum
1956 2287 2030 2339 ita
2063 2287 2195 2351 sint,

634 2371 825 2439 quidni
857 2386 987 2440 ergo
1027 2387 1155 2439 vere
1185 2372 1469 2443 scripserit
1517 2374 1574 2429 in
1613 2373 1912 2445 posteriore
1955 2375 2197 2446 Epistola

635 2458 883 2520 Clemens
911 2449 1192 2534 Romanus
1216 2481 1231 2516 :
1261 2463 1448 2537 Plures
1474 2465 1605 2534 facti
1650 2483 1832 2522 sumus
1862 2466 2084 2534 Iudaeis,
2107 2471 2196 2540 qui

633 2550 804 2606 Deum
831 2552 1020 2614 habere
1043 2558 1358 2611 censentur?

704 2642 905 2714 Verum
935 2646 1005 2701 ad
1035 2646 1237 2701 nodum
1266 2648 1570 2719 graviorem
1604 2650 1925 2706 solvendum
1953 2650 2195 2708 studioso

631 2749 1005 2806 preparemus.
1040 2736 1244 2792 Statuit
1281 2740 1537 2794 nimirum
1555 2742 1638 2795 vir
1665 2743 1798 2796 clar.
1822 2741 1975 2814 (63):
2012 2761 2032 2795 t
2062 2741 2191 2812 Epi-

631 2828 786 2896 stolis
831 2831 1086 2891 secunda:
1131 2840 1408 2886 auctorem
1443 2849 1500 2889 se
1529 2849 1557 2887 a
1589 2833 1867 2890 Clemente
1915 2835 2190 2892 diversum

629 2937 694 2978 eo
716 2922 837 2993 ipso
870 2923 1134 2995 profiteri,
1163 2926 1308 2994 quod
1332 2926 1535 2982 Christi
1566 2927 1909 2982 divinitatem
1936 2944 2193 2997 expresse

629 3011 887 3083 inculcet,
911 3021 966 3070 et
1005 3012 1218 3068 Domini
1250 3026 1616 3082 uolitantum,
1645 3019 1737 3072 sed
1761 3027 1813 3073 et
1847 3017 1940 3072 Dei
1970 3018 2186 3076 titulum

2316 549 2384 603 τὰ
2430 551 2726 623 παθήματα
2765 551 2930 608 αὑτοῦ
2971 550 3039 626 ἦν
3095 555 3201 626 πρὸ
3228 546 3519 627 ὀφθαλμῶν
3563 559 3735 629 ὑμῶν,
3789 577 3878 615 re-

2315 640 2551 709 spexerit
2567 639 2787 698 S.Pater
2803 644 2868 697 ad
2885 643 3014 698 illud
3029 644 3270 713 ejusdem
3289 647 3778 718 Apostoli,Calatas
3797 651 3876 704 ita

2313 729 2650 800 objurgantis
2665 733 2708 765 δ’
2724 753 2738 787 :
2756 729 2827 785 Ὠ
2854 735 3062 805 ἀνόητοι
3091 734 3345 800 Γαλάται,
3363 732 3518 801 -οἵς
3547 740 3663 791 κατ’
3682 739 3877 808 ἑφθαὶ..

2316 824 2429 894 μῶν
2468 821 2672 893 Ἰησοῦς
2704 823 2939 892 Χριστὸς.
2966 824 3317 893 προεγράφη,
3349 824 3406 876 ἐν
3444 825 3569 893 ὑμῖν
3597 827 3874 896 ἐσταυρω-

2314 914 2472 985 μένος
2496 931 2510 969 :
2539 934 2557 966 t
2582 914 2624 968 Ο
2655 916 2907 969 insensati
2935 914 3249 977 Caietam...
3273 925 3397 969 ante
3423 931 3651 986 quorum
3677 917 3874 973 oculos

2305 1006 2466 1061 Jesus
2491 1007 2740 1062 Christus
2763 1008 3108 1077 prmscriptus
3134 1018 3236 1072 est,
3262 1009 3314 1061 in
3343 1009 3497 1064 vobis
3516 1008 3868 1064 crucilixusa

2303 1097 2573 1153 Nimirum
2608 1099 2875 1164 Clemens,
2897 1101 3198 1164 ut‘assolet,
3226 1099 3455 1154 Paulum
3491 1103 3766 1165 imitatus,
3808 1101 3868 1157 in

2304 1191 2625 1246 memoriam
2656 1189 2852 1258 redigit
2872 1190 3194 1255 Corinthiis,
3219 1191 3495 1260 quomodo
3526 1193 3653 1247 ante
3677 1204 3864 1247 motus

2303 1281 2358 1336 in
2399 1297 2592 1336 eorum
2630 1281 2869 1339 Ecclesia
2914 1299 3085 1350 nuper
3113 1292 3362 1347 exertos,
3396 1284 3545 1337 omni
3591 1285 3859 1339 virtutum

2301 1390 2496 1445 genere
2530 1374 2807 1436 ﬂorerent,
2842 1383 3003 1444 atque
3037 1376 3130 1428 Dei
3169 1378 3436 1443 passiones
3476 1391 3688 1444 semper
3733 1383 3864 1430 ante

2307 1460 2496 1514 oculos
2527 1460 2660 1529 ipsis
2703 1463 3143 1516 obversarentur.
3201 1461 3400 1516 Divinas
3446 1462 3609 1530 igitur
3657 1469 3903 1536 natura.

2307 1551 2648 1618 majestatem
2686 1567 2809 1605 cum
2841 1552 3024 1606 carnis
3058 1553 3364 1607 humilitate
3396 1555 3681 1621 crucisque
3710 1554 3866 1621 igno-

2307 1640 2473 1693 minia
2507 1641 2609 1695 hoc
2643 1642 2747 1696 loci
2784 1643 3067 1712 conjungit
3095 1645 3475 1698 sanctissimus
3500 1643 3658 1697 Pater
3685 1662 3702 1698 :
3725 1644 3867 1698 duas

2305 1730 2432 1785 item
2465 1739 2689 1786 naturas
2711 1735 2956 1800 agnoscit
2987 1737 3038 1786 in
3063 1735 3280 1788 Christo
3307 1750 3318 1784 :
3347 1751 3508 1787 unam
3541 1734 3699 1788 Verbi
3729 1733 3866 1788 Per-

2305 1835 2516 1885 sonam,
2549 1837 2668 1891 quae
2725 1838 2888 1878 carne
2952 1839 3111 1891 passa
3171 1833 3253 1878 est
3297 1843 3309 1877 :
3352 1840 3415 1877 ac
3455 1824 3548 1877 Dei
3579 1825 3859 1892 passiones

2304 1909 2557 1966 Ecclesiae
2585 1912 2944 1968 Corinthiaca:
2975 1916 3225 1984 preponit
3280 1916 3426 1968 velut
3483 1915 3639 1984 longe
3687 1914 3866 1967 maxi-

2302 2017 2449 2056 mum
2476 2004 2813 2074 mysterium,
2846 2006 2989 2059 unde
3016 2004 3134 2059 vita:
3175 2006 3464 2059 sanctioris
3497 2012 3757 2074 prmeepta
3782 2003 3866 2056 in-

2301 2091 2599 2160 stitutaque
2618 2090 2798 2145 Omnia
2829 2092 3119 2147 ducantur.
3155 2093 3229 2147 Ex
3261 2095 3460 2163 quibus
3499 2110 3626 2164 ergo
3655 2093 3863 2160 liquido

2300 2187 2466 2248 patet,
2499 2196 2605 2234 non
2635 2182 2810 2236 solum
2835 2183 2964 2252 quid
2992 2183 3047 2238 S.
3081 2182 3355 2249 Clemens,
3389 2183 3483 2239 sed
3518 2188 3680 2238 etiam
3723 2181 3860 2253 quid

2299 2267 2567 2336 Romani,
2629 2274 2759 2342 quid
2819 2274 3124 2341 Corinthii,
3196 2277 3323 2346 quid
3389 2275 3602 2330 demum
3673 2279 3860 2332 caeteri

2297 2359 2618 2430 Christiani,
2671 2365 2873 2419 saeculo
2901 2381 2927 2420 ι.
2971 2367 3273 2438 apostolico
3322 2367 3388 2423 de
3437 2366 3545 2420 Deo
3590 2368 3643 2420 in
3692 2382 3862 2423 carne

2298 2468 2460 2524 passo
2503 2457 2774 2511 senserint
2827 2469 2989 2527 atque
3045 2448 3399 2513 crediderint.
3450 2457 3580 2525 Qua:
3636 2458 3858 2528 quidem

2294 2553 2488 2600 contra
2531 2547 2850 2604 Socinianos
2880 2548 3055 2604 valide
3103 2558 3258 2620 urget
3307 2551 3390 2604 vir
3435 2552 3630 2606 doctus
3688 2551 3861 2605 Mara-

2293 2650 2399 2690 nus
2422 2636 2570 2707 (66):
2604 2637 2850 2708 idemque
2883 2648 3261 2709 argumentum
3288 2640 3400 2708 jam
3432 2641 3640 2708 pridem
3673 2640 3857 2709 pluri-

2294 2726 2399 2784 bus
2447 2729 2625 2784 i‘uerat
2672 2738 2992 2800 persecutus
3042 2728 3566 2801 Crabius(67);qui
3618 2732 3860 2786 aliorum

2295 2814 2354 2872 S.
2412 2816 2591 2873 Patris
2639 2820 2814 2873 nostri
2858 2821 3100 2874 locorum
3152 2820 3519 2889 parallelismo
3582 2821 3860 2885 instituto,

2292 2907 2440 2963 hunc
2469 2911 2644 2982 ipsum
2678 2912 2744 2965 de
2772 2927 2880 2981 quo
2911 2915 3121 2982 agimus
3173 2920 3395 2967 strenue
3426 2913 3739 2978 vindicavit,
3770 2924 3864 2970 at-

2293 3015 2398 3070 que
2427 3000 2629 3056 Christi
2661 3002 2877 3058 deitatis
2904 3003 3158 3059 hostibus
3187 3004 3418 3058 ﬁdenter
3451 3005 3672 3073 objecit.

626 3104 678 3157 ei
699 3103 937 3168 dandum
955 3121 1092 3164 esse
1121 3107 1418 3166 contendat
1441 3106 1583 3178 (ﬁt);
1603 3124 1724 3162 cum
1752 3124 1912 3163 verus
1936 3109 2188 3163 Clemens

2362 3090 2519 3146 Haud
2549 3107 2635 3146 me
2662 3093 2791 3148 latet
2841 3097 3144 3160 enimvero,
3177 3096 3233 3148 in
3259 3112 3324 3151 eo
3353 3096 3699 3151 Clementino
3727 3097 3861 3155 loco

626 3208 901 3260 nusquam
934 3196 986 3250 id
1017 3195 1143 3251 data
1169 3212 1332 3267 Opera
1365 3197 1576 3262 fecerit,
1608 3214 1708 3254 nec
1729 3200 1857 3252 alio
1879 3213 1942 3253 ac
1973 3197 2186 3252 Domini

625 3285 787 3348 titulo
815 3302 940 3340 cum
973 3295 1268 3353 ornaverit,
1307 3290 1433 3345 licet
1484 3290 1572 3343 hic
1619 3291 1730 3344 illic
1758 3306 1815 3346 se
1845 3291 2185 3344 divinitatem

623 3375 830 3455 Christi
862 3394 1161 3447 agnoscere
1210 3380 1467 3434 insinuet.
1492 3400 1509 3432 ι
1546 3379 1685 3446 Quid
1725 3381 1960 3450 quzeris?
2008 3381 2185 3439 Locus

622 3483 698 3524 et
726 3467 968 3538 Epistola
990 3470 1033 3533 l,
1067 3471 1122 3524 in
1157 3473 1391 3526 medium
1438 3473 1765 3544 proferatur,
1801 3489 1910 3541 quo
1942 3488 2051 3527 uno
2073 3480 2186 3528 tota

621 3557 852 3613 eliditur
878 3557 1128 3613 V'enemre
1151 3560 1406 3628 obiectio.
1443 3559 1531 3612 Sic.
1558 3570 1737 3615 autem
1763 3577 1820 3615 se
1842 3561 2000 3616 habet
2025 3562 2135 3631 (65)
2162 3580 2181 3619 ς

623 3648 747 3715 Τοῖς
782 3647 1014 3717 ἐφοδίοις
1047 3649 1138 3712 τοῦ
1173 3650 1304 3702 Θεοῦ
1343 3651 1660 3722 ἀρκούμενοι
1704 3652 1796 3704 καὶ
1832 3653 2184 3722 προσέχοντες

617 3734 746 3812 coire
769 3733 960 3809 ,λόγους
987 3736 1152 3807 αὑτοῦ
1181 3738 1469 3809 ἐπιμελῶς,
1512 3740 1909 3810 ὲστερνισμένοι
1948 3738 2044 3812 ἦτε
2073 3743 2184 3803 τοῖς

622 3823 966 3895 σπλάγχνοις,
989 3829 1081 3882 καὶ
1099 3829 1166 3882 τὰ
1187 3827 1483 3900 παθήματα.
1506 3833 1670 3886 αὑτοῦ
1686 3829 1751 3902 ἦν
1769 3834 1874 3902 πρὸ
1893 3833 2182 3904 ὀφθαλμῶν

621 3912 794 3983 ὑμῶν.
817 3914 930 3969 Hoc
952 3925 1036 3972 est
1059 3935 1071 3972 :
1097 3937 1115 3969 ι
1141 3917 1233 3972 Dei
1258 3920 1454 3978 viatico
1481 3923 1743 3985 contenti,
1768 3929 1821 3975 et
1838 3925 2180 3978 sermonibus

620 4004 768 4062 illius
793 4006 1089 4078 diligenter
1116 4013 1481 4072 attendentes,
1526 4014 1734 4069 dilatati
1785 4015 1954 4070 eratis
1994 4016 2047 4070 in
2101 4016 2198 4069 νίς,

620 4097 887 4163 secribus,
914 4107 969 4173 et
998 4103 1281 4178 passiones
1305 4105 1422 4172 ejus
1452 4119 1561 4173 prae
1591 4107 1766 4159 oculis
1788 4107 1943 4159 vobis
1965 4115 2176 4160 erant.»

619 4186 724 4268 Ubi
750 4188 988 4264 primum
1019 4192 1444 4259 observandum,
1469 4196 1753 4249 relativum
1783 4196 1950 4250 αὑτοῦ
2004 4197 2180 4267 respi-

617 4292 744 4345 cere
775 4282 967 4348 procul
996 4282 1162 4338 dubio
1184 4286 1428 4354 proxime
1460 4289 1788 4350 antecedens
1845 4287 2005 4345 Θεοῦ.
2035 4290 2176 4344 Cum

617 4377 800 4444 autem
838 4371 1138 4445 παθήματα
1188 4377 1340 4430 nullo
1390 4387 1548 4448 pacto
1613 4378 1720 4434 Deo
1766 4378 1912 4434 Patri
1951 4379 2175 4435 attribui

2291 3199 2453 3251 quem
2509 3185 2670 3239 modo
2717 3187 3061 3254 protulimus,
3096 3187 3314 3243 iunium
3363 3189 3703 3258 conjectasse
3751 3207 3863 3261 pro

2289 3273 2586 3345 παθήματα
2641 3275 2777 3331 forte
2821 3278 3103 3346 legendum
3165 3278 3481 3349 μαθήματα.
3536 3280 3640 3335 Sed
3689 3282 3863 3351 plane

2288 3368 2654 3435 respuendum
2704 3384 2827 3422 cum
2877 3368 3095 3431 Grabio,
3128 3365 3389 3425 Wottouo
3432 3374 3661 3442 aliisque
3716 3375 3861 3433 viris

2289 3457 2462 3512 doctis
2491 3459 2650 3528 inane
2683 3469 3070 3524 commentum,
3105 3461 3248 3529 quod
3277 3469 3483 3522 textum
3515 3464 3651 3516 citra
3683 3466 3858 3521 ullam

2285 3551 2686 3613 necessitatem,
2718 3566 2893 3620 neque
2924 3552 3088 3605 ullius
3124 3568 3226 3606 ms.
3272 3551 3478 3611 codicis
3522 3556 3859 3612 auctoritate

2288 3641 2584 3695 sollicitare
2615 3642 2967 3709 comperitur.
3041 3639 3102 3693 Et
3151 3639 3275 3708 jure
3336 3642 3558 3714 quidem
3597 3662 3610 3696 :
3644 3644 3855 3697 etenim

2286 3747 2467 3786 nonne
2502 3732 2717 3785 demum
2749 3739 2872 3800 apte
2921 3731 3194 3785 cohazrent
3224 3733 3425 3794 omnia,
3461 3733 3505 3786 si
3554 3733 3706 3786 verba
3750 3735 3858 3799 Dei

2286 3824 2484 3879 mentis
2515 3824 2809 3889 attentioni,
2840 3823 3070 3892 ejusque
3125 3825 3395 3893 passiones
3450 3826 3633 3880 cordis
3677 3828 3856 3882 oculis

2276 3915 2899 3985 proponantur?.Quod-
2922 3916 3013 3968 ubi
3045 3904 3336 3985 diligenter
3385 3917 3627 3981 attendo,
3658 3919 3856 3975 mirari

2283 4007 2450 4068 subit,
2484 4008 2617 4061 clar.
2645 4003 2935 4075 Fleuryum
2980 4004 3235 4060 vitiosam
3281 4002 3428 4060 Junii
3473 4006 3854 4076 conjecturam

2283 4098 2436 4167 sequi
2459 4096 2908 4171 maluisse,quam
2934 4095 3203 4149 sinceram
3225 4103 3405 4150 textus
3422 4098 3731 4164 lectionem;
3749 4100 3854 4168 qui

2281 4187 2486 4245 Gallice
2509 4205 2614 4243 non
2631 4189 2918 4255 passiones,
2944 4189 3034 4242 sed
3054 4173 3683 4264 doctrinamreddiderit
3703 4190 3851 4263 (68).

2351 4279 2477 4335 Haec
2501 4287 2680 4333 autem
2713 4278 2888 4333 fusius
2917 4287 3282 4349 pertractasse
3310 4280 3489 4344 libuit,
3524 4289 3638 4334 tum
3672 4290 3732 4336 ut
3760 4284 3854 4337 in-

2281 4375 2435 4446 signe
2478 4373 2873 4429 Clementinum
2928 4373 2993 4426 de
3037 4371 3242 4430 Christi
3286 4373 3569 4430 divinitate
3599 4376 3852 4430 testimo—

615 4461 851 4535 pquint,
873 4463 1139 4534 reliquum
1161 4474 1243 4523 est
1286 4475 1345 4520 ut
1367 4445 1452 4522 hic
1466 4467 2170 4535 JesumChristum,Deum,
2203 4445 2252 4505 θ
2277 4467 2436 4540 nium,
2463 4464 2815 4525 vindicarem,
2849 4474 2960 4515 tum
3007 4479 3135 4520 vero
3177 4463 3232 4518 in
3269 4465 3460 4535 primis
3499 4473 3558 4519 ut
3590 4465 3849 4522 Venemae

615 4549 813 4607 Filium
844 4552 960 4619 Dei,
988 4553 1155 4611 Deum
1184 4557 1252 4611 de
1273 4557 1401 4623 Deo,
1421 4558 1590 4617 Deum
1618 4577 1801 4617 verum
1825 4561 2024 4620 deDeo
2046 4577 2176 4618 vero

614 4640 943 4721 intellexerit
995 4643 1054 4700 S.
1125 4648 1396 4703 Clemens.
1445 4651 1548 4716 Qui
1606 4652 1825 4723 quidem
1886 4654 2174 4724 passiones

613 4730 820 4807 Christi
846 4737 1121 4805 passiones
1171 4738 1266 4793 Dei
1297 4742 1550 4811 appellat,
1593 4744 1673 4800 sic
1708 4759 1903 4815 nempe
1948 4747 2018 4802 ab
2043 4760 2174 4816 apo-

614 4825 756 4879 stolo
807 4823 979 4900 Paulo
1033 4829 1334 4896 institutus,
1385 4834 1544 4902 cujus
1598 4831 1714 4892 erat
1746 4837 2039 4910 συνεργόςς
2075 4837 2173 4907 qui

612 4912 803 4989 eodem
837 4917 1018 4987 planeli
1035 4934 1199 4977 sensu
1233 4913 1434 4978 Christi
1484 4924 1778 4981 Ecclesiam
1825 4928 2170 4999 appellavit“

609 5004 1063 5082 τὴνἘκκλησίαν,
1082 5013 1176 5066 τοῦ
1205 5013 1338 5068 Θεοῦ
1368 5019 1434 5086 ῆν
1462 5020 1880 5090 περιεποιήσατο
1929 5019 2017 5074 διὰ
2069 5019 2164 5074 τοῦ

615 5096 745 5154 ιδεου
787 5099 1046 5172 αἵματος,
1086 5121 1106 5154 ‹
1165 5103 1459 5162 Ecclesiam
1529 5108 1620 5162 Dei
1675 5124 1836 5180 quam
1882 5111 2171 5183 acquisivit

2272 4557 2634 4628 objectionem
2663 4554 2924 4612 diluerem
2951 4571 2963 4609 :
2997 4555 3088 4624 qui
3121 4555 3363 4613 virorum
3393 4555 3845 4611 doctissimorum

2271 4648 2327 4703 in
2361 4648 2505 4702 hunc
2560 4648 2737 4703 locum
2788 4645 3044 4699 adnotata
3089 4648 3365 4717 praeterire
3418 4648 3629 4712 maluit,
3673 4662 3884 4718 quam.

2270 4741 2449 4798 Photii
2473 4742 2738 4813 judicium
2775 4741 2957 4795 minus
2981 4748 3139 4795 caute
3171 4726 3437 4810 prolatum
3468 4738 3716 4795 deseram
3742 4745 3846 4796 aut

2268 4835 2571 4906 benignius
2605 4833 2888 4901 accipere;
2933 4847 2998 4886 eo
3036 4831 3246 4886 scilicet
3294 4831 3533 4896 nomine,
3558 4846 3669 4902 quo
3697 4846 3844 4901 pra.

2273 4936 2592 4997 conceptam
2621 4927 2930 4997 opinionem
2971 4927 3038 4981 de
3073 4926 3316 4996 epistolae
3356 4927 3606 4982 secundae
3634 4943 3842 4999 suppo-

2274 5020 2489 5092 sitione,
2525 5018 2760 5087 celebris
2795 5017 2944 5072 illius
2984 5017 3158 5083 critici
3201 5017 3410 5072 calculo
3457 5019 3842 5089 comprobaret

2272 5126 2374 5165 con
2383 5110 2752 5182 ﬁrmaretque.

753 5307 797 5338 ³⁸
817 5306 1045 5382 Domst,
1073 5309 1359 5382 8."7Bom.
1393 5327 1447 5374 ι.
1480 5312 1560 5369 l8.
1593 5329 1596 5340 τ
1637 5313 1682 5346 ⁸⁸
1709 5311 1865 5381 Rom.
1894 5327 2010 5382 xvt,
2037 5313 2194 5380 25,21

2317 5315 2360 5349 ³⁹
2385 5314 2596 5371 Coloss.
2624 5327 2664 5377 ι,
2687 5311 2744 5376 6,
2766 5311 2857 5368 25.
2933 5310 2977 5343 “
3009 5309 3194 5366 l'l‘im.
3228 5326 3310 5374 tu,
3341 5309 3427 5365 l6.
3505 5311 3546 5357 ⁸³
3580 5309 3701 5367 Act.
3737 5328 3837 5380 xx,

677 5375 770 5443 38.
839 5379 886 5409 ⁸⁸
909 5377 1026 5439 Gal.
1065 5395 1146 5444 tn,
1178 5381 1227 5436 1.

702 5534 796 5608 ea)
817 5531 997 5608 Epist.
1020 5536 1062 5602 l,
1094 5552 1218 5608 cap.
1241 5540 1309 5592 5.‘

701 5603 793 5680 (ᾗ)
817 5603 1063 5680 Xerxem”
1097 5603 1294 5677 EpisL,
1328 5607 1391 5669 ll,
1426 5610 1451 5680 ἦ
1479 5609 1567 5676 20,
1603 5625 1655 5680 p.
1685 5609 1753 5662 77

822 5675 992 5747 Epist.
1017 5675 1076 5740 ll,
1103 5675 1223 5747 cap.
1260 5680 1365 5733 1-5.

702 5745 801 5817 05}
829 5745 1000 5815 Epist.
1027 5747 1068 5812 Ι,
1103 5745 1222 5818 cap.
1266 5749 1318 5803 2.

2351 5537 2464 5610 (66)
2497 5538 2722 5593 Divinit.
2765 5535 2849 5590 -ὓ,
2887 5533 2960 5590 Ν.
3019 5533 3172 5590 1.-(3.
3215 5535 3429 5604 manif.,
3470 5535 3566 5590 lib.
3598 5550 3672 5600 tv,
3704 5548 3835 5605 cap.

2277 5611 2327 5666 δ’
2349 5610 2855 5750 (ἓὴᾘῖᾏηηοιοι.
2881 5674 2946 5728 ad
2968 5674 3107 5750 Bulli
3133 5673 3344 5750 tisicus;
3357 5675 3451 5750 tid.
3496 5675 3640 5750 Nic,
3661 5690 3714 5746 ι).
3735 5673 3838 5735 60.

2348 5741 2460 5820 (68)
2489 5747 2629 5804 Hist.
2663 5746 2815 5810 εστι,
2843 5757 2969 5800 tom.
2998 5745 3036 5808 l,
3059 5759 3109 5811 ρ.
3134 5743 3262 5810 ξιξ,
3283 5741 3412 5798 edit.
3442 5744 3581 5799 iit-4.
3625 5779 3630 5785 -
