4046 6326
166 384 269 440 103

1406 371 1746 429 PROOEMl'A
1783 369 2169 428 VARIORUM.

3313 361 3418 421 106

232 503 326 559 1X.
370 503 635 565 Superest
687 513 835 557 nunc
888 507 1106 568 tempus
1160 494 1547 565 inquirendum
1574 535 1589 558 ,
1639 506 1750 562 quo
1778 491 1825 551 Α
1855 485 2292 558 persecutionem
2347 476 2681 556 scripsisset,
2712 491 2771 539 ut
2814 489 3008 537 auctor
3057 480 3433 537 eminentissi-

161 605 398 666 utraque
445 594 677 667 epistola
728 591 892 648 fuerit
935 587 1238 644 Corinthiis
1270 585 1556 656 inscripta.
1589 583 1653 637 Et
1683 584 1750 639 de

159 690 349 758 priore
375 689 617 759 quidem,
649 700 844 756 magna
894 684 1038 737 inter
1066 679 1216 735 viros
1246 676 1494 733 eruditos
1523 683 1749 732 contro-

162 780 366 835 versia.
404 778 512 834 Sed
555 778 869 831 rationibus
899 772 1176 842 utrimque
1206 770 1388 825 allatis
1416 785 1515 840 pro
1541 769 1750 824 viribus

159 871 440 934 excussis,
470 883 660 924 eorum
695 868 912 921 demum
946 861 1232 919 sententiae
1281 860 1442 916 nobis
1492 860 1752 916 acceden-

160 961 295 1015 dum
327 959 730 1020 existimamus,
754 955 849 1025 qui
896 951 1206 1007 Neroniana
1237 949 1621 1019 persecutione
1650 949 1748 1004 de—

162 1053 404 1115 sinente,
434 1040 720 1119 stanteque
768 1046 947 1100 adhuc
994 1045 1198 1113 templo
1227 1041 1748 1113 ﬂierosolymitano,

162 1157 364 1212 nempe
401 1142 545 1196 circa
591 1153 713 1194 atrae
762 1135 1002 1208 vulgaris
1031 1150 1238 1188 annum
1268 1132 1336 1188 68
1366 1149 1483 1189 eam
1519 1133 1690 1189 fuisse
1719 1147 1750 1186 a

162 1232 447 1288 Clemente
478 1231 736 1300 scriptam
770 1234 1124 1282 censuerunt.
1157 1220 1216 1278 In
1246 1239 1408 1294 quam
1441 1239 1574 1279 sane
1620 1239 1750 1277 sen-

164 1325 396 1378 tentiam
435 1339 548 1393 prae
577 1321 789 1377 caateris
833 1316 1179 1374 concessisse
1217 1317 1470 1371 novimus
1499 1315 1753 1370 duumvio

168 1427 260 1487 ros
290 1413 663 1475 doctissimos,
686 1409 912 1480 Pagium
945 1407 1058 1478 (69)
1092 1422 1157 1460 ac
1190 1421 1364 1476 nuper
1391 1411 1750 1476 purpuratum

171 1505 390 1561 Patrem
423 1504 514 1558 cui
544 1513 822 1574 acceptam
851 1499 1142 1556 referimus
1177 1496 1465 1550 Historiam
1508 1495 1754 1550 ecclesia-

171 1597 367 1650 sticam
399 1593 674 1663 eleganter
703 1591 904 1646 Italicis
943 1591 1138 1646 litteris
1181 1589 1431 1644 traditam
1466 1587 1599 1659 (70).
1632 1585 1754 1654 Quo

169 1694 357 1742 autem
404 1692 682 1756 utcunque
724 1691 906 1755 pateat
935 1699 1099 1755 quam
1131 1683 1301 1737 lirmis
1331 1681 1636 1735 rationibus
1669 1679 1754 1733 in-

169 1779 385 1832 nitatur
429 1776 699 1832 sententia
749 1775 1082 1845 h‘ujusmodi,
1117 1773 1390 1845 praecipua
1441 1772 1631 1828 saltem
1683 1785 1751 1825 ex

1851 595 1976 635 mus
2002 579 2205 649 optime
2234 578 2415 648 arguit
2437 577 2570 649 (75).
2599 576 2740 644 Quid
2758 574 2905 646 quod
2935 571 3295 628 Clementinis
3339 584 3437 634 pe-

1851 687 1921 726 ne
1947 686 2190 726 consona
2227 670 2294 725 de
2325 669 2559 725 Neronis
2587 668 2973 740 persecutione
3003 663 3296 732 scripsisse
3323 659 3433 715 Ta~

1851 760 1995 817 citus
2024 761 2534 831 comperiturt'76)?
2560 758 2849 814 Videbatur
2883 754 3048 820 Nero,
3081 755 3281 826 inquit,
3313 768 3442 807 ron-

1850 852 2034 907 denda:
2064 853 2208 907 urbis
2241 869 2408 914 novre,
2446 861 2496 907 et
2546 860 2886 924 cognomento
2936 865 3032 902 suo
3087 844 3391 917 appellandi.
3421 886 3437 907 ,

1849 945 2076 1012 gloriam
2101 961 2441 1016 qurerere.——-
2468 943 2572 999 Sed
2604 962 2706 998 non
2735 961 2827 1013 ope
2857 943 3107 1004 humana,
3141 958 3243 995 non
3278 938 3443 1008 largi-

1853 1036 2082 1090 tionibus
2108 1038 2384 1105 principis,
2418 1046 2512 1090 aut
2559 1035 2716 1090 deum
2763 1034 3110 1106 placamentis
3160 1031 3438 1086 decedebat

1851 1128 2098 1190 infamia,
2150 1129 2275 1199 quin
2316 1128 2531 1197 jussum
2577 1128 2875 1183 incendium
2925 1125 3243 1182 crederetur.
3303 1123 3442 1192 Ergo

1854 1220 2109 1275 abolendo
2136 1223 2341 1275 rumori
2377 1220 2520 1276 Nero
2549 1222 2784 1275 subdidit
2810 1237 2946 1282 reos,
2977 1229 3027 1273 et
3052 1215 3441 1290 quazsitissimis

1853 1315 2016 1382 patriis
2047 1314 2244 1382 affecit,
2276 1330 2406 1382 quos
2435 1329 2526 1382 per
2571 1313 2780 1384 ﬂagitia
2819 1313 3036 1373 invisos,
3065 1311 3248 1379 vulgus
3281 1307 3445 1362 C'uri-

1853 1408 2061 1463 stianos
2089 1405 2411 1476 appellabat.
2440 1438 2510 1448 —-
2540 1407 2711 1478 Igitur
2735 1407 2905 1477 primo
2936 1405 3162 1473 correpti
3190 1403 3279 1474 qui
3309 1404 3444 1471 fate-

1856 1499 2047 1552 bantur
2072 1514 2089 1552 :
2119 1498 2303 1553 deinde
2336 1499 2534 1554 indicio
2564 1516 2745 1554 eorum
2783 1497 3076 1553 multitudo
3106 1495 3299 1566 ingens
3331 1495 3444 1564 {ea-

1851 1592 1974 1646 dem
2005 1607 2138 1646 sane
2156 1592 2365 1660 phrasi,
2396 1608 2503 1662 qua
2536 1594 2708 1646 utitur
2737 1590 2794 1646 S.
2826 1591 3011 1654 Pater,
3041 1590 3174 1643 πολῦ
3208 1587 3436 1658 πλῆἷξηκ)

1852 1681 1993 1736 haud
2048 1682 2261 1750 perinde
2318 1685 2371 1736 in
2427 1683 2646 1737 crimine
2696 1680 2948 1745 incendii,
2999 1697 3158 1752 quam
3189 1681 3310 1736 odio
3344 1681 3446 1730 Em-

1857 1773 2001 1828 mani
2027 1775 2227 1846 generis
2257 1776 2478 1830 convicti
2511 1785 2655 1832 sunt.
2679 1774 2746 1828 Et
2779 1773 3117 1845 pereuntibus
3147 1774 3334 1826 addita
3365 1772 3450 1825 lu-

171 1869 295 1939 ipsa
345 1867 588 1939 Epistola
636 1875 956 1938 argumenta
987 1865 1182 1938 paucis
1211 1862 1623 1919 contrahamus.
1663 1859 1756 1916 Sic
1787 1851 1831 1904 Β
1864 1867 2061 1929 dibria,
2093 1879 2150 1921 ut
2179 1867 2415 1936 ferarum
2447 1868 2603 1937 tergis
2625 1868 2867 1933 contecti,
2899 1866 3107 1920 laniatu
3139 1883 3327 1920 canum
3368 1865 3450 1917 in-

171 1960 363 2029 itaque
408 1957 603 2013 scribit
650 1955 907 2013 Clemens
959 1957 1062 2010 sub
1092 1954 1310 2008 initium
1339 1951 1452 2025 (7i)
1485 1971 1499 2006 :
1535 1951 1756 2019 Propter

169 2051 381 2108 subitas
409 2068 470 2105 ac
493 2050 594 2105 sibi
622 2051 840 2104 invicem
867 2047 1197 2103 succedentes
1223 2045 1554 2099 calamitates
1581 2052 1629 2096 et
1661 2058 1757 2096 ca-

172 2158 267 2198 sus
295 2142 542 2196 adversos
588 2141 678 2211 qui
726 2139 875 2193 nobis
917 2137 1241 2197 acciderunt,
1275 2133 1502 2196 tardius,
1538 2133 1757 2202 fratres,

173 2235 523 2304 nosmetipsos
570 2232 886 2287 conuertisse
918 2229 1259 2301 agnoscimus
1288 2225 1357 2281 ad
1383 2243 1447 2282 ea
1472 2242 1589 2296 qua:
1611 2243 1644 2279 a
1672 2241 1761 2279 vo-

175 2327 256 2381 bis
287 2327 511 2396 qumsita
541 2325 775 2395 fuerunt.
811 2322 1022 2389 Quibus
1050 2319 1252 2384 verbis,
1281 2319 1516 2389 primum
1542 2317 1762 2388 quidem

175 2415 611 2488 persecutionem
645 2430 766 2484 quae
796 2415 907 2482 iam
932 2411 1290 2473 delerbuerit,
1316 2408 1402 2464 vel
1430 2409 1612 2479 potius
1643 2423 1764 2479 quae

175 2526 356 2580 nuper
385 2508 631 2571 desierit,
664 2505 979 2577 designari;
1012 2503 1210 2560 deinde
1239 2519 1371 2559 vero
1397 2503 1482 2557 vel
1531 2501 1763 2556 Nemnis

176 2601 264 2657 vel
292 2597 584 2654 Domitiani
613 2597 1050 2669 persecutionem
1100 2595 1190 2648 hic
1239 2593 1432 2657 innui,
1465 2605 1628 2660 nemo
1683 2597 1768 2646 est

180 2704 318 2744 eane
366 2689 459 2758 qui
509 2704 619 2742 non
665 2686 982 2756 perspiciat.
1021 2683 1240 2748 Verum,
1275 2698 1396 2753 qua:
1435 2682 1598 2752 paulo
1643 2687 1768 2752 post

181 2776 369 2831 subdit
396 2776 670 2840 Clemens,
716 2774 1088 2847 Neronianum,
1118 2774 1331 2829 scilicet
1374 2773 1618 2828 indicare
1640 2787 1767 2842 pcr-

186 2867 463 2922 hibentur.
514 2864 590 2921 De
638 2867 812 2921 beatis
839 2865 983 2920 enim
1015 2865 1279 2934 apostolis
1303 2863 1466 2920 Petro
1488 2871 1543 2920 et
1571 2863 1764 2927 Paulo,

181 2973 287 3012 ceu
335 2973 444 3012 non
493 2957 568 3010 ita
617 2956 830 3026 pridem
879 2956 1144 3026 martyrio
1186 2959 1602 3018 consummatis,
1652 2955 1770 3009 haec

185 3048 350 3104 habet
375 3048 488 3119 (Ἶῖ)
515 3068 529 3102 :
565 3047 846 3118 Ἔλθωμεν
873 3048 966 3100 ἐπὶ
992 3049 1119 3108 τοὺς
1157 3048 1404 3116 ἔγγιστα
1448 3045 1769 3118 γενομένους

179 3143 424 3215 ἀθλητάς
447 3160 461 3174 ⁸
519 3144 770 3215 λάϐωμεν
818 3143 920 3214 τῆς
971 3145 1160 3212 γενεᾶς
1213 3144 1378 3214 ἡμῶν
1426 3143 1495 3196 τὰ
1550 3145 1770 3211 γενναῖα

187 3235 580 3306 ὗποδείγματα.
604 3235 954 3307 -Λάὃωμεν
993 3234 1100 3306 πρὸ
1117 3234 1410 3306 ὀφθαλμῶν
1446 3233 1605 3306 ἡμῶν
1646 3235 1772 3298 τοὺς

184 3327 427 3396 ἀγαθοὺς
447 3326 793 3389 ἀποστόλους,
835 3326 892 3381 h.
936 3341 987 3381 e.
1031 3343 1052 3375 ι
1083 3323 1380 3380 Veniamus
1408 3324 1475 3377 ad
1504 3327 1772 3394 proximos

184 3420 442 3483 athletas,
471 3427 524 3475 et
557 3419 740 3474 saeculi
777 3418 951 3472 nostri
997 3432 1263 3488 generosa
1303 3418 1552 3488 exempla
1587 3433 1773 3472 suma~

187 3527 338 3568 mus.
365 3539 438 3554 -—
465 3509 744 3566 Ponamus
767 3511 926 3564 nobis
952 3516 1079 3564 ante
1106 3509 1298 3564 oculos
1328 3509 1505 3566 bonos
1531 3509 1772 3580 Aposto-

190 3605 296 3659 los.
327 3622 346 3657 ι
380 3601 482 3657 Ubi
519 3602 686 3673 probe
715 3600 955 3655 notanda
986 3615 1114 3654 cum
1164 3599 1443 3655 Dodwello
1473 3600 1586 3672 (75)
1621 3601 1776 3657 aliis-

189 3693 648 3764 que,‘Clementis
677 3693 865 3756 verba,
888 3682 1094 3762 quibus
1121 3691 1360 3763 gloriosa
1385 3691 1534 3748 Petri
1550 3702 1605 3748 et
1618 3692 1775 3748 Pauli

189 3787 496 3842 certamina
550 3785 912 3847 describens,
972 3783 1098 3838 illos
1167 3783 1394 3852 ἔγγιστα
1456 3784 1778 3855 γενομένους

194 3877 453 3948 ἀθλητάς,
504 3874 834 3946 nuperrimos
897 3874 1144 3936 athletas,
1203 3873 1459 3943 appellat,
1492 3890 1589 3929 seu
1619 3891 1776 3944 quam

195 3966 432 4034 prosilire
477 3963 729 4018 sublatos
760 3977 791 4016 e
821 3955 1001 4016 medio
1033 3963 1202 4016 fuisse
1232 3970 1485 4028 testatur,
1518 3971 1681 4034 atque
1709 3968 1776 4036 τῇ

197 4059 358 4128 γενεᾷ
386 4055 563 4128 ἡμῶν,
605 4055 704 4110 hac
754 4065 937 4109 nostra
995 4065 1150 4110 astate
1206 4054 1474 4111 ﬂoruisse.
1519 4055 1776 4112 Eamdem

198 4164 364 4219 porro
392 4146 828 4217 persecutionem
860 4147 1034 4217 magis
1069 4146 1248 4200 adhuc
1281 4147 1560 4201 inculcare
1587 4149 1780 4202 viden-

199 4249 312 4302 tur,
345 4256 466 4310 qua:
496 4238 685 4308 paucis
711 4237 1013 4306 interiectis
1041 4246 1342 4293 occurrunt
1373 4238 1485 4308 (74)
1521 4258 1533 4294 :
1558 4239 1781 4303 Τούτοις

200 4336 314 4395 τοῖς
373 4330 630 4402 ἀνδράσιν
685 4329 846 4392 ὁσίως
888 4328 1358 4397 πολιτευσαμένοις
1419 4329 1779 4402 συνηθροίσθη

203 4424 340 4477 πολὺ
398 4420 600 4492 πλῆθος
671 4419 955 4473 ἐκλεκτῶν.
1020 4438 1039 4471 ι
1092 4417 1239 4474 Viris
1289 4419 1413 4476 istis
1466 4421 1560 4492 qui
1614 4422 1779 4475 vitam

204 4523 395 4573 sancte
417 4513 793 4579 instituerunt,
823 4525 1025 4581 magna
1041 4512 1340 4567 electorum
1371 4513 1663 4568 multitudo
1685 4529 1781 4584 ag-

203 4613 426 4678 gregata
474 4613 578 4660 est.
615 4623 634 4656 ι
673 4602 775 4658 Ubi
817 4603 1002 4658 videas
1050 4605 1344 4668 neminem,
1377 4604 1424 4659 si
1463 4603 1682 4658 Petrum
1717 4621 1780 4661 ac

207 4697 439 4752 Paulum
468 4695 733 4765 excipias,
758 4710 787 4748 a
817 4693 1094 4749 Clemente
1127 4695 1359 4759 laudari,
1391 4710 1498 4749 non
1531 4693 1776 4750 Flavium

206 4791 566 4852 Clementem,
591 4802 700 4840 non
731 4785 966 4840 Acilium
997 4785 1365 4848 Glabrionem,
1397 4802 1504 4841 non
1539 4785 1780 4842 Flaviam

210 4881 564 4943 Domitillam,
597 4879 803 4933 nullum
831 4879 1066 4948 denique
1109 4885 1190 4932 tot
1238 4879 1530 4934 illustrium
1579 4886 1785 4951 marty-

208 4988 331 5027 rum
355 4973 448 5043 qui
477 4972 580 5027 sub
602 4970 908 5026 Domitiano
924 4969 1071 5039 passi
1095 4979 1256 5034 sunt;
1286 4985 1518 5039 quorum
1549 4971 1784 5041 aliquem

212 5066 408 5122 saltem
458 5073 815 5118 memorasset
844 5061 902 5118 S.
933 5062 1116 5128 Pater,
1147 5063 1193 5118 si
1237 5070 1361 5132 post
1392 5061 1785 5120 Domitianeam

287 5266 334 5298 “
360 5265 528 5322 Hebr.
555 5281 633 5328 lx,
665 5263 756 5319 25.

290 5449 407 5523 (69)
446 5451 579 5523 Pagi
608 5448 761 5523 Crit,
776 5448 840 5503 ad
866 5447 1116 5523 ann.__78.
1148 5448 1176 5516 §
1211 5449 1262 5523 ᾇ.

289 5513 414 5594 (7οξ
444 5513 592 5594 Orsi,
625 5519 786 5594 Ister.
819 5521 944 5573 κει.
981 5519 1073 5573 lib.
1107 5513 1171 5581 II,
1209 5516 1234 5588 ᾗ
1272 5513 1360 5579 35.
1414 5525 1455 5575 t.
1491 5517 1532 5584 l,
1584 5537 1635 5593 p.
1663 5520 1790 5588 Ml,

211 5591 350 5651 edit.
386 5592 545 5646 Rom.
577 5591 742 5646 iii-8°.

289 5664 407 5734 (71)
452 5661 626 5734 Epist.
656 5663 680 5715 1
717 5659 784 5714 ad
808 5659 937 5734 Cor.
970 5673 1091 5729 cap.
1123 5659 1172 5714 l.

289 5731 411 5803 (7‘2)
453 5731 617 5796 Ibid"
651 5732 838 5803 cap._5

289 5747 411 5803 (η)
453 5747 617 5796 ma.,
651 5747 771 5853 (Ἢ).
805 5747 838 5786 υ

288 5805 410 5878 (73)
453 5803 633 5869 Addit.
669 5818 699 5854 a
762 5801 1118 5876 Pears.0pp.,
1151 5813 1274 5873 post
1303 5819 1355 5874 p.
1388 5803 1493 5858 2l9

515 5899 782 5958 ΡΑτιιοι..
824 5897 941 5958 Gn.
1038 5898 1090 5959 Ι.

1863 1961 2097 2023 terirent,
2130 1970 2220 2013 aut
2275 1959 2519 2014 crucibus
2564 1959 2742 2028 afﬁxi,
2785 1969 2878 2012 aut
2906 1958 3222 2030 ﬂammandi
3244 1970 3266 2014 :
3298 1968 3453 2027 atque

1861 2051 1951 2105 ubi
1980 2051 2252 2120 defecisset
2282 2052 2417 2116 dies,
2449 2055 2503 2106 in
2536 2070 2692 2107 usum
2723 2055 2968 2108 nocturni
2992 2051 3208 2107 luminis
3232 2068 3450 2105 meren-

1866 2153 1976 2198 tur.
2010 2140 2130 2197 Non
2164 2143 2300 2198 adeo
2330 2153 2510 2200 tamen
2551 2144 2807 2200 saeviebat
2828 2145 3197 2211 Domitianus,
3228 2142 3448 2198 Tertul-

1865 2237 2014 2291 liano
2034 2246 2191 2301 teste,
2223 2237 2315 2306 qui
2337 2236 2458 2306 ejus
2481 2237 2919 2307 persecutionem
2943 2238 3016 2291 ita
3036 2235 3297 2292 describit
3312 2233 3448 2304 (‘37):

1869 2329 2182 2383 Tentaverat
2209 2337 2259 2384 et
2282 2329 2638 2394 Domitianus,
2653 2331 2824 2399 portio
2865 2328 3094 2383 Neronis
3125 2327 3189 2381 de
3218 2325 3453 2381 crude-li~

1871 2429 2006 2484 tate;
2033 2421 2122 2475 sed
2147 2438 2252 2491 qua
2293 2430 2342 2475 et
2383 2419 2535 2474 homo
2567 2421 2728 2489 facile
2754 2431 2975 2491 coeptum
3001 2422 3269 2490 repressit,
3299 2421 3458 2475 resti~

1871 2514 1996 2566 tntis
2046 2514 2206 2567 etiam
2257 2529 2384 2583 quos
2431 2512 2793 2584 relegaverat:
2825 2522 2884 2567 ut
2915 2523 3199 2585 prepterea
3241 2512 3456 2567 nullum

1868 2606 2094 2661 dubium
2117 2621 2409 2676 superesse
2426 2605 2702 2670 videatur,
2729 2605 2862 2676 quin
2892 2607 3053 2661 verba
3087 2607 3175 2659 illa
3206 2605 3458 2662 Clemen-

1868 2698 1940 2750 tis
1969 2711 2092 2766 quac
2122 2695 2226 2750 sub
2258 2695 2478 2750 initium
2513 2695 2678 2766 hujus
2710 2695 2737 2767 δ
2775 2697 3150 2762 recitarimus,
3182 2697 3248 2753 de
3287 2694 3462 2751 Ncrm

1870 2787 1955 2841 nis
1986 2786 2167 2856 potius
2200 2802 2364 2856 quam
2394 2785 2685 2843 Domitiani
2727 2788 3107 2856 persecutione
3152 2788 3262 2842 sint
3310 2790 3452 2843 aici—

1870 2878 2086 2950 pienda.
2116 2877 2398 2934 Delerbuit
2431 2885 2638 2942 autem,
2672 2880 2781 2933 imo
2812 2896 2942 2935 vero
2966 2889 3022 2934 et
3051 2881 3214 2936 desiit
3237 2897 3298 2936 ea
3330 2897 3454 2950 por—4

1871 2970 2102 3034 secutio,
2156 2969 2372 3025 sublato
2423 2966 2670 3032 Nerone,
2701 2985 2862 3040 quem
2894 2970 2927 3024 9
2956 2969 3102 3024 Junii
3149 2985 3293 3026 anno
3339 2987 3460 3025 aera.

1869 3062 2115 3134 vulgaris
2145 3061 2215 3117 68
2244 3062 2474 3132 periisse
2502 3071 2864 3132 compertum.
2883 3060 3085 3116 Eodem
3116 3062 3283 3131 igitur
3311 3078 3460 3115 anno

1875 3163 2134 3212 currente
2163 3155 2249 3210 vel
2293 3156 2484 3210 saltem
2509 3155 2815 3219 desinente,
2849 3153 3095 3208 Romana
3129 3153 3374 3210 Ecclesia
3406 3155 3460 3209 in

1799 3218 1841 3276 ε·
1877 3263 2011 3316 pace
2065 3255 2346 3318 utcunque
2407 3247 2748 3305 constituta.
2808 3246 3095 3317 scripserit
3155 3247 3214 3303 S.
3271 3245 3458 3302 Pater.

1874 3336 2041 3393 Plura
2085 3339 2140 3393 in
2189 3339 2334 3394 hanc
2380 3340 2709 3394 sententiam
2738 3337 2945 3393 videsis
2989 3337 3132 3408 apud
3163 3338 3463 3409 scriptores

1877 3428 2040 3483 modo
2069 3428 2342 3493 laudatos,
2373 3427 2573 3499 quibus
2603 3426 2774 3483 addas
2800 3426 2962 3482 velim
2987 3423 3304 3480 Wottonum
3325 3425 3462 3498 (78),

1878 3528 1938 3575 ut
1968 3521 2106 3576 alios
2134 3528 2543 3591 praetereamus.
3039 3536 3044 3542 '

1950 3609 2090 3665 Huic
2126 3611 2255 3666 item
2291 3626 2436 3665 anno
2461 3611 2530 3666 68
2559 3626 2681 3666 esse
2723 3609 3040 3682 illigandam
3082 3610 3226 3664 hanc
3254 3611 3320 3664 ad
3356 3611 3466 3667 Co-

1881 3703 2116 3757 rinthios
2161 3702 2403 3772 priorem
2456 3703 2774 3772 epistolam,
2801 3702 2995 3758 suadet
3030 3703 3211 3758 cultus
3247 3701 3466 3758 Judaici

1881 3794 2085 3849 mentio
2111 3793 2167 3847 in
2195 3795 2396 3863 templo
2418 3792 2916 3864 Hierosolymitano
2945 3803 3074 3848 tunc
3106 3795 3286 3849 adhuc
3309 3804 3465 3851 stan-

1879 3896 1931 3941 te
1953 3885 2210 3956 vigentis,
2239 3902 2359 3957 quae
2410 3886 2463 3940 in
2514 3885 2702 3940 eadem
2732 3887 2962 3955 epistola
2999 3886 3148 3941 hisce
3181 3890 3464 3958 conceptis

1881 3977 2062 4033 verbis
2094 3976 2340 4031 occurrit
2375 3975 2486 4048 (79)
2526 3976 2789 4032 :Summo
2831 3978 3014 4049 quippe
3061 3979 3322 4032 sacerdoti
3369 3998 3468 4034 sua

1883 4069 2065 4122 munia
2104 4068 2302 4122 tributa
2344 4077 2503 4132 sunt;
2538 4078 2588 4122 et
2630 4069 2993 4124 sacerdotibus
3032 4071 3177 4123 bocus
3219 4072 3464 4140 proprius

1841 4146 1846 4152 ’
1883 4160 2185 4230 assignatus
2206 4169 2321 4223 est;
2362 4171 2411 4213 et
2470 4161 2644 4215 lenitis
2685 4179 2784 4216 sua
2813 4163 3110 4233 ministeria
3138 4165 3465 4223 incumbunt.

1882 4282 1954 4292 --
1994 4250 2118 4306 Νοη
2152 4251 2362 4322 ubique,
2394 4251 2612 4320 fratres,
2644 4253 2937 4321 o/Teruntur
2983 4255 3251 4324 sacriﬁcia
3283 4257 3464 4326 jugia,

1883 4342 1961 4397 vel
1989 4359 2084 4411 pro
2115 4351 2328 4411 peccato
2356 4350 2404 4395 et
2438 4341 2652 4407 delicto,
2681 4342 2772 4398 sed
2807 4341 3190 4414 Hierosolymis
3217 4356 3421 4400 tantum
3447 4363 3465 4398 :

1887 4448 2048 4503 neque
2088 4433 2200 4484 illic
2230 4433 2284 4486 in
2314 4434 2494 4502 quovis
2529 4433 2644 4487 loco
2688 4434 2750 4504 [it
2795 4434 3018 4499 oblatio,
3051 4437 3140 4490 sed
3182 4447 3302 4491 ante
3336 4449 3466 4491 tem-

1884 4522 2028 4590 plum
2059 4521 2128 4574 ad
2157 4521 2348 4586 altare,
2388 4524 2535 4591 prius
2586 4524 2733 4595 facta
2776 4543 2808 4579 a
2853 4544 3058 4581 summo
3100 4532 3372 4586 sacerdote
3417 4544 3468 4586 et

1886 4614 2152 4683 praedictis
2185 4615 2465 4680 ministris,
2499 4615 2665 4670 oblati
2694 4617 3016 4687 inspectione
3040 4614 3091 4674 ct
3135 4622 3470 4690 probatione.

1889 4707 1994 4773 Qui
2026 4724 2147 4776 ergo
2175 4717 2368 4774 pra’ter
2391 4707 2446 4760 id
2469 4708 2608 4778 quod
2643 4709 2899 4765 uoluntati
2927 4713 3038 4781 ejus
3062 4726 3468 4773 consentaneum

1883 4808 1982 4860 est,
2015 4798 2218 4868 aliquid
2268 4799 2493 4868 faciunt,
2536 4810 2703 4855 morte
2737 4803 3051 4860 multantur.
3086 4805 3272 4878 Neque
3317 4811 3472 4866 aliter

1886 4902 2021 4942 sane
2052 4887 2292 4958 loquitur
2319 4888 2593 4953 Clemens,
2623 4905 2687 4945 ac
2715 4891 2919 4949 Paulus
2952 4894 3017 4947 ad
3050 4894 3304 4953 Hebraeos
3327 4899 3468 4954 scri-

1887 4975 2051 5032 bens:
2082 4993 2244 5047 quem
2276 4979 2476 5048 ubique
2506 4979 2617 5034 fere
2646 4989 2889 5037 sectatur
2915 4981 2970 5038 S.
2993 4983 3173 5049 Pater,
3202 4987 3322 5055 ejus
3354 5005 3471 5043 συν-

1889 5068 2066 5139 εργὸς.
2123 5070 2177 5122 In
2231 5085 2297 5125 ea
2353 5073 2497 5125 enim
2531 5071 2772 5142 Epistula
2798 5077 3055 5132 meminit
3093 5077 3394 5150 Apostolus
3421 5081 3468 5114 “

1972 5451 2085 5525 ω)
2127 5450 2293 5525 ἔδεαι·
2319 5467 2449 5525 :cap.
2481 5460 2534 5510 σο

1994 5522 2083 5596 75)
2122 5522 2268 5596 Orsi,
2292 5522 2469 5596 pistor».
2502 5526 2654 5590 eccl.,
2685 5537 2724 5583 t.
2755 5526 2800 5590 l,
2829 5542 2882 5596 p.
2915 5524 3041 5582 412.

1995 5594 2082 5668 le)
2123 5594 2318 5668 Annal.
2351 5594 2563 5664 lib.‘xv,
2594 5613 2752 5668 capp.
2779 5594 2970 5653 ill—ﬂ.

1994 5664 2082 5738 17)
2122 5665 2393 5738 έροιρςετο
2427 5683 2548 5738 cap-
2578 5668 2630 5722 5-

1994 5728 2082 5810 ξιξ)
2122 5728 2430 5810 Praefa't.ad
2448 5728 2826 5810 Ciem.epi_st.,
2869 5739 2975 5794 205
3016 5753 3171 5810 seqq.

1967 5804 2078 5877 (79)
2122 5804 2288 5876 Epist.
2324 5807 2373 5866 1,
2403 5821 2557 5876 capp.
2585 5804 2772 5864 tO-M.

1967 5523 1987 5802 ἔ

3113 5902 3154 5965 ι
