4046 6326
676 357 771 410 107

1786 362 1877 416 AD
1918 364 1974 418 S.
2017 359 2435 419 CLEMENTEM
2477 361 2493 414 1
2533 362 2764 417 ΡΑΡΑΜ

3788 349 3882 415 tos

668 472 962 541 pontificis,
993 473 1084 544 qui
1120 474 1284 528 intrat
1331 476 1385 531 in
1436 484 1624 531 sancta
1658 492 1752 546 per
1781 479 2023 548 singulos
2056 491 2228 532 annos
2258 480 2302 537 Α
2331 475 2735 531 Corinthiorum
2763 477 2917 533 valde
2943 477 3223 543 emineret,
3250 478 3317 534 ab
3346 494 3412 534 eo
3440 476 3886 548 missusiRomam

668 563 723 616 in
752 565 1012 633 sanguine
1039 565 1216 618 alieno
1249 584 1262 620 :
1296 568 1539 620 meminit
1575 569 1757 621 item“
1787 571 2104 634 sacerdotis,
2131 569 2220 638 qui

663 663 856 722 pra'sto
886 663 962 709 est
1001 656 1241 723 quotidie
1281 657 1610 721 ministrare,
1659 675 1722 712 ac
1754 659 2051 713 hostiarum
2087 675 2222 729 quas

665 746 1036 802 indesinenter
1069 749 1292 822 oﬁcrnnt
1325 750 1581 804 ministri.
1606 750 1736 816 Quae
1764 751 2002 822 quidem,
2036 761 2093 806 ut
2117 753 2221 806 alia

663 838 718 894 in
747 839 987 893 eamdem
1037 821 1357 895 sententiam
1390 841 1533 895 dicta
1569 821 1901 905 omittamus,
1933 858 2056 908 cum
2087 853 2221 898 tem-

659 946 791 1000 pore
820 933 1068 1001 praesenti
1097 930 1235 1000 apud
1258 924 1609 997 Clementem,
1642 934 1782 987 haud
1807 950 1965 990 secus
1992 950 2055 988 ac
2080 934 2218 1005 apud

643 1017 884 1077 'Paulum
933 1021 1245 1091 efferantur,
1284 1023 1431 1080 ltunc
1477 1023 1652 1078 adhuc
1691 1025 1950 1094 templum
1981 1024 2218 1089 stetisse,

656 1115 968 1185 cultumque
997 1112 1234 1183 viguisse
1263 1111 1546 1168 Iudaicum
1577 1113 1811 1188 videtur.
1827 1113 1967 1191 Quin
2001 1124 2054 1171 et
2078 1131 2220 1170 non-

655 1208 782 1262 dum
814 1208 1115 1272 obsessam,
1148 1206 1241 1261 sed
1274 1216 1517 1276 pacatam
1569 1208 1750 1277 potius
1792 1208 1874 1262 vel
1905 1209 2074 1276 ipsam
2125 1224 2220 1261 ur-

653 1297 773 1354 bem
804 1296 1347 1366 Hierosolymitanam
1377 1294 1717 1350 Clementina
1749 1298 1912 1351 verba
1941 1298 2220 1351 insinuare

651 1385 1090 1455 comperiuntur;
1124 1395 1215 1438 aut
1248 1384 1436 1439 saltem
1486 1399 1757 1438 rumorem
1792 1384 1858 1439 de
1889 1385 2034 1439 illius
2073 1385 2221 1438 obsi-

650 1475 811 1531 dione
837 1475 1063 1531 Romam
1099 1474 1337 1529 nondum
1371 1474 1538 1529 fuisse
1569 1475 1835 1545 perlatum
1867 1467 2220 1544 satis‘aperte

649 1569 944 1624 declarant.
988 1569 1145 1621 Anno
1197 1573 1378 1621 autem
1430 1565 1632 1621 Christi
1683 1566 1773 1630 68,
1805 1565 2172 1637 Vespasianus
2199 1603 2214 1629 ,

648 1660 921 1730 plerisque
940 1658 1136 1714 Judaezr.
1167 1658 1393 1715 urbibus
1420 1661 1722 1729 occupatis,
1754 1661 1929 1730 ipsam
1958 1659 2218 1715 Hieroso-

647 1750 912 1822 lymorum
968 1751 1308 1820 metropolim
1364 1750 1766 1827 circumsidere'
1813 1751 2032 1806 molitus
2081 1761 2208 1807 est:

2322 568 2489 629 venit,
2514 585 2624 638 quo
2670 568 2770 623 sibi
2819 569 2939 623 diro
2974 570 3267 625 schismate
3297 571 3564 629 laboranti
3600 586 3757 640 opem
3786 569 3889 623 fer-

2312 666 2404 712 ret
2429 657 2670 713 Romana
2699 659 2963 715 Ecclesia.
2989 659 3194 715 Exinde
3223 677 3352 715 vero
3379 662 3626 716 eumdem
3655 663 3885 730 legatum

2323 748 2451 804 illuc
2483 765 2606 803 cum
2636 751 2867 822 epistola
2897 750 3146 807 Clemens
3180 753 3425 816 remittit,
3455 753 3802 823 postulatque
3834 759 3884 806 ut

2322 855 2446 895 cum
2472 843 2669 896 nuntio
2717 844 3020 899 concordiae
3065 844 3211 898 inita:
3253 844 3400 898 brevi
3453 845 3517 896 ad
3567 861 3628 899 se
3680 844 3881 900 redeat.

2322 931 2452 998 Quis
2483 948 2646 1002 porro
2678 933 2834 990 facile
2865 937 2965 991 sibi
2999 935 3342 1005 persuadeat,
3379 945 3432 989 ut
3474 943 3749 1004 praeeunte
3782 934 3884 988 Do-

2322 1024 2654 1099 dwello'(8l)
2703 1027 2881 1097 arguit
2911 1027 2994 1082 vir
3022 1027 3267 1083 eruditus
3307 1026 3440 1095 (82),
3475 1025 3726 1081 eumdem
3754 1021 3885 1078 For-

2321 1124 2569 1171 tunatum
2602 1125 2722 1187 post
2752 1125 2962 1171 tantum
3006 1117 3266 1187 temporis
3320 1101 3681 1178 intervallum,
3713 1129 3885 1185 quan-

2326 1217 2440 1263 tum
2466 1210 2534 1264 ab
2580 1227 2725 1264 anno
2770 1211 2836 1266 57
2875 1210 2941 1264 ad
2975 1211 3133 1265 ﬁnem
3162 1211 3342 1265 saeculi
3376 1211 3616 1279 elapsum
3649 1217 3756 1270 est.
3790 1223 3887 1279 p0-

2319 1302 2491 1357 tuisse
2521 1312 2612 1355 aut
2636 1303 2873 1359 voluisse
2895 1312 3052 1358 aetate
3070 1303 3181 1372 jam
3208 1303 3363 1356 valde
3385 1309 3725 1371 provectum,
3752 1303 3889 1357 adeo

2320 1392 2540 1464 longum
2570 1395 2673 1448 iter
2702 1395 3017 1466 suscipere?
3063 1397 3129 1448 At
3157 1395 3337 1448 omnia
3368 1395 3584 1449 demum
3635 1396 3741 1448 rite
3791 1411 3886 1450 co-

2318 1484 2524 1541 haerere
2576 1495 2901 1549 noscuntur,
2959 1486 3006 1541 si
3060 1485 3391 1548 Clemyentina
3450 1485 3678 1555 epistola
3737 1487 3887 1540 circa

2317 1591 2519 1631 annum
2575 1576 2778 1632 Christi
2829 1577 2898 1632 68
2948 1578 3150 1647 scripta
3183 1584 3491 1632 censeatur.
3533 1576 3721 1649 Neque
3781 1579 3886 1630 alia

2316 1668 2559 1740 profecto
2578 1669 2774 1724 desunt
2795 1678 3132 1740 argumenta,
3165 1666 3363 1738 quibus
3407 1669 3674 1722 sententia
3699 1667 3888 1721 istbazc

2316 1762 2488 1831 magis
2545 1761 2824 1831 magisque
2881 1759 3153 1826 firmetur;
3209 1773 3330 1828 quae
3381 1765 3563 1813 tamen
3603 1758 3887 1813 brevitatis

644 1857 804 1912 quam
833 1840 1028 1897 deinde
1053 1839 1229 1904 Titus,
1261 1855 1290 1894 a
1319 1839 1657 1911 Vespasiano
1702 1824 1855 1911 patre
1897 1842 1963 1896 ad
2012 1858 2206 1898 conse-
2241 1822 2283 1876 Β
2313 1822 2443 1920 ergo
2475 1822 3106 1921 consuilo-prwterimus.

642 1934 919 2003 quendum
964 1933 1160 1988 bellum
1216 1933 1273 1987 in
1318 1931 1502 1986 Iudaea
1546 1933 1788 1995 relictus,
1820 1941 1943 2003 post
1974 1942 2207 2003 quatuor

641 2026 907 2080 mensium
942 2023 1276 2080 obsidionem
1307 2024 1362 2078 in
1396 2025 1655 2094 paschale
1698 2024 2028 2086 inchoatam,
2062 2013 2206 2083 anno

639 2118 853 2173 demum
885 2117 951 2172 70
983 2117 1126 2185 cepit
1158 2125 1319 2186 atque
1348 2132 1470 2170 cum
1502 2116 1701 2184 templo
1745 2114 1911 2169 diruit
1941 2135 1954 2171 :
1991 2125 2049 2169 ut
2079 2133 2202 2186 pro.

638 2205 764 2261 inde
792 2210 1026 2277 priorem
1065 2205 1130 2258 ad
1161 2200 1474 2260 Corinthios
1504 2203 1787 2274 epistolam
1822 2206 1968 2259 circa
1999 2220 2203 2260 annum

637 2299 705 2353 68
729 2301 1008 2368 scripserit
1041 2298 1096 2352 S.
1130 2297 1400 2352 Clemens.

706 2389 981 2447 Hactenus
1011 2404 1140 2446 vero
1171 2392 1331 2446 dictis
1359 2373 1525 2446 unum
1557 2392 1735 2446 adhuc
1762 2392 1961 2447 addere
2005 2393 2198 2461 placet.

633 2485 920 2550 Nimirum,
963 2484 1065 2539 sub
1108 2483 1268 2538 ﬁnem
1316 2484 1561 2554 ejusdem
1611 2484 1853 2553 epistolae
1903 2482 2015 2553 (80)
2060 2486 2201 2553 inter

634 2574 856 2630 nuntios
877 2589 907 2628 a
932 2573 1208 2629 Clemente
1236 2573 1301 2628 ad
1323 2574 1617 2629 Ecclesiam
1642 2575 2045 2628 Corinthiacam
2068 2574 2200 2630 mis-

633 2681 724 2720 sos
756 2674 1069 2721 recensetur
1099 2663 1451 2728 Fortunatus,
1485 2665 1712 2734 ipsemet
1754 2666 1841 2720 ille
1874 2677 1933 2718 ut
1963 2666 2195 2730 videtur,

631 2759 724 2825 qui
753 2757 959 2826 aliquot
987 2757 1055 2811 ab
1085 2756 1212 2811 hinc
1239 2758 1398 2813 annis
1427 2757 1495 2810 ab
1524 2757 1714 2812 iisdem
1747 2757 2044 2811 Corinthiis
2074 2774 2197 2812 cum

635 2843 906 2915 Stephana
935 2852 987 2898 et
1017 2843 1272 2908 Achaico,
1305 2843 1372 2897 ad
1403 2844 1625 2899 Paulum
1655 2844 1783 2898 dum
1813 2857 1994 2915 ageret
2021 2846 2199 2916 Ephe—

631 2934 697 2998 si,
727 2933 901 2988 fuerat
932 2934 1232 3003 ablegatus.
1262 2933 1392 3003 Ejus
1422 2951 1546 2990 cum
1577 2936 1736 2991 laude
1767 2939 2014 3006 meminit
2047 2939 2194 3009 Apo-

629 3027 802 3083 stolus
831 3026 886 3080 in
917 3025 1098 3097 priore
1139 3025 1205 3081 ad
1226 3025 1536 3088 Corinthios
1557 3030 1795 3099 Epistola
1817 3030 1886 3095 ⁸⁵,
1918 3047 2039 3101 quae
2065 3033 2199 3086 scri-

630 3129 719 3191 pta
749 3118 922 3178 fertur
950 3121 1096 3176 circa
1124 3119 1440 3176 annum‘57.
1477 3121 1577 3176 llic
1607 3122 1774 3194 igitur
1809 3138 1931 3179 cum
1964 3124 2017 3178 in
2049 3132 2195 3180 emtu

2209 3285 2280 3296 ...-

2383 1943 2456 1999 De
2503 1944 2764 2013 temporis
2815 1951 2993 1997 autem
3026 1943 3303 1997 notatione
3333 1957 3442 2013 quo
3477 1943 3682 2013 scripta
3719 1942 3887 1996 fuerit

2309 2030 2580 2099 posterior
2607 2029 2899 2085 Clementis
2928 2030 3179 2099 epistola,
3217 2029 3353 2085 nihil
3399 2031 3616 2100 quidem
3650 2030 3786 2085 certi
3819 2045 3884 2084 ex

2305 2135 2370 2174 ea
2419 2120 2615 2175 elicere
2662 2135 2975 2190 possumus,
3006 2135 3128 2174 cum
3159 2121 3349 2174 mutila
3391 2121 3457 2175 ad
3487 2137 3587 2176 nos
3619 2137 3884 2190 pervene-

2305 2209 2399 2272 rit,
2431 2209 2576 2265 unde
2620 2209 2751 2264 illud
2779 2217 3068 2264 statuatur.
3097 2208 3200 2274 Qui
3231 2225 3348 2264 eam
3383 2211 3648 2280 integram
3681 2210 3883 2280 legisse

2304 2308 2525 2369 putatur
2566 2297 2814 2366 Photius,
2847 2300 2901 2354 in
2955 2300 3076 2368 ejus
3119 2301 3439 2354 recensione
3490 2302 3692 2355 nullam
3748 2301 3882 2355 facit

2303 2391 2516 2446 dissidii
2544 2391 2877 2445 Corinthiaci
2909 2390 3268 2455 mentionem;
3308 2391 3402 2446 sed
3431 2392 3602 2461 ipsam
3635 2400 3880 2446 tantum-

2301 2480 2463 2536 modo
2507 2479 2886 2534 institutionem
2936 2490 2986 2533 et
3035 2480 3441 2535 admonitionem
3481 2484 3711 2537 melioris
3760 2486 3879 2539 vita:

2300 2570 2541 2625 inducere
2586 2570 2776 2625 scribit
2811 2569 2943 2639 (83).
2979 2568 3116 2623 Hinc
3155 2569 3310 2624 facile
3338 2573 3462 2642 quis
3494 2573 3736 2642 colligat,
3775 2573 3879 2628 Co-

2300 2661 2483 2715 rintho
2516 2659 2743 2714 Romam
2773 2659 2972 2713 reduce
2999 2657 3298 2714 Fortunato
3327 2677 3450 2715 cum
3503 2663 3626 2716 aliis
3677 2666 3871 2728 sociis,

2301 2753 2595 2808 schismate
2639 2751 2991 2810 iam‘sublato
3030 2759 3083 2804 et
3131 2752 3299 2821 quieti
3333 2753 3564 2808 ecclesia
3595 2754 3685 2808 illa
3716 2757 3876 2808 resti-

2298 2854 2438 2911 tuta,
2470 2848 2608 2901 hanc
2655 2846 2851 2903 deinde
2896 2847 3067 2901 fuisse
3115 2861 3144 2899 a
3192 2845 3470 2901 Clemente
3510 2847 3872 2916 perscriptam

2299 2940 2605 3011 epistolam,
2638 2956 2779 2994 anno
2835 2940 2973 2994 forte
3019 2940 3338 3008 insequente
3370 2936 3458 3002 69,
3496 2953 3604 3009 quo
3635 2939 3693 2993 in
3740 2953 3873 3008 pace

2299 3032 2470 3103 magis
2502 3033 2681 3086 adhuc
2712 3033 3057 3086 firmarentur
3088 3029 3380 3086 Corinthii.

1907 3420 2328 3512 SECTIO
2410 3424 2541 3508 ll.

1577 3617 1665 3671 DE
1704 3615 1981 3672 DUABUS
2021 3613 2380 3669 EPISTOLIS
2415 3614 2506 3668 AD
2548 3611 2888 3670 VIRGINES.

694 3929 762 3985 Χ.
803 3927 957 3982 Nune
1002 3933 1180 3982 autem
1231 3941 1408 3981 sermo
1454 3925 1818 3981 instituendus
1869 3923 1934 3980 de
1978 3925 2189 3980 duabus
2215 3929 2256 3986 C
2289 3922 2497 3976 editore
2536 3922 2761 3976 omnino
2806 3922 3205 3989 praetermissis.
3235 3920 3375 3988 Quin
3422 3923 3607 3986 etiam,
3643 3932 3701 3976 ut
3735 3939 3830 3977 exa

623 4019 893 4090 epistolis,
927 4016 1061 4088 quas
1087 4016 1160 4069 De
1190 4016 1486 4085 virginitate
1516 4031 1610 4070 seu
1641 4015 1708 4068 ad
1732 4016 1950 4084 virgines
1971 4015 2189 4083 scripsit

627 4110 686 4166 S.
725 4111 995 4164 Clemens.
1036 4107 1142 4161 Eas
1190 4107 1725 4177 pri‘mum'evulgavit
1752 4105 1997 4174 Lugduni
2030 4104 2189 4158 Bata-

623 4218 815 4258 vorum
845 4217 987 4255 anno
1015 4200 1152 4255 i752
1177 4217 1207 4255 e
1232 4216 1333 4254 ms.
1366 4200 1553 4253 codice
1574 4198 1706 4251 Novi
1730 4197 2060 4274 Testamenti
2089 4197 2189 4267 Sy-

624 4294 780 4356 riaci,
814 4307 937 4347 cum
967 4293 1215 4346 versione
1259 4292 1472 4355 Latina,
1509 4291 1744 4346 Joannes
1772 4290 2007 4345 Jacohus
2036 4289 2188 4343 Wet-

626 4386 870 4450 steuius;
918 4390 1241 4452 exstantque
1289 4381 1355 4436 ad
1405 4385 1608 4438 calcem
1652 4382 1942 4437 voluminis
1971 4382 2014 4436 ll
2049 4381 2183 4437 Nov.

625 4476 774 4532 Test.
828 4474 1024 4536 Graeci,
1055 4475 1123 4527 ab
1167 4473 1352 4526 eodem
1405 4475 1547 4543 typis
1579 4468 2187 4528 Amstaelodamensihus

624 4565 832 4620 excusi.
866 4563 947 4619 Ad
996 4562 1270 4631 exemplar
1291 4561 1724 4616 Wetstenianum
1777 4570 2021 4616 nostram
2067 4561 2186 4616 edi-

626 4655 826 4709 tionem
852 4653 1150 4721 exegimus,
1187 4651 1302 4706 suis
1325 4651 1630 4721 quibusque
1653 4651 1786 4704 locis
1810 4664 1874 4704 ea
1899 4649 2188 4704 restituen-

624 4753 729 4810 tes,
763 4759 883 4814 quae
929 4743 1277 4798 doctissimus
1309 4740 1484 4796 editor
1515 4741 1911 4811 prolegomenis
1941 4741 2185 4809 subjecta

625 4839 743 4895 sive
789 4836 1034 4895 addenda
1083 4836 1197 4890 sive
1235 4833 1572 4889 emendanda
1605 4843 1902 4888 monuerat.
1938 4831 1994 4886 In
2035 4841 2186 4887 textu

622 4930 753 4988 item
786 4928 1012 5000 Syriaco
1045 4926 1310 4982 sectiones
1340 4942 1436 4982 seu
1476 4926 1654 4995 capita
1696 4926 2064 4990 distinximus,
2096 4940 2188 4981 or-

625 5022 806 5076 dinem
857 5019 1031 5076 secuti
1075 5033 1234 5089 quem
1279 5019 1505 5088 ipsemet
1553 5018 1821 5088 interpres
1852 5018 1906 5071 in
1938 5035 2035 5073 sua
2066 5035 2188 5074 ver-

627 5115 780 5169 sione
817 5111 1159 5166 retinendum
1204 5109 1435 5165 censuit.
1465 5107 1648 5163 Sacrae
1689 5109 1982 5178 Scriptura:
2024 5111 2186 5165 verba

625 5218 857 5272 quorum
904 5201 1046 5255 haud
1092 5208 1264 5271 pa‘uca
1292 5196 1650 5255 Wetstenium
1683 5199 1950 5269 fugerant,
1993 5200 2185 5254 chara-

2289 4013 2429 4068 ctior
2459 4012 2636 4066 adhuc
2683 4013 2853 4066 editio
2898 4022 3084 4067 nostra
3138 4015 3399 4083 prodiret,
3430 4013 3842 4071 Wetstenianan

2289 4105 2402 4161 sive
2446 4105 2500 4158 in
2535 4112 2682 4158 textu
2715 4103 2829 4158 sive
2864 4105 2918 4157 in
2962 4106 3214 4161 versione
3258 4121 3287 4159 a
3323 4107 3482 4163 nobis
3525 4119 3747 4176 rogatus
3778 4123 3864 4162 re-

2288 4197 2506 4251 censuit
2554 4195 2619 4250 Β.
2647 4194 2710 4250 Ρ.
2742 4194 3055 4250 Bonifacius
3097 4194 3294 4251 Finetti
3327 4197 3461 4253 0rd.
3495 4198 3747 4264 Praedia,
3781 4201 3863 4253 vir

2287 4286 2344 4342 in
2371 4286 2571 4357 linguis
2608 4285 2836 4342 exotieis
2860 4286 3173 4342 excolendis
3203 4288 3642 4345 studiosissimus
3663 4307 3681 4343 ι
3704 4291 3863 4360 cujus

2287 4379 2516 4449 proinde
2540 4369 2882 4446 conjecturas
2911 4379 2966 4431 in
2992 4378 3282 4433 lectionem
3313 4376 3590 4450 Syriacam
3618 4389 3670 4434 et
3695 4383 3862 4437 casti-

2286 4471 2535 4542 gationes
2560 4469 2614 4524 in
2651 4467 2936 4524 Wetstenii
2968 4470 3298 4532 versionem,
3334 4471 3508 4540 ipsius
3536 4475 3757 4528 nomine
3789 4476 3863 4529 si—

2287 4569 2479 4631 gnatas
2530 4561 2586 4614 in
2634 4557 2863 4613 limbum
2895 4559 3251 4628 conjecimus.
3281 4559 3416 4613 Cum
3463 4570 3641 4617 autem
3675 4564 3778 4619 hac
3806 4566 3859 4619 in

2288 4652 2420 4706 urbe
2468 4652 2583 4722 typi
2632 4649 2841 4722 Syriaci
2885 4659 3154 4720 quotquot
3181 4662 3337 4707 erant
3381 4656 3676 4709 necessarii
3716 4657 3861 4712 haud

2287 4752 2485 4814 prazsto
2513 4750 2720 4807 essent,
2743 4741 3025 4796 Patavium
3051 4745 3465 4811 contendimus;
3491 4749 3742 4817 votisque
3765 4765 3862 4803 no-

2287 4836 2418 4890 stris
2439 4835 2636 4905 quibus
2658 4835 3043 4904 expetebamus
3065 4844 3123 4889 ut
3149 4837 3349 4892 eaedem
3367 4839 3610 4907 epistolae
3636 4838 3862 4911 Syriace

2287 4937 2350 4984 ac
2372 4928 2563 4994 Latine
2579 4929 2635 4983 in
2661 4929 2956 4983 seminario
2977 4927 3240 4984 Patavino
3265 4932 3686 4995 excuderentur,
3722 4937 3861 4989 emi-

2286 5021 2642 5082 nentissimus
2680 5020 2959 5090 princeps,
3017 5035 3163 5073 nunc
3215 5037 3345 5076 vero
3391 5022 3490 5077 SS.
3530 5023 3592 5076 D.
3638 5024 3702 5080 N.
3735 5026 3844 5080 Cle-

2287 5129 2441 5168 mens
2491 5110 2604 5165 Xlll
2653 5111 3061 5181 perhumaniter
3097 5113 3308 5166 annuit.
3343 5112 3722 5181 lmpressionis
3763 5133 3849 5170 cn-

2287 5217 2403 5254 ram
2451 5200 2553 5255 sibi
2605 5200 2846 5268 suscepit
2875 5200 3047 5253 libens
3075 5201 3338 5255 Antonius
3364 5201 3680 5270 Zanolinus,
3716 5207 3860 5260 cele-

625 5303 772 5348 ctere
817 5290 1000 5345 Italico
1049 5291 1401 5347 describenda
1431 5292 1763 5350 curavimus,
1797 5291 1930 5345 locis
1963 5291 2186 5360 insuper
2217 5288 2260 5341 D
2289 5293 2402 5346 bris
2426 5294 2730 5362 linguarum
2754 5290 3096 5344 orientalium
3123 5293 3177 5345 in
3201 5293 3387 5346 eodem
3413 5295 3707 5348 seminario
3730 5313 3861 5364 pro-

623 5383 694 5438 ad
719 5398 866 5435 oram
906 5382 1165 5437 indicatis
1194 5383 1337 5436 unde
1367 5381 1455 5434 illa
1485 5382 1787 5451 desumpsit
1819 5380 1875 5436 S.
1908 5380 2083 5447 Pater,
2117 5383 2184 5436 ab

695 5517 742 5551 δ”
765 5516 926 5571 Hebr.
956 5533 1010 5583 χ,
1041 5517 1095 5580 5,
1124 5515 1210 5571 11.
1284 5517 1327 5549 ⁸⁸
1359 5514 1525 5571 lCor.
1551 5531 1660 5576 xvi,
1693 5514 1778 5580 15,
1814 5520 1898 5573 17.

694 5653 804 5722 (80]
845 5654 1013 5721 Epist.
1046 5655 1098 5717 1,
1121 5670 1239 5721 cap.
1270 5655 1358 5710 68.

691 5724 801 5794 (Si)
841 5724 1019 5778 Addit.
1052 5725 1121 5791 od
1155 5725 1335 5778 Peurs.
1361 5725 1515 5791 0pp.,
1551 5734 1664 5793 post
1717 5739 1767 5801 pl.
1794 5722 1917 5777 22!.

2290 5382 2464 5438 fessor
2498 5402 2510 5437 :
2541 5382 2739 5450 quibus
2784 5382 3000 5450 quidem
3054 5382 3369 5438 nominibus
3419 5384 3724 5440 duumviris
3758 5388 3859 5442 do-

2360 5649 2472 5723 (82)
2512 5649 2692 5723 frey”
2720 5657 2831 5723 not.
2863 5649 2928 5700 ad
2960 5666 3078 5718 cap.
3108 5652 3140 5704 Ξ
3172 5652 3331 5721 epist.
3376 5653 3398 5707 1
3437 5654 3629 5716 Clem.,
3652 5651 3854 5723 ῃ.113.

2358 5722 2470 5793 (83)
2511 5719 2649 5775 Bibl.
2684 5721 2804 5773 cod.
2828 5732 3002 5772 ελεγι.
