4046 6326
165 372 260 430 109

1388 349 1727 412 ριιοαςιιιΑ
1769 347 2155 410 VARIORUM.

161 491 282 550 etis,
311 486 366 540 in
417 484 611 555 primis
657 489 836 538 autem
883 476 1232 534 sanctissimo
1272 471 1421 528 Patri
1472 467 1720 526 Pontilici
1757 466 1975 521 Arnum
2008 472 2348 524 assectamur
2383 485 2394 521 :
2430 480 2493 522 ea
2534 473 2713 522 tamen
2756 469 2998 533 ratione.
3030 476 3090 525 ιιι
3133 472 3396 528 nonnulla

158 577 392 632 Maximo
414 574 782 644 nosmetipsos
828 581 1173 639 summopere
1225 564 1517 624 obstrictos
1546 560 1722 632 palam

156 668 493 740 proﬁtemur.
1663 677 1665 679 ‘

223 758 313 815 XI.
354 758 474 814 .lam
514 749 1109 824 vero‘disqulrcndum,
1157 764 1287 804 num
1335 748 1554 805 demum
1600 745 1725 801 Cle-

155 852 323 908 menti
353 849 603 904 Romano
632 855 862 915 utraque
891 843 1118 915 epistola
1151 842 1274 911 jure
1305 841 1377 896 sit
1407 835 1724 894 adscriben-

155 944 241 998 da.
273 942 380 997 Eas
412 941 687 997 enimvero
734 938 878 992 velut
941 936 1185 991 sincerus
1233 930 1531 988 Clementis
1580 928 1724 984 fetus

156 1033 375 1104 agnovit
426 1032 498 1088 cl.
531 1030 730 1094 editor,
767 1043 830 1084 ac
865 1042 964 1098 pro
1001 1026 1213 1081 viribus
1251 1023 1426 1080 eidem
1476 1035 1722 1078 asserere

155 1141 446 1195 aggressus
476 1132 579 1180 est.
615 1121 814 1177 Verum
841 1121 978 1177 duos
1007 1135 1119 1190 prae
1147 1118 1358 1200 caeteris
1401 1116 1550 1173 viros
1577 1113 1722 1170 haud

156 1216 456 1271 incelebres
487 1223 682 1269 nactus
709 1220 791 1268 est
817 1211 1156 1268 adversarios
1189 1229 1202 1266 :
1240 1211 1471 1264 alterum
1502 1207 1720 1279 quidem

158 1305 540 1360 Nathanaelem
586 1303 942 1365 Larduerum,
964 1301 1059 1373 qui
1104 1317 1248 1357 anno
1275 1301 1413 1356 i753
1454 1300 1720 1358 disserta-

155 1399 357 1453 tionem
389 1397 455 1452 7O
486 1397 808 1468 paginarum
831 1394 966 1449 iii-8°
991 1393 1217 1464 Anglice
1245 1392 1478 1446 Londini
1509 1391 1718 1459 edidit;

155 1491 511 1561 pluribusque
540 1489 595 1544 in
624 1487 953 1543 contrariam
998 1485 1320 1540 sententiam
1360 1481 1629 1550 adductis,
1665 1484 1722 1539 in

154 1591 272 1636 eam
321 1581 540 1636 tandem
587 1581 970 1650 cogitationem
1014 1578 1264 1640 devenit,
1316 1576 1414 1633 has
1460 1576 1720 1632 nimirum

153 1672 415 1742 epistolas
458 1673 602 1728 circa
651 1669 886 1726 medium
920 1669 1105 1726 saeculi
1134 1683 1193 1724 ιιι
1225 1668 1292 1724 ah'
1321 1667 1581 1739 episcopo
1605 1666 1722 1722 ,Ερ-

153 1760 336 1817 clesite
385 1760 668 1816 orientalis
715 1758 885 1814 fuisse
929 1758 1260 1830 perscriptas
1291 1757 1404 1828 (84)
1441 1775 1455 1813 :
1488 1757 1718 1815 alterum

152 1865 282 1906 vero
341 1850 706 1906 Hermannum
744 1847 1002 1912 Venema,
1054 1849 1148 1921 qui
1202 1853 1346 1903 anno
1402 1848 1722 1918 insequente

154 1936 314 2008 ΠΜ,
351 1943 622 2014 Harlingte
655 1941 889 2012 vulgatis
939 1942 1112 1998 tribus
1160 1942 1432 2011 epistolis,
1462 1939 1577 1996 νγ.
1612 1939 1717 1996 CC.

153 2033 540 2106 Wessclingio,
585 2034 999 2091 Hemsterhusio
1025 2042 1079 2090 et
1104 2034 1496 2106 Cannegietero
1526 2033 1724 2089 inscri-

152 2126 282 2197 ptis,
334 2125 551 2180 easdem
609 2123 872 2196 epistolas
925 2123 1294 2180 Clementinas
1347 2121 1723 2193 supposititias

150 2200 277 2273 esse
301 2217 448 2271 omni
471 2215 652 2272 studio
674 2214 956 2271 contendit
981 2215 1232 2268 evincere
1259 2232 1272 2268 :
1300 2213 1354 2268 in
1381 2213 1614 2268 iisenim
1640 2212 1725 2265 in-

154 2316 235 2362 ter
266 2306 372 2360 alia
394 2305 708 2376 Hieronymi
727 2305 924 2374 stylum
942 2305 1045 2360 sibi
1065 2303 1374 2360 suboluisse
1391 2303 1568 2358 innuit
1585 2296 1721 2374 (85);

150 2406 207 2455 et
248 2398 500 2469 quamvis
529 2399 594 2453 de
621 2407 846 2454 auctore
871 2414 939 2461 ac
960 2408 1200 2470 tempore
1227 2413 1337 2470 quo
1364 2399 1560 2454 vixerit
1588 2399 1723 2452 nihil

152 2488 398 2549 deliniat,
424 2492 546 2542 eum
592 2497 772 2542 tamen
815 2487 983 2544 fuisse
1012 2490 1349 2550 orientalem.
1384 2503 1492 2542 non
1525 2485 1724 2541 Roma—

155 2594 309 2640 num,
341 2589 396 2634 et
424 2579 669 2648 Origene
714 2595 932 2653 quoque
967 2581 1327 2651 posteriorem
1375 2578 1555 2650 arguit
1584 2577 1720 2649 (86).

155 2665 386 2741 Utrique
435 2673 616 2727 statim
667 2670 952 2742 respondit
997 2661 1331 2728 Wetsteuius
1359 2709 1374 2733 ,
1417 2671 1724 2740 iterumque

153 2775 296 2830 quas
324 2762 491 2816 edidit
513 2757 792 2831 epistolas,
815 2763 989 2833 magis
1020 2764 1298 2834 magisque
1324 2763 1587 2818 Clementi
1613 2761 1720 2816 Ro-

154 2859 324 2907 mano
348 2851 646 2927 vindicavit
675 2869 688 2905 :
719 2852 997 2910 Lardnero
1024 2854 1242 2924 quidem
1275 2855 1328 2910 in
1357 2854 1540 2910 Diario
1579 2855 1723 2909 litte-

156 2944 309 2996 rario
338 2939 542 2998 Gallice
571 2944 836 3013 inscripto
884 2944 1242 3016 Bibliollteque
1271 2946 1542 3001 raieonnee
1571 2944 1719 3016 (87):

1825 556 2117 627 utrobique
2152 572 2181 615 a
2218 557 2378 614 nobis
2408 559 2462 613 in
2491 558 2726 614 medium
2758 560 3126 630 proferantur,
3154 560 3396 620 Wetste-

1826 647 1919 702 nio
1962 650 2358 719 praetermissa;
2391 664 2564 720 eaque
2609 649 2663 704 in
2709 651 2900 720 primis
2930 668 3052 723 quae
3103 668 3169 710 ex
3201 654 3396 711 harum

1823 738 2175 808 epistolarum
2229 740 2479 797 instituta
2515 741 2827 797 collatione
2853 759 2976 798 cum
3008 745 3223 804 duabus
3264 746 3396 803 reli-

1823 829 1949 899 quis
1975 828 2342 889 Corinthiacis
2367 871 2383 897 ,
2440 831 2508 888 ad
2544 849 2656 889 rem
2704 835 2877 906 magis
2920 839 3195 908 pertinere
3235 839 3398 897 nobis

1823 924 1938 978 visa
1966 929 2116 979 sunt.

1893 1011 2075 1072 Testis
2122 1015 2305 1086 itaque
2363 1017 2639 1090 antiquior
2708 1017 3080 1092 Epiphanius,
3127 1025 3221 1096 qui
3290 1023 3395 1082 ad-

1823 1121 2017 1163 versus
2054 1106 2342 1166 Ebionreos
2395 1110 2513 1168 htec
2562 1111 2725 1170 habet
2785 1113 2923 1187 (87')
2963 1133 2978 1173 :
3018 1116 3192 1184 Αὐτὸς
3247 1119 3399 1193 Κλή-

1829 1213 1936 1269 μης
1977 1198 2176 1264 αὐτοὺς
2220 1201 2360 1254 κατὰ
2401 1201 2578 1256 πάντα
2644 1203 2854 1277 iuuet
2909 1206 3003 1276 ἀφ’
3043 1202 3118 1263 ὧν
3159 1209 3398 1283 ἔγραψεν

1821 1289 2120 1351 ἑπιηπολῶν
2183 1291 2508 1360 ἐγκυκλίων,
2578 1294 2690 1348 τῶν
2763 1297 2824 1351 ὲν
2899 1301 3022 1362 ταῖς
3074 1301 3258 1370 ἁγίαις
3308 1304 3399 1358 ὲκ-

1823 1378 2072 1451 κλησίαις
2124 1382 2645 1457 ἀναγινωσκομένων
2666 1403 2680 1416 ·
2714 1385 2796 1440 ὅτι
2844 1387 3004 1443 ἄλλον
3050 1390 3161 1462 ἔχει
3193 1410 3400 1467 χαρακ·

1822 1467 1966 1543 τῆρα
1991 1473 2024 1543 ἡ
2057 1473 2250 1527 ἑαυτοῦ
2287 1475 2468 1540 πίστις
2494 1477 2588 1530 καὶ
2613 1478 2643 1531 ὁ
2660 1476 2838 1547 λόγος,
2869 1482 3023 1557 nepa
3049 1482 3118 1536 τὰ
3148 1485 3252 1539 ὑπὸ
3279 1487 3399 1542 τού-

1820 1577 1928 1615 των
1953 1564 2034 1627 είς
2059 1563 2231 1636 dvorte.
2260 1565 2428 1621 αὐτοῦ
2458 1567 2516 1622 ὲν
2545 1570 2666 1633 ταῖς
2692 1568 2992 1640 Περιόδοις
3015 1574 3394 1647 νενοθευμίνα.

1826 1650 2000 1716 Αὐτὸς
2025 1652 2134 1726 γὰρ
2178 1656 2478 1730 παρθενίαν
2506 1655 2764 1723 διδάσκει,
2800 1663 2894 1717 καὶ
2935 1665 3090 1720 αὐτοὶ
3120 1667 3182 1722 ot‘.
3213 1668 3396 1742 δέχονο

1821 1757 1930 1795 ται·
1960 1743 2123 1822 αὐτὸς
2163 1745 2271 1818 γὰρ
2311 1748 2641 1818 ἐγκωμιάζει
2691 1751 3010 1818 Ἦλίαν,καὶ
3058 1757 3257 1824 Δασὶδ,
3301 1763 3396 1817 καὶ

1751 1797 1795 1854 Β
1822 1820 2080 1925 Σαμψὼν,
2111 1797 2203 1890 ita)
2233 1797 2440 1904 ίεάνέας
2463 1797 2594 1906 ἶτοίιξ
2647 1797 2955 1917 προφήτκς,
2988 1847 3084 1912 οὓς
3111 1798 3258 1906 οὗτοί

1820 1923 2119 1981 Meron-at.
2162 1928 2217 1984 Id
2277 1939 2400 1988 est:
2438 1951 2457 1984 ι
2487 1932 2740 1992 Clemens
2795 1937 2910 2009 ipse
2961 1937 3217 1999 omnibus
3271 1923 3395 2002 illos

1823 2013 2154 2088 (Ebionaaos)
2206 2021 2381 2077 modis
2422 2023 2700 2095 redarguit
2746 2027 2812 2084 iis
2855 2030 3105 2100 epistolis
3153 2035 3394 2092 circula-

1823 2103 1997 2170 ribus,
2025 2121 2150 2178 quae
2189 2107 2245 2163 in
2274 2113 2644 2169 sacrosanctis
2689 2116 2938 2174 ecclesiis
2984 2121 3239 2191 leguntur
3272 2141 3288 2187 ;
3325 2139 3394 2182 ex

1822 2193 2023 2263 quibus
2053 2204 2292 2273 constat,
2323 2199 2480 2271 longe
2509 2201 2577 2257 ab
2613 2201 2681 2258 iis
2703 2219 2825 2275 qua
2857 2207 2912 2261 in
2957 2208 3272 2269 Circuitibue
3319 2212 3394 2270 il-

1825 2285 1893 2340 lis
1936 2287 2168 2358 (Petri)
2204 2289 2306 2344 sub
2352 2291 2474 2361 ejus
2516 2294 2736 2351 nomine
2780 2297 3086 2356 adulterina
3136 2315 3392 2374 exstant,

1825 2375 1974 2432 illius
2009 2377 2165 2433 ﬁdem
2198 2395 2262 2434 ac
2293 2375 2599 2439 sermonem
2631 2384 3005 2446 abhorruisse.
3035 2389 3244 2449 Etenim
3277 2393 3396 2452 Vir-

1822 2467 2106 2537 ginitatem
2134 2469 2249 2534 ipse
2279 2470 2594 2555 (Clemens)
2624 2475 2813 2533 edocet
2840 2495 2854 2548 ;
2891 2489 2946 2536 et
2976 2482 3064 2537 isti
3090 2461 3394 2560 (Eliionzei)

1826 2560 2116 2631 repudiant
2142 2578 2154 2612 ε
2205 2562 2294 2618 ille
2321 2563 2519 2630 Eliam,
2549 2565 2806 2626 Davidem
2835 2583 2890 2628 et
2920 2571 3243 2634 Samsoncm
3274 2596 3396 2641 om:

1823 2665 2028 2722 nesque
2073 2654 2366 2724 prophetas
2408 2658 2791 2730 commendat;
2840 2681 2979 2735 quos
3015 2667 3071 2723 bi
3117 2671 3396 2730 detestan-

1824 2748 1933 2797 tur.
1971 2762 1989 2795 ι
2047 2742 2179 2810 Qua:
2230 2745 2477 2822 profecto
2532 2745 2908 2822 Epiphaniana
2964 2757 3178 2817 duabus
3241 2761 3394 2823 hisce

1824 2832 2182 2890 Clementinis
2211 2831 2460 2907 epistolis
2503 2839 2705 2894 mirum
2739 2841 2792 2896 in
2824 2845 3044 2902 modum
3090 2863 3394 2924 congruere

1824 2935 2148 2982 noscuntur.
2182 2926 2427 2985 Primum
2452 2930 2636 3002 itaque
2669 2933 2722 2988 in
2759 2935 2846 3000 iis,
2881 2935 3186 3010 Epiphanio
3213 2951 3391 3012 teste,

160 3029 412 3087 venena
440 3042 640 3096 autem.
673 3034 903 3104 epistola
928 3035 1132 3104 eoipso
1155 3013 1299 3089 ξηηο
1326 3033 1464 3089 Πδι
1488 3013 1719 3090 Animi.
1825 3013 1883 3072 S.
1960 3015 2214 3075 Clemens
2278 3021 2634 3092 virginitatem
2691 3026 2868 3082 edocet
2921 3045 2944 3084 .·
2998 3015 3192 3088 harum
3243 3036 3388 3091 enim
3427 3034 3438 3039 ’

155 3120 563 3179 lodamensibus
595 3125 737 3194 typis
766 3124 1104 3197 consignata,
1137 3140 1301 3195 quam
1334 3113 1586 3195 epistola:
1615 3123 1721 3182 Ve-

1823 3106 2174 3189 epistolarum
2204 3125 2330 3181 pars
2360 3114 2701 3182 minima,.ut
2726 3125 2872 3174 recte
2901 3119 3136 3176 advertit
3154 3121 3394 3180 Wctste-

154 3214 425 3270 nemianze
475 3217 750 3287 opposuit.
788 3214 1005 3272 Utinam
1052 3231 1182 3271 vero
1236 3215 1450 3272 duabus
1503 3230 1720 3286 quoque

1823 3201 1950 3257 nius
1990 3202 2143 3274 (88),
2175 3204 2229 3259 in
2258 3206 2568 3263 extollenda
2593 3207 2814 3279 quidem
2849 3212 3161 3284 virginitate
3208 3230 3396 3272 versa-

154 3306 383 3376 reliquis
408 3309 739 3378 respondere
764 3308 1136 3378 valuissetvir
1163 3308 1361 3364 doctus
1379 3308 1398 3362 ί
1425 3307 1496 3364 At
1534 3306 1719 3364 lethali

1821 3302 1948 3362 tur;
1978 3304 2033 3351 at
2060 3297 2217 3370 longe
2243 3298 2502 3366 maxima,
2540 3299 2650 3356 imo
2692 3309 2807 3358 tota
2853 3307 3084 3376 epistola
3114 3309 3353 3365 secunda
3377 3350 3393 3374 ,

154 3401 352 3454 morbo
395 3401 755 3456 decumbebat
781 3400 1140 3482 Wetstenius,
1166 3402 1296 3458 dum
1327 3402 1558 3474 primam
1587 3417 1718 3458 exa-

155 3491 303 3547 ravit
335 3493 618 3564 epistolam
667 3511 704 3547 v
748 3494 867 3548 Kal.
913 3493 1092 3549 Martii
1125 3495 1263 3550 175‘
1292 3509 1590 3564 menseque
1633 3509 1722 3549 se-

152 3591 361 3652 quente
407 3582 547 3638 diem
601 3599 913 3654 supremum
946 3583 1082 3639 obiit
1109 3599 1164 3638 ix
1195 3583 1312 3638 Kal.
1347 3583 1572 3654 Aprilis,
1622 3598 1721 3636 an-

155 3687 290 3727 num
321 3687 483 3743 agens
515 3687 626 3726 ut.
661 3671 792 3738 Quae
820 3687 950 3727 vero
995 3671 1260 3726 hactenus
1290 3669 1542 3730 recensui
1588 3685 1725 3741 opu«

156 3765 332 3829 scula,
361 3779 423 3819 ea
456 3767 601 3820 dono
651 3763 839 3835 accepi
871 3763 938 3818 ab
966 3763 1338 3820 eruditissimo
1363 3761 1571 3819 Jacobo
1599 3762 1723 3816 liri-

155 3858 361 3929 ghout;
403 3859 493 3928 qui
526 3857 668 3912 datis
703 3853 920 3927 quoque
954 3855 1366 3912 humanissimis
1392 3855 1587 3910 litteris
1614 3871 1721 3910 una

154 3963 283 4002 cum
323 3962 578 4003 sermone
607 3947 842 4010 funebri,
869 3963 1028 4018 quem
1061 3947 1290 4018 ipsemet
1321 3943 1510 4000 habuit
1536 3945 1591 4002 in
1624 3945 1722 4001 ob-

158 4038 296 4092 itum
325 4037 531 4093 laudati
551 4037 836 4094 Wetstenii
859 4039 1166 4094 decessoris
1189 4037 1295 4100 sui,
1325 4051 1554 4092 munera
1586 4036 1719 4091 mihi

163 4140 413 4196 pergrata
466 4130 612 4200 large
661 4131 957 4184 cumulavit
984 4149 998 4183 :
1029 4145 1137 4197 quo
1172 4129 1394 4184 nomine
1422 4128 1556 4183 mihi
1587 4137 1718 4183 tem-

155 4234 350 4290 perare
383 4220 524 4275 haud
562 4235 806 4289 possum,
838 4221 968 4291 quin
1012 4217 1078 4275 ν.
1124 4220 1185 4277 C.
1234 4221 1545 4275 comitatem
1588 4220 1724 4276 adeo

158 4306 494 4376 singularem
524 4322 688 4378 quam
718 4309 951 4364 maxime
979 4316 1232 4363 testatum
1258 4308 1478 4365 iaciam.

230 4395 431 4452 Verum
484 4408 540 4452 ut
582 4398 648 4453 ad
689 4413 799 4453 rem
850 4400 1073 4469 propius
1120 4400 1475 4464 accedamus,
1524 4400 1719 4456 harum

151 4487 510 4556 epistolarum
535 4495 811 4544 auctorem
843 4487 1012 4544 fuisse
1033 4488 1364 4544 Clementem
1391 4487 1719 4554 Romanum,

155 4577 363 4649 duplici
396 4588 838 4649 argumentorum
870 4594 1066 4650 genere
1101 4579 1586 4649 demonstrandum
1626 4595 1723 4636 su-

155 4673 440 4742 scipimus.
496 4671 741 4727 Primum
785 4674 1002 4744 quidem
1053 4672 1287 4744 petimus
1334 4673 1402 4728 ab
1447 4673 1679 4728 externis
1706 4715 1722 4740 ,

151 4767 275 4820 sive
332 4765 679 4834 antiquorum
747 4767 1075 4834 scriptorum
1135 4764 1467 4821 testimoniis
1523 4765 1722 4835 quibus

156 4859 284 4913 illas
315 4855 484 4911 fuisse
518 4871 547 4910 a
576 4854 852 4911 Clemente
886 4855 1220 4926 perscriptas
1265 4854 1560 4919 astruitur,
1607 4854 1723 4910 sive

152 4954 378 5011 Patrum
411 4953 899 5008 vetustissimorum
949 4950 1204 5021 operibus
1232 4951 1376 5006 unde
1421 4951 1488 5006 ab
1528 4951 1720 5007 iisdem

153 5064 253 5104 eas
299 5045 468 5102 fuisse
511 5044 776 5116 perlectas
817 5043 1110 5113 colligitur.
1153 5044 1394 5098 Alterum
1430 5057 1582 5106 vero,
1633 5044 1720 5096 in-

158 5152 368 5195 ternum
420 5137 653 5199 scilicet,
689 5141 754 5190 ex
784 5136 916 5206 ipsis
945 5136 1192 5205 epistolis
1222 5135 1513 5190 sumimus.
1546 5132 1605 5188 In
1637 5135 1721 5190 his

153 5240 338 5288 autem
368 5228 702 5300 argumentis
751 5227 1059 5296 digerendis
1103 5223 1463 5280 Wetstenium
1501 5227 1724 5296 potissi-

227 5365 339 5432 (84)
379 5361 642 5432 Lardner,
673 5362 710 5414 Α
746 5361 1083 5432 dissertation
1107 5375 1242 5432 upon
1267 5359 1353 5432 tlte
1377 5368 1483 5432 tuto
1494 5357 1718 5428 Epistles

153 5428 394 5489 ascribed
458 5443 509 5487 to
539 5431 681 5488 Clem
706 5440 771 5501 int
802 5431 858 5489 of
885 5431 1060 5493 Rome,
1086 5428 1148 5501 υς
1174 5429 1262 5495 57,
1293 5428 1382 5493 54,
1417 5428 1504 5485 57.

218 5505 332 5572 (85)
384 5503 554 5572 Epist.
584 5502 641 5566 2,
678 5500 816 5571 §27,
850 5517 902 5572 p.
936 5501 1022 5555 89.

224 5568 341 5643 (86)
383 5568 557 5643 Epist.
587 5573 644 5643 3,
681 5568 708 5642 ἓ
741 5571 801 5625 l6
825 5568 1000 5641 seqq.,
1032 5568 1240 5643 p._129.

220 5638 335 5716 (87)
379 5638 532 5716 Tom.
576 5642 642 5702 L,
687 5638 1060 5716 pa‘rt._n._’art_.
1096 5640 1149 5705 8,
1191 5656 1249 5716 ι)ἱ
1291 5638 1399 5716 363i
1415 5647 1476 5716 ft
1505 5640 1650 5696 suiv.

222 5709 363 5788 (81')
408 5713 552 5770 Harr.
579 5709 711 5772 xxx.
747 5710 774 5784 ς
805 5712 889 5780 15,
906 5709 1042 5782 Opp.
1067 5709 1204 5768 tom.
1237 5712 1274 5777 l,
1302 5711 1501 5784 p.139.

1822 3387 1878 3441 in
1913 3387 2216 3460 virginibus
2246 3388 2408 3450 ollicii
2441 3391 2800 3450 admouendis
2844 3407 3168 3468 occupatur,
3197 3416 3293 3457 seu
3325 3402 3394 3457 do

1821 3478 2135 3550 virginitate
2186 3479 2272 3551 pie
2321 3495 2386 3535 ac
2437 3483 2543 3548 rite
2587 3485 2854 3540 servanda
2908 3497 3205 3557 pertractat
3255 3510 3268 3547 :
3333 3502 3395 3547 ut

1822 3578 2108 3640 propterea
2185 3569 2244 3627 S.
2307 3569 2470 3628 Pater
2513 3573 2570 3628 in
2610 3573 2695 3629 his
2743 3577 2990 3646 epistolis
3037 3572 3393 3651 virginitatem

1823 3661 2004 3731 potius
2045 3662 2293 3730 edocere,
2336 3679 2498 3735 quam
2540 3665 2942 3732 commendare,
2980 3669 3105 3739 jure
3147 3672 3217 3728 ah
3260 3673 3393 3746 Ερὶ-

1823 3754 2024 3824 phanio
2050 3755 2285 3812 dicatur.

1892 3846 2011 3902 Jam
2040 3855 2237 3902 caetera
2265 3832 2681 3920 prosequamur.
2729 3848 2928 3917 Eliam,
2964 3854 3163 3925 inquit,
3205 3859 3395 3915 laudat

1823 3939 2082 3996 Clemens.
2118 3939 2182 3994 Et
2211 3926 2430 4013 quidem
2463 3943 2548 3999 his
2569 3943 2759 4000 verbis
2834 3944 2947 4017 (89)
2992 3961 3006 4002 :
3054 3946 3208 4004 Certe
3230 3951 3393 4007 etiam

1813 4029 1962 4085 Elite
1989 4039 2038 4086 et
2072 4030 2270 4097 Elim,
2294 4041 2344 4086 et
2373 4033 2658 4088 multorum
2706 4034 2935 4090 aliorum
2975 4049 3278 4094 sanctorum
3311 4059 3395 4098 re-

1822 4125 2051 4193 perimus
2092 4125 2534 4178 conversationem
2565 4123 2728 4194 fuisse
2766 4136 3007 4182 sanctam
3040 4139 3090 4183 et
3128 4131 3242 4186 sine
3272 4150 3390 4186 ma-

1827 4216 1969 4274 cula.
2010 4216 2324 4283 Tum'vero,
2357 4216 2455 4278 ait.
2491 4215 2745 4294 Davide
2773 4219 3127 4276 commendat.
3159 4220 3217 4276 Id
3253 4237 3394 4294 quo-

1823 4325 1930 4381 que
1960 4308 2040 4364 sic
2074 4309 2375 4380 praestitum
2402 4324 2432 4362 a
2481 4308 2758 4366 Clemente
2802 4309 2914 4383 (90)
2953 4330 2965 4367 :
3011 4309 3202 4368 Nonne
3243 4312 3393 4372 docet

1827 4387 1874 4456 te
1902 4399 2034 4454 illud
2070 4399 2325 4462 Davidis,
2375 4414 2524 4468 quem
2563 4400 2754 4453 invenit
2801 4400 2944 4455 Deus
2988 4402 3161 4457 virum
3205 4420 3394 4459 secun-

1826 4491 1953 4545 dum
1980 4508 2070 4545 cor
2095 4508 2274 4554 suum,
2302 4491 2562 4546 hominem
2605 4492 2813 4562 ﬁdelem
2837 4534 2851 4558 ,
2890 4496 3178 4565 perfectum
3199 4539 3211 4561 ,
3263 4515 3392 4554 san-

1826 4592 1988 4646 ctum,
2021 4584 2227 4638 verum!
2256 4581 2456 4638 Deinde
2502 4583 2813 4640 Sameonem
2842 4586 3067 4654 extollit,
3101 4589 3385 4661 subiungit

1823 4671 2180 4748 Epiphanius.
2234 4672 2310 4729 En
2359 4675 2755 4730 Clementinum
2801 4677 2980 4732 locum
3027 4677 3139 4750 (9i)
3191 4699 3205 4736 :
3267 4680 3390 4738 Non

1826 4766 2080 4822 audivisti
2120 4766 2183 4820 de
2215 4764 2468 4821 Samsone
2501 4762 2775 4830 Nasirrzo,
2800 4781 2917 4820 cum
2948 4784 3048 4837 quo
3088 4767 3190 4840 fuit
3221 4768 3392 4840 3pm.

1828 4867 1912 4911 tus
1938 4856 2067 4922 Dei,
2100 4858 2210 4910 viro
2239 4855 2407 4926 forti?
2439 4853 2494 4909 Is
2524 4855 2599 4910 vir
2635 4853 2686 4909 Ν
2693 4857 2918 4911 azirwus
2947 4857 3070 4928 fuit,
3101 4869 3150 4913 et
3171 4857 3389 4916 sanctus

1826 4948 1958 5018 Dei,
1989 4958 2038 5005 et
2071 4950 2174 5013 fuit
2203 4951 2255 5004 in
2287 4947 2596 5018 fortitudine
2625 4958 2674 5021 e_t
2707 4949 2913 5027 robore.
2950 4950 3189 5058 Denqu
3209 4996 3222 5019 ,
3257 4957 3390 5011 sub-

1826 5042 1927 5106 dit,
1979 5059 2154 5098 omnes
2216 5041 2492 5110 prophetae
2550 5041 2796 5096 laudibus
2847 5042 3014 5112 effert.
3062 5041 3280 5102 Scilicet
3331 5050 3386 5106 in

1828 5135 1967 5188 hanc
2003 5134 2326 5189 sententiam
2359 5133 2470 5206 (92)
2503 5152 2517 5188 :
2556 5132 2731 5187 Porro
2760 5137 2919 5188 etiam
2954 5134 3160 5191 Eliaam
3188 5147 3238 5192 et
3282 5137 3387 5194 Ge-

1807 5223 1942 5277 ,ιιαεί
1974 5230 2024 5276 et
2072 5221 2638 5299 ﬁlios_prophetarum
2680 5223 2967 5290 reperimus
3022 5223 3290 5281 habitasse
3333 5227 3389 5289 in

1896 5357 2008 5428 (88)
2045 5356 2215 5428 Epist.
2248 5356 2317 5412 'ad
2343 5354 2410 5413 ﬂ.
2430 5354 2676 5428 Venem.,
2708 5355 2888 5428 p.72l.

1918 5427 2007 5498 89)
2049 5427 2281 5498 Devirg.
2337 5428 2501 5496 epist.
2529 5427 2580 5494 l,
2611 5441 2730 5498 cap.
2759 5427 2811 5482 6.

1918 5497 2009 5558 90)
2045 5497 2218 5558 .m'pist.
2245 5497 2301 5558 2,
2331 5511 2451 5558 cap.
2481 5498 2534 5554 9.

1919 5513 2010 5636 iii
2045 5513 2223 5631 ίὶῖὲῧῗζ
2245 5513 2457 5636 ἷξιῗῗῧῖ

1919 5636 2009 5708 92)
2045 5637 2351 5708 Ibid.,cap.
2383 5636 2480 5696 ιι.

1989 5357 2010 5710 l

1894 5431 1916 5655 ἓ
