4054 6320
660 376 754 432 HI

1770 374 1853 428 AD
1892 375 1949 428 S.
1989 369 2406 431 CLEMENTEM
2450 371 2467 424 Ι
2508 371 2737 425 ΡΑΡΛΜ

3777 365 3891 421 ιη

659 487 841 544 timore
871 487 966 543 Dei
985 505 1004 553 ;
1035 498 1084 545 et
1116 489 1323 559 hospita
1352 507 1454 546 non
1485 490 1586 559 fuit
1615 493 1710 546 eis.
1746 488 1976 542 Micham
2009 496 2058 541 et
2092 500 2214 556 pro-
2243 493 2286 547 Α
2316 498 2493 543 autem
2554 488 2836 543 Samsonis
2881 487 3116 558 elogium
3144 523 3160 548 ,
3211 496 3273 537 ea
3321 481 3537 535 demum
3585 479 3769 533 omnia
3827 483 3889 533 in

655 575 834 646 phetas
871 599 1047 636 omnes
1075 585 1276 650 pariter
1305 584 1380 639 sic
1413 583 1698 652 reperimus
1739 581 2005 634 habitasse
2048 581 2099 632 in
2148 579 2215 631 ti-

656 687 799 726 more
857 671 1088 728 Domini.
1149 673 1424 730 Hactenus
1474 673 1763 739 Clemens;
1829 671 1986 739 cujus
2035 659 2216 724 verbis

651 766 929 820 enimvero
987 765 1054 819 ad
1097 763 1378 837 Epiphanii
1426 765 1794 820 testimonium
1843 751 2213 831 comproban-

661 855 788 910 dum
838 855 972 911 nihil
1016 857 1220 913 clarius
1269 874 1391 914 esse
1445 867 1538 912 aut
1577 855 1908 912 luculentius
1953 852 2211 916 videtur;

652 963 748 1002 seu
780 949 959 1018 potius
994 950 1060 1004 ad
1098 958 1316 1004 nostras
1344 949 1608 1004 Clementi
1650 945 1974 1003 asserendas
2014 944 2214 1013 episto-

650 1043 763 1106 las.
795 1043 932 1097 nihil
975 1044 1154 1112 aptius
1193 1041 1508 1109 hujusmodi
1549 1040 1839 1111 Epiphanii
1877 1037 2211 1097 testimonio.

650 1132 882 1186 Validius
915 1133 1049 1187 nihil
1078 1131 1310 1202 proferri
1338 1147 1498 1202 posse
1526 1132 1718 1201 liquet.

727 1224 983 1289 Quaenam
1027 1239 1157 1278 vero
1202 1223 1466 1281 hactenus
1518 1220 1822 1276 observatis
1859 1219 2209 1288 objiciantur,

647 1317 1023 1386 inspiciamus.
1076 1314 1230 1368 Hand
1286 1315 1359 1368 ita
1397 1314 1602 1384 pridem
1635 1313 1700 1368 Υ.
1735 1311 1798 1367 C.
1852 1331 1871 1364 ι
1905 1310 2045 1364 Nihil
2091 1324 2212 1362 mo-

647 1421 758 1469 ror,
791 1405 1003 1474 inquit,
1040 1403 1097 1457 S.
1135 1403 1421 1473 Epiphanii
1468 1403 1879 1466 testimonium;
1919 1413 2043 1453 nam
2079 1399 2211 1451 illud

646 1497 942 1567 expetitum
992 1506 1077 1550 est
1124 1512 1192 1550 ex
1234 1495 1480 1566 epistolis
1527 1492 1860 1556 Clementis,
1913 1505 2035 1560 quae
2083 1497 2213 1543 tunc

644 1587 946 1658 legebantur
1009 1590 1062 1639 in
1127 1587 1378 1641 ecclesiis.
1442 1583 1692 1639 Profecto
1767 1599 1833 1637 ex
1899 1580 2213 1636 testimonio

647 1676 704 1728 S.
764 1671 1074 1748 Hieronymi
1125 1676 1430 1737 discimus,
1489 1675 1670 1728 nullas
1727 1675 1861 1727 alias
1916 1672 2209 1728 Clementis

646 1773 917 1843 Epistolas
968 1777 1126 1824 actate
1175 1768 1268 1822 illa
1311 1767 1363 1820 in
1398 1765 1659 1822 Ecclesiis
1691 1765 1792 1833 legi
1833 1765 2205 1826 consuevisse.

2318 584 2523 638 nostris
2553 582 2795 654 Syriacis
2819 587 3135 650 comparent
3159 596 3173 644 ;
3208 577 3410 631 frustra
3433 589 3561 628 vero
3590 574 3644 627 in
3677 574 3893 630 ϐπερὶ.

2317 676 2568 743 requiras
2619 693 2629 727 ;
2682 681 2739 726 ut
2787 680 3070 742 propterea
3124 669 3332 722 nullum
3376 667 3611 734 amplius
3655 666 3888 719 dubium

2317 779 2606 835 superesse
2636 764 2830 818 merito
2867 765 3134 822 videatur,
3166 761 3300 829 quin
3347 758 3411 812 de
3441 756 3718 827 prioribus
3757 764 3891 809 tan-

2315 863 2450 920 tum,
2483 871 2591 910 non
2624 863 2803 909 autem
2840 855 2907 908 de
2938 850 3333 922 posterioribus
3355 888 3369 914 ,
3411 847 3694 917 Eniphanii
3725 848 3890 901 testi-

2314 947 2558 1001 monium
2590 948 2663 1001 sit
2693 946 3095 1013 accipiendum.

2385 1037 2722 1093 Lardnerum
2759 1043 2980 1091 secutus
3013 1035 3117 1087 alia
3160 1033 3314 1103 plura
3345 1032 3588 1102 congerit
3613 1030 3886 1086 Herman-

2314 1143 2417 1183 nus
2447 1126 2702 1191 Venema,
2728 1128 2927 1196 quibus
2959 1124 3389 1194 Epiphanianum
3426 1123 3604 1177 locum
3630 1131 3883 1185 enervet,

2321 1227 2484 1285 atque
2535 1216 2590 1270 in
2644 1218 2967 1270 sententiam
3023 1228 3178 1268 suam
3233 1212 3527 1282 pertrahat.
3591 1212 3653 1265 Et
3700 1213 3888 1282 primo

2313 1308 2530 1377 quidem
2561 1309 2833 1376 negotium
2882 1304 3102 1360 facessit
3149 1307 3264 1358 viro
3294 1305 3485 1358 critico
3537 1303 3689 1373 (95),
3730 1303 3886 1372 quod

2316 1391 2373 1446 S.
2405 1391 2742 1462 Epiphanius
2769 1393 3108 1460 ἐγκυκλίους,
3142 1393 3451 1457 circulares,
3474 1393 3732 1462 epistolas
3753 1408 3886 1446 nos-

2312 1492 2428 1540 tras
2478 1486 2741 1555 appellet;
2772 1494 3143 1557 verumtamen
3184 1487 3425 1540 animum
3465 1486 3533 1540 ab
3576 1487 3675 1539 hoc
3719 1501 3882 1540 scru-

2313 1577 2441 1646 pulo
2501 1591 2792 1648 parumper
2847 1586 3136 1643 avertens,
3211 1576 3560 1646 nondumque
3629 1577 3881 1646 deposita

2312 1673 2459 1726 omni
2509 1673 2879 1736 cunctatione,
2928 1675 3215 1728 elucescere
3256 1673 3353 1734 ait,
3412 1671 3469 1727 S.
3515 1671 3726 1727 Patrem
3778 1671 3884 1726 hoc

2313 1763 2495 1816 addito
2535 1765 2748 1819 criterio
2779 1766 3172 1835 vulgatissimos
3205 1773 3414 1820 tantum
3453 1764 3750 1819 Corinthiis
3790 1764 3886 1818 in-

647 1835 755 1922 nisi
815 1862 882 1917 ad
937 1855 1252 1917 Corinthios
1306 1859 1556 1928 geminas.
1610 1874 1628 1908 ι
1701 1853 1879 1909 Nolim
1936 1857 2212 1910 enimvero
2244 1835 2283 1889 Β
2314 1857 2545 1925 scriptas
2598 1859 2653 1911 in
2703 1859 2866 1912 oculis
2914 1858 3173 1912 habuisse.
3233 1855 3439 1912 Vereor
3493 1857 3738 1926 equidem
3807 1871 3884 1912 ne

643 1954 761 2007 viro
809 1950 1178 2008 eruditissimo
1226 1949 1339 2001 haec
1383 1946 1670 2002 excidisse.
1705 1944 1962 1999 Testatur
1991 1944 2210 2013 quidem

647 2048 709 2108 S,
743 2047 1103 2115 Hieronymus
1138 2044 1249 2114 (9’5)
1278 2083 1291 2105 ,
1321 2041 1616 2096 Clementis
1646 2042 1881 2111 priorem
1927 2041 1992 2094 ad
2031 2038 2212 2094 Eccle.

642 2143 779 2198 siam
810 2138 1219 2193 Corinthiorum
1255 2134 1552 2205 Epistolam
1585 2134 1639 2186 in
1670 2132 1949 2188 nonnullis
1976 2132 2211 2189 cmtibus

641 2229 1035 2285 ecclesiasticis
1086 2227 1278 2279 lectam
1312 2224 1484 2278 fuisse
1537 2241 1550 2288 ;
1596 2231 1650 2275 at
1681 2221 1960 2277 secundam
2009 2239 2041 2274 a
2071 2230 2208 2276 vetc-

643 2318 786 2370 ribus
841 2315 1172 2384 reprobalam
1229 2311 1468 2376 asserit;
1525 2320 1736 2363 tantum
1795 2312 1968 2373 abest,
2031 2319 2088 2362 nt
2155 2312 2210 2364 in

653 2407 902 2462 ecclesiis
935 2413 1066 2458 tunc
1098 2402 1202 2472 legi
1246 2402 1599 2456 consuevisse
1641 2403 1870 2470 geminas
1909 2403 1971 2454 ad
2016 2400 2210 2454 Corin-

641 2500 790 2553 thios
821 2497 1104 2566 epistolas,
1137 2510 1205 2548 ex
1233 2492 1353 2561 ejus
1386 2492 1700 2546 testimonio
1729 2492 2026 2548 discamus.
2055 2492 2209 2558 Quod

641 2600 821 2644 autem
865 2586 968 2640 hac
1013 2584 1079 2639 de
1118 2599 1177 2637 re
1225 2582 1417 2636 doctor
1466 2582 1757 2643 maximus,
1805 2582 1943 2636 idem
1991 2597 2209 2652 quoque

643 2690 768 2733 ante
802 2678 980 2747 ipsum
1023 2672 1316 2744 Dionysius
1343 2671 1662 2726 Corinthius
1683 2713 1697 2737 ,
1738 2672 1878 2726 idem
1907 2674 2068 2727 etiam
2103 2673 2209 2727 Eu-

642 2772 827 2825 sebius
857 2766 1233 2832 Ctesariensis,
1283 2764 1425 2819 idem
1476 2765 1665 2833 reliqui
1711 2765 2046 2834 antiquiores
2083 2781 2209 2835 pro-

642 2860 884 2914 fitentur.
921 2856 1056 2910 Cum
1101 2855 1283 2922 itaque
1316 2859 1465 2907 certo
1492 2861 1703 2909 constet
1733 2869 1798 2908 ex
1835 2860 2074 2908 veterum
2126 2862 2207 2908 te-

642 2949 937 3012 stimoniis,
972 2959 1156 3005 unam,
1205 2951 1258 2997 et
1308 2943 1524 3012 quidem
1580 2947 1852 3014 priorem,
1906 2943 2207 3000 Corinthiis

644 3040 963 3108 inscriptam
999 3036 1285 3106 epistolam
1326 3037 1540 3104 publice
1578 3037 1748 3091 fuisse
1787 3037 2079 3091 lectitatam
2103 3077 2118 3102 ,
2151 3039 2206 3092 id

643 3134 820 3203 ipsum
892 3128 1137 3200 profecto
1196 3126 1532 3198 Epiphanius
1605 3127 1732 3182 item
1795 3128 2014 3183 novisse
2079 3129 2275 3220 jurec

642 3221 1045 3280 existimandus
1091 3237 1106 3276 :
1139 3219 1380 3289 adeoque
1402 3257 1419 3283 ,
1461 3219 1549 3272 ubi
1583 3235 1691 3273 non
1723 3234 1882 3273 unam
1907 3219 2203 3277 Clementis

641 3314 948 3386 epistolam,
991 3311 1086 3366 sed
1126 3310 1246 3379 ejus
1297 3309 1564 3378 Epistolas
1601 3311 1886 3364 circulares
1928 3312 1982 3365 in
2029 3313 2205 3367 eccle-

642 3407 742 3462 siis
771 3403 941 3458 fuisse
973 3402 1243 3472 periectas
1272 3399 1521 3464 affirmat,
1549 3400 1617 3454 de
1646 3399 2012 3456 Corinthiacis
2058 3401 2205 3470 epis.

643 3495 776 3550 tolis
823 3493 995 3563 ipsius
1028 3489 1192 3544 verba
1239 3489 1389 3543 nullo
1416 3494 1577 3558 pacto
1611 3488 1925 3557 accipienda
1959 3504 2081 3544 esse
2119 3489 2203 3542 vi-

644 3588 864 3641 dentur.
897 3581 1035 3648 Quid
1053 3581 1196 3650 quod
1219 3579 1651 3649 Epiphanianum
1680 3579 2048 3634 testimonium
2067 3581 2202 3634 alias

646 3679 870 3734 omnino
915 3676 983 3730 ab
1021 3675 1266 3745 epistolis
1309 3672 1376 3726 ad
1423 3671 1735 3726 Corinthios
1776 3671 2051 3742 respicere
2080 3687 2199 3741 per-

649 3769 906 3827 hibetur?
975 3767 1035 3822 ln
1089 3765 1454 3822 Corinthiacis
1509 3765 1655 3820 enim
1709 3764 1858 3817 nulla
1925 3762 2201 3818 Samsonis

647 3862 874 3924 mentio,
909 3875 1083 3929 neque
1126 3858 1340 3929 uspiam
1369 3857 1600 3910 omnium
1647 3855 2013 3926 prophetarum
2037 3872 2202 3911 enco-

645 3955 814 4008 mium
843 3951 1081 4006 occurrit
1108 3967 1122 4014 ;
1148 3956 1208 4003 ut
1233 3949 1440 4020 reliqua
1470 3957 1854 4017 prtetereamus
1885 3966 1896 4000 :
1929 3963 2050 4015 quae
2071 3964 2204 4004 sane

646 4045 701 4099 in
753 4040 1002 4112 epistolis
1049 4036 1405 4093 Clementinis
1446 4037 1718 4104 extitisse,
1763 4034 1822 4092 S.
1868 4035 2201 4107 Epiphanius

648 4134 953 4188 luculenter
979 4137 1234 4184 testatur.

713 4223 782 4276 At
806 4220 1020 4290 inquies
1049 4234 1171 4274 cum
1210 4217 1489 4273 Lardnero
1525 4218 1660 4289 (94),
1691 4217 2054 4288 Epiphaniam
2078 4219 2200 4288 qni-

643 4315 763 4369 dem
797 4312 1054 4382 epistolas
1081 4309 1376 4366 Clementis
1417 4324 1520 4363 una
1553 4311 1738 4380 plures
1780 4325 2096 4379 agnoscere,
2117 4318 2199 4371 at-

642 4419 747 4473 que
801 4403 856 4456 in
906 4402 972 4456 iis
1023 4415 1131 4453 non
1192 4401 1366 4456 solum
1422 4399 1490 4454 de
1538 4398 1860 4470 Virginitate
1910 4400 2202 4468 scripsisse

2313 1947 2476 2001 dictis
2537 1947 2886 2004 Venemianis
2949 1951 3218 2003 calculum
3283 1965 3392 2004 non
3449 1949 3707 2018 adjiciant
3768 1949 3880 2003 viri

2312 2040 2478 2100 docti,
2515 2049 2573 2092 ut
2610 2056 2732 2110 qute
2763 2041 2946 2096 minus
2973 2049 3119 2095 recte
3163 2042 3266 2097 sibi
3303 2042 3574 2097 cohaarere
3598 2041 3852 2096 videntur

2312 2126 2600 2198 Utcunque
2635 2137 2816 2184 autem
2867 2147 2954 2186 res
2998 2148 3058 2187 se
3094 2132 3309 2196 habeat,
3338 2133 3470 2186 nihil
3516 2147 3645 2187 sane
3689 2131 3882 2201 prohi-

2311 2218 2436 2282 bet,
2473 2221 2770 2288 quominus
2805 2223 2888 2276 vel
2931 2224 3342 2287 existimemus,
3393 2222 3678 2293 Epiphanii
3714 2230 3884 2277 attate

2316 2310 2461 2378 apud
2489 2313 2782 2369 nonnullas
2801 2314 3068 2369 ecclesias
3115 2313 3170 2368 in
3224 2330 3376 2369 more
3404 2316 3589 2370 fuisse
3633 2315 3881 2383 positum

2318 2400 2578 2466 epistolas
2609 2400 2684 2454 De
2734 2404 3031 2472 virginitate
3057 2405 3272 2474 publice
3302 2406 3426 2475 legi;
3456 2405 3540 2458 vel
3567 2419 3688 2458 cum
3720 2403 3881 2458 Wet-

2310 2489 2486 2541 stenio
2519 2489 2629 2559 (96)
2662 2506 2987 2548 censeamus
3018 2512 3037 2545 ι
3073 2494 3434 2565 Epiphaniam
3460 2503 3520 2550 ut
3545 2495 3830 2551 Ebionazos
3856 2537 3876 2560 ,

2310 2591 2417 2630 non
2459 2577 2757 2636 Clementis
2797 2584 3003 2647 solum,
3042 2586 3137 2639 sed
3178 2587 3338 2640 etiam
3381 2585 3639 2641 Ecclesia:
3681 2596 3883 2640 aucto-

2311 2666 2471 2720 ritate
2541 2682 2852 2738 premeret,
2925 2676 3232 2730 encomium
3286 2678 3455 2746 priori
3507 2676 3881 2732 Corinthiacus

2307 2758 2564 2829 Epistolas
2591 2762 2875 2828 tributum,
2913 2765 2968 2819 in
2997 2773 3285 2836 utramque
3323 2773 3390 2821 ad
3422 2769 3642 2838 virgines
3687 2780 3880 2824 trans-

2307 2853 2519 2908 tulisse.
2555 2875 2572 2906 ι
2621 2855 2823 2920 Quidni
2855 2863 3035 2912 autem
3095 2858 3148 2912 id
3186 2859 3286 2914 rite
3334 2860 3526 2914 fecerit
3573 2860 3630 2914 S.
3666 2859 3881 2915 Pater!

2308 2951 2459 2996 ratus
2487 2943 2743 2998 nimirum
2770 2945 3010 3015 episcopi
3037 2947 3266 3002 Romani
3297 2951 3559 3020 epistolas
3585 2953 3651 3005 ad
3683 2952 3878 3007 Eccle-

2309 3032 2404 3086 siae
2433 3033 2703 3087 universze
2732 3033 3126 3090 institutionem
3171 3039 3441 3107 pertinere
3467 3081 3481 3105 ,
3512 3043 3879 3110 quemadmo-

2308 3123 2437 3178 dum
2466 3132 2521 3179 et
2550 3125 2617 3178 de
2647 3127 2828 3194 priore
2853 3129 2922 3181 ad
2949 3129 3259 3186 Corinthios
3282 3130 3584 3186 factitatum
3619 3143 3874 3192 noverat.

2307 3214 2479 3270 Porro
2515 3216 2580 3268 ad
2618 3219 2825 3288 reliqua
2869 3218 3240 3289 Epiphaniana
3282 3225 3665 3283 extenuanda.
3709 3227 3877 3295 plura

2306 3307 2552 3376 congerit
2582 3306 2722 3361 idem
2766 3309 2849 3362 vir
2876 3310 3163 3374 eruditus;
3197 3325 3314 3379 quae
3348 3317 3529 3364 tamen
3556 3312 3741 3366 omnia
3774 3329 3877 3368 ex-

2306 3395 2495 3464 pendit
2523 3398 2586 3448 ac‘
2617 3395 2776 3448 diluit
2805 3397 2876 3450 cl.
2911 3396 3086 3451 editor
3130 3413 3144 3448 :
3177 3397 3311 3470 adeo
3343 3407 3401 3452 ut
3450 3408 3695 3465 constet,
3740 3418 3877 3458 san-

2305 3498 2454 3542 ctum
2483 3490 2798 3558 episcopum
2824 3487 3295 3544 Constantienseni
3317 3531 3331 3555 ,
3363 3493 3490 3546 dum
3513 3494 3674 3548 verba
3709 3511 3880 3566 snp¢~

2306 3577 2424 3630 rius
2448 3579 2672 3632 recitata
2703 3579 3086 3648 perscriberet,
3113 3579 3167 3632 in
3189 3579 3288 3635 has
3311 3581 3569 3650 epistolas
3611 3581 3875 3654 Syriacas

2305 3671 2494 3724 oculos
2522 3669 2840 3726 intendisse.

2375 3762 2492 3816 XII.
2578 3761 2881 3833 Epiphanio
2939 3761 3297 3835 Hieronymus
3393 3764 3614 3821 accedat
3676 3767 3875 3822 doctor

2305 3854 2576 3908 maximus
2600 3893 2615 3917 ,
2669 3853 2823 3911 testis
2858 3853 2994 3907 alter
3024 3854 3504 3923 locupletissimus.
3551 3856 3644 3912 Sic
3699 3859 3875 3931 igitur

2305 3947 2396 4004 ille
2421 3948 2683 4002 adversus
2711 3945 3054 4001 Iovinianum
3090 3947 3202 4017 (97)
3231 3968 3243 4002 :
3272 3947 3346 4001 Hi
3376 3960 3498 4004 sunt
3520 3954 3761 4020 eunuchi,
3797 3988 3876 3999 _

2303 4055 2431 4108 quos
2459 4038 2713 4091 castravit
2755 4054 2856 4090 non
2903 4041 3206 4104 necessitas,
3237 4039 3328 4093 sed
3357 4040 3618 4098 voluntas.
3663 4075 3733 4085 —
3781 4049 3872 4101 Ad

2302 4128 2394 4181 Iros
2422 4139 2472 4181 et
2527 4126 2765 4181 Clemens
2824 4143 3094 4181 successor
3162 4132 3391 4198 apostoli
3457 4132 3644 4198 Petri,
3713 4136 3872 4204 cujus

2305 4219 2510 4272 Paulus
2536 4221 2804 4286 apostolus
2837 4220 3107 4283 meminit,
3140 4221 3319 4275 scribit
3339 4224 3587 4290 epistolas
3627 4242 3868 4280 omnem-

2300 4327 2398 4379 que
2425 4326 2551 4377 pene
2592 4325 2880 4364 sermonem
2929 4325 3084 4364 suum
3148 4311 3212 4365 de
3260 4315 3578 4383 virginitatis
3629 4321 3872 4385 puritate

2302 4403 2586 4456 contexuit.
2643 4401 2835 4470 Agesis
2884 4416 3052 4465 nunc,
3128 4401 3441 4471 hujusmodi
3490 4408 3869 4464 testimonium

641 4498 976 4551 Clementem
997 4531 1011 4556 ,
1049 4491 1145 4547 sed
1172 4493 1332 4546 etiam
1362 4490 1681 4546 Samsonem
1713 4490 1986 4553 laudasse,
2020 4492 2196 4560 ipsum
2231 4502 2276 4557 ι)
2304 4489 2695 4559 erpendamus.
2727 4487 2857 4542 Tria
2887 4489 2940 4542 in
2971 4505 3036 4544 eo
3061 4497 3188 4542 sunt
3217 4490 3384 4559 probe
3413 4493 3673 4550 notanda.
3708 4493 3748 4549 l.
3779 4495 3871 4552 Ad

641 4586 885 4659 profiteri
951 4600 964 4636 :
1023 4583 1167 4653 quod
1217 4592 1509 4655 utrumque
1555 4584 1610 4638 in
1659 4584 1904 4652 epistolis
1961 4583 2202 4654 Syriacis

643 4675 999 4746 conspicitur,
1052 4674 1394 4728 desideratur
1439 4681 1619 4728 autem
1675 4674 1730 4726 in
1779 4672 2003 4728 Graecis.
2062 4672 2200 4728 Hinc

641 4774 825 4821 tamen
855 4778 1015 4818 nemo
1051 4763 1174 4831 jure
1207 4760 1461 4830 colligat,
1489 4760 1672 4829 judice
1715 4760 1991 4816 Lardnero
2014 4803 2029 4826 ,
2073 4761 2201 4831 Epi-

641 4856 903 4928 phanium
946 4853 1014 4909 de
1046 4853 1318 4924 prioribus
1353 4852 1532 4907 statim
1563 4853 1970 4922 intelligendum
2015 4871 2028 4908 :
2074 4869 2196 4906 cum

642 4950 789 5004 enim
829 4953 1023 5000 neutra
1066 4943 1414 4998 Corinthiaco
1456 4943 1684 5012 epistola
1732 4945 1936 5013 integra
1985 4943 2050 4997 ad
2097 4960 2198 4998 nos

643 5037 951 5110 pervenerit
979 5075 993 5100 ,
1031 5034 1145 5090 fieri
1172 5044 1381 5104 potest,
1425 5042 1481 5087 ut
1519 5032 1799 5089 Samsonis
1829 5036 2028 5088 mentio
2058 5037 2200 5090 inter

644 5145 706 5184 ea
737 5144 856 5199 quae
886 5128 943 5182 in
972 5126 1163 5181 iisdem
1203 5125 1447 5195 epistolis
1473 5125 1692 5190 desunt,
1723 5126 1955 5181 maxime
1985 5143 2112 5182 vero
2142 5128 2196 5182 in

647 5219 904 5281 secunda,
936 5217 1255 5271 occurrerit.
1287 5217 1398 5278 Nm.
1429 5218 1522 5287 qui
1555 5217 1794 5272 rationes
1828 5233 1954 5272 suas
1975 5219 2048 5270 ita
2079 5218 2201 5272 sub-

645 5309 817 5372 ducit,
849 5321 1068 5378 operam
1126 5307 1276 5363 ludit.
1306 5307 1445 5372 Quid
1480 5307 1724 5377 quaeris?
1774 5308 1952 5363 nullus
1983 5309 2198 5377 conjec—

645 5404 784 5453 turis
816 5403 988 5462 locus,
1041 5397 1130 5449 ubi
1173 5412 1260 5452 res
1316 5397 1431 5466 ipsa
1478 5397 1698 5450 clamat.
1742 5397 2085 5466 Quaicunque
2132 5399 2196 5452 de

642 5489 938 5548 Clementis
988 5488 1234 5559 epistolis
1273 5488 1439 5542 refert
1477 5485 1845 5558 Epiphanius,
1901 5488 1954 5541 in
2007 5489 2197 5558 primis

708 5621 830 5696 (95)
871 5625 942 5696 De
970 5625 1066 5680 vir.
1100 5626 1318 5685 illustr.,
1356 5641 1475 5696 cap.
1508 5624 1596 5678 15-

698 5695 827 5822 (3:)
897 5695 1163 5771 Lardner,
1202 5700 1234 5754 Α
1267 5693 1476 5750 dissert.
1530 5708 1665 5762 upon
1696 5694 1780 5747 the
1830 5702 1925 5748 two
1957 5693 2127 5765 Epist.
2157 5735 2172 5760 ,

637 5781 693 5836 p.
807 5803 826 5827 ο

2305 4580 2565 4634 eunuchos
2634 4580 2935 4649 spirituales
3007 4587 3080 4633 et.
3143 4582 3488 4651 evangelicos
3572 4586 3870 4654 scripsisse

2301 4671 2632 4726 Clementem
2655 4671 2850 4724 asserit
2872 4681 3093 4724 sanctus
3114 4670 3322 4726 doctor.
3340 4671 3526 4726 ILNon
3550 4676 3864 4743 epistolam,

2304 4765 2396 4820 sed
2426 4763 2676 4832 epistolas
2712 4762 2903 4817 iisdem
2936 4763 3225 4832 inscriptas
3265 4766 3442 4832 ipsum
3486 4781 3743 4822 exarasse
3779 4777 3868 4824 te-

2303 4863 2500 4910 statur.
2550 4851 2638 4906 lll.
2687 4853 2746 4906 1n
2774 4853 2859 4907 his
2894 4854 3141 4923 epistolis
3165 4871 3368 4908 omnem
3406 4871 3529 4921 pene
3571 4874 3864 4912 sermonem

2299 4961 2451 5000 suum
2473 4944 2536 4998 de
2559 4944 2872 5012 virginitatis
2893 4945 3123 5008 puritate
3149 4943 3300 4996 illum
3321 4945 3646 4999 contexuisse
3670 4946 3864 5003 tradit.

2300 5036 2430 5102 Quae
2475 5034 2688 5105 quidem
2721 5033 2856 5089 adeo
2898 5043 3024 5088 sunt
3058 5034 3366 5099 manifesta,
3400 5044 3462 5089 ut
3510 5037 3720 5091 nullum
3765 5055 3864 5093 su-

2299 5127 2470 5198 persit
2497 5126 2722 5180 dubium
2753 5124 2886 5195 quin
2923 5125 2991 5181 de
3029 5126 3235 5181 nostris
3260 5127 3506 5196 epistolis
3552 5129 3662 5181 sint
3708 5131 3864 5182 acci-

2300 5217 2516 5288 pienda.
2541 5216 2682 5281 Quid
2719 5231 2849 5270 vero
2907 5217 2974 5270 ad
3018 5217 3130 5271 haec
3166 5218 3363 5272 eruditi
3397 5219 3492 5272 viri
3527 5219 3688 5272 modo
3736 5221 3860 5274 lau-

2299 5308 2447 5362 dati?
2476 5305 2802 5359 Existimant
2829 5321 3020 5374 nempe
3067 5305 3454 5376 Hieronymum
3485 5305 3571 5361 hic
3616 5308 3862 5366 animum

2300 5398 2597 5452 intendisse
2635 5398 2688 5451 in
2731 5397 3022 5451 secundam
3071 5397 3135 5450 ad
3171 5397 3484 5452 Corinthios
3527 5399 3817 5468 epistolam
3843 5439 3862 5462 ,

2299 5488 2389 5542 ubi
2432 5488 2569 5540 forte
2616 5484 2684 5539 de
2734 5486 3044 5557 virginitate
3074 5486 3328 5544 Clemens
3374 5487 3641 5558 prolixius
3685 5489 3866 5560 egerit

2369 5622 2479 5690 (95)
2517 5619 2689 5689 Epist.
2724 5623 2774 5683 1,
2805 5636 2923 5691 pag.
2961 5622 3015 5676 6.

2369 5692 2481 5765 (sti)
2523 5691 2694 5765 Epist.
2730 5693 2795 5765 ad
2822 5690 2892 5765 ll.
2931 5694 3175 5760 Venem.,
3208 5711 3260 5765 p.
3291 5694 3384 5750 22.

2371 5693 2459 5756 (96
2523 5693 2694 5760 Epist.
2730 5693 2795 5742 ad
2827 5693 2891 5746 Η.

2371 5693 2484 5833 (97;
2527 5759 2642 5815 Lib.
2681 5775 2718 5826 ι,
2755 5759 2786 5833 ς
2818 5761 2900 5817 12.
