4054 6320
158 364 256 422 “3

1408 365 1746 423 Ριιοαῑδιιλ
1787 366 2165 424 γΑιιιωωΜ.

3274 365 3369 420 HI

161 482 225 537 iis
258 481 309 534 in
352 479 487 534 locis
530 494 651 551 quae
693 493 838 534 nunc
881 478 1294 547 desiderantur;
1339 496 1513 550 neque
1562 481 1705 535 enim
1737 486 1781 544 Α
1812 482 2100 536 servanda.
2133 479 2228 534 llis
2253 476 2490 545 denique
2527 491 2654 532 cum
2681 473 2993 532 Wetstenio
3026 477 3177 548 (100)
3200 477 3368 534 addas

160 573 366 642 integra
436 571 501 625 ad
560 587 659 626 nos
706 571 971 642 pervenit.
1023 570 1163 636 Quid
1233 572 1460 642 loquar?
1509 571 1710 638 Quovis

159 666 409 737 equidem
439 667 665 734 pignore
693 663 1018 718 contendere
1041 665 1238 726 ausim,
1271 680 1336 718 ex
1364 665 1538 719 tribus
1567 666 1711 718 notis

159 758 212 812 in
255 754 574 809 testimonio
638 752 1060 821 Hieronymiano
1108 753 1450 820 observatis,
1507 754 1712 805 nullam

159 846 378 900 omnino
411 844 701 914 posteriori
731 844 971 913 epistola:
1001 843 1403 910 Corinthiacae;
1437 853 1491 896 at
1522 852 1712 898 contra

159 937 401 1004 epistolis
433 938 638 990 nostris
688 935 753 987 ad
787 950 949 987 unam
1002 950 1194 988 omnes
1240 936 1343 989 rite
1391 949 1710 1004 congruere.

161 1026 398 1081 Primum
446 1028 590 1079 enim
641 1025 721 1079 hae
764 1025 1043 1096 virginibus
1091 1026 1346 1094 fratribus
1403 1033 1458 1081 et
1503 1027 1714 1097 virgini-

163 1113 251 1167 bus
282 1115 572 1180 sororibus,
595 1114 648 1168 id
668 1123 750 1168 est
771 1115 1033 1168 eunuchis
1061 1115 1433 1184 Spiritualibus
1463 1132 1600 1186 quos
1626 1131 1716 1169 ca-

163 1207 355 1260 stravit
383 1207 637 1259 voluntas
661 1241 678 1268 ,
710 1204 987 1272 inscriptae
1029 1204 1298 1259 feruntur.
1350 1203 1575 1268 Deinde,
1607 1219 1714 1258 non

164 1309 344 1357 unam,
370 1292 464 1348 sed
486 1293 617 1346 duas
649 1292 894 1360 epistolas
922 1293 990 1345 ad
1021 1291 1143 1346 illos
1173 1290 1321 1344 misit
1357 1289 1413 1344 S.
1438 1290 1713 1345 Clemens.

165 1383 405 1453 Denique
427 1381 691 1439 iniisdem
715 1397 916 1439 omnem
964 1397 1090 1450 pene
1136 1397 1424 1437 sermonem
1463 1370 1526 1435 de
1557 1382 1715 1449 virgi-

164 1472 340 1528 nitatis
373 1474 598 1542 puritate
645 1472 928 1526 conteauit.
988 1471 1091 1527 Ubi
1131 1471 1554 1535 advertendum,
1595 1487 1717 1540 per-

163 1579 325 1633 quam
370 1561 618 1633 apposite
671 1561 840 1616 fuisse
885 1561 1125 1616 locutum
1154 1571 1403 1616 sanctum
1451 1561 1714 1631 Hierony-

165 1670 306 1709 mum
360 1673 374 1708 :
440 1652 676 1721 vigilanti
725 1651 992 1722 siquidem
1025 1652 1178 1708 verba
1222 1667 1378 1718 usus,
1429 1663 1489 1707 ut
1533 1652 1719 1723 phrasi

166 1745 563 1817 Augustiniana
609 1747 803 1817 loquar
833 1747 978 1818 (98),
1022 1755 1188 1818 atque
1217 1747 1583 1803 restrictionis
1624 1763 1720 1802 vo—

1819 572 1999 635 velim,
2037 570 2297 640 epistolas
2333 567 2551 637 quidem
2601 565 2854 638 Syriacas
2895 582 2996 636 pro
3043 565 3374 639 Hieronymo

1817 669 1870 714 et
1898 669 2090 715 contra
2123 659 2468 714 Iovinianum
2500 656 2739 711 maxime
2768 654 2950 710 facere
2983 675 2995 710 :
3034 655 3090 710 in
3119 656 3186 710 iis
3228 658 3371 711 enim

1815 755 2008 808 statuit
2044 753 2298 808 Clemens
2333 751 2410 821 (1)
2433 790 2447 814 ,
2475 749 2764 819 virginibus
2801 749 3000 804 sanctis
3040 748 3371 805 excellentio-

1815 863 1923 899 rem
1963 848 2017 900 in
2059 847 2200 899 caelis
2243 843 2413 900 locum
2467 843 2652 896 datum
2695 843 2802 908 iri,
2850 857 3006 911 quam
3062 839 3370 910 conjugibus

1814 936 2016 989 sanctis
2048 949 2071 990 ι·
2114 932 2235 1006 quae
2275 945 2360 991 est
2412 935 2688 1006 ipsissima
2729 933 2999 989 sententia
3036 930 3371 1001 Hieronymi.

1818 1025 2018 1080 Verum
2048 1042 2112 1082 ex
2148 1026 2404 1096 Epistolis
2428 1025 2628 1080 Graecis
2655 1025 2860 1079 nullum
2893 1040 3004 1078 suae
3022 1032 3210 1077 causa:
3240 1039 3373 1093 prae-

1816 1118 2016 1173 sidium
2077 1133 2344 1187 quaerere,
2377 1119 2651 1188 potuisset
2705 1125 2934 1172 sanctus
2986 1114 3216 1179 doctor,
3284 1115 3374 1168 ubi

1816 1209 2025 1264 nullum
2073 1208 2143 1264 de
2207 1209 2522 1279 virginitate
2572 1209 2804 1263 colenda
2864 1208 3178 1277 vestigium.
3246 1207 3376 1272 Quae

1817 1315 1941 1354 cum
1989 1299 2062 1352 ita
2105 1314 2165 1352 se
2200 1300 2468 1363 habeant,
2513 1298 2736 1354 nonnisi
2784 1296 2850 1353 de
2893 1298 3097 1351 nostris
3154 1296 3220 1350 ad
3271 1298 3373 1349 vir-

1816 1389 1959 1458 gines
1997 1387 2246 1458 epistolis
2284 1386 2603 1458 Hieronymi
2657 1387 2824 1443 verba
2872 1387 3227 1458 intelligenda
3251 1402 3375 1442 esse

1820 1486 2145 1533 noscuntur.

1891 1565 1997 1619 Sed
2036 1580 2165 1621 ecce
2193 1565 2291 1619 tibi
2336 1580 2531 1620 rursus
2571 1564 2656 1620 vir
2690 1564 2779 1620 ille
2823 1564 3195 1631 doctissimus,
3220 1566 3377 1635 cujus

1820 1655 1980 1723 paulo
2023 1663 2146 1708 ante
2187 1655 2568 1717 meminimus,
2610 1656 2705 1724 qui
2742 1671 2811 1710 ex
2854 1654 3170 1725 Hieronymi
3213 1655 3380 1709 silen-

1821 1745 1895 1798 tio
1920 1745 1973 1798 in
2005 1745 2145 1799 libro
2180 1745 2252 1799 De
2273 1747 2396 1800 viris
2420 1746 2737 1810 illustribus,
2799 1745 2988 1799 harum
3015 1745 3380 1815 Episto!arum

161 1838 333 1891 cuiam
388 1851 514 1905 pene
544 1851 814 1906 usurpans
840 1874 856 1903 ,
898 1853 1007 1892 non
1037 1855 1239 1892 omnem
1272 1839 1520 1894 absolute
1545 1838 1715 1901 dixit,
1749 1827 1791 1882 B
1821 1829 2249 1899 suppositionem
2297 1832 2550 1889 evincere
2602 1833 2899 1887 existimat.
2955 1849 2974 1885 t
2996 1832 3378 1904 Hieronymus,

163 1931 252 1984 sed
287 1946 491 1983 omnem
529 1945 657 1996 pene
701 1945 1007 1985 sermonem
1057 1930 1123 1986 de
1172 1932 1485 2000 virginitate
1520 1943 1551 1983 a
1597 1930 1721 1986 Cle-

161 2030 336 2075 mente
382 2019 556 2076 l‘uisse
597 2029 919 2076 contextum
971 2038 987 2075 :
1040 2031 1328 2092 pr0pterea
1376 2023 1608 2086 scilicet,
1663 2028 1720 2074 ut

161 2112 357 2180 optime
405 2112 738 2168 Wetstenius
788 2112 924 2182 (99),
975 2112 1118 2182 quod
1171 2112 1227 2166 in
1273 2113 1450 2183 prima
1491 2111 1720 2182 cpistola

161 2218 273 2273 cap.
309 2205 403 2269 14,
434 2204 614 2274 agitur
659 2203 730 2258 de
761 2204 1053 2258 visitandis
1086 2205 1336 2274 aegrotis,
1368 2217 1422 2259 et
1472 2219 1593 2276 cap.
1627 2205 1714 2268 15,

161 2294 223 2349 de
271 2295 394 2374 aliis
459 2294 688 2360 oﬂlciis,
756 2311 876 2367 quae
946 2311 1055 2350 non
1123 2296 1297 2366 magis
1352 2295 1422 2350 ad
1481 2296 1721 2367 virgines

161 2403 316 2455 quam
363 2387 432 2442 ad
481 2389 745 2459 coniuges
798 2389 1114 2459 pertinent;
1170 2389 1224 2441 in
1285 2387 1523 2443 secunda
1593 2403 1721 2443 vero

161 2483 539 2545 proponuntur
589 2480 833 2546 exempla
880 2477 1047 2533 Mosis
1077 2517 1108 2538 ._
1148 2477 1386 2534 Aaronis
1413 2485 1469 2533 et
1512 2477 1715 2557 Josuae,

163 2566 246 2633 qui
277 2576 432 2622 certe
459 2567 513 2621 in
544 2569 802 2638 conjugio
829 2571 1105 2623 vixerunt.

227 2656 292 2728 At
320 2659 466 2713 enim
501 2657 866 2730 Hieronymus
893 2660 946 2713 in
979 2660 1444 2728 disputationibus
1472 2676 1595 2716 cum
1625 2660 1721 2716 ad-

160 2749 438 2812 versariis,
481 2765 545 2804 ac
576 2752 877 2819 praisertim
906 2767 971 2805 eo
1003 2752 1058 2805 in
1085 2751 1225 2805 libro
1266 2760 1451 2805 contra
1480 2735 1721 2806 Iovinia-

166 2855 306 2904 num,
338 2840 524 2894 omnia
552 2851 839 2912 exaggerat
867 2851 1028 2910 atque
1061 2841 1408 2911 hyperbolice
1437 2843 1678 2910 loquitur
1703 2861 1716 2896 :

161 2939 217 2984 ut
254 2931 486 3000 proinde
526 2932 672 2985 haud
705 2931 931 2987 miretur
981 2931 1254 3000 quispiam
1279 2970 1294 2994 ,
1337 2932 1383 2985 si
1424 2932 1719 3006 secundam

163 3019 542 3073 tantummodo
598 3019 885 3088 epistolam
937 3019 1343 3076 Corinthiacam
1396 3021 1718 3091 respiciens,

165 3108 419 3175 epistolas
473 3108 646 3164 fuisse
689 3123 718 3162 a
749 3108 1027 3166 Clemente
1068 3112 1398 3182 perscriptas
1439 3117 1666 3167 testetur
1705 3131 1718 3166 :

161 3213 276 3269 qua
307 3209 395 3256 est
419 3202 657 3272 primum
689 3200 875 3256 Grabii
900 3243 917 3267 ,
949 3203 1144 3259 deinde
1173 3204 1436 3259 Lardneri
1467 3211 1520 3258 et
1549 3203 1724 3260 Vene-

161 3279 260 3344 mae
292 3292 584 3348 sententia.
618 3291 749 3347 Esto
783 3312 794 3346 :
831 3295 1177 3350 consueverit
1203 3296 1496 3366 aliquando
1528 3295 1581 3349 in
1614 3295 1726 3350 dis—

160 3383 460 3450 putationis
492 3393 628 3439 aestu
670 3402 996 3457 exaggerare
1037 3389 1438 3461 Hieronymus;
1491 3405 1600 3444 non
1643 3396 1728 3446 est

159 3479 339 3529 tamen
393 3491 499 3530 cur
532 3475 620 3530 hic
653 3477 830 3548 ipsum
875 3495 983 3533 non
1035 3480 1300 3544 humane,
1340 3497 1450 3535 non
1510 3481 1729 3550 proprie

161 3561 400 3617 locutum
441 3566 837 3622 existimemus.
874 3565 1165 3633 Praeterea,
1214 3569 1478 3638 epistolas
1526 3569 1591 3623 ad
1635 3585 1728 3622 eu-

160 3655 353 3708 nuchos
403 3657 754 3726 evangelicos
823 3657 1040 3714 dedisse
1099 3660 1431 3716 Clementem
1481 3661 1728 3731 perhibet

160 3742 219 3799 8.
253 3745 441 3802 Pater.
480 3745 621 3802 Num
651 3763 778 3818 ergo
811 3756 866 3804 et
909 3750 1000 3807 hic
1047 3751 1198 3805 illum
1231 3751 1524 3822 hyperbole
1556 3752 1726 3809 fuisse

161 3849 356 3904 usum;
407 3847 505 3892 aut
551 3840 617 3894 ad
663 3856 759 3897 eos
792 3859 917 3912 quos
964 3844 1214 3897 castravit
1263 3861 1367 3898 non
1412 3846 1720 3910 necessitas,

167 3929 253 3983 sed
277 3933 551 3994 voluntas,
596 3933 818 3987 missam
848 3935 1159 4004 putabimus
1185 3952 1306 4005 quae
1335 3943 1419 3991 est
1459 3937 1727 4007 posterior

161 4020 224 4074 ad
249 4020 614 4076 Corinthios?
639 4021 780 4088 Quid
812 4025 955 4093 quod
1001 4022 1338 4094 Hieronymo
1378 4027 1727 4082 censentiens

159 4105 526 4177 Epiphanius,
555 4117 786 4166 testatur
822 4113 1104 4166 circulares
1149 4115 1399 4182 epistolas
1474 4116 1727 4173 eumdem

159 4195 468 4254 missitasse
497 4199 852 4266 Clementem,
881 4200 936 4253 in
968 4200 1165 4270 quibus
1199 4203 1550 4272 virginitatem
1591 4203 1723 4258 edo«

160 4285 286 4340 cet?
310 4286 398 4341 An
436 4301 568 4341 vero
599 4296 824 4343 sanctus
867 4304 1082 4360 quoque
1129 4289 1570 4346 Constantiensis
1605 4295 1726 4363 epi-

162 4388 360 4446 ICOpus
395 4392 762 4448 exaggerasse
792 4377 1099 4432 dicendus?
1130 4379 1238 4436 Fac
1269 4381 1508 4450 denique
1539 4383 1593 4438 in
1637 4398 1726 4437 rc-

1821 1922 2028 1989 inquit.
2082 1921 2138 1976 in
2199 1923 2461 1995 Catalogo
2508 1915 2835 1996 scriptorum
2880 1925 3379 1981 eCclesiasticorum

1819 2011 2158 2066 Clementem
2186 2029 2296 2068 non
2327 2015 2573 2085 negligit,
2607 2016 2903 2086 laudatque
2945 2017 3067 2088 ejus
3093 2019 3379 2088 epistolam

1821 2105 2051 2173 primam
2082 2105 2150 2159 ad
2176 2104 2496 2162 Corinthios
2524 2126 2537 2162 :
2563 2108 2807 2162 meminit
2834 2116 2886 2164 et
2918 2110 3193 2174 secundae,
3216 2126 3381 2179 quam

1820 2202 2000 2251 tamen
2038 2213 2144 2251 non
2176 2199 2244 2254 ab
2291 2198 2549 2254 omnibus
2589 2198 2802 2254 admitti
2835 2199 3083 2255 allirmat.
3129 2200 3382 2257 Profecto

1821 2302 1929 2341 non
1975 2288 2218 2344 siluisset
2259 2296 2314 2344 et
2362 2289 2606 2361 geminas
2650 2291 2809 2354 alias,
2854 2292 2902 2344 si
2948 2300 3160 2348 nosset.
3193 2311 3210 2345 ι
3257 2293 3383 2347 illas

1822 2379 2009 2448 utique
2042 2393 2150 2432 non
2180 2379 2460 2434 omisiSset
2491 2388 2718 2436 sanctus
2749 2364 2973 2445 doctor:
2993 2384 3038 2437 si
3066 2395 3252 2438 nosset
3276 2401 3384 2454 quo

1821 2475 2068 2537 tempore
2097 2469 2297 2524 librum
2327 2469 2403 2524 De
2444 2471 2567 2523 viris
2597 2470 2891 2526 illustribus
2923 2472 3112 2529 edidit.
3173 2473 3382 2530 Hincne

1821 2573 1954 2612 vero
1980 2573 2170 2613 earum
2201 2560 2568 2630 integritatem
2595 2571 2906 2631 suspectam
2938 2565 3166 2620 reddere
3193 2566 3388 2620 liceat?

1820 2648 1990 2712 Cedo,
2008 2666 2116 2720 quo
2136 2651 2354 2705 domum
2374 2667 2516 2706 anno
2528 2650 2764 2707 confecti
2782 2651 2935 2709 luere
2959 2656 3073 2711 sive
3091 2657 3383 2726 Catalogus

1823 2738 1914 2794 ille
1966 2738 2548 2812 Hieronymianusnbi
2583 2743 2735 2797 nulla
2773 2752 3087 2798 nostrarum
3133 2746 3388 2816 epistola-

1823 2844 1944 2886 rum
1984 2832 2224 2897 mentio,
2271 2832 2387 2888 sive
2420 2833 2547 2888 libri
2578 2833 2688 2889 duo
2743 2847 2929 2891 contra
2954 2836 3294 2895 Jovinianum
3330 2839 3384 2892 in

1822 2924 2023 2994 quibus
2046 2925 2247 2980 eaedem
2271 2941 2337 2980 ex
2363 2931 2549 2979 nostra
2579 2931 2848 2983 sententia
2875 2928 3189 2982 laudantur?
3221 2930 3384 2983 Scili-

1824 3024 1910 3082 cet
1929 3030 1993 3069 ex
2026 3015 2146 3086 ipso
2171 3015 2501 3088 Hieronymo
2522 3018 2786 3074 discimus
2813 3019 2910 3091 (2),
2937 3019 3136 3073 librum
3159 3019 3233 3072 De
3260 3020 3385 3073 viris

1826 3105 2122 3162 illustribus
2167 3106 2339 3163 fuisse
2363 3108 2670 3163 absolutum
2699 3127 2837 3163 anno
2888 3111 3163 3165 Theodosii
3187 3112 3386 3180 princi-

1828 3196 1908 3264 pis
1937 3212 2048 3259 xlv,
2073 3197 2177 3250 hoc
2210 3205 2296 3252 est
2323 3214 2469 3253 anno
2490 3198 2692 3255 Christi
2707 3199 3001 3256 ‘592.Patet
3031 3210 3296 3272 praeterea
3318 3217 3390 3258 e1.

1827 3289 2014 3342 eodem
2041 3296 2236 3344 sancto
2269 3288 2514 3356 doctore,
2542 3291 2712 3346 libros
2743 3291 3008 3347 adversus
3033 3291 3386 3348 Iovinianum

1827 3387 1953 3450 post
1985 3379 2131 3434 hunc
2170 3380 2347 3450 ipsum
2395 3396 2596 3435 annum
2640 3381 2910 3449 prodiisse
2959 3401 2972 3437 :
3019 3382 3289 3452 siquidem
3332 3384 3386 3440 in

1828 3483 2016 3524 eorum
2051 3469 2247 3539 primo,
2285 3464 2437 3524 num.’
2479 3468 2549 3524 26
2601 3470 2783 3539 operis
2831 3469 2910 3525 Ds
2937 3471 3062 3525 viris
3091 3469 3386 3524 illustribus

1827 3559 2094 3614 meminit.
2126 3559 2325 3624 Quare,
2379 3575 2522 3614 anno
2574 3561 2855 3614 minimum
2907 3561 3032 3625 595,
3075 3572 3168 3615 aut
3209 3563 3386 3617 serius

1827 3650 2080 3712 fortasse,
2134 3657 2324 3703 contra
2355 3648 2700 3703 Iovinianum
2756 3649 3037 3718 scripserit
3068 3647 3126 3704 S.
3174 3649 3386 3706 doctor.

1828 3739 1972 3793 Nihil
2005 3738 2168 3809 igitur
2196 3740 2416 3805 mirum,
2461 3739 2508 3793 si
2548 3738 2614 3793 de
2641 3721 2838 3808 quibus
2870 3739 3110 3810 loquitur
3140 3739 3390 3795 Clemen-

1827 3832 1958 3887 tinis
1987 3832 2234 3903 epistolis
2264 3829 2319 3886 in
2350 3832 2416 3887 iis
2446 3832 2622 3895 libris,
2649 3847 2743 3887 eas
2773 3831 2827 3885 in
2868 3831 3126 3901 Catalogo
3165 3842 3390 3901 praeter-

1829 3924 1970 3980 ierit.
2017 3925 2128 3980 Cur
2168 3926 2240 3978 ita
2272 3923 2508 3987 demum,
2563 3923 2814 3996 inquies?
2865 3924 2990 3993 quia
3038 3924 3289 3979 videlicet
3329 3924 3386 3979 in

1827 4018 2050 4086 prologo
2082 4015 2148 4069 ad
2203 4015 2452 4086 eumdem
2497 4014 2816 4086 Catalogum
2859 4017 3104 4086 queritur
3158 4017 3387 4085 ipsemet

1827 4106 2210 4178 Hieronymus,
2236 4108 2494 4180 pleraque
2521 4115 2651 4163 tunc
2682 4107 2784 4166 sibi
2831 4106 2998 4163 fuisse
3029 4107 3385 4176 incomperta.

1829 4197 2008 4268 Neque
2029 4200 2185 4262 enim,
2218 4199 2313 4263 ait,
2343 4198 2405 4252 de
2439 4198 2516 4254 his
2565 4215 2680 4268 quae
2726 4216 2824 4252 non
2873 4199 2989 4268 legi,
3032 4216 3184 4260 nosse,
3209 4201 3386 4267 potui;

1826 4296 1877 4342 et
1908 4287 2046 4358 quod
2073 4288 2193 4346 aliis
2225 4287 2450 4356 forsitan
2491 4289 2566 4341 sit
2588 4299 2788 4353 notum,
2832 4290 2958 4342 mihi
3008 4290 3061 4348 in
3093 4289 3188 4347 hoc
3221 4299 3402 4362 terras

1828 4394 1945 4433 rum
1976 4377 2166 4447 angulo
2197 4378 2355 4446 fuerit
2384 4378 2634 4446 ignotum.
2668 4377 2811 4442 Quid
2860 4394 3044 4449 porro,
3077 4379 3122 4433 si
3151 4378 3389 4434 sanctis.

160 4464 324 4535 liquis
357 4484 484 4538 quin
515 4469 838 4522 exciderunt
874 4470 1197 4540 posterioris
1241 4471 1494 4544 Epistolas
1529 4470 1723 4529 Corin-
1753 4479 1801 4539 ι)
1827 4468 2000 4524 simus
2027 4469 2215 4523 doctor
2265 4469 2320 4524 in
2376 4452 2687 4542 Subseculis.
2735 4469 2888 4525 libris
2934 4470 3090 4539 plura
3124 4478 3389 4526 ωὓῐηοΐϐι

161 4558 376 4620 thiacm,
413 4557 591 4612 fuisse
619 4559 683 4612 de
715 4558 1036 4629 Virginitate
1066 4560 1306 4616 locutum
1341 4564 1677 4639 Clementem
1708 4588 1721 4624 :

162 4659 212 4702 at
238 4651 540 4719 quomodo,
577 4651 759 4714 sodes,
794 4651 848 4704 in
873 4666 936 4707 ea
966 4667 1084 4720 quae
1123 4667 1419 4723 supersunt
1460 4660 1731 4726 quadrent

162 4736 480 4811 Hieronymi
513 4742 696 4805 verba,
727 4742 926 4811 quibus
974 4742 1200 4797 aﬂirmat
1234 4745 1288 4800 in
1337 4746 1444 4804 illis
1473 4749 1727 4804 Clemen-

162 4830 287 4885 tinis
315 4831 580 4901 Epistolis
615 4850 813 4888 omnem
844 4852 968 4903 pene
997 4853 1285 4893 sermonem
1325 4840 1489 4909 fuisse
1525 4842 1587 4894 de
1623 4845 1728 4898 vir-

163 4925 400 4996 ginitatis
445 4925 676 4992 puritate
724 4934 1068 4985 contextum?
1102 4928 1179 4984 lbi
1229 4946 1462 5001 namque
1505 4935 1727 5002 potissi-

164 5027 304 5066 mum
368 5015 640 5083 pleraque.
701 5026 996 5071 occurrunt
1054 5018 1121 5075 de
1179 5014 1398 5074 Christo
1448 5019 1597 5086 Deo,
1657 5022 1726 5078 de

166 5105 467 5160 vocatiOnis
502 5104 823 5161 Christiana:
868 5111 1178 5178 praestantia
1202 5150 1217 5175 ,
1258 5111 1326 5165 de
1368 5114 1556 5167 mundi
1593 5131 1728 5172 con-

162 5198 394 5263 temptu,
441 5193 510 5247 de
540 5198 841 5257 certamine
871 5199 1176 5267 spirituali,
1221 5201 1290 5254 de
1319 5203 1500 5255 carnis
1539 5218 1721 5257 resur-

172 5288 428 5352 rectione,
456 5287 524 5340 de
550 5288 709 5342 bonis
740 5291 1045 5358 promissis,
1072 5299 1204 5356 etc...
1230 5293 1560 5362 Paucissima
1597 5309 1725 5348 vero

169 5375 230 5432 de
267 5380 517 5433 castitate
559 5378 612 5431 in
635 5396 815 5450 genere
841 5420 856 5447 ,
898 5383 1151 5439 omnibus
1191 5385 1352 5439 etiam
1394 5385 1721 5455 conjugatis,

239 5593 559 5683 pelasgi”
660 5593 805 5683 :loau
837 5638 850 5654 .
883 5605 1043 5653 tract.
1097 5595 1222 5665 rso,
1249 5598 1355 5671 52,
1387 5585 1591 5669 ορρέι.
1616 5597 1680 5655 1n
1706 5640 1721 5664 ,

166 5673 308 5733 part.
340 5679 403 5726 ιι,
433 5665 542 5718 col.
578 5664 706 5721 804‘.

238 5731 429 5790 l90lL.
467 5749 540 5795 c.,
577 5750 697 5805 pag.
722 5732 811 5790 40.

1828 4567 2183 4614 tractatorum
2239 4559 2734 4617 ecclesiasticarum
2764 4575 2924 4631 opera
2946 4601 2960 4624 ,
2986 4576 3104 4630 quae
3133 4559 3260 4614 dum
3295 4577 3388 4615 co-

1827 4653 2076 4708 rumdem
2113 4655 2320 4723 reliqua
2347 4652 2403 4707 in
2433 4652 2690 4724 Catalogo
2710 4666 3034 4718 recenseret,
3067 4654 3388 4711 ornisit?An

1827 4757 1956 4803 vero
1987 4741 2171 4799 ﬁctitia
2205 4743 2506 4814 reputanda
2529 4759 2692 4814 opera
2721 4744 2833 4811 illa,
2855 4761 2920 4800 eo
2942 4744 3088 4816 quod
3112 4746 3300 4802 eadem
3331 4745 3394 4800 in.

1828 4830 2086 4902 Catalogo
2116 4833 2551 4903 praetermisisset
2566 4835 2757 4890 doctor
2778 4835 3088 4891 maximus?
3117 4833 3229 4893 lmo
3256 4851 3394 4891 vero.

1828 4938 1988 4984 nemo
2016 4924 2136 4994 iure
2170 4940 2279 4982 non
2305 4926 2500 4984 dixerit
2544 4941 2668 4981 cum
2704 4927 2822 4998 ipso
2850 4928 3199 5000 Hieronymo.
3233 4929 3384 4982 illum

1827 5031 2023 5086 nempe
2050 5033 2166 5086 qua:
2201 5023 2331 5073 tunc
2386 5034 2488 5071 non
2537 5018 2751 5088 legerat,
2785 5035 2934 5074 nasse
2983 5036 3085 5074 non
3133 5020 3386 5087 potuisse,

1827 5107 2064 5177 quodque
2092 5109 2146 5161 in
2191 5106 2284 5176 illo
2316 5118 2577 5163 terrarum
2630 5110 2843 5179 angulo,
2873 5110 2929 5163 in
2965 5109 3256 5165 solitudine
3284 5109 3386 5165 Be—

1827 5199 2156 5255 thleemitica
2181 5241 2195 5265 ,
2229 5202 2275 5255 ei
2312 5208 2468 5255 antea
2495 5185 2667 5269 fuerat
2683 5203 2934 5272 ignotum,
2958 5211 3142 5271 postea
3158 5217 3389 5272 comper-

1831 5294 1957 5368 isse.
2004 5291 2265 5361 Agedum,
2285 5306 2393 5346 uno
2416 5293 2500 5350 vel
2532 5293 2701 5368 altero
2729 5293 2973 5364 exemplo
3001 5308 3113 5348 rem
3137 5293 3385 5348 adstrua-

1830 5366 1976 5437 nius.
2026 5379 2069 5438 l.
2110 5380 2368 5439 Memorat
2418 5366 2780 5454 Hieronymus
2835 5382 2889 5437 in
2941 5383 3172 5454 epistola
3201 5383 3286 5450 Ἠ,
3316 5367 3406 5438 λα’

1927 5596 2458 5721 iioblfulif‘ébgigi
2470 5599 2594 5721 340's
2627 5668 2755 5721 virai

1927 5611 2058 5721 ιυυέ
2086 5611 2283 5669 LPIS!"
2317 5613 2436 5668 pag.
2470 5611 2558 5652 ω.

1900 5611 1978 5808 ΞΙ)
2063 5668 2213 5749 lem...
2245 5671 2402 5750 epist.
2438 5669 2458 5721 1
2519 5668 2594 5746 De
2627 5668 2828 5735 virgin..
2868 5682 2985 5737 car.
3018 5666 3071 5721 ι.
3199 5736 3207 5744 ι

1926 5737 1984 5808 2)
2023 5738 2098 5792 De
2128 5753 2225 5794 vir.
2275 5739 2496 5803 διίησιν..
2543 5753 2596 5791 Ill
2629 5739 2834 5805 prolog.
2863 5746 2917 5792 et
2955 5752 3073 5808 cap.
3110 5737 3207 5791 155

1926 5737 1984 5810 2)
2023 5738 2098 5792 De
2128 5738 2225 5794 vir.
2275 5737 2496 5803 illustr.,
2543 5737 2596 5791 in
2629 5739 2834 5805 prolog.
2863 5746 2917 5792 et
2955 5752 3073 5808 cap.
3110 5737 3230 5791 l55.
