  <div class='ocr_page' id='page_1' title='image "/cluster/home/n/w/nwhite01/storage/ocr_20150623/1/pst.000005711796/066.png"; bbox 0 0 4046 6326; ppageno 0'>
   <div class='ocr_carea' id='block_1_1' title="bbox 193 384 293 442">
    <p class='ocr_par' dir='ltr' id='par_1_1' title="bbox 193 384 293 442">
     <span class='ocr_line' id='line_1_1' title="bbox 193 384 293 442; baseline -0.05 0"><span class='ocrx_word' id='word_1_1' title='bbox 193 384 293 442; x_wconf 78' lang='lat' dir='ltr'><strong><em>H7</em></strong></span> 
     </span>
    </p>
   </div>
   <div class='ocr_carea' id='block_1_2' title="bbox 1449 354 2217 418">
    <p class='ocr_par' dir='ltr' id='par_1_2' title="bbox 1449 354 2217 418">
     <span class='ocr_line' id='line_1_2' title="bbox 1449 354 2217 418; baseline -0.016 0"><span class='ocrx_word' id='word_1_2' title='bbox 1449 360 1792 418; x_wconf 73' lang='lat' dir='ltr'><strong><em>PROCEMIA</em></strong></span> <span class='ocrx_word' id='word_1_3' title='bbox 1829 354 2217 416; x_wconf 75' lang='lat' dir='ltr'><strong><em>VARIORUM.</em></strong></span> 
     </span>
    </p>
   </div>
   <div class='ocr_carea' id='block_1_3' title="bbox 3306 343 3408 398">
    <p class='ocr_par' dir='ltr' id='par_1_3' title="bbox 3306 343 3408 398">
     <span class='ocr_line' id='line_1_3' title="bbox 3306 343 3408 398; baseline -0.01 0"><span class='ocrx_word' id='word_1_4' title='bbox 3306 343 3408 398; x_wconf 68' lang='lat'><strong><em>“‘8</em></strong></span> 
     </span>
    </p>
   </div>
   <div class='ocr_carea' id='block_1_4' title="bbox 184 445 3413 567">
    <p class='ocr_par' dir='ltr' id='par_1_4' title="bbox 184 445 3413 567">
     <span class='ocr_line' id='line_1_4' title="bbox 184 445 3413 567; baseline -0.013 -13"><span class='ocrx_word' id='word_1_5' title='bbox 184 497 424 567; x_wconf 73' lang='lat' dir='ltr'><strong><em>mntpla</em></strong></span> <span class='ocrx_word' id='word_1_6' title='bbox 446 499 829 563; x_wconf 85' lang='lat' dir='ltr'><strong><em>relinquamus,</em></strong></span> <span class='ocrx_word' id='word_1_7' title='bbox 874 486 1140 541; x_wconf 84' lang='lat' dir='ltr'><strong><em>veniamus</em></strong></span> <span class='ocrx_word' id='word_1_8' title='bbox 1171 479 1239 534; x_wconf 87' lang='lat' dir='ltr'><strong><em>ad</em></strong></span> <span class='ocrx_word' id='word_1_9' title='bbox 1290 478 1554 549; x_wconf 75' lang='lat' dir='ltr'><strong><em>proximos</em></strong></span> <span class='ocrx_word' id='word_1_10' title='bbox 1583 475 1748 529; x_wconf 84' lang='lat' dir='ltr'><strong><em>athle-</em></strong></span> <span class='ocrx_word' id='word_1_11' title='bbox 1778 482 1822 537; x_wconf 81' lang='grc' dir='ltr'><strong>Α</strong></span> <span class='ocrx_word' id='word_1_12' title='bbox 1850 473 2062 542; x_wconf 75' lang='lat' dir='ltr'><strong><em>aliaque</em></strong></span> <span class='ocrx_word' id='word_1_13' title='bbox 2105 470 2282 540; x_wconf 90' lang='lat' dir='ltr'><strong><em>plura,</em></strong></span> <span class='ocrx_word' id='word_1_14' title='bbox 2314 482 2433 536; x_wconf 69' lang='lat' dir='ltr'><strong><em>quae</em></strong></span> <span class='ocrx_word' id='word_1_15' title='bbox 2465 466 2518 519; x_wconf 91' lang='lat' dir='ltr'><strong><em>in</em></strong></span> <span class='ocrx_word' id='word_1_16' title='bbox 2570 461 2789 520; x_wconf 73' lang='lat' dir='ltr'><strong><em>solertis</em></strong></span> <span class='ocrx_word' id='word_1_17' title='bbox 2836 445 3057 517; x_wconf 88' lang='lat' dir='ltr'><strong><em>lectoris</em></strong></span> <span class='ocrx_word' id='word_1_18' title='bbox 3098 460 3289 515; x_wconf 84' lang='lat' dir='ltr'><strong><em>oculos</em></strong></span> <span class='ocrx_word' id='word_1_19' title='bbox 3318 469 3413 528; x_wconf 66' lang='lat' dir='ltr'><strong><em>ge-</em></strong></span> 
     </span>
    </p>
   </div>
   <div class='ocr_carea' id='block_1_5' title="bbox 191 571 1746 654">
    <p class='ocr_par' dir='ltr' id='par_1_5' title="bbox 191 571 1746 654">
     <span class='ocr_line' id='line_1_5' title="bbox 191 571 1746 654; baseline -0.017 -7"><span class='ocrx_word' id='word_1_20' title='bbox 191 602 296 654; x_wconf 86' lang='lat' dir='ltr'><strong><em>tas,</em></strong></span> <span class='ocrx_word' id='word_1_21' title='bbox 335 599 384 644; x_wconf 90' lang='lat' dir='ltr'><strong><em>et</em></strong></span> <span class='ocrx_word' id='word_1_22' title='bbox 417 586 600 642; x_wconf 67' lang='lat' dir='ltr'><strong><em>saeculi</em></strong></span> <span class='ocrx_word' id='word_1_23' title='bbox 631 583 798 637; x_wconf 88' lang='lat' dir='ltr'><strong><em>nostri</em></strong></span> <span class='ocrx_word' id='word_1_24' title='bbox 826 594 1075 649; x_wconf 86' lang='lat' dir='ltr'><strong><em>generosa</em></strong></span> <span class='ocrx_word' id='word_1_25' title='bbox 1110 571 1346 641; x_wconf 73' lang='lat' dir='ltr'><strong><em>exempla</em></strong></span> <span class='ocrx_word' id='word_1_26' title='bbox 1374 583 1746 644; x_wconf 81' lang='lat' dir='ltr'><strong><em>proponamus.</em></strong></span> 
     </span>
    </p>
   </div>
   <div class='ocr_carea' id='block_1_6' title="bbox 193 658 1748 737">
    <p class='ocr_par' dir='ltr' id='par_1_6' title="bbox 193 658 1748 737">
     <span class='ocr_line' id='line_1_6' title="bbox 193 658 1748 737; baseline -0.015 0"><span class='ocrx_word' id='word_1_27' title='bbox 193 682 370 737; x_wconf 88' lang='lat' dir='ltr'><strong><em>llabes</em></strong></span> <span class='ocrx_word' id='word_1_28' title='bbox 399 686 580 732; x_wconf 90' lang='lat' dir='ltr'><strong><em>autem</em></strong></span> <span class='ocrx_word' id='word_1_29' title='bbox 612 674 884 731; x_wconf 90' lang='lat' dir='ltr'><strong><em>simillima</em></strong></span> <span class='ocrx_word' id='word_1_30' title='bbox 909 678 963 723; x_wconf 86' lang='lat' dir='ltr'><strong><em>et</em></strong></span> <span class='ocrx_word' id='word_1_31' title='bbox 1000 666 1240 721; x_wconf 82' lang='lat' dir='ltr'><strong><em>maxime</em></strong></span> <span class='ocrx_word' id='word_1_32' title='bbox 1267 661 1549 734; x_wconf 88' lang='lat' dir='ltr'><strong><em>geminain</em></strong></span> <span class='ocrx_word' id='word_1_33' title='bbox 1577 658 1748 727; x_wconf 82' lang='lat' dir='ltr'><strong><em>Epist.</em></strong></span> 
     </span>
    </p>
   </div>
   <div class='ocr_carea' id='block_1_7' title="bbox 189 753 1748 837">
    <p class='ocr_par' dir='ltr' id='par_1_7' title="bbox 189 753 1748 837">
     <span class='ocr_line' id='line_1_7' title="bbox 189 753 1748 837; baseline -0.015 -12"><span class='ocrx_word' id='word_1_34' title='bbox 189 772 224 826; x_wconf 79' lang='lat'><strong>2</strong></span> <span class='ocrx_word' id='word_1_35' title='bbox 308 769 378 823; x_wconf 90' lang='lat' dir='ltr'><strong><em>ad</em></strong></span> <span class='ocrx_word' id='word_1_36' title='bbox 437 768 622 837; x_wconf 83' lang='lat' dir='ltr'><strong><em>virgin.</em></strong></span> <span class='ocrx_word' id='word_1_37' title='bbox 682 779 839 833; x_wconf 85' lang='lat' dir='ltr'><strong><em>capp.</em></strong></span> <span class='ocrx_word' id='word_1_38' title='bbox 884 761 1055 815; x_wconf 83' lang='lat' dir='ltr'><strong><em>7-i5:</em></strong></span> <span class='ocrx_word' id='word_1_39' title='bbox 1110 757 1514 811; x_wconf 85' lang='lat' dir='ltr'><strong><em>Consideremus</em></strong></span> <span class='ocrx_word' id='word_1_40' title='bbox 1566 753 1748 822; x_wconf 88' lang='lat' dir='ltr'><strong><em>igitur,</em></strong></span> 
     </span>
    </p>
   </div>
   <div class='ocr_carea' id='block_1_8' title="bbox 192 837 1752 931">
    <p class='ocr_par' dir='ltr' id='par_1_8' title="bbox 192 837 1752 931">
     <span class='ocr_line' id='line_1_8' title="bbox 192 837 1752 931; baseline -0.014 -15"><span class='ocrx_word' id='word_1_41' title='bbox 192 863 410 931; x_wconf 72' lang='lat' dir='ltr'><strong><em>{ra-tres,</em></strong></span> <span class='ocrx_word' id='word_1_42' title='bbox 435 870 478 914; x_wconf 82' lang='lat' dir='ltr'><strong><em>et</em></strong></span> <span class='ocrx_word' id='word_1_43' title='bbox 505 856 767 911; x_wconf 72' lang='lat' dir='ltr'><strong><em>videamus</em></strong></span> <span class='ocrx_word' id='word_1_44' title='bbox 785 850 1037 924; x_wconf 83' lang='lat' dir='ltr'><strong><em>quomodo</em></strong></span> <span class='ocrx_word' id='word_1_45' title='bbox 1055 847 1344 903; x_wconf 82' lang='lat' dir='ltr'><strong><em>conversati</em></strong></span> <span class='ocrx_word' id='word_1_46' title='bbox 1363 837 1752 914; x_wconf 42' lang='lat' dir='ltr'><strong><em>fuerinl‘omnes</em></strong></span> 
     </span>
    </p>
   </div>
   <div class='ocr_carea' id='block_1_9' title="bbox 190 934 1756 1025">
    <p class='ocr_par' dir='ltr' id='par_1_9' title="bbox 190 934 1756 1025">
     <span class='ocr_line' id='line_1_9' title="bbox 190 934 1756 1025; baseline -0.013 -19"><span class='ocrx_word' id='word_1_47' title='bbox 190 961 368 1025; x_wconf 89' lang='lat' dir='ltr'><strong><em>patres</em></strong></span> <span class='ocrx_word' id='word_1_48' title='bbox 383 950 520 1020; x_wconf 85' lang='lat' dir='ltr'><strong><em>justi</em></strong></span> <span class='ocrx_word' id='word_1_49' title='bbox 552 956 656 1001; x_wconf 91' lang='lat' dir='ltr'><strong><em>toto</em></strong></span> <span class='ocrx_word' id='word_1_50' title='bbox 689 957 919 1014; x_wconf 89' lang='lat' dir='ltr'><strong><em>tempore</em></strong></span> <span class='ocrx_word' id='word_1_51' title='bbox 947 939 1287 994; x_wconf 73' lang='lat' dir='ltr'><strong><em>habitationis</em></strong></span> <span class='ocrx_word' id='word_1_52' title='bbox 1317 939 1435 992; x_wconf 65' lang='grc' dir='ltr'><strong><em>τήειε</em></strong></span> <span class='ocrx_word' id='word_1_53' title='bbox 1486 950 1630 990; x_wconf 69' lang='lat' dir='ltr'><strong><em>sum:</em></strong></span> <span class='ocrx_word' id='word_1_54' title='bbox 1672 934 1756 987; x_wconf 86' lang='lat' dir='ltr'><strong><em>in—</em></strong></span> 
     </span>
    </p>
   </div>
   <div class='ocr_carea' id='block_1_10' title="bbox 194 1027 1758 1115">
    <p class='ocr_par' dir='ltr' id='par_1_10' title="bbox 194 1027 1758 1115">
     <span class='ocr_line' id='line_1_10' title="bbox 194 1027 1758 1115; baseline -0.012 -17"><span class='ocrx_word' id='word_1_55' title='bbox 194 1045 467 1115; x_wconf 81' lang='lat' dir='ltr'><strong><em>guiramus</em></strong></span> <span class='ocrx_word' id='word_1_56' title='bbox 496 1050 544 1096; x_wconf 88' lang='lat' dir='ltr'><strong><em>et</em></strong></span> <span class='ocrx_word' id='word_1_57' title='bbox 566 1049 858 1094; x_wconf 76' lang='lat' dir='ltr'><strong><em>scrutemur</em></strong></span> <span class='ocrx_word' id='word_1_58' title='bbox 888 1053 920 1088; x_wconf 91' lang='lat' dir='ltr'><strong><em>a</em></strong></span> <span class='ocrx_word' id='word_1_59' title='bbox 947 1034 1080 1104; x_wconf 85' lang='lat' dir='ltr'><strong><em>Lege</em></strong></span> <span class='ocrx_word' id='word_1_60' title='bbox 1109 1031 1176 1085; x_wconf 88' lang='lat' dir='ltr'><strong><em>ad</em></strong></span> <span class='ocrx_word' id='word_1_61' title='bbox 1210 1030 1258 1082; x_wconf 83' lang='grc' dir='ltr'><strong><em>Ν</em></strong></span> <span class='ocrx_word' id='word_1_62' title='bbox 1268 1047 1416 1084; x_wconf 80' lang='lat' dir='ltr'><strong><em>ovum</em></strong></span> <span class='ocrx_word' id='word_1_63' title='bbox 1454 1027 1758 1082; x_wconf 86' lang='lat' dir='ltr'><strong><em>Testamen-</em></strong></span> 
     </span>
    </p>
   </div>
   <div class='ocr_carea' id='block_1_11' title="bbox 199 1123 1758 1196">
    <p class='ocr_par' dir='ltr' id='par_1_11' title="bbox 199 1123 1758 1196">
     <span class='ocr_line' id='line_1_11' title="bbox 199 1123 1758 1196; baseline -0.012 -8"><span class='ocrx_word' id='word_1_64' title='bbox 199 1145 330 1189; x_wconf 85' lang='lat' dir='ltr'><strong><em>tum.</em></strong></span> <span class='ocrx_word' id='word_1_65' title='bbox 363 1164 432 1174; x_wconf 97' lang='lat'><strong>—</strong></span> <span class='ocrx_word' id='word_1_66' title='bbox 475 1131 540 1185; x_wconf 86' lang='lat' dir='ltr'><strong><em>Et</em></strong></span> <span class='ocrx_word' id='word_1_67' title='bbox 598 1148 659 1185; x_wconf 92' lang='lat' dir='ltr'><strong><em>ne</em></strong></span> <span class='ocrx_word' id='word_1_68' title='bbox 709 1129 864 1182; x_wconf 88' lang='lat' dir='ltr'><strong><em>nimis</em></strong></span> <span class='ocrx_word' id='word_1_69' title='bbox 914 1127 1122 1196; x_wconf 89' lang='lat' dir='ltr'><strong><em>longum</em></strong></span> <span class='ocrx_word' id='word_1_70' title='bbox 1155 1123 1415 1191; x_wconf 75' lang='lat' dir='ltr'><strong><em>faciamus</em></strong></span> <span class='ocrx_word' id='word_1_71' title='bbox 1470 1133 1758 1174; x_wconf 75' lang='lat' dir='ltr'><strong><em>sermonem</em></strong></span> 
     </span>
    </p>
   </div>
   <div class='ocr_carea' id='block_1_12' title="bbox 198 1211 1761 1294">
    <p class='ocr_par' dir='ltr' id='par_1_12' title="bbox 198 1211 1761 1294">
     <span class='ocr_line' id='line_1_12' title="bbox 198 1211 1761 1294; baseline -0.008 -15"><span class='ocrx_word' id='word_1_72' title='bbox 198 1235 468 1290; x_wconf 88' lang='lat' dir='ltr'><strong><em>nostrum,</em></strong></span> <span class='ocrx_word' id='word_1_73' title='bbox 517 1221 640 1294; x_wconf 88' lang='lat' dir='ltr'><strong><em>quid</em></strong></span> <span class='ocrx_word' id='word_1_74' title='bbox 673 1219 871 1273; x_wconf 88' lang='lat' dir='ltr'><strong><em>dictum</em></strong></span> <span class='ocrx_word' id='word_1_75' title='bbox 907 1227 982 1272; x_wconf 85' lang='lat' dir='ltr'><strong><em>est</em></strong></span> <span class='ocrx_word' id='word_1_76' title='bbox 1027 1216 1090 1269; x_wconf 92' lang='lat' dir='ltr'><strong><em>de</em></strong></span> <span class='ocrx_word' id='word_1_77' title='bbox 1121 1214 1346 1268; x_wconf 87' lang='lat' dir='ltr'><strong><em>Domino</em></strong></span> <span class='ocrx_word' id='word_1_78' title='bbox 1366 1211 1492 1267; x_wconf 79' lang='lat' dir='ltr'><strong><em>Jesu</em></strong></span> <span class='ocrx_word' id='word_1_79' title='bbox 1521 1211 1761 1267; x_wconf 70' lang='lat' dir='ltr'><strong><em>Christo?</em></strong></span> 
     </span>
    </p>
   </div>
   <div class='ocr_carea' id='block_1_13' title="bbox 201 1301 1761 1384">
    <p class='ocr_par' dir='ltr' id='par_1_13' title="bbox 201 1301 1761 1384">
     <span class='ocr_line' id='line_1_13' title="bbox 201 1301 1761 1384; baseline -0.01 -14"><span class='ocrx_word' id='word_1_80' title='bbox 201 1314 321 1384; x_wconf 84' lang='lat' dir='ltr'><strong><em>Ipse</em></strong></span> <span class='ocrx_word' id='word_1_81' title='bbox 345 1315 596 1370; x_wconf 83' lang='lat' dir='ltr'><strong><em>Dominus</em></strong></span> <span class='ocrx_word' id='word_1_82' title='bbox 645 1328 763 1365; x_wconf 86' lang='lat' dir='ltr'><strong><em>cum</em></strong></span> <span class='ocrx_word' id='word_1_83' title='bbox 799 1308 1073 1384; x_wconf 82' lang='lat' dir='ltr'><strong><em>duodecim</em></strong></span> <span class='ocrx_word' id='word_1_84' title='bbox 1122 1305 1420 1374; x_wconf 79' lang='lat' dir='ltr'><strong><em>discipulis,</em></strong></span> <span class='ocrx_word' id='word_1_85' title='bbox 1445 1311 1551 1359; x_wconf 95' lang='lat' dir='ltr'><strong><em>etc.</em></strong></span> <span class='ocrx_word' id='word_1_86' title='bbox 1601 1301 1761 1357; x_wconf 62' lang='lat' dir='ltr'><strong><em>Scili«-</em></strong></span> 
     </span>
    </p>
   </div>
   <div class='ocr_carea' id='block_1_14' title="bbox 200 1381 1759 1477">
    <p class='ocr_par' dir='ltr' id='par_1_14' title="bbox 200 1381 1759 1477">
     <span class='ocr_line' id='line_1_14' title="bbox 200 1381 1759 1477; baseline -0.008 -15"><span class='ocrx_word' id='word_1_87' title='bbox 200 1381 306 1469; x_wconf 73' lang='lat' dir='ltr'><strong><em>cet,</em></strong></span> <span class='ocrx_word' id='word_1_88' title='bbox 349 1421 468 1462; x_wconf 89' lang='lat' dir='ltr'><strong><em>mos</em></strong></span> <span class='ocrx_word' id='word_1_89' title='bbox 508 1413 624 1477; x_wconf 83' lang='lat' dir='ltr'><strong><em>erat</em></strong></span> <span class='ocrx_word' id='word_1_90' title='bbox 667 1402 965 1469; x_wconf 79' lang='lat' dir='ltr'><strong><em>Clementi,</em></strong></span> <span class='ocrx_word' id='word_1_91' title='bbox 1003 1381 1295 1456; x_wconf 77' lang='lat' dir='ltr'><strong><em>sacrarum</em></strong></span> <span class='ocrx_word' id='word_1_92' title='bbox 1353 1395 1759 1466; x_wconf 87' lang='lat' dir='ltr'><strong><em>Scripturarum</em></strong></span> 
     </span>
    </p>
   </div>
   <div class='ocr_carea' id='block_1_15' title="bbox 184 1487 1762 1564">
    <p class='ocr_par' dir='ltr' id='par_1_15' title="bbox 184 1487 1762 1564">
     <span class='ocr_line' id='line_1_15' title="bbox 184 1487 1762 1564; baseline -0.01 -9"><span class='ocrx_word' id='word_1_93' title='bbox 184 1497 627 1564; x_wconf 84' lang='lat' dir='ltr'><strong><em>&#39;studiosissimo,</em></strong></span> <span class='ocrx_word' id='word_1_94' title='bbox 659 1511 724 1550; x_wconf 83' lang='lat' dir='ltr'><strong><em>ex</em></strong></span> <span class='ocrx_word' id='word_1_95' title='bbox 763 1495 1050 1563; x_wconf 89' lang='lat' dir='ltr'><strong><em>utriusque</em></strong></span> <span class='ocrx_word' id='word_1_96' title='bbox 1079 1489 1324 1547; x_wconf 73' lang='lat' dir='ltr'><strong><em>Fmderis</em></strong></span> <span class='ocrx_word' id='word_1_97' title='bbox 1355 1488 1568 1559; x_wconf 82' lang='lat' dir='ltr'><strong><em>paginis</em></strong></span> <span class='ocrx_word' id='word_1_98' title='bbox 1584 1487 1762 1557; x_wconf 89' lang='lat' dir='ltr'><strong><em>plera-</em></strong></span> 
     </span>
    </p>
   </div>
   <div class='ocr_carea' id='block_1_16' title="bbox 198 1581 1764 1660">
    <p class='ocr_par' dir='ltr' id='par_1_16' title="bbox 198 1581 1764 1660">
     <span class='ocr_line' id='line_1_16' title="bbox 198 1581 1764 1660; baseline -0.009 -17"><span class='ocrx_word' id='word_1_99' title='bbox 198 1605 306 1660; x_wconf 87' lang='lat' dir='ltr'><strong><em>que</em></strong></span> <span class='ocrx_word' id='word_1_100' title='bbox 336 1588 580 1658; x_wconf 85' lang='lat' dir='ltr'><strong><em>exempla</em></strong></span> <span class='ocrx_word' id='word_1_101' title='bbox 611 1586 922 1647; x_wconf 88' lang='lat' dir='ltr'><strong><em>desumere,</em></strong></span> <span class='ocrx_word' id='word_1_102' title='bbox 968 1597 1088 1653; x_wconf 62' lang='lat' dir='ltr'><strong><em>qua</em></strong></span> <span class='ocrx_word' id='word_1_103' title='bbox 1127 1581 1377 1636; x_wconf 88' lang='lat' dir='ltr'><strong><em>instituto</em></strong></span> <span class='ocrx_word' id='word_1_104' title='bbox 1403 1593 1503 1633; x_wconf 90' lang='lat' dir='ltr'><strong><em>suo</em></strong></span> <span class='ocrx_word' id='word_1_105' title='bbox 1553 1588 1764 1633; x_wconf 90' lang='lat' dir='ltr'><strong><em>summe</em></strong></span> 
     </span>
    </p>
   </div>
   <div class='ocr_carea' id='block_1_17' title="bbox 198 1672 1765 1753">
    <p class='ocr_par' dir='ltr' id='par_1_17' title="bbox 198 1672 1765 1753">
     <span class='ocr_line' id='line_1_17' title="bbox 198 1672 1765 1753; baseline -0.008 -16"><span class='ocrx_word' id='word_1_106' title='bbox 198 1683 550 1753; x_wconf 79' lang='lat' dir='ltr'><strong><em>congruentia</em></strong></span> <span class='ocrx_word' id='word_1_107' title='bbox 583 1680 913 1752; x_wconf 74' lang='lat' dir='ltr'><strong><em>perspiceret</em></strong></span> <span class='ocrx_word' id='word_1_108' title='bbox 940 1695 954 1729; x_wconf 85' lang='lat'><strong>:</strong></span> <span class='ocrx_word' id='word_1_109' title='bbox 981 1675 1142 1744; x_wconf 87' lang='lat' dir='ltr'><strong><em>quod</em></strong></span> <span class='ocrx_word' id='word_1_110' title='bbox 1176 1673 1395 1744; x_wconf 86' lang='lat' dir='ltr'><strong><em>quidem</em></strong></span> <span class='ocrx_word' id='word_1_111' title='bbox 1437 1672 1492 1724; x_wconf 91' lang='lat' dir='ltr'><strong><em>in</em></strong></span> <span class='ocrx_word' id='word_1_112' title='bbox 1535 1679 1765 1740; x_wconf 86' lang='lat' dir='ltr'><strong><em>utroque</em></strong></span> 
     </span>
    </p>
   </div>
   <div class='ocr_carea' id='block_1_18' title="bbox 198 1757 1763 1842">
    <p class='ocr_par' dir='ltr' id='par_1_18' title="bbox 198 1757 1763 1842">
     <span class='ocr_line' id='line_1_18' title="bbox 198 1757 1763 1842; baseline -0.008 -15"><span class='ocrx_word' id='word_1_113' title='bbox 198 1773 563 1842; x_wconf 80' lang='lat' dir='ltr'><strong><em>Epistolarum</em></strong></span> <span class='ocrx_word' id='word_1_114' title='bbox 586 1771 724 1840; x_wconf 89' lang='lat' dir='ltr'><strong><em>pari,</em></strong></span> <span class='ocrx_word' id='word_1_115' title='bbox 761 1771 950 1824; x_wconf 89' lang='lat' dir='ltr'><strong><em>eodem</em></strong></span> <span class='ocrx_word' id='word_1_116' title='bbox 982 1767 1141 1836; x_wconf 85' lang='lat' dir='ltr'><strong><em>plane</em></strong></span> <span class='ocrx_word' id='word_1_117' title='bbox 1167 1757 1378 1824; x_wconf 82' lang='lat' dir='ltr'><strong><em>tenore,</em></strong></span> <span class='ocrx_word' id='word_1_118' title='bbox 1411 1760 1547 1816; x_wconf 83' lang='lat' dir='ltr'><strong><em>satis</em></strong></span> <span class='ocrx_word' id='word_1_119' title='bbox 1577 1767 1763 1829; x_wconf 88' lang='lat' dir='ltr'><strong><em>aperte</em></strong></span> 
     </span>
    </p>
   </div>
   <div class='ocr_carea' id='block_1_19' title="bbox 1850 552 3412 638">
    <p class='ocr_par' dir='ltr' id='par_1_19' title="bbox 1850 552 3412 638">
     <span class='ocr_line' id='line_1_19' title="bbox 1850 552 3412 638; baseline -0.01 -14"><span class='ocrx_word' id='word_1_120' title='bbox 1850 570 1998 624; x_wconf 90' lang='lat' dir='ltr'><strong><em>mina</em></strong></span> <span class='ocrx_word' id='word_1_121' title='bbox 2027 583 2254 638; x_wconf 84' lang='lat' dir='ltr'><strong><em>prorsus</em></strong></span> <span class='ocrx_word' id='word_1_122' title='bbox 2281 565 2394 622; x_wconf 83' lang='lat' dir='ltr'><strong><em>sive</em></strong></span> <span class='ocrx_word' id='word_1_123' title='bbox 2437 564 2492 618; x_wconf 89' lang='lat' dir='ltr'><strong><em>in</em></strong></span> <span class='ocrx_word' id='word_1_124' title='bbox 2535 560 2900 616; x_wconf 85' lang='lat' dir='ltr'><strong><em>Corinthiacis</em></strong></span> <span class='ocrx_word' id='word_1_125' title='bbox 2941 558 3056 615; x_wconf 85' lang='lat' dir='ltr'><strong><em>sive</em></strong></span> <span class='ocrx_word' id='word_1_126' title='bbox 3085 555 3139 610; x_wconf 92' lang='lat' dir='ltr'><strong><em>in</em></strong></span> <span class='ocrx_word' id='word_1_127' title='bbox 3173 552 3412 624; x_wconf 78' lang='lat' dir='ltr'><strong><em>Syriacis</em></strong></span> 
     </span>
    </p>
   </div>
   <div class='ocr_carea' id='block_1_20' title="bbox 1848 642 3411 720">
    <p class='ocr_par' dir='ltr' id='par_1_20' title="bbox 1848 642 3411 720">
     <span class='ocr_line' id='line_1_20' title="bbox 1848 642 3411 720; baseline -0.012 -4"><span class='ocrx_word' id='word_1_128' title='bbox 1848 662 2153 716; x_wconf 90' lang='lat' dir='ltr'><strong><em>incurrunt.</em></strong></span> <span class='ocrx_word' id='word_1_129' title='bbox 2177 658 2256 711; x_wconf 83' lang='lat' dir='ltr'><strong><em>Ad</em></strong></span> <span class='ocrx_word' id='word_1_130' title='bbox 2291 657 2423 719; x_wconf 63' lang='lat' dir='ltr'><strong><em>hinc,</em></strong></span> <span class='ocrx_word' id='word_1_131' title='bbox 2452 668 2633 709; x_wconf 89' lang='lat' dir='ltr'><strong><em>mores</em></strong></span> <span class='ocrx_word' id='word_1_132' title='bbox 2663 668 2790 708; x_wconf 85' lang='lat' dir='ltr'><strong><em>vere</em></strong></span> <span class='ocrx_word' id='word_1_133' title='bbox 2823 647 3128 720; x_wconf 84' lang='lat' dir='ltr'><strong><em>apostolici,</em></strong></span> <span class='ocrx_word' id='word_1_134' title='bbox 3156 642 3411 716; x_wconf 82' lang='lat' dir='ltr'><strong><em>simplici-</em></strong></span> 
     </span>
    </p>
   </div>
   <div class='ocr_carea' id='block_1_21' title="bbox 1851 734 3413 818">
    <p class='ocr_par' dir='ltr' id='par_1_21' title="bbox 1851 734 3413 818">
     <span class='ocr_line' id='line_1_21' title="bbox 1851 734 3413 818; baseline -0.01 -14"><span class='ocrx_word' id='word_1_135' title='bbox 1851 759 1958 815; x_wconf 86' lang='lat' dir='ltr'><strong><em>tas,</em></strong></span> <span class='ocrx_word' id='word_1_136' title='bbox 1983 750 2266 811; x_wconf 83' lang='lat' dir='ltr'><strong><em>modestia,</em></strong></span> <span class='ocrx_word' id='word_1_137' title='bbox 2289 747 2594 818; x_wconf 78' lang='lat' dir='ltr'><strong><em>frugalitas,</em></strong></span> <span class='ocrx_word' id='word_1_138' title='bbox 2618 743 2951 812; x_wconf 79' lang='lat' dir='ltr'><strong><em>benignitas,</em></strong></span> <span class='ocrx_word' id='word_1_139' title='bbox 2975 748 3030 797; x_wconf 92' lang='lat' dir='ltr'><strong><em>et</em></strong></span> <span class='ocrx_word' id='word_1_140' title='bbox 3053 745 3268 794; x_wconf 65' lang='lat' dir='ltr'><strong><em>caetera.</em></strong></span> <span class='ocrx_word' id='word_1_141' title='bbox 3297 734 3413 791; x_wconf 90' lang='lat' dir='ltr'><strong><em>Uno</em></strong></span> 
     </span>
    </p>
   </div>
   <div class='ocr_carea' id='block_1_22' title="bbox 1851 824 3420 906">
    <p class='ocr_par' dir='ltr' id='par_1_22' title="bbox 1851 824 3420 906">
     <span class='ocr_line' id='line_1_22' title="bbox 1851 824 3420 906; baseline -0.008 -12"><span class='ocrx_word' id='word_1_142' title='bbox 1851 841 2040 904; x_wconf 82' lang='lat' dir='ltr'><strong><em>verbo,</em></strong></span> <span class='ocrx_word' id='word_1_143' title='bbox 2072 848 2360 906; x_wconf 89' lang='lat' dir='ltr'><strong><em>utrumque</em></strong></span> <span class='ocrx_word' id='word_1_144' title='bbox 2407 824 2756 905; x_wconf 27' lang='lat' dir='ltr'><strong><em>epistolaru&#39;m</em></strong></span> <span class='ocrx_word' id='word_1_145' title='bbox 2797 847 2895 901; x_wconf 90' lang='lat' dir='ltr'><strong><em>par</em></strong></span> <span class='ocrx_word' id='word_1_146' title='bbox 2951 831 3128 884; x_wconf 82' lang='lat' dir='ltr'><strong><em>vivam</em></strong></span> <span class='ocrx_word' id='word_1_147' title='bbox 3170 827 3420 882; x_wconf 90' lang='lat' dir='ltr'><strong><em>Clemen-</em></strong></span> 
     </span>
    </p>
   </div>
   <div class='ocr_carea' id='block_1_23' title="bbox 1851 918 3422 999">
    <p class='ocr_par' dir='ltr' id='par_1_23' title="bbox 1851 918 3422 999">
     <span class='ocr_line' id='line_1_23' title="bbox 1851 918 3422 999; baseline -0.01 -16"><span class='ocrx_word' id='word_1_148' title='bbox 1851 930 1926 984; x_wconf 89' lang='lat' dir='ltr'><strong><em>tis</em></strong></span> <span class='ocrx_word' id='word_1_149' title='bbox 1957 928 2246 999; x_wconf 81' lang='lat' dir='ltr'><strong><em>imaginem</em></strong></span> <span class='ocrx_word' id='word_1_150' title='bbox 2279 925 2482 981; x_wconf 88' lang='lat' dir='ltr'><strong><em>referre</em></strong></span> <span class='ocrx_word' id='word_1_151' title='bbox 2503 963 2519 988; x_wconf 95' lang='lat'><strong><em>,</em></strong></span> <span class='ocrx_word' id='word_1_152' title='bbox 2549 939 2612 978; x_wconf 90' lang='lat' dir='ltr'><strong><em>ac</em></strong></span> <span class='ocrx_word' id='word_1_153' title='bbox 2644 929 2852 976; x_wconf 88' lang='lat' dir='ltr'><strong><em>tantum</em></strong></span> <span class='ocrx_word' id='word_1_154' title='bbox 2885 935 2996 977; x_wconf 89' lang='lat' dir='ltr'><strong><em>non</em></strong></span> <span class='ocrx_word' id='word_1_155' title='bbox 3030 918 3238 989; x_wconf 87' lang='lat' dir='ltr'><strong><em>spirare</em></strong></span> <span class='ocrx_word' id='word_1_156' title='bbox 3271 930 3422 972; x_wconf 71' lang='lat' dir='ltr'><strong><em>com-</em></strong></span> 
     </span>
    </p>
   </div>
   <div class='ocr_carea' id='block_1_24' title="bbox 1856 1021 2080 1093">
    <p class='ocr_par' dir='ltr' id='par_1_24' title="bbox 1856 1021 2080 1093">
     <span class='ocr_line' id='line_1_24' title="bbox 1856 1021 2080 1093; baseline 0 -19"><span class='ocrx_word' id='word_1_157' title='bbox 1856 1021 2080 1093; x_wconf 87' lang='lat' dir='ltr'><strong><em>peritur.</em></strong></span> 
     </span>
    </p>
   </div>
   <div class='ocr_carea' id='block_1_25' title="bbox 1926 1093 3421 1178">
    <p class='ocr_par' dir='ltr' id='par_1_25' title="bbox 1926 1093 3421 1178">
     <span class='ocr_line' id='line_1_25' title="bbox 1926 1093 3421 1178; baseline -0.007 -15"><span class='ocrx_word' id='word_1_158' title='bbox 1926 1109 2066 1165; x_wconf 76' lang='lat' dir='ltr'><strong><em>XIV.</em></strong></span> <span class='ocrx_word' id='word_1_159' title='bbox 2102 1107 2361 1178; x_wconf 87' lang='lat' dir='ltr'><strong><em>Superest</em></strong></span> <span class='ocrx_word' id='word_1_160' title='bbox 2419 1112 2480 1160; x_wconf 90' lang='lat' dir='ltr'><strong><em>ut</em></strong></span> <span class='ocrx_word' id='word_1_161' title='bbox 2515 1102 2645 1160; x_wconf 91' lang='lat' dir='ltr'><strong><em>illud</em></strong></span> <span class='ocrx_word' id='word_1_162' title='bbox 2678 1117 2897 1175; x_wconf 89' lang='lat' dir='ltr'><strong><em>quoque</em></strong></span> <span class='ocrx_word' id='word_1_163' title='bbox 2951 1100 3227 1156; x_wconf 86' lang='lat' dir='ltr'><strong><em>diluamus</em></strong></span> <span class='ocrx_word' id='word_1_164' title='bbox 3274 1093 3421 1167; x_wconf 81' lang='lat' dir='ltr'><strong><em>and</em></strong></span> 
     </span>
    </p>
   </div>
   <div class='ocr_carea' id='block_1_26' title="bbox 1855 1191 3421 1269">
    <p class='ocr_par' dir='ltr' id='par_1_26' title="bbox 1855 1191 3421 1269">
     <span class='ocr_line' id='line_1_26' title="bbox 1855 1191 3421 1269; baseline -0.01 -13"><span class='ocrx_word' id='word_1_165' title='bbox 1855 1201 1942 1256; x_wconf 89' lang='lat' dir='ltr'><strong><em>vir</em></strong></span> <span class='ocrx_word' id='word_1_166' title='bbox 1968 1200 2218 1256; x_wconf 87' lang='lat' dir='ltr'><strong><em>eruditus</em></strong></span> <span class='ocrx_word' id='word_1_167' title='bbox 2245 1213 2386 1269; x_wconf 63' lang='lat' dir='ltr'><strong><em>saepe</em></strong></span> <span class='ocrx_word' id='word_1_168' title='bbox 2423 1195 2677 1251; x_wconf 89' lang='lat' dir='ltr'><strong><em>laudatus</em></strong></span> <span class='ocrx_word' id='word_1_169' title='bbox 2717 1194 2962 1264; x_wconf 77' lang='lat' dir='ltr'><strong><em>ingerere</em></strong></span> <span class='ocrx_word' id='word_1_170' title='bbox 2993 1191 3136 1246; x_wconf 87' lang='lat' dir='ltr'><strong><em>haud</em></strong></span> <span class='ocrx_word' id='word_1_171' title='bbox 3179 1195 3421 1244; x_wconf 87' lang='lat' dir='ltr'><strong><em>veretur.</em></strong></span> 
     </span>
    </p>
   </div>
   <div class='ocr_carea' id='block_1_27' title="bbox 1857 1275 3427 1358">
    <p class='ocr_par' dir='ltr' id='par_1_27' title="bbox 1857 1275 3427 1358">
     <span class='ocr_line' id='line_1_27' title="bbox 1857 1275 3427 1358; baseline -0.011 -12"><span class='ocrx_word' id='word_1_172' title='bbox 1857 1290 2150 1354; x_wconf 82' lang='lat' dir='ltr'><strong><em>Nimirum,</em></strong></span> <span class='ocrx_word' id='word_1_173' title='bbox 2175 1288 2349 1358; x_wconf 87' lang='lat' dir='ltr'><strong><em>inquit</em></strong></span> <span class='ocrx_word' id='word_1_174' title='bbox 2375 1285 2474 1358; x_wconf 84' lang='lat'><strong><em>(7),</em></strong></span> <span class='ocrx_word' id='word_1_175' title='bbox 2497 1305 2516 1337; x_wconf 84' lang='grc'><strong>‹</strong></span> <span class='ocrx_word' id='word_1_176' title='bbox 2548 1292 2739 1340; x_wconf 83' lang='lat' dir='ltr'><strong><em>auctor</em></strong></span> <span class='ocrx_word' id='word_1_177' title='bbox 2769 1297 2830 1338; x_wconf 87' lang='lat' dir='ltr'><strong><em>se</em></strong></span> <span class='ocrx_word' id='word_1_178' title='bbox 2856 1282 2972 1352; x_wconf 88' lang='lat' dir='ltr'><strong><em>ipse</em></strong></span> <span class='ocrx_word' id='word_1_179' title='bbox 2997 1278 3300 1349; x_wconf 81' lang='lat' dir='ltr'><strong><em>virginibus</em></strong></span> <span class='ocrx_word' id='word_1_180' title='bbox 3322 1275 3427 1330; x_wconf 59' lang='lat' dir='ltr'><strong><em>ira.</em></strong></span> 
     </span>
    </p>
   </div>
   <div class='ocr_carea' id='block_1_28' title="bbox 1858 1365 3427 1447">
    <p class='ocr_par' dir='ltr' id='par_1_28' title="bbox 1858 1365 3427 1447">
     <span class='ocr_line' id='line_1_28' title="bbox 1858 1365 3427 1447; baseline -0.009 -13"><span class='ocrx_word' id='word_1_181' title='bbox 1858 1380 2035 1434; x_wconf 88' lang='lat' dir='ltr'><strong><em>tribus</em></strong></span> <span class='ocrx_word' id='word_1_182' title='bbox 2059 1377 2380 1432; x_wconf 86' lang='lat' dir='ltr'><strong><em>adnumerat</em></strong></span> <span class='ocrx_word' id='word_1_183' title='bbox 2414 1373 2516 1447; x_wconf 90' lang='lat'><strong><em>(8),</em></strong></span> <span class='ocrx_word' id='word_1_184' title='bbox 2569 1381 2623 1429; x_wconf 88' lang='lat' dir='ltr'><strong><em>et</em></strong></span> <span class='ocrx_word' id='word_1_185' title='bbox 2674 1388 2834 1428; x_wconf 89' lang='lat' dir='ltr'><strong><em>suum</em></strong></span> <span class='ocrx_word' id='word_1_186' title='bbox 2887 1370 3196 1440; x_wconf 83' lang='lat' dir='ltr'><strong><em>exemplum</em></strong></span> <span class='ocrx_word' id='word_1_187' title='bbox 3227 1367 3336 1421; x_wconf 88' lang='lat' dir='ltr'><strong><em>illis</em></strong></span> <span class='ocrx_word' id='word_1_188' title='bbox 3369 1365 3427 1420; x_wconf 91' lang='lat' dir='ltr'><strong><em>in</em></strong></span> 
     </span>
    </p>
   </div>
   <div class='ocr_carea' id='block_1_29' title="bbox 1858 1459 3428 1534">
    <p class='ocr_par' dir='ltr' id='par_1_29' title="bbox 1858 1459 3428 1534">
     <span class='ocr_line' id='line_1_29' title="bbox 1858 1459 3428 1534; baseline -0.01 -5"><span class='ocrx_word' id='word_1_189' title='bbox 1858 1473 2007 1529; x_wconf 89' lang='lat' dir='ltr'><strong><em>omni</em></strong></span> <span class='ocrx_word' id='word_1_190' title='bbox 2036 1471 2450 1527; x_wconf 85' lang='lat' dir='ltr'><strong><em>conversatione</em></strong></span> <span class='ocrx_word' id='word_1_191' title='bbox 2478 1465 2802 1521; x_wconf 88' lang='lat' dir='ltr'><strong><em>imitandum</em></strong></span> <span class='ocrx_word' id='word_1_192' title='bbox 2833 1460 3278 1534; x_wconf 80' lang='lat' dir='ltr'><strong><em>preponit.Quod</em></strong></span> <span class='ocrx_word' id='word_1_193' title='bbox 3307 1459 3428 1530; x_wconf 55' lang='lat' dir='ltr'><strong><em>qui.</em></strong></span> 
     </span>
    </p>
   </div>
   <div class='ocr_carea' id='block_1_30' title="bbox 1860 1549 3426 1627">
    <p class='ocr_par' dir='ltr' id='par_1_30' title="bbox 1860 1549 3426 1627">
     <span class='ocr_line' id='line_1_30' title="bbox 1860 1549 3426 1627; baseline -0.012 -3"><span class='ocrx_word' id='word_1_194' title='bbox 1860 1568 1983 1624; x_wconf 91' lang='lat' dir='ltr'><strong><em>dem</em></strong></span> <span class='ocrx_word' id='word_1_195' title='bbox 2015 1566 2220 1620; x_wconf 81' lang='lat' dir='ltr'><strong><em>factum</em></strong></span> <span class='ocrx_word' id='word_1_196' title='bbox 2254 1561 2595 1627; x_wconf 89' lang='lat' dir='ltr'><strong><em>historicum,</em></strong></span> <span class='ocrx_word' id='word_1_197' title='bbox 2644 1558 2689 1613; x_wconf 91' lang='lat' dir='ltr'><strong><em>si</em></strong></span> <span class='ocrx_word' id='word_1_198' title='bbox 2721 1549 3003 1611; x_wconf 84' lang='lat' dir='ltr'><strong><em>censorem</em></strong></span> <span class='ocrx_word' id='word_1_199' title='bbox 3041 1554 3186 1608; x_wconf 89' lang='lat' dir='ltr'><strong><em>hunc</em></strong></span> <span class='ocrx_word' id='word_1_200' title='bbox 3215 1551 3426 1627; x_wconf 84' lang='lat' dir='ltr'><strong><em>audias,</em></strong></span> 
     </span>
    </p>
   </div>
   <div class='ocr_carea' id='block_1_31' title="bbox 1860 1645 3430 1726">
    <p class='ocr_par' dir='ltr' id='par_1_31' title="bbox 1860 1645 3430 1726">
     <span class='ocr_line' id='line_1_31' title="bbox 1860 1645 3430 1726; baseline -0.011 -10"><span class='ocrx_word' id='word_1_201' title='bbox 1860 1677 1893 1715; x_wconf 89' lang='lat' dir='ltr'><strong><em>a</em></strong></span> <span class='ocrx_word' id='word_1_202' title='bbox 1919 1657 2215 1716; x_wconf 86' lang='lat' dir='ltr'><strong><em>Clementis</em></strong></span> <span class='ocrx_word' id='word_1_203' title='bbox 2268 1668 2506 1726; x_wconf 89' lang='lat' dir='ltr'><strong><em>persona</em></strong></span> <span class='ocrx_word' id='word_1_204' title='bbox 2545 1666 2667 1708; x_wconf 88' lang='lat' dir='ltr'><strong><em>esse</em></strong></span> <span class='ocrx_word' id='word_1_205' title='bbox 2712 1650 2942 1707; x_wconf 82' lang='lat' dir='ltr'><strong><em>videtur&#39;</em></strong></span> <span class='ocrx_word' id='word_1_206' title='bbox 2958 1649 3239 1702; x_wconf 82' lang='lat' dir='ltr'><strong><em>alienum:</em></strong></span> <span class='ocrx_word' id='word_1_207' title='bbox 3296 1645 3430 1715; x_wconf 87' lang='lat' dir='ltr'><strong><em>quin</em></strong></span> 
     </span>
    </p>
   </div>
   <div class='ocr_carea' id='block_1_32' title="bbox 1862 1741 3432 1820">
    <p class='ocr_par' dir='ltr' id='par_1_32' title="bbox 1862 1741 3432 1820">
     <span class='ocr_line' id='line_1_32' title="bbox 1862 1741 3432 1820; baseline -0.01 -12"><span class='ocrx_word' id='word_1_208' title='bbox 1862 1761 1916 1809; x_wconf 91' lang='lat' dir='ltr'><strong><em>et</em></strong></span> <span class='ocrx_word' id='word_1_209' title='bbox 1938 1766 2060 1806; x_wconf 91' lang='lat' dir='ltr'><strong><em>cum</em></strong></span> <span class='ocrx_word' id='word_1_210' title='bbox 2096 1750 2267 1820; x_wconf 86' lang='lat' dir='ltr'><strong><em>ipsius</em></strong></span> <span class='ocrx_word' id='word_1_211' title='bbox 2298 1745 2595 1802; x_wconf 90' lang='lat' dir='ltr'><strong><em>Clementis</em></strong></span> <span class='ocrx_word' id='word_1_212' title='bbox 2623 1742 2970 1798; x_wconf 78' lang='lat' dir='ltr'><strong><em>confessione</em></strong></span> <span class='ocrx_word' id='word_1_213' title='bbox 3004 1741 3311 1795; x_wconf 84' lang='lat' dir='ltr'><strong><em>consistere</em></strong></span> <span class='ocrx_word' id='word_1_214' title='bbox 3339 1753 3432 1793; x_wconf 88' lang='lat' dir='ltr'><strong><em>ne-</em></strong></span> 
     </span>
    </p>
   </div>
   <div class='ocr_carea' id='block_1_33' title="bbox 198 1828 3433 1925">
    <p class='ocr_par' dir='ltr' id='par_1_33' title="bbox 198 1828 3433 1925">
     <span class='ocr_line' id='line_1_33' title="bbox 198 1828 3433 1925; baseline -0.011 -7"><span class='ocrx_word' id='word_1_215' title='bbox 198 1828 499 1918; x_wconf 50' lang='lat' dir='ltr'><strong><em>fa-ctitatum</em></strong></span> <span class='ocrx_word' id='word_1_216' title='bbox 530 1828 824 1915; x_wconf 65' lang='lat' dir='ltr'><strong><em>cernirmis.</em></strong></span> <span class='ocrx_word' id='word_1_217' title='bbox 857 1857 920 1910; x_wconf 86' lang='lat' dir='ltr'><strong><em>Et</em></strong></span> <span class='ocrx_word' id='word_1_218' title='bbox 949 1828 1036 1910; x_wconf 82' lang='lat' dir='ltr'><strong><em>hic</em></strong></span> <span class='ocrx_word' id='word_1_219' title='bbox 1081 1869 1317 1925; x_wconf 90' lang='lat' dir='ltr'><strong><em>quoque,</em></strong></span> <span class='ocrx_word' id='word_1_220' title='bbox 1349 1859 1407 1906; x_wconf 90' lang='lat' dir='ltr'><strong><em>ut</em></strong></span> <span class='ocrx_word' id='word_1_221' title='bbox 1436 1866 1578 1920; x_wconf 80' lang='lat' dir='ltr'><strong><em>saepe</em></strong></span> <span class='ocrx_word' id='word_1_222' title='bbox 1605 1828 1760 1910; x_wconf 80' lang='lat' dir='ltr'><strong><em>alias.</em></strong></span> <span class='ocrx_word' id='word_1_223' title='bbox 1795 1838 1836 1894; x_wconf 84' lang='grc' dir='ltr'><strong><em>Β</em></strong></span> <span class='ocrx_word' id='word_1_224' title='bbox 1864 1844 1983 1915; x_wconf 89' lang='lat' dir='ltr'><strong><em>quit</em></strong></span> <span class='ocrx_word' id='word_1_225' title='bbox 2004 1861 2032 1908; x_wconf 68' lang='grc' dir='ltr'><strong><em>;Δ</em></strong></span> <span class='ocrx_word' id='word_1_226' title='bbox 2053 1843 2098 1898; x_wconf 92' lang='lat' dir='ltr'><strong><em>si</em></strong></span> <span class='ocrx_word' id='word_1_227' title='bbox 2131 1856 2251 1911; x_wconf 70' lang='lat' dir='ltr'><strong><em>quas</em></strong></span> <span class='ocrx_word' id='word_1_228' title='bbox 2281 1840 2336 1894; x_wconf 92' lang='lat' dir='ltr'><strong><em>in</em></strong></span> <span class='ocrx_word' id='word_1_229' title='bbox 2363 1837 2537 1908; x_wconf 89' lang='lat' dir='ltr'><strong><em>prima</em></strong></span> <span class='ocrx_word' id='word_1_230' title='bbox 2574 1849 2805 1906; x_wconf 88' lang='lat' dir='ltr'><strong><em>persona</em></strong></span> <span class='ocrx_word' id='word_1_231' title='bbox 2834 1834 2890 1888; x_wconf 92' lang='lat' dir='ltr'><strong><em>in</em></strong></span> <span class='ocrx_word' id='word_1_232' title='bbox 2934 1832 3165 1904; x_wconf 90' lang='lat' dir='ltr'><strong><em>epistola</em></strong></span> <span class='ocrx_word' id='word_1_233' title='bbox 3197 1831 3315 1901; x_wconf 84' lang='lat' dir='ltr'><strong><em>ejus</em></strong></span> <span class='ocrx_word' id='word_1_234' title='bbox 3366 1828 3433 1884; x_wconf 89' lang='lat' dir='ltr'><strong><em>ad</em></strong></span> 
     </span>
    </p>
   </div>
   <div class='ocr_carea' id='block_1_34' title="bbox 201 1939 1764 2022">
    <p class='ocr_par' dir='ltr' id='par_1_34' title="bbox 201 1939 1764 2022">
     <span class='ocr_line' id='line_1_34' title="bbox 201 1939 1764 2022; baseline -0.01 -15"><span class='ocrx_word' id='word_1_235' title='bbox 201 1952 451 2022; x_wconf 83' lang='lat' dir='ltr'><strong><em>apostolo</em></strong></span> <span class='ocrx_word' id='word_1_236' title='bbox 493 1949 662 2003; x_wconf 90' lang='lat' dir='ltr'><strong><em>Paulo</em></strong></span> <span class='ocrx_word' id='word_1_237' title='bbox 718 1952 1036 2003; x_wconf 89' lang='lat' dir='ltr'><strong><em>constanter</em></strong></span> <span class='ocrx_word' id='word_1_238' title='bbox 1080 1945 1350 1998; x_wconf 70' lang='lat' dir='ltr'><strong><em>adhaeret:</em></strong></span> <span class='ocrx_word' id='word_1_239' title='bbox 1402 1941 1494 2010; x_wconf 89' lang='lat' dir='ltr'><strong><em>qui</em></strong></span> <span class='ocrx_word' id='word_1_240' title='bbox 1529 1939 1764 2008; x_wconf 90' lang='lat' dir='ltr'><strong><em>primum</em></strong></span> 
     </span>
    </p>
   </div>
   <div class='ocr_carea' id='block_1_35' title="bbox 197 2030 1765 2113">
    <p class='ocr_par' dir='ltr' id='par_1_35' title="bbox 197 2030 1765 2113">
     <span class='ocr_line' id='line_1_35' title="bbox 197 2030 1765 2113; baseline -0.007 -16"><span class='ocrx_word' id='word_1_241' title='bbox 197 2043 240 2075; x_wconf 70' lang='grc' dir='ltr'><strong><em>δ’</em></strong></span> <span class='ocrx_word' id='word_1_242' title='bbox 296 2041 734 2113; x_wconf 86' lang='lat' dir='ltr'><strong><em>patriarcharum</em></strong></span> <span class='ocrx_word' id='word_1_243' title='bbox 781 2048 836 2093; x_wconf 90' lang='lat' dir='ltr'><strong><em>et</em></strong></span> <span class='ocrx_word' id='word_1_244' title='bbox 868 2037 1257 2109; x_wconf 77' lang='lat' dir='ltr'><strong><em>prophetarum</em></strong></span> <span class='ocrx_word' id='word_1_245' title='bbox 1312 2041 1464 2104; x_wconf 87' lang='lat' dir='ltr'><strong><em>gesta</em></strong></span> <span class='ocrx_word' id='word_1_246' title='bbox 1525 2030 1765 2096; x_wconf 70' lang='lat' dir='ltr'><strong><em>Hebraeis</em></strong></span> 
     </span>
    </p>
   </div>
   <div class='ocr_carea' id='block_1_36' title="bbox 202 2121 1770 2201">
    <p class='ocr_par' dir='ltr' id='par_1_36' title="bbox 202 2121 1770 2201">
     <span class='ocr_line' id='line_1_36' title="bbox 202 2121 1770 2201; baseline -0.007 -15"><span class='ocrx_word' id='word_1_247' title='bbox 202 2142 326 2188; x_wconf 87' lang='lat' dir='ltr'><strong><em>ante</em></strong></span> <span class='ocrx_word' id='word_1_248' title='bbox 356 2133 548 2188; x_wconf 88' lang='lat' dir='ltr'><strong><em>oculos</em></strong></span> <span class='ocrx_word' id='word_1_249' title='bbox 601 2145 831 2201; x_wconf 90' lang='lat' dir='ltr'><strong><em>ponens,</em></strong></span> <span class='ocrx_word' id='word_1_250' title='bbox 886 2144 980 2183; x_wconf 87' lang='lat' dir='ltr'><strong><em>eos</em></strong></span> <span class='ocrx_word' id='word_1_251' title='bbox 1011 2128 1079 2181; x_wconf 82' lang='lat' dir='ltr'><strong><em>‘ad</em></strong></span> <span class='ocrx_word' id='word_1_252' title='bbox 1113 2126 1271 2180; x_wconf 82' lang='lat' dir='ltr'><strong><em>[idem</em></strong></span> <span class='ocrx_word' id='word_1_253' title='bbox 1303 2122 1637 2180; x_wconf 87' lang='lat' dir='ltr'><strong><em>retinendam</em></strong></span> <span class='ocrx_word' id='word_1_254' title='bbox 1673 2121 1770 2176; x_wconf 89' lang='lat' dir='ltr'><strong><em>ad-</em></strong></span> 
     </span>
    </p>
   </div>
   <div class='ocr_carea' id='block_1_37' title="bbox 201 2216 1768 2291">
    <p class='ocr_par' dir='ltr' id='par_1_37' title="bbox 201 2216 1768 2291">
     <span class='ocr_line' id='line_1_37' title="bbox 201 2216 1768 2291; baseline -0.006 -14"><span class='ocrx_word' id='word_1_255' title='bbox 201 2223 483 2291; x_wconf 60' lang='lat' dir='ltr'><strong><em>hortatum;</em></strong></span> <span class='ocrx_word' id='word_1_256' title='bbox 524 2221 718 2278; x_wconf 88' lang='lat' dir='ltr'><strong><em>deinde</em></strong></span> <span class='ocrx_word' id='word_1_257' title='bbox 761 2220 1059 2291; x_wconf 90' lang='lat' dir='ltr'><strong><em>propositis</em></strong></span> <span class='ocrx_word' id='word_1_258' title='bbox 1113 2216 1317 2273; x_wconf 89' lang='lat' dir='ltr'><strong><em>Christi</em></strong></span> <span class='ocrx_word' id='word_1_259' title='bbox 1356 2216 1411 2272; x_wconf 85' lang='lat' dir='ltr'><strong><em>et</em></strong></span> <span class='ocrx_word' id='word_1_260' title='bbox 1454 2220 1768 2271; x_wconf 87' lang='lat' dir='ltr'><strong><em>sanctorum</em></strong></span> 
     </span>
    </p>
   </div>
   <div class='ocr_carea' id='block_1_38' title="bbox 201 2308 1771 2386">
    <p class='ocr_par' dir='ltr' id='par_1_38' title="bbox 201 2308 1771 2386">
     <span class='ocr_line' id='line_1_38' title="bbox 201 2308 1771 2386; baseline -0.007 -16"><span class='ocrx_word' id='word_1_261' title='bbox 201 2316 486 2386; x_wconf 66' lang='lat' dir='ltr'><strong><em>amplis,</em></strong></span> <span class='ocrx_word' id='word_1_262' title='bbox 511 2314 576 2368; x_wconf 89' lang='lat' dir='ltr'><strong><em>ad</em></strong></span> <span class='ocrx_word' id='word_1_263' title='bbox 610 2312 921 2367; x_wconf 87' lang='lat' dir='ltr'><strong><em>tolerandas</em></strong></span> <span class='ocrx_word' id='word_1_264' title='bbox 945 2311 1230 2381; x_wconf 89' lang='lat' dir='ltr'><strong><em>passiones</em></strong></span> <span class='ocrx_word' id='word_1_265' title='bbox 1253 2348 1268 2373; x_wconf 91' lang='lat'><strong><em>,</em></strong></span> <span class='ocrx_word' id='word_1_266' title='bbox 1299 2308 1367 2363; x_wconf 90' lang='lat' dir='ltr'><strong><em>ad</em></strong></span> <span class='ocrx_word' id='word_1_267' title='bbox 1399 2323 1610 2378; x_wconf 89' lang='lat' dir='ltr'><strong><em>pacem,</em></strong></span> <span class='ocrx_word' id='word_1_268' title='bbox 1638 2321 1771 2360; x_wconf 86' lang='lat' dir='ltr'><strong><em>con-</em></strong></span> 
     </span>
    </p>
   </div>
   <div class='ocr_carea' id='block_1_39' title="bbox 200 2397 1772 2460">
    <p class='ocr_par' dir='ltr' id='par_1_39' title="bbox 200 2397 1772 2460">
     <span class='ocr_line' id='line_1_39' title="bbox 200 2397 1772 2460; baseline -0.006 0"><span class='ocrx_word' id='word_1_269' title='bbox 200 2407 445 2460; x_wconf 85' lang='lat' dir='ltr'><strong><em>cordiam</em></strong></span> <span class='ocrx_word' id='word_1_270' title='bbox 496 2411 550 2458; x_wconf 92' lang='lat' dir='ltr'><strong><em>et</em></strong></span> <span class='ocrx_word' id='word_1_271' title='bbox 602 2405 946 2458; x_wconf 80' lang='lat' dir='ltr'><strong><em>sanctitatem</em></strong></span> <span class='ocrx_word' id='word_1_272' title='bbox 1007 2401 1329 2456; x_wconf 79' lang='lat' dir='ltr'><strong><em>servandam</em></strong></span> <span class='ocrx_word' id='word_1_273' title='bbox 1379 2400 1502 2454; x_wconf 88' lang='lat' dir='ltr'><strong><em>illos</em></strong></span> <span class='ocrx_word' id='word_1_274' title='bbox 1551 2397 1772 2452; x_wconf 88' lang='lat' dir='ltr'><strong><em>allicere</em></strong></span> 
     </span>
    </p>
   </div>
   <div class='ocr_carea' id='block_1_40' title="bbox 201 2490 1772 2561">
    <p class='ocr_par' dir='ltr' id='par_1_40' title="bbox 201 2490 1772 2561">
     <span class='ocr_line' id='line_1_40' title="bbox 201 2490 1772 2561; baseline -0.006 -8"><span class='ocrx_word' id='word_1_275' title='bbox 201 2497 404 2561; x_wconf 87' lang='lat' dir='ltr'><strong><em>studet,</em></strong></span> <span class='ocrx_word' id='word_1_276' title='bbox 437 2496 514 2549; x_wconf 88' lang='lat' dir='ltr'><strong><em>ita</em></strong></span> <span class='ocrx_word' id='word_1_277' title='bbox 534 2496 760 2550; x_wconf 83' lang='lat' dir='ltr'><strong><em>demum</em></strong></span> <span class='ocrx_word' id='word_1_278' title='bbox 793 2496 1093 2549; x_wconf 88' lang='lat' dir='ltr'><strong><em>orationem</em></strong></span> <span class='ocrx_word' id='word_1_279' title='bbox 1127 2491 1458 2547; x_wconf 89' lang='lat' dir='ltr'><strong><em>concludens</em></strong></span> <span class='ocrx_word' id='word_1_280' title='bbox 1489 2507 1504 2546; x_wconf 88' lang='lat'><strong>:</strong></span> <span class='ocrx_word' id='word_1_281' title='bbox 1551 2490 1772 2561; x_wconf 84' lang='lat' dir='ltr'><strong><em>Ideoque</em></strong></span> 
     </span>
    </p>
   </div>
   <div class='ocr_carea' id='block_1_41' title="bbox 201 2584 1768 2655">
    <p class='ocr_par' dir='ltr' id='par_1_41' title="bbox 201 2584 1768 2655">
     <span class='ocr_line' id='line_1_41' title="bbox 201 2584 1768 2655; baseline -0.005 -12"><span class='ocrx_word' id='word_1_282' title='bbox 201 2599 249 2643; x_wconf 89' lang='lat' dir='ltr'><strong><em>et</em></strong></span> <span class='ocrx_word' id='word_1_283' title='bbox 271 2607 366 2644; x_wconf 88' lang='lat' dir='ltr'><strong><em>nos</em></strong></span> <span class='ocrx_word' id='word_1_284' title='bbox 402 2597 605 2642; x_wconf 89' lang='lat' dir='ltr'><strong><em>tantam</em></strong></span> <span class='ocrx_word' id='word_1_285' title='bbox 647 2588 888 2641; x_wconf 84' lang='lat' dir='ltr'><strong><em>habentes</em></strong></span> <span class='ocrx_word' id='word_1_286' title='bbox 947 2587 1249 2655; x_wconf 86' lang='lat' dir='ltr'><strong><em>impositam</em></strong></span> <span class='ocrx_word' id='word_1_287' title='bbox 1291 2584 1477 2637; x_wconf 86' lang='lat' dir='ltr'><strong><em>nubem</em></strong></span> <span class='ocrx_word' id='word_1_288' title='bbox 1535 2585 1768 2647; x_wconf 84' lang='lat' dir='ltr'><strong><em>testium,</em></strong></span> 
     </span>
    </p>
   </div>
   <div class='ocr_carea' id='block_1_42' title="bbox 201 2679 1772 2750">
    <p class='ocr_par' dir='ltr' id='par_1_42' title="bbox 201 2679 1772 2750">
     <span class='ocr_line' id='line_1_42' title="bbox 201 2679 1772 2750; baseline -0.004 -17"><span class='ocrx_word' id='word_1_289' title='bbox 201 2681 510 2750; x_wconf 80' lang='lat' dir='ltr'><strong><em>deponentes</em></strong></span> <span class='ocrx_word' id='word_1_290' title='bbox 543 2697 690 2735; x_wconf 89' lang='lat' dir='ltr'><strong><em>omne</em></strong></span> <span class='ocrx_word' id='word_1_291' title='bbox 716 2679 940 2750; x_wconf 85' lang='lat' dir='ltr'><strong><em>pondus,</em></strong></span> <span class='ocrx_word' id='word_1_292' title='bbox 978 2689 1027 2731; x_wconf 90' lang='lat' dir='ltr'><strong><em>et</em></strong></span> <span class='ocrx_word' id='word_1_293' title='bbox 1071 2680 1416 2732; x_wconf 84' lang='lat' dir='ltr'><strong><em>circumstans</em></strong></span> <span class='ocrx_word' id='word_1_294' title='bbox 1448 2692 1541 2729; x_wconf 88' lang='lat' dir='ltr'><strong><em>nos</em></strong></span> <span class='ocrx_word' id='word_1_295' title='bbox 1592 2690 1772 2743; x_wconf 86' lang='lat' dir='ltr'><strong><em>pecca-</em></strong></span> 
     </span>
    </p>
   </div>
   <div class='ocr_carea' id='block_1_43' title="bbox 189 2767 1771 2842">
    <p class='ocr_par' dir='ltr' id='par_1_43' title="bbox 189 2767 1771 2842">
     <span class='ocr_line' id='line_1_43' title="bbox 189 2767 1771 2842; baseline -0.004 -16"><span class='ocrx_word' id='word_1_296' title='bbox 189 2784 333 2832; x_wconf 81' lang='lat' dir='ltr'><strong><em>tum.</em></strong></span> <span class='ocrx_word' id='word_1_297' title='bbox 369 2790 458 2842; x_wconf 86' lang='lat' dir='ltr'><strong><em>per</em></strong></span> <span class='ocrx_word' id='word_1_298' title='bbox 488 2774 793 2842; x_wconf 84' lang='lat' dir='ltr'><strong><em>patientiam</em></strong></span> <span class='ocrx_word' id='word_1_299' title='bbox 845 2787 1122 2827; x_wconf 88' lang='lat' dir='ltr'><strong><em>curramus</em></strong></span> <span class='ocrx_word' id='word_1_300' title='bbox 1155 2768 1222 2823; x_wconf 90' lang='lat' dir='ltr'><strong><em>ad</em></strong></span> <span class='ocrx_word' id='word_1_301' title='bbox 1269 2769 1591 2838; x_wconf 79' lang='lat' dir='ltr'><strong><em>propositum</em></strong></span> <span class='ocrx_word' id='word_1_302' title='bbox 1624 2767 1771 2821; x_wconf 84' lang='lat' dir='ltr'><strong><em>nobis</em></strong></span> 
     </span>
    </p>
   </div>
   <div class='ocr_carea' id='block_1_44' title="bbox 204 2875 489 2919">
    <p class='ocr_par' dir='ltr' id='par_1_44' title="bbox 204 2875 489 2919">
     <span class='ocr_line' id='line_1_44' title="bbox 204 2875 489 2919; baseline 0 -1"><span class='ocrx_word' id='word_1_303' title='bbox 204 2875 489 2919; x_wconf 81' lang='lat' dir='ltr'><strong><em>certamen.</em></strong></span> 
     </span>
    </p>
   </div>
   <div class='ocr_carea' id='block_1_45' title="bbox 219 2953 1775 3027">
    <p class='ocr_par' dir='ltr' id='par_1_45' title="bbox 219 2953 1775 3027">
     <span class='ocr_line' id='line_1_45' title="bbox 219 2953 1775 3027; baseline -0.001 -19"><span class='ocrx_word' id='word_1_304' title='bbox 219 2999 226 3008; x_wconf 80' lang='lat'>,</span> <span class='ocrx_word' id='word_1_305' title='bbox 272 2956 463 3027; x_wconf 85' lang='lat' dir='ltr'><strong><em>Neque</em></strong></span> <span class='ocrx_word' id='word_1_306' title='bbox 500 2957 662 3010; x_wconf 85' lang='lat' dir='ltr'><strong><em>etiam</em></strong></span> <span class='ocrx_word' id='word_1_307' title='bbox 686 2954 1045 3009; x_wconf 88' lang='lat' dir='ltr'><strong><em>omittendum</em></strong></span> <span class='ocrx_word' id='word_1_308' title='bbox 1082 2959 1339 3024; x_wconf 86' lang='lat' dir='ltr'><strong><em>putamus</em></strong></span> <span class='ocrx_word' id='word_1_309' title='bbox 1382 2968 1552 3008; x_wconf 91' lang='lat' dir='ltr'><strong><em>unum</em></strong></span> <span class='ocrx_word' id='word_1_310' title='bbox 1584 2953 1667 3008; x_wconf 87' lang='lat' dir='ltr'><strong><em>vel</em></strong></span> <span class='ocrx_word' id='word_1_311' title='bbox 1696 2953 1775 3006; x_wconf 85' lang='lat' dir='ltr'><strong><em>al-</em></strong></span> 
     </span>
    </p>
   </div>
   <div class='ocr_carea' id='block_1_46' title="bbox 203 3044 1774 3117">
    <p class='ocr_par' dir='ltr' id='par_1_46' title="bbox 203 3044 1774 3117">
     <span class='ocr_line' id='line_1_46' title="bbox 203 3044 1774 3117; baseline -0.006 -12"><span class='ocrx_word' id='word_1_312' title='bbox 203 3059 380 3106; x_wconf 83' lang='lat' dir='ltr'><strong><em>terum</em></strong></span> <span class='ocrx_word' id='word_1_313' title='bbox 413 3048 534 3117; x_wconf 81' lang='lat' dir='ltr'><strong><em>styli</em></strong></span> <span class='ocrx_word' id='word_1_314' title='bbox 567 3046 848 3108; x_wconf 87' lang='lat' dir='ltr'><strong><em>indicium,</em></strong></span> <span class='ocrx_word' id='word_1_315' title='bbox 890 3046 1033 3100; x_wconf 91' lang='lat' dir='ltr'><strong><em>haud</em></strong></span> <span class='ocrx_word' id='word_1_316' title='bbox 1078 3044 1296 3114; x_wconf 86' lang='lat' dir='ltr'><strong><em>quidem</em></strong></span> <span class='ocrx_word' id='word_1_317' title='bbox 1343 3044 1620 3114; x_wconf 79' lang='lat' dir='ltr'><strong><em>exiguum,</em></strong></span> <span class='ocrx_word' id='word_1_318' title='bbox 1665 3059 1774 3113; x_wconf 88' lang='lat' dir='ltr'><strong><em>quo</em></strong></span> 
     </span>
    </p>
   </div>
   <div class='ocr_carea' id='block_1_47' title="bbox 196 3133 1839 3232">
    <p class='ocr_par' dir='ltr' id='par_1_47' title="bbox 196 3133 1839 3232">
     <span class='ocr_line' id='line_1_47' title="bbox 196 3133 1839 3232; baseline -0.005 -39"><span class='ocrx_word' id='word_1_319' title='bbox 196 3140 380 3210; x_wconf 87' lang='lat' dir='ltr'><strong><em>magis</em></strong></span> <span class='ocrx_word' id='word_1_320' title='bbox 421 3137 596 3192; x_wconf 88' lang='lat' dir='ltr'><strong><em>adhuc</em></strong></span> <span class='ocrx_word' id='word_1_321' title='bbox 623 3138 676 3192; x_wconf 89' lang='lat' dir='ltr'><strong><em>id</em></strong></span> <span class='ocrx_word' id='word_1_322' title='bbox 699 3137 843 3206; x_wconf 91' lang='lat' dir='ltr'><strong><em>quod</em></strong></span> <span class='ocrx_word' id='word_1_323' title='bbox 875 3137 1241 3198; x_wconf 87' lang='lat' dir='ltr'><strong><em>intendimus,</em></strong></span> <span class='ocrx_word' id='word_1_324' title='bbox 1275 3134 1649 3188; x_wconf 82' lang='lat' dir='ltr'><strong><em>conﬁrmatur.</em></strong></span> <span class='ocrx_word' id='word_1_325' title='bbox 1693 3133 1770 3186; x_wconf 83' lang='lat' dir='ltr'><strong><em>En</em></strong></span> <span class='ocrx_word' id='word_1_326' title='bbox 1797 3175 1839 3232; x_wconf 61' lang='grc' dir='ltr'>ϐ</span> 
     </span>
    </p>
   </div>
   <div class='ocr_carea' id='block_1_48' title="bbox 205 3225 1766 3300">
    <p class='ocr_par' dir='ltr' id='par_1_48' title="bbox 205 3225 1766 3300">
     <span class='ocr_line' id='line_1_48' title="bbox 205 3225 1766 3300; baseline -0.004 -16"><span class='ocrx_word' id='word_1_327' title='bbox 205 3231 334 3285; x_wconf 89' lang='lat' dir='ltr'><strong><em>illud</em></strong></span> <span class='ocrx_word' id='word_1_328' title='bbox 373 3245 440 3286; x_wconf 83' lang='lat' dir='ltr'><strong><em>ex</em></strong></span> <span class='ocrx_word' id='word_1_329' title='bbox 477 3230 638 3300; x_wconf 89' lang='lat' dir='ltr'><strong><em>epist.</em></strong></span> <span class='ocrx_word' id='word_1_330' title='bbox 680 3230 702 3285; x_wconf 82' lang='lat' dir='ltr'><strong><em>i</em></strong></span> <span class='ocrx_word' id='word_1_331' title='bbox 743 3228 812 3284; x_wconf 87' lang='lat' dir='ltr'><strong><em>ad</em></strong></span> <span class='ocrx_word' id='word_1_332' title='bbox 855 3227 1095 3285; x_wconf 77' lang='lat' dir='ltr'><strong><em>Corinth.</em></strong></span> <span class='ocrx_word' id='word_1_333' title='bbox 1122 3243 1245 3299; x_wconf 86' lang='lat' dir='ltr'><strong><em>cap.</em></strong></span> <span class='ocrx_word' id='word_1_334' title='bbox 1279 3228 1351 3281; x_wconf 71' lang='grc' dir='ltr'>ὅς</span> <span class='ocrx_word' id='word_1_335' title='bbox 1390 3225 1766 3295; x_wconf 82' lang='lat' dir='ltr'><strong><em>Hinc,inquit,</em></strong></span> 
     </span>
    </p>
   </div>
   <div class='ocr_carea' id='block_1_49' title="bbox 204 3317 1765 3389">
    <p class='ocr_par' dir='ltr' id='par_1_49' title="bbox 204 3317 1765 3389">
     <span class='ocr_line' id='line_1_49' title="bbox 204 3317 1765 3389; baseline -0.003 -13"><span class='ocrx_word' id='word_1_336' title='bbox 204 3321 496 3389; x_wconf 61' lang='lat' dir='ltr'><strong><em>emutatio,</em></strong></span> <span class='ocrx_word' id='word_1_337' title='bbox 557 3322 787 3386; x_wconf 80' lang='lat' dir='ltr'><strong><em>invidia,</em></strong></span> <span class='ocrx_word' id='word_1_338' title='bbox 848 3322 1143 3384; x_wconf 84' lang='lat' dir='ltr'><strong><em>contentio,</em></strong></span> <span class='ocrx_word' id='word_1_339' title='bbox 1195 3319 1402 3384; x_wconf 86' lang='lat' dir='ltr'><strong><em>seditio,</em></strong></span> <span class='ocrx_word' id='word_1_340' title='bbox 1456 3317 1765 3386; x_wconf 88' lang='lat' dir='ltr'><strong><em>persecutio,</em></strong></span> 
     </span>
    </p>
   </div>
   <div class='ocr_carea' id='block_1_50' title="bbox 202 3407 1766 3480">
    <p class='ocr_par' dir='ltr' id='par_1_50' title="bbox 202 3407 1766 3480">
     <span class='ocr_line' id='line_1_50' title="bbox 202 3407 1766 3480; baseline -0.001 -16"><span class='ocrx_word' id='word_1_341' title='bbox 202 3411 713 3475; x_wconf 85' lang='lat' dir='ltr'><strong><em>commotio,bellum</em></strong></span> <span class='ocrx_word' id='word_1_342' title='bbox 743 3421 790 3466; x_wconf 83' lang='lat' dir='ltr'><strong><em>et</em></strong></span> <span class='ocrx_word' id='word_1_343' title='bbox 813 3412 1089 3480; x_wconf 76' lang='lat' dir='ltr'><strong><em>captivitas</em></strong></span> <span class='ocrx_word' id='word_1_344' title='bbox 1114 3419 1417 3465; x_wconf 87' lang='lat' dir='ltr'><strong><em>manarunt.</em></strong></span> <span class='ocrx_word' id='word_1_345' title='bbox 1439 3407 1504 3462; x_wconf 88' lang='lat' dir='ltr'><strong><em>Et</em></strong></span> <span class='ocrx_word' id='word_1_346' title='bbox 1519 3422 1639 3477; x_wconf 88' lang='lat' dir='ltr'><strong><em>cap.</em></strong></span> <span class='ocrx_word' id='word_1_347' title='bbox 1657 3409 1726 3464; x_wconf 79' lang='grc'><strong><em>55</em></strong></span> <span class='ocrx_word' id='word_1_348' title='bbox 1751 3427 1766 3463; x_wconf 90' lang='lat'><strong>:</strong></span> 
     </span>
    </p>
   </div>
   <div class='ocr_carea' id='block_1_51' title="bbox 205 3498 1770 3571">
    <p class='ocr_par' dir='ltr' id='par_1_51' title="bbox 205 3498 1770 3571">
     <span class='ocr_line' id='line_1_51' title="bbox 205 3498 1770 3571; baseline -0.001 -18"><span class='ocrx_word' id='word_1_349' title='bbox 205 3500 319 3556; x_wconf 75' lang='lat' dir='ltr'><strong><em>Nos</em></strong></span> <span class='ocrx_word' id='word_1_350' title='bbox 365 3503 529 3571; x_wconf 78' lang='lat' dir='ltr'><strong><em>igitur</em></strong></span> <span class='ocrx_word' id='word_1_351' title='bbox 573 3518 775 3555; x_wconf 87' lang='lat' dir='ltr'><strong><em>summa</em></strong></span> <span class='ocrx_word' id='word_1_352' title='bbox 809 3501 982 3555; x_wconf 82' lang='lat' dir='ltr'><strong><em>studio</em></strong></span> <span class='ocrx_word' id='word_1_353' title='bbox 1036 3498 1410 3554; x_wconf 86' lang='lat' dir='ltr'><strong><em>contendamus</em></strong></span> <span class='ocrx_word' id='word_1_354' title='bbox 1453 3499 1507 3551; x_wconf 90' lang='lat' dir='ltr'><strong><em>in</em></strong></span> <span class='ocrx_word' id='word_1_355' title='bbox 1556 3514 1770 3551; x_wconf 85' lang='lat' dir='ltr'><strong><em>numero</em></strong></span> 
     </span>
    </p>
   </div>
   <div class='ocr_carea' id='block_1_52' title="bbox 197 3588 1770 3670">
    <p class='ocr_par' dir='ltr' id='par_1_52' title="bbox 197 3588 1770 3670">
     <span class='ocr_line' id='line_1_52' title="bbox 197 3588 1770 3670; baseline -0.003 -24"><span class='ocrx_word' id='word_1_356' title='bbox 197 3595 614 3661; x_wconf 71' lang='lat' dir='ltr'><strong><em>exspectantium</em></strong></span> <span class='ocrx_word' id='word_1_357' title='bbox 663 3608 780 3646; x_wconf 87' lang='lat' dir='ltr'><strong><em>eum</em></strong></span> <span class='ocrx_word' id='word_1_358' title='bbox 829 3593 1062 3670; x_wconf 78' lang='lat' dir='ltr'><strong><em>reperiri,</em></strong></span> <span class='ocrx_word' id='word_1_359' title='bbox 1094 3590 1499 3658; x_wconf 83' lang='lat' dir='ltr'><strong><em>—-.abjicientes</em></strong></span> <span class='ocrx_word' id='word_1_360' title='bbox 1544 3607 1576 3642; x_wconf 89' lang='lat' dir='ltr'><strong><em>a</em></strong></span> <span class='ocrx_word' id='word_1_361' title='bbox 1624 3588 1770 3643; x_wconf 88' lang='lat' dir='ltr'><strong><em>nobis</em></strong></span> 
     </span>
    </p>
   </div>
   <div class='ocr_carea' id='block_1_53' title="bbox 201 3681 1772 3753">
    <p class='ocr_par' dir='ltr' id='par_1_53' title="bbox 201 3681 1772 3753">
     <span class='ocr_line' id='line_1_53' title="bbox 201 3681 1772 3753; baseline -0.003 -17"><span class='ocrx_word' id='word_1_362' title='bbox 201 3700 409 3737; x_wconf 88' lang='lat' dir='ltr'><strong><em>omnem</em></strong></span> <span class='ocrx_word' id='word_1_363' title='bbox 431 3683 750 3753; x_wconf 84' lang='lat' dir='ltr'><strong><em>injustitiam</em></strong></span> <span class='ocrx_word' id='word_1_364' title='bbox 780 3693 828 3738; x_wconf 86' lang='lat' dir='ltr'><strong><em>et</em></strong></span> <span class='ocrx_word' id='word_1_365' title='bbox 852 3684 1198 3752; x_wconf 88' lang='lat' dir='ltr'><strong><em>iniquitatem,</em></strong></span> <span class='ocrx_word' id='word_1_366' title='bbox 1226 3681 1528 3743; x_wconf 86' lang='lat' dir='ltr'><strong><em>avaritiam,</em></strong></span> <span class='ocrx_word' id='word_1_367' title='bbox 1561 3689 1772 3733; x_wconf 86' lang='lat' dir='ltr'><strong><em>conten-</em></strong></span> 
     </span>
    </p>
   </div>
   <div class='ocr_carea' id='block_1_54' title="bbox 204 3772 1774 3844">
    <p class='ocr_par' dir='ltr' id='par_1_54' title="bbox 204 3772 1774 3844">
     <span class='ocr_line' id='line_1_54' title="bbox 204 3772 1774 3844; baseline -0.003 -16"><span class='ocrx_word' id='word_1_368' title='bbox 204 3775 398 3838; x_wconf 85' lang='lat' dir='ltr'><strong><em>tiones,</em></strong></span> <span class='ocrx_word' id='word_1_369' title='bbox 435 3775 794 3844; x_wconf 86' lang='lat' dir='ltr'><strong><em>malignitates</em></strong></span> <span class='ocrx_word' id='word_1_370' title='bbox 812 3784 862 3829; x_wconf 86' lang='lat' dir='ltr'><strong><em>et</em></strong></span> <span class='ocrx_word' id='word_1_371' title='bbox 895 3775 1130 3843; x_wconf 77' lang='lat' dir='ltr'><strong><em>fraudes,</em></strong></span> <span class='ocrx_word' id='word_1_372' title='bbox 1156 3789 1405 3827; x_wconf 86' lang='lat' dir='ltr'><strong><em>susurros</em></strong></span> <span class='ocrx_word' id='word_1_373' title='bbox 1433 3781 1481 3826; x_wconf 87' lang='lat' dir='ltr'><strong><em>et</em></strong></span> <span class='ocrx_word' id='word_1_374' title='bbox 1510 3772 1774 3825; x_wconf 81' lang='lat' dir='ltr'><strong><em>obtrecta-</em></strong></span> 
     </span>
    </p>
   </div>
   <div class='ocr_carea' id='block_1_55' title="bbox 203 3865 1822 3936">
    <p class='ocr_par' dir='ltr' id='par_1_55' title="bbox 203 3865 1822 3936">
     <span class='ocr_line' id='line_1_55' title="bbox 203 3865 1822 3936; baseline -0.003 -16"><span class='ocrx_word' id='word_1_375' title='bbox 203 3867 397 3934; x_wconf 75' lang='lat' dir='ltr'><strong><em>tiones,</em></strong></span> <span class='ocrx_word' id='word_1_376' title='bbox 428 3866 605 3920; x_wconf 90' lang='lat' dir='ltr'><strong><em>odium</em></strong></span> <span class='ocrx_word' id='word_1_377' title='bbox 639 3867 756 3930; x_wconf 85' lang='lat' dir='ltr'><strong><em>Dei,</em></strong></span> <span class='ocrx_word' id='word_1_378' title='bbox 781 3866 1077 3936; x_wconf 84' lang='lat' dir='ltr'><strong><em>superbiam</em></strong></span> <span class='ocrx_word' id='word_1_379' title='bbox 1119 3875 1168 3920; x_wconf 88' lang='lat' dir='ltr'><strong><em>et</em></strong></span> <span class='ocrx_word' id='word_1_380' title='bbox 1203 3867 1624 3929; x_wconf 84' lang='lat' dir='ltr'><strong><em>ostentationem,</em></strong></span> <span class='ocrx_word' id='word_1_381' title='bbox 1656 3865 1772 3917; x_wconf 87' lang='lat' dir='ltr'><strong><em>ina-</em></strong></span> <span class='ocrx_word' id='word_1_382' title='bbox 1819 3911 1822 3914; x_wconf 89' lang='lat'><strong><em>.</em></strong></span> 
     </span>
    </p>
   </div>
   <div class='ocr_carea' id='block_1_56' title="bbox 202 3953 1774 4028">
    <p class='ocr_par' dir='ltr' id='par_1_56' title="bbox 202 3953 1774 4028">
     <span class='ocr_line' id='line_1_56' title="bbox 202 3953 1774 4028; baseline -0.003 -16"><span class='ocrx_word' id='word_1_383' title='bbox 202 3973 319 4012; x_wconf 77' lang='lat' dir='ltr'><strong><em>item</em></strong></span> <span class='ocrx_word' id='word_1_384' title='bbox 404 3959 628 4028; x_wconf 81' lang='lat' dir='ltr'><strong><em>gloriam</em></strong></span> <span class='ocrx_word' id='word_1_385' title='bbox 698 3967 850 4028; x_wconf 88' lang='lat' dir='ltr'><strong><em>atque</em></strong></span> <span class='ocrx_word' id='word_1_386' title='bbox 920 3973 1150 4012; x_wconf 82' lang='lat' dir='ltr'><strong><em>amorem</em></strong></span> <span class='ocrx_word' id='word_1_387' title='bbox 1228 3957 1506 4011; x_wconf 82' lang='lat' dir='ltr'><strong><em>‘vanitatis.</em></strong></span> <span class='ocrx_word' id='word_1_388' title='bbox 1546 3953 1774 4010; x_wconf 77' lang='lat' dir='ltr'><strong><em>Confer</em></strong></span> 
     </span>
    </p>
   </div>
   <div class='ocr_carea' id='block_1_57' title="bbox 199 4045 1769 4119">
    <p class='ocr_par' dir='ltr' id='par_1_57' title="bbox 199 4045 1769 4119">
     <span class='ocr_line' id='line_1_57' title="bbox 199 4045 1769 4119; baseline -0.003 -12"><span class='ocrx_word' id='word_1_389' title='bbox 199 4048 330 4110; x_wconf 77' lang='lat' dir='ltr'><strong><em>ista,</em></strong></span> <span class='ocrx_word' id='word_1_390' title='bbox 390 4051 435 4103; x_wconf 88' lang='lat' dir='ltr'><strong><em>si</em></strong></span> <span class='ocrx_word' id='word_1_391' title='bbox 485 4051 684 4119; x_wconf 84' lang='lat' dir='ltr'><strong><em>placet.</em></strong></span> <span class='ocrx_word' id='word_1_392' title='bbox 732 4065 855 4104; x_wconf 91' lang='lat' dir='ltr'><strong><em>cum</em></strong></span> <span class='ocrx_word' id='word_1_393' title='bbox 909 4050 993 4105; x_wconf 85' lang='lat' dir='ltr'><strong><em>his</em></strong></span> <span class='ocrx_word' id='word_1_394' title='bbox 1051 4065 1174 4119; x_wconf 81' lang='lat' dir='ltr'><strong><em>quae</em></strong></span> <span class='ocrx_word' id='word_1_395' title='bbox 1225 4049 1480 4118; x_wconf 89' lang='lat' dir='ltr'><strong><em>leguntur</em></strong></span> <span class='ocrx_word' id='word_1_396' title='bbox 1513 4046 1567 4100; x_wconf 90' lang='lat' dir='ltr'><strong><em>in</em></strong></span> <span class='ocrx_word' id='word_1_397' title='bbox 1596 4045 1769 4116; x_wconf 85' lang='lat' dir='ltr'><strong><em>Epist.</em></strong></span> 
     </span>
    </p>
   </div>
   <div class='ocr_carea' id='block_1_58' title="bbox 203 4129 1774 4208">
    <p class='ocr_par' dir='ltr' id='par_1_58' title="bbox 203 4129 1774 4208">
     <span class='ocr_line' id='line_1_58' title="bbox 203 4129 1774 4208; baseline -0.003 -16"><span class='ocrx_word' id='word_1_398' title='bbox 203 4138 328 4192; x_wconf 73' lang='lat' dir='ltr'><strong><em>iad</em></strong></span> <span class='ocrx_word' id='word_1_399' title='bbox 354 4138 541 4208; x_wconf 84' lang='lat' dir='ltr'><strong><em>virgin.</em></strong></span> <span class='ocrx_word' id='word_1_400' title='bbox 593 4153 715 4208; x_wconf 87' lang='lat' dir='ltr'><strong><em>cap.</em></strong></span> <span class='ocrx_word' id='word_1_401' title='bbox 747 4138 818 4193; x_wconf 88' lang='lat'><strong><em>8:</em></strong></span> <span class='ocrx_word' id='word_1_402' title='bbox 878 4137 982 4205; x_wconf 85' lang='lat' dir='ltr'><strong><em>Qui</em></strong></span> <span class='ocrx_word' id='word_1_403' title='bbox 1009 4129 1123 4192; x_wconf 81' lang='lat' dir='ltr'><strong><em>vere</em></strong></span> <span class='ocrx_word' id='word_1_404' title='bbox 1179 4137 1356 4207; x_wconf 83' lang='lat' dir='ltr'><strong><em>ﬁdeles</em></strong></span> <span class='ocrx_word' id='word_1_405' title='bbox 1407 4144 1550 4199; x_wconf 83' lang='lat' dir='ltr'><strong><em>sunt,</em></strong></span> <span class='ocrx_word' id='word_1_406' title='bbox 1603 4137 1697 4201; x_wconf 89' lang='lat' dir='ltr'><strong><em>ait,</em></strong></span> <span class='ocrx_word' id='word_1_407' title='bbox 1725 4145 1774 4189; x_wconf 90' lang='lat' dir='ltr'><strong><em>et</em></strong></span> 
     </span>
    </p>
   </div>
   <div class='ocr_carea' id='block_1_59' title="bbox 201 4225 1774 4295">
    <p class='ocr_par' dir='ltr' id='par_1_59' title="bbox 201 4225 1774 4295">
     <span class='ocr_line' id='line_1_59' title="bbox 201 4225 1774 4295; baseline -0.002 -14"><span class='ocrx_word' id='word_1_408' title='bbox 201 4229 428 4294; x_wconf 79' lang='lat' dir='ltr'><strong><em>spiritus</em></strong></span> <span class='ocrx_word' id='word_1_409' title='bbox 459 4225 658 4280; x_wconf 84' lang='lat' dir='ltr'><strong><em>Christi</em></strong></span> <span class='ocrx_word' id='word_1_410' title='bbox 711 4225 915 4279; x_wconf 87' lang='lat' dir='ltr'><strong><em>habitat</em></strong></span> <span class='ocrx_word' id='word_1_411' title='bbox 947 4228 1002 4280; x_wconf 91' lang='lat' dir='ltr'><strong><em>in</em></strong></span> <span class='ocrx_word' id='word_1_412' title='bbox 1033 4226 1181 4295; x_wconf 85' lang='lat' dir='ltr'><strong><em>ipsis,</em></strong></span> <span class='ocrx_word' id='word_1_413' title='bbox 1217 4226 1291 4279; x_wconf 80' lang='lat' dir='ltr'><strong><em>in</em></strong></span> <span class='ocrx_word' id='word_1_414' title='bbox 1336 4226 1443 4279; x_wconf 86' lang='lat' dir='ltr'><strong><em>illis</em></strong></span> <span class='ocrx_word' id='word_1_415' title='bbox 1474 4241 1578 4280; x_wconf 84' lang='lat' dir='ltr'><strong><em>non</em></strong></span> <span class='ocrx_word' id='word_1_416' title='bbox 1606 4233 1774 4292; x_wconf 83' lang='lat' dir='ltr'><strong><em>potest</em></strong></span> 
     </span>
    </p>
   </div>
   <div class='ocr_carea' id='block_1_60' title="bbox 200 4316 1770 4388">
    <p class='ocr_par' dir='ltr' id='par_1_60' title="bbox 200 4316 1770 4388">
     <span class='ocr_line' id='line_1_60' title="bbox 200 4316 1770 4388; baseline -0.001 -17"><span class='ocrx_word' id='word_1_417' title='bbox 200 4333 313 4372; x_wconf 86' lang='lat' dir='ltr'><strong><em>esse</em></strong></span> <span class='ocrx_word' id='word_1_418' title='bbox 347 4319 600 4387; x_wconf 83' lang='lat' dir='ltr'><strong><em>cogitatio</em></strong></span> <span class='ocrx_word' id='word_1_419' title='bbox 627 4319 802 4372; x_wconf 85' lang='lat' dir='ltr'><strong><em>carnis</em></strong></span> <span class='ocrx_word' id='word_1_420' title='bbox 830 4334 848 4380; x_wconf 91' lang='lat'><strong><em>;</em></strong></span> <span class='ocrx_word' id='word_1_421' title='bbox 871 4335 988 4388; x_wconf 69' lang='lat' dir='ltr'><strong><em>qua:</em></strong></span> <span class='ocrx_word' id='word_1_422' title='bbox 1009 4327 1084 4373; x_wconf 86' lang='lat' dir='ltr'><strong><em>est</em></strong></span> <span class='ocrx_word' id='word_1_423' title='bbox 1114 4319 1390 4381; x_wconf 84' lang='lat' dir='ltr'><strong><em>scortatio,</em></strong></span> <span class='ocrx_word' id='word_1_424' title='bbox 1421 4316 1770 4386; x_wconf 86' lang='lat' dir='ltr'><strong><em>impudicitia,</em></strong></span> 
     </span>
    </p>
   </div>
   <div class='ocr_carea' id='block_1_61' title="bbox 177 4407 1774 4479">
    <p class='ocr_par' dir='ltr' id='par_1_61' title="bbox 177 4407 1774 4479">
     <span class='ocr_line' id='line_1_61' title="bbox 177 4407 1774 4479; baseline -0.004 -13"><span class='ocrx_word' id='word_1_425' title='bbox 177 4411 512 4479; x_wconf 80' lang='lat' dir='ltr'><strong><em>.impuritas,</em></strong></span> <span class='ocrx_word' id='word_1_426' title='bbox 551 4408 893 4472; x_wconf 66' lang='lat' dir='ltr'><strong><em>idololatria,</em></strong></span> <span class='ocrx_word' id='word_1_427' title='bbox 941 4410 1264 4478; x_wconf 79' lang='lat' dir='ltr'><strong><em>veneﬁcium,</em></strong></span> <span class='ocrx_word' id='word_1_428' title='bbox 1296 4409 1601 4472; x_wconf 88' lang='lat' dir='ltr'><strong><em>inimicitia,</em></strong></span> <span class='ocrx_word' id='word_1_429' title='bbox 1639 4407 1774 4460; x_wconf 83' lang='lat' dir='ltr'><strong><em>inui-</em></strong></span> 
     </span>
    </p>
   </div>
   <div class='ocr_carea' id='block_1_62' title="bbox 1865 1924 3435 1998">
    <p class='ocr_par' dir='ltr' id='par_1_62' title="bbox 1865 1924 3435 1998">
     <span class='ocr_line' id='line_1_62' title="bbox 1865 1924 3435 1998; baseline -0.01 -7"><span class='ocrx_word' id='word_1_430' title='bbox 1865 1936 2175 1991; x_wconf 79' lang='lat' dir='ltr'><strong><em>Corinthios</em></strong></span> <span class='ocrx_word' id='word_1_431' title='bbox 2203 1931 2521 1988; x_wconf 65' lang='lat' dir='ltr'><strong><em>efferuntur.</em></strong></span> <span class='ocrx_word' id='word_1_432' title='bbox 2553 1928 2620 1983; x_wconf 90' lang='lat' dir='ltr'><strong><em>ad</em></strong></span> <span class='ocrx_word' id='word_1_433' title='bbox 2671 1929 2848 1998; x_wconf 88' lang='lat' dir='ltr'><strong><em>ipsum</em></strong></span> <span class='ocrx_word' id='word_1_434' title='bbox 2872 1940 3089 1998; x_wconf 88' lang='lat' dir='ltr'><strong><em>quoque</em></strong></span> <span class='ocrx_word' id='word_1_435' title='bbox 3120 1924 3344 1986; x_wconf 77' lang='lat' dir='ltr'><strong><em>referre,</em></strong></span> <span class='ocrx_word' id='word_1_436' title='bbox 3375 1929 3435 1976; x_wconf 91' lang='lat' dir='ltr'><strong><em>ut</em></strong></span> 
     </span>
    </p>
   </div>
   <div class='ocr_carea' id='block_1_63' title="bbox 1865 2015 3438 2098">
    <p class='ocr_par' dir='ltr' id='par_1_63' title="bbox 1865 2015 3438 2098">
     <span class='ocr_line' id='line_1_63' title="bbox 1865 2015 3438 2098; baseline -0.007 -18"><span class='ocrx_word' id='word_1_437' title='bbox 1865 2035 2080 2098; x_wconf 82' lang='lat' dir='ltr'><strong><em>oportet</em></strong></span> <span class='ocrx_word' id='word_1_438' title='bbox 2111 2026 2157 2081; x_wconf 90' lang='lat' dir='ltr'><strong><em>si</em></strong></span> <span class='ocrx_word' id='word_1_439' title='bbox 2188 2025 2323 2079; x_wconf 90' lang='lat' dir='ltr'><strong><em>nihil</em></strong></span> <span class='ocrx_word' id='word_1_440' title='bbox 2357 2024 2559 2087; x_wconf 85' lang='lat' dir='ltr'><strong><em>obstet,</em></strong></span> <span class='ocrx_word' id='word_1_441' title='bbox 2592 2022 2769 2074; x_wconf 88' lang='lat' dir='ltr'><strong><em>liceat.</em></strong></span> <span class='ocrx_word' id='word_1_442' title='bbox 2798 2018 3064 2089; x_wconf 89' lang='lat' dir='ltr'><strong><em>Loquitur</em></strong></span> <span class='ocrx_word' id='word_1_443' title='bbox 3085 2026 3282 2080; x_wconf 90' lang='lat' dir='ltr'><strong><em>autem,</em></strong></span> <span class='ocrx_word' id='word_1_444' title='bbox 3305 2015 3438 2071; x_wconf 87' lang='lat' dir='ltr'><strong><em>sub-</em></strong></span> 
     </span>
    </p>
   </div>
   <div class='ocr_carea' id='block_1_64' title="bbox 1867 2104 3436 2176">
    <p class='ocr_par' dir='ltr' id='par_1_64' title="bbox 1867 2104 3436 2176">
     <span class='ocr_line' id='line_1_64' title="bbox 1867 2104 3436 2176; baseline -0.011 -4"><span class='ocrx_word' id='word_1_445' title='bbox 1867 2118 1948 2172; x_wconf 85' lang='lat' dir='ltr'><strong><em>dit</em></strong></span> <span class='ocrx_word' id='word_1_446' title='bbox 1981 2118 2063 2169; x_wconf 88' lang='lat' dir='ltr'><strong><em>vir</em></strong></span> <span class='ocrx_word' id='word_1_447' title='bbox 2082 2115 2328 2176; x_wconf 88' lang='lat' dir='ltr'><strong><em>criticus,</em></strong></span> <span class='ocrx_word' id='word_1_448' title='bbox 2360 2111 2423 2166; x_wconf 88' lang='lat' dir='ltr'><strong><em>de</em></strong></span> <span class='ocrx_word' id='word_1_449' title='bbox 2449 2109 2701 2165; x_wconf 71' lang='lat' dir='ltr'><strong><em>uxoribus</em></strong></span> <span class='ocrx_word' id='word_1_450' title='bbox 2741 2118 2788 2164; x_wconf 88' lang='lat' dir='ltr'><strong><em>et</em></strong></span> <span class='ocrx_word' id='word_1_451' title='bbox 2821 2107 3001 2162; x_wconf 85' lang='lat' dir='ltr'><strong><em>liberis</em></strong></span> <span class='ocrx_word' id='word_1_452' title='bbox 3049 2104 3268 2169; x_wconf 86' lang='lat' dir='ltr'><strong><em>nostris,</em></strong></span> <span class='ocrx_word' id='word_1_453' title='bbox 3311 2116 3436 2156; x_wconf 89' lang='lat' dir='ltr'><strong><em>cum</em></strong></span> 
     </span>
    </p>
   </div>
   <div class='ocr_carea' id='block_1_65' title="bbox 1868 2196 3437 2277">
    <p class='ocr_par' dir='ltr' id='par_1_65' title="bbox 1868 2196 3437 2277">
     <span class='ocr_line' id='line_1_65' title="bbox 1868 2196 3437 2277; baseline -0.008 -16"><span class='ocrx_word' id='word_1_454' title='bbox 1868 2207 2002 2262; x_wconf 88' lang='lat' dir='ltr'><strong><em>dicit</em></strong></span> <span class='ocrx_word' id='word_1_455' title='bbox 2034 2205 2152 2277; x_wconf 89' lang='lat'><strong><em>(9):</em></strong></span> <span class='ocrx_word' id='word_1_456' title='bbox 2215 2205 2412 2258; x_wconf 76' lang='lat' dir='ltr'><strong><em>Uxores</em></strong></span> <span class='ocrx_word' id='word_1_457' title='bbox 2468 2210 2677 2256; x_wconf 87' lang='lat' dir='ltr'><strong><em>nostras</em></strong></span> <span class='ocrx_word' id='word_1_458' title='bbox 2727 2199 2812 2254; x_wconf 87' lang='lat' dir='ltr'><strong><em>ad</em></strong></span> <span class='ocrx_word' id='word_1_459' title='bbox 2842 2199 2898 2254; x_wconf 89' lang='lat' dir='ltr'><strong><em>id</em></strong></span> <span class='ocrx_word' id='word_1_460' title='bbox 2951 2198 3089 2269; x_wconf 81' lang='lat' dir='ltr'><strong><em>quod</em></strong></span> <span class='ocrx_word' id='word_1_461' title='bbox 3130 2196 3322 2250; x_wconf 86' lang='lat' dir='ltr'><strong><em>bonum</em></strong></span> <span class='ocrx_word' id='word_1_462' title='bbox 3358 2203 3437 2249; x_wconf 89' lang='lat' dir='ltr'><strong><em>est</em></strong></span> 
     </span>
    </p>
   </div>
   <div class='ocr_carea' id='block_1_66' title="bbox 1868 2287 3440 2370">
    <p class='ocr_par' dir='ltr' id='par_1_66' title="bbox 1868 2287 3440 2370">
     <span class='ocr_line' id='line_1_66' title="bbox 1868 2287 3440 2370; baseline -0.011 -14"><span class='ocrx_word' id='word_1_463' title='bbox 1868 2300 2228 2370; x_wconf 82' lang='lat' dir='ltr'><strong><em>corrigamus;</em></strong></span> <span class='ocrx_word' id='word_1_464' title='bbox 2264 2325 2336 2336; x_wconf 88' lang='lat'><strong><em>-—</em></strong></span> <span class='ocrx_word' id='word_1_465' title='bbox 2361 2295 2510 2349; x_wconf 85' lang='lat' dir='ltr'><strong><em>liberi</em></strong></span> <span class='ocrx_word' id='word_1_466' title='bbox 2539 2294 2707 2348; x_wconf 88' lang='lat' dir='ltr'><strong><em>nostri</em></strong></span> <span class='ocrx_word' id='word_1_467' title='bbox 2740 2291 3033 2358; x_wconf 76' lang='lat' dir='ltr'><strong><em>disciplinae</em></strong></span> <span class='ocrx_word' id='word_1_468' title='bbox 3082 2287 3283 2344; x_wconf 83' lang='lat' dir='ltr'><strong><em>Christi</em></strong></span> <span class='ocrx_word' id='word_1_469' title='bbox 3314 2301 3440 2354; x_wconf 85' lang='lat' dir='ltr'><strong><em>par-</em></strong></span> 
     </span>
    </p>
   </div>
   <div class='ocr_carea' id='block_1_67' title="bbox 1871 2377 3438 2456">
    <p class='ocr_par' dir='ltr' id='par_1_67' title="bbox 1871 2377 3438 2456">
     <span class='ocr_line' id='line_1_67' title="bbox 1871 2377 3438 2456; baseline -0.01 -13"><span class='ocrx_word' id='word_1_470' title='bbox 1871 2391 2048 2456; x_wconf 82' lang='lat' dir='ltr'><strong><em>ticipes</em></strong></span> <span class='ocrx_word' id='word_1_471' title='bbox 2077 2389 2213 2450; x_wconf 75' lang='lat' dir='ltr'><strong><em>sint,</em></strong></span> <span class='ocrx_word' id='word_1_472' title='bbox 2234 2395 2339 2440; x_wconf 87' lang='lat' dir='ltr'><strong><em>etc.</em></strong></span> <span class='ocrx_word' id='word_1_473' title='bbox 2372 2386 2472 2440; x_wconf 90' lang='lat' dir='ltr'><strong><em>Cui</em></strong></span> <span class='ocrx_word' id='word_1_474' title='bbox 2504 2382 2712 2450; x_wconf 90' lang='lat' dir='ltr'><strong><em>nescio,</em></strong></span> <span class='ocrx_word' id='word_1_475' title='bbox 2747 2380 2964 2435; x_wconf 86' lang='lat' dir='ltr'><strong><em>tandem</em></strong></span> <span class='ocrx_word' id='word_1_476' title='bbox 2989 2377 3438 2440; x_wconf 87' lang='lat' dir='ltr'><strong><em>concludit,num</em></strong></span> 
     </span>
    </p>
   </div>
   <div class='ocr_carea' id='block_1_68' title="bbox 1869 2469 3442 2551">
    <p class='ocr_par' dir='ltr' id='par_1_68' title="bbox 1869 2469 3442 2551">
     <span class='ocr_line' id='line_1_68' title="bbox 1869 2469 3442 2551; baseline -0.01 -16"><span class='ocrx_word' id='word_1_477' title='bbox 1869 2481 2002 2551; x_wconf 89' lang='lat' dir='ltr'><strong><em>quid</em></strong></span> <span class='ocrx_word' id='word_1_478' title='bbox 2050 2479 2267 2533; x_wconf 88' lang='lat' dir='ltr'><strong><em>roboris</em></strong></span> <span class='ocrx_word' id='word_1_479' title='bbox 2321 2476 2527 2540; x_wconf 86' lang='lat' dir='ltr'><strong><em>addat,</em></strong></span> <span class='ocrx_word' id='word_1_480' title='bbox 2586 2473 2731 2546; x_wconf 90' lang='lat' dir='ltr'><strong><em>quod</em></strong></span> <span class='ocrx_word' id='word_1_481' title='bbox 2789 2471 3053 2528; x_wconf 88' lang='lat' dir='ltr'><strong><em>Clementi</em></strong></span> <span class='ocrx_word' id='word_1_482' title='bbox 3115 2469 3442 2539; x_wconf 71' lang='lat' dir='ltr'><strong><em>adiungatur</em></strong></span> 
     </span>
    </p>
   </div>
   <div class='ocr_carea' id='block_1_69' title="bbox 1871 2556 3440 2642">
    <p class='ocr_par' dir='ltr' id='par_1_69' title="bbox 1871 2556 3440 2642">
     <span class='ocr_line' id='line_1_69' title="bbox 1871 2556 3440 2642; baseline -0.01 -15"><span class='ocrx_word' id='word_1_483' title='bbox 1871 2572 2075 2642; x_wconf 88' lang='lat' dir='ltr'><strong><em>Grapte</em></strong></span> <span class='ocrx_word' id='word_1_484' title='bbox 2105 2571 2248 2640; x_wconf 88' lang='lat' dir='ltr'><strong><em>apud</em></strong></span> <span class='ocrx_word' id='word_1_485' title='bbox 2279 2568 2532 2624; x_wconf 87' lang='lat' dir='ltr'><strong><em>Hermam</em></strong></span> <span class='ocrx_word' id='word_1_486' title='bbox 2580 2566 2716 2638; x_wconf 80' lang='grc' dir='ltr'><strong><em>(ω).</em></strong></span> <span class='ocrx_word' id='word_1_487' title='bbox 2746 2563 2928 2632; x_wconf 48' lang='lat' dir='ltr'><strong><em>Cujus.</em></strong></span> <span class='ocrx_word' id='word_1_488' title='bbox 2957 2562 3037 2616; x_wconf 87' lang='lat' dir='ltr'><strong><em>rei</em></strong></span> <span class='ocrx_word' id='word_1_489' title='bbox 3065 2561 3257 2616; x_wconf 89' lang='lat' dir='ltr'><strong><em>melior</em></strong></span> <span class='ocrx_word' id='word_1_490' title='bbox 3285 2556 3440 2614; x_wconf 88' lang='lat' dir='ltr'><strong><em>reddi</em></strong></span> 
     </span>
    </p>
   </div>
   <div class='ocr_carea' id='block_1_70' title="bbox 1873 2648 3445 2734">
    <p class='ocr_par' dir='ltr' id='par_1_70' title="bbox 1873 2648 3445 2734">
     <span class='ocr_line' id='line_1_70' title="bbox 1873 2648 3445 2734; baseline -0.009 -17"><span class='ocrx_word' id='word_1_491' title='bbox 1873 2665 1960 2717; x_wconf 78' lang='lat' dir='ltr'><strong><em>vix</em></strong></span> <span class='ocrx_word' id='word_1_492' title='bbox 1999 2678 2159 2734; x_wconf 90' lang='lat' dir='ltr'><strong><em>posse</em></strong></span> <span class='ocrx_word' id='word_1_493' title='bbox 2183 2662 2398 2717; x_wconf 91' lang='lat' dir='ltr'><strong><em>videtur</em></strong></span> <span class='ocrx_word' id='word_1_494' title='bbox 2427 2659 2590 2722; x_wconf 88' lang='lat' dir='ltr'><strong><em>ratio,</em></strong></span> <span class='ocrx_word' id='word_1_495' title='bbox 2629 2670 2794 2727; x_wconf 88' lang='lat' dir='ltr'><strong><em>quam</em></strong></span> <span class='ocrx_word' id='word_1_496' title='bbox 2845 2653 2989 2724; x_wconf 83' lang='lat' dir='ltr'><strong><em>quod</em></strong></span> <span class='ocrx_word' id='word_1_497' title='bbox 3038 2651 3231 2721; x_wconf 83' lang='lat' dir='ltr'><strong><em>Grapte</em></strong></span> <span class='ocrx_word' id='word_1_498' title='bbox 3279 2648 3445 2705; x_wconf 77' lang='lat' dir='ltr'><strong><em>fuerit</em></strong></span> 
     </span>
    </p>
   </div>
   <div class='ocr_carea' id='block_1_71' title="bbox 1872 2741 3446 2808">
    <p class='ocr_par' dir='ltr' id='par_1_71' title="bbox 1872 2741 3446 2808">
     <span class='ocr_line' id='line_1_71' title="bbox 1872 2741 3446 2808; baseline -0.009 0"><span class='ocrx_word' id='word_1_499' title='bbox 1872 2751 2170 2808; x_wconf 83' lang='lat' dir='ltr'><strong><em>Clementis</em></strong></span> <span class='ocrx_word' id='word_1_500' title='bbox 2194 2766 2384 2805; x_wconf 66' lang='lat' dir='ltr'><strong><em>uxor.»</em></strong></span> <span class='ocrx_word' id='word_1_501' title='bbox 2425 2748 2704 2803; x_wconf 85' lang='lat' dir='ltr'><strong><em>Hactenus</em></strong></span> <span class='ocrx_word' id='word_1_502' title='bbox 2761 2741 3011 2802; x_wconf 86' lang='lat' dir='ltr'><strong><em>eruditus</em></strong></span> <span class='ocrx_word' id='word_1_503' title='bbox 3061 2741 3344 2798; x_wconf 75' lang='lat' dir='ltr'><strong><em>Venema:</em></strong></span> <span class='ocrx_word' id='word_1_504' title='bbox 3389 2748 3446 2794; x_wconf 87' lang='lat' dir='ltr'><strong><em>et</em></strong></span> 
     </span>
    </p>
   </div>
   <div class='ocr_carea' id='block_1_72' title="bbox 1873 2842 2453 2915">
    <p class='ocr_par' dir='ltr' id='par_1_72' title="bbox 1873 2842 2453 2915">
     <span class='ocr_line' id='line_1_72' title="bbox 1873 2842 2453 2915; baseline -0.002 -17"><span class='ocrx_word' id='word_1_505' title='bbox 1873 2845 2093 2915; x_wconf 86' lang='lat' dir='ltr'><strong><em>quidem</em></strong></span> <span class='ocrx_word' id='word_1_506' title='bbox 2132 2844 2266 2899; x_wconf 85' lang='lat' dir='ltr'><strong><em>satis</em></strong></span> <span class='ocrx_word' id='word_1_507' title='bbox 2293 2842 2453 2897; x_wconf 86' lang='lat' dir='ltr'><strong><em>belle.</em></strong></span> 
     </span>
    </p>
   </div>
   <div class='ocr_carea' id='block_1_73' title="bbox 1944 2926 3457 3006">
    <p class='ocr_par' dir='ltr' id='par_1_73' title="bbox 1944 2926 3457 3006">
     <span class='ocr_line' id='line_1_73' title="bbox 1944 2926 3457 3006; baseline -0.008 -15"><span class='ocrx_word' id='word_1_508' title='bbox 1944 2937 2120 2991; x_wconf 84' lang='lat' dir='ltr'><strong><em>Nolim</em></strong></span> <span class='ocrx_word' id='word_1_509' title='bbox 2163 2937 2415 3006; x_wconf 84' lang='lat' dir='ltr'><strong><em>equidem</em></strong></span> <span class='ocrx_word' id='word_1_510' title='bbox 2445 2935 2627 2988; x_wconf 88' lang='lat' dir='ltr'><strong><em>virum</em></strong></span> <span class='ocrx_word' id='word_1_511' title='bbox 2656 2935 2790 2988; x_wconf 86' lang='lat' dir='ltr'><strong><em>clar.</em></strong></span> <span class='ocrx_word' id='word_1_512' title='bbox 2821 2932 2876 2987; x_wconf 92' lang='lat' dir='ltr'><strong><em>in</em></strong></span> <span class='ocrx_word' id='word_1_513' title='bbox 2933 2930 3241 2986; x_wconf 71' lang='lat' dir='ltr'><strong><em>caelibatum</em></strong></span> <span class='ocrx_word' id='word_1_514' title='bbox 3269 2926 3457 2985; x_wconf 57' lang='lat' dir='ltr'><strong><em>eccle-‘n</em></strong></span> 
     </span>
    </p>
   </div>
   <div class='ocr_carea' id='block_1_74' title="bbox 1875 3014 3448 3097">
    <p class='ocr_par' dir='ltr' id='par_1_74' title="bbox 1875 3014 3448 3097">
     <span class='ocr_line' id='line_1_74' title="bbox 1875 3014 3448 3097; baseline -0.009 -12"><span class='ocrx_word' id='word_1_515' title='bbox 1875 3030 2161 3087; x_wconf 88' lang='lat' dir='ltr'><strong><em>siasticum</em></strong></span> <span class='ocrx_word' id='word_1_516' title='bbox 2195 3029 2442 3097; x_wconf 88' lang='lat' dir='ltr'><strong><em>iniquum</em></strong></span> <span class='ocrx_word' id='word_1_517' title='bbox 2476 3023 2769 3095; x_wconf 88' lang='lat' dir='ltr'><strong><em>suspicari.</em></strong></span> <span class='ocrx_word' id='word_1_518' title='bbox 2823 3023 2889 3077; x_wconf 82' lang='lat' dir='ltr'><strong><em>At</em></strong></span> <span class='ocrx_word' id='word_1_519' title='bbox 2939 3021 3074 3076; x_wconf 92' lang='lat' dir='ltr'><strong><em>illud</em></strong></span> <span class='ocrx_word' id='word_1_520' title='bbox 3106 3020 3210 3091; x_wconf 83' lang='lat' dir='ltr'><strong><em>ipsi</em></strong></span> <span class='ocrx_word' id='word_1_521' title='bbox 3241 3014 3448 3075; x_wconf 78' lang='lat' dir='ltr'><strong><em>condo-</em></strong></span> 
     </span>
    </p>
   </div>
   <div class='ocr_carea' id='block_1_75' title="bbox 1875 3111 3445 3188">
    <p class='ocr_par' dir='ltr' id='par_1_75' title="bbox 1875 3111 3445 3188">
     <span class='ocr_line' id='line_1_75' title="bbox 1875 3111 3445 3188; baseline -0.009 -10"><span class='ocrx_word' id='word_1_522' title='bbox 1875 3125 2116 3179; x_wconf 87' lang='lat' dir='ltr'><strong><em>nandum</em></strong></span> <span class='ocrx_word' id='word_1_523' title='bbox 2154 3123 2378 3176; x_wconf 86' lang='lat' dir='ltr'><strong><em>minime</em></strong></span> <span class='ocrx_word' id='word_1_524' title='bbox 2425 3134 2572 3182; x_wconf 89' lang='lat' dir='ltr'><strong><em>reor,</em></strong></span> <span class='ocrx_word' id='word_1_525' title='bbox 2639 3116 2785 3188; x_wconf 88' lang='lat' dir='ltr'><strong><em>quod</em></strong></span> <span class='ocrx_word' id='word_1_526' title='bbox 2836 3132 2951 3172; x_wconf 65' lang='lat' dir='ltr'><strong><em>sua:</em></strong></span> <span class='ocrx_word' id='word_1_527' title='bbox 2999 3114 3283 3169; x_wconf 78' lang='lat' dir='ltr'><strong><em>sententiae</em></strong></span> <span class='ocrx_word' id='word_1_528' title='bbox 3335 3111 3445 3167; x_wconf 86' lang='lat' dir='ltr'><strong><em>vim</em></strong></span> 
     </span>
    </p>
   </div>
   <div class='ocr_carea' id='block_1_76' title="bbox 1871 3204 3447 3284">
    <p class='ocr_par' dir='ltr' id='par_1_76' title="bbox 1871 3204 3447 3284">
     <span class='ocr_line' id='line_1_76' title="bbox 1871 3204 3447 3284; baseline -0.006 -15"><span class='ocrx_word' id='word_1_529' title='bbox 1871 3215 2074 3270; x_wconf 88' lang='lat' dir='ltr'><strong><em>addere</em></strong></span> <span class='ocrx_word' id='word_1_530' title='bbox 2121 3214 2371 3284; x_wconf 89' lang='lat' dir='ltr'><strong><em>cupiens,</em></strong></span> <span class='ocrx_word' id='word_1_531' title='bbox 2406 3211 2570 3268; x_wconf 85' lang='lat' dir='ltr'><strong><em>nobis</em></strong></span> <span class='ocrx_word' id='word_1_532' title='bbox 2628 3208 2889 3267; x_wconf 84' lang='lat' dir='ltr'><strong><em>obtrudat</em></strong></span> <span class='ocrx_word' id='word_1_533' title='bbox 2938 3208 3086 3262; x_wconf 89' lang='lat' dir='ltr'><strong><em>velut</em></strong></span> <span class='ocrx_word' id='word_1_534' title='bbox 3147 3204 3447 3260; x_wconf 84' lang='lat' dir='ltr'><strong><em>Clementis</em></strong></span> 
     </span>
    </p>
   </div>
   <div class='ocr_carea' id='block_1_77' title="bbox 1871 3295 3447 3373">
    <p class='ocr_par' dir='ltr' id='par_1_77' title="bbox 1871 3295 3447 3373">
     <span class='ocr_line' id='line_1_77' title="bbox 1871 3295 3447 3373; baseline -0.006 -12"><span class='ocrx_word' id='word_1_535' title='bbox 1871 3305 2103 3361; x_wconf 80' lang='lat' dir='ltr'><strong><em>Romani</em></strong></span> <span class='ocrx_word' id='word_1_536' title='bbox 2134 3306 2444 3367; x_wconf 82' lang='lat' dir='ltr'><strong><em>lectionem,</em></strong></span> <span class='ocrx_word' id='word_1_537' title='bbox 2484 3318 2606 3373; x_wconf 66' lang='lat' dir='ltr'><strong><em>quae</em></strong></span> <span class='ocrx_word' id='word_1_538' title='bbox 2669 3300 3038 3355; x_wconf 78' lang='lat' dir='ltr'><strong><em>Alexandrino</em></strong></span> <span class='ocrx_word' id='word_1_539' title='bbox 3086 3307 3203 3353; x_wconf 88' lang='lat' dir='ltr'><strong><em>erat</em></strong></span> <span class='ocrx_word' id='word_1_540' title='bbox 3233 3295 3447 3353; x_wconf 79' lang='lat' dir='ltr'><strong><em>adscri-</em></strong></span> 
     </span>
    </p>
   </div>
   <div class='ocr_carea' id='block_1_78' title="bbox 1870 3388 3445 3467">
    <p class='ocr_par' dir='ltr' id='par_1_78' title="bbox 1870 3388 3445 3467">
     <span class='ocr_line' id='line_1_78' title="bbox 1870 3388 3445 3467; baseline -0.008 -13"><span class='ocrx_word' id='word_1_541' title='bbox 1870 3398 2071 3454; x_wconf 89' lang='lat' dir='ltr'><strong><em>benda.</em></strong></span> <span class='ocrx_word' id='word_1_542' title='bbox 2111 3395 2246 3452; x_wconf 84' lang='lat' dir='ltr'><strong><em>Rem</em></strong></span> <span class='ocrx_word' id='word_1_543' title='bbox 2289 3395 2481 3467; x_wconf 88' lang='lat' dir='ltr'><strong><em>paucis</em></strong></span> <span class='ocrx_word' id='word_1_544' title='bbox 2513 3394 2832 3464; x_wconf 89' lang='lat' dir='ltr'><strong><em>attingimus</em></strong></span> <span class='ocrx_word' id='word_1_545' title='bbox 2865 3392 3007 3447; x_wconf 78' lang='lat' dir='ltr'><strong><em>infra</em></strong></span> <span class='ocrx_word' id='word_1_546' title='bbox 3058 3388 3215 3461; x_wconf 81' lang='lat' dir='ltr'><strong><em>(li);</em></strong></span> <span class='ocrx_word' id='word_1_547' title='bbox 3283 3402 3445 3459; x_wconf 85' lang='lat' dir='ltr'><strong><em>quam</em></strong></span> 
     </span>
    </p>
   </div>
   <div class='ocr_carea' id='block_1_79' title="bbox 1871 3480 3447 3556">
    <p class='ocr_par' dir='ltr' id='par_1_79' title="bbox 1871 3480 3447 3556">
     <span class='ocr_line' id='line_1_79' title="bbox 1871 3480 3447 3556; baseline -0.005 -15"><span class='ocrx_word' id='word_1_548' title='bbox 1871 3494 2052 3542; x_wconf 89' lang='lat' dir='ltr'><strong><em>tamen</em></strong></span> <span class='ocrx_word' id='word_1_549' title='bbox 2099 3487 2189 3540; x_wconf 91' lang='lat' dir='ltr'><strong><em>hic</em></strong></span> <span class='ocrx_word' id='word_1_550' title='bbox 2220 3485 2682 3556; x_wconf 83' lang='lat' dir='ltr'><strong><em>pertractandam,</em></strong></span> <span class='ocrx_word' id='word_1_551' title='bbox 2741 3490 3107 3539; x_wconf 87' lang='lat' dir='ltr'><strong><em>commentum</em></strong></span> <span class='ocrx_word' id='word_1_552' title='bbox 3160 3480 3447 3536; x_wconf 85' lang='lat' dir='ltr'><strong><em>Venemia-</em></strong></span> 
     </span>
    </p>
   </div>
   <div class='ocr_carea' id='block_1_80' title="bbox 1872 3573 3447 3650">
    <p class='ocr_par' dir='ltr' id='par_1_80' title="bbox 1872 3573 3447 3650">
     <span class='ocr_line' id='line_1_80' title="bbox 1872 3573 3447 3650; baseline -0.004 -16"><span class='ocrx_word' id='word_1_553' title='bbox 1872 3596 2003 3634; x_wconf 91' lang='lat' dir='ltr'><strong><em>num</em></strong></span> <span class='ocrx_word' id='word_1_554' title='bbox 2033 3579 2259 3650; x_wconf 78' lang='lat' dir='ltr'><strong><em>ﬂagitat,</em></strong></span> <span class='ocrx_word' id='word_1_555' title='bbox 2296 3594 2405 3632; x_wconf 92' lang='lat' dir='ltr'><strong><em>non</em></strong></span> <span class='ocrx_word' id='word_1_556' title='bbox 2435 3579 2678 3648; x_wconf 87' lang='lat' dir='ltr'><strong><em>postulat</em></strong></span> <span class='ocrx_word' id='word_1_557' title='bbox 2734 3576 2826 3632; x_wconf 90' lang='lat' dir='ltr'><strong><em>Sic</em></strong></span> <span class='ocrx_word' id='word_1_558' title='bbox 2856 3576 3022 3647; x_wconf 80' lang='lat' dir='ltr'><strong><em>igitur</em></strong></span> <span class='ocrx_word' id='word_1_559' title='bbox 3074 3575 3130 3631; x_wconf 92' lang='lat' dir='ltr'><strong><em>S.</em></strong></span> <span class='ocrx_word' id='word_1_560' title='bbox 3193 3573 3447 3628; x_wconf 86' lang='lat' dir='ltr'><strong><em>Clemens</em></strong></span> 
     </span>
    </p>
   </div>
   <div class='ocr_carea' id='block_1_81' title="bbox 1873 3664 3445 3744">
    <p class='ocr_par' dir='ltr' id='par_1_81' title="bbox 1873 3664 3445 3744">
     <span class='ocr_line' id='line_1_81' title="bbox 1873 3664 3445 3744; baseline -0.006 -17"><span class='ocrx_word' id='word_1_561' title='bbox 1873 3672 2008 3744; x_wconf 71' lang='lat'><strong><em>(12):</em></strong></span> <span class='ocrx_word' id='word_1_562' title='bbox 2027 3674 2137 3734; x_wconf 79' lang='grc' dir='ltr'><strong><em>Τὰς</em></strong></span> <span class='ocrx_word' id='word_1_563' title='bbox 2151 3674 2411 3738; x_wconf 81' lang='grc' dir='ltr'><strong><em>γυναῖκας</em></strong></span> <span class='ocrx_word' id='word_1_564' title='bbox 2431 3669 2586 3740; x_wconf 74' lang='grc' dir='ltr'>ἡμῶν</span> <span class='ocrx_word' id='word_1_565' title='bbox 2611 3669 2702 3721; x_wconf 73' lang='grc' dir='ltr'><strong><em>ἐπὶ</em></strong></span> <span class='ocrx_word' id='word_1_566' title='bbox 2713 3669 2772 3721; x_wconf 82' lang='grc' dir='ltr'>τὸ</span> <span class='ocrx_word' id='word_1_567' title='bbox 2789 3669 2989 3737; x_wconf 79' lang='grc' dir='ltr'>ἀγαθὸν</span> <span class='ocrx_word' id='word_1_568' title='bbox 3004 3665 3280 3739; x_wconf 82' lang='grc' dir='ltr'><strong><em>διορθωσὼ</em></strong></span> <span class='ocrx_word' id='word_1_569' title='bbox 3286 3664 3445 3736; x_wconf 66' lang='grc' dir='ltr'>μεθαζ</span> 
     </span>
    </p>
   </div>
   <div class='ocr_carea' id='block_1_82' title="bbox 1870 3759 3446 3832">
    <p class='ocr_par' dir='ltr' id='par_1_82' title="bbox 1870 3759 3446 3832">
     <span class='ocr_line' id='line_1_82' title="bbox 1870 3759 3446 3832; baseline -0.004 -16"><span class='ocrx_word' id='word_1_570' title='bbox 1870 3797 1939 3807; x_wconf 85' lang='grc'><strong><em>--</em></strong></span> <span class='ocrx_word' id='word_1_571' title='bbox 1967 3765 2046 3818; x_wconf 80' lang='grc' dir='ltr'><strong><em>Τὰ</em></strong></span> <span class='ocrx_word' id='word_1_572' title='bbox 2067 3763 2227 3816; x_wconf 79' lang='grc' dir='ltr'><strong><em>τέκνα</em></strong></span> <span class='ocrx_word' id='word_1_573' title='bbox 2250 3763 2400 3832; x_wconf 81' lang='grc' dir='ltr'>ὑμῶν</span> <span class='ocrx_word' id='word_1_574' title='bbox 2423 3763 2523 3831; x_wconf 81' lang='grc' dir='ltr'><strong><em>τῆς</em></strong></span> <span class='ocrx_word' id='word_1_575' title='bbox 2554 3763 2609 3813; x_wconf 81' lang='grc' dir='ltr'><strong><em>ὲν</em></strong></span> <span class='ocrx_word' id='word_1_576' title='bbox 2631 3760 2850 3831; x_wconf 81' lang='grc' dir='ltr'><strong><em>Χριστῷ</em></strong></span> <span class='ocrx_word' id='word_1_577' title='bbox 2888 3760 3134 3822; x_wconf 71' lang='grc' dir='ltr'><strong><em>παιδείας</em></strong></span> <span class='ocrx_word' id='word_1_578' title='bbox 3169 3759 3446 3830; x_wconf 80' lang='grc' dir='ltr'><strong><em>μεταλαμ-</em></strong></span> 
     </span>
    </p>
   </div>
   <div class='ocr_carea' id='block_1_83' title="bbox 1872 3849 3447 3920">
    <p class='ocr_par' dir='ltr' id='par_1_83' title="bbox 1872 3849 3447 3920">
     <span class='ocr_line' id='line_1_83' title="bbox 1872 3849 3447 3920; baseline -0.004 -12"><span class='ocrx_word' id='word_1_579' title='bbox 1872 3855 2202 3908; x_wconf 81' lang='grc' dir='ltr'><strong><em>ϐανὲτωσαν.</em></strong></span> <span class='ocrx_word' id='word_1_580' title='bbox 2220 3852 2280 3906; x_wconf 89' lang='lat' dir='ltr'><strong><em>ld</em></strong></span> <span class='ocrx_word' id='word_1_581' title='bbox 2299 3861 2383 3907; x_wconf 87' lang='lat' dir='ltr'><strong><em>est</em></strong></span> <span class='ocrx_word' id='word_1_582' title='bbox 2411 3870 2424 3906; x_wconf 89' lang='lat'>:</span> <span class='ocrx_word' id='word_1_583' title='bbox 2473 3850 2671 3905; x_wconf 73' lang='lat' dir='ltr'><strong><em>Uxores</em></strong></span> <span class='ocrx_word' id='word_1_584' title='bbox 2701 3861 2910 3904; x_wconf 87' lang='lat' dir='ltr'><strong><em>nostras</em></strong></span> <span class='ocrx_word' id='word_1_585' title='bbox 2927 3849 2995 3903; x_wconf 89' lang='lat' dir='ltr'><strong><em>ad</em></strong></span> <span class='ocrx_word' id='word_1_586' title='bbox 3016 3849 3068 3902; x_wconf 91' lang='lat' dir='ltr'><strong><em>id</em></strong></span> <span class='ocrx_word' id='word_1_587' title='bbox 3099 3849 3236 3920; x_wconf 81' lang='lat' dir='ltr'><strong><em>quod</em></strong></span> <span class='ocrx_word' id='word_1_588' title='bbox 3254 3849 3447 3903; x_wconf 81' lang='lat' dir='ltr'><strong><em>bonum</em></strong></span> 
     </span>
    </p>
   </div>
   <div class='ocr_carea' id='block_1_84' title="bbox 1870 3941 3445 4015">
    <p class='ocr_par' dir='ltr' id='par_1_84' title="bbox 1870 3941 3445 4015">
     <span class='ocr_line' id='line_1_84' title="bbox 1870 3941 3445 4015; baseline -0.004 -13"><span class='ocrx_word' id='word_1_589' title='bbox 1870 3955 1950 4002; x_wconf 87' lang='lat' dir='ltr'><strong><em>est</em></strong></span> <span class='ocrx_word' id='word_1_590' title='bbox 1961 3941 2511 4015; x_wconf 83' lang='lat' dir='ltr'><strong><em>corrigamus.—.—-Filii</em></strong></span> <span class='ocrx_word' id='word_1_591' title='bbox 2525 3942 2689 3996; x_wconf 72' lang='lat' dir='ltr'><strong><em>uestri</em></strong></span> <span class='ocrx_word' id='word_1_592' title='bbox 2703 3941 2996 4012; x_wconf 77' lang='lat' dir='ltr'><strong><em>disciplina:</em></strong></span> <span class='ocrx_word' id='word_1_593' title='bbox 3009 3941 3210 3996; x_wconf 57' lang='lat' dir='ltr'><strong><em>Christi</em></strong></span> <span class='ocrx_word' id='word_1_594' title='bbox 3222 3942 3445 4008; x_wconf 80' lang='lat' dir='ltr'><strong><em>partici-</em></strong></span> 
     </span>
    </p>
   </div>
   <div class='ocr_carea' id='block_1_85' title="bbox 1873 4034 3445 4110">
    <p class='ocr_par' dir='ltr' id='par_1_85' title="bbox 1873 4034 3445 4110">
     <span class='ocr_line' id='line_1_85' title="bbox 1873 4034 3445 4110; baseline -0.002 -17"><span class='ocrx_word' id='word_1_595' title='bbox 1873 4056 1960 4110; x_wconf 81' lang='lat' dir='ltr'><strong><em>pes</em></strong></span> <span class='ocrx_word' id='word_1_596' title='bbox 1987 4040 2113 4092; x_wconf 87' lang='lat' dir='ltr'><strong><em>sint.</em></strong></span> <span class='ocrx_word' id='word_1_597' title='bbox 2149 4037 2226 4090; x_wconf 89' lang='lat' dir='ltr'><strong><em>lta</em></strong></span> <span class='ocrx_word' id='word_1_598' title='bbox 2258 4043 2577 4091; x_wconf 79' lang='lat' dir='ltr'><strong><em>constanter</em></strong></span> <span class='ocrx_word' id='word_1_599' title='bbox 2608 4035 2778 4092; x_wconf 76' lang='lat' dir='ltr'><strong><em>codex</em></strong></span> <span class='ocrx_word' id='word_1_600' title='bbox 2811 4051 2913 4090; x_wconf 86' lang='lat' dir='ltr'><strong><em>ms.</em></strong></span> <span class='ocrx_word' id='word_1_601' title='bbox 2954 4051 3017 4090; x_wconf 73' lang='lat' dir='ltr'><strong><em>er</em></strong></span> <span class='ocrx_word' id='word_1_602' title='bbox 3050 4049 3157 4104; x_wconf 93' lang='lat' dir='ltr'><strong><em>quo</em></strong></span> <span class='ocrx_word' id='word_1_603' title='bbox 3181 4049 3289 4088; x_wconf 87' lang='lat' dir='ltr'><strong><em>uno</em></strong></span> <span class='ocrx_word' id='word_1_604' title='bbox 3318 4034 3445 4090; x_wconf 87' lang='lat' dir='ltr'><strong><em>Cle-</em></strong></span> 
     </span>
    </p>
   </div>
   <div class='ocr_carea' id='block_1_86' title="bbox 1875 4124 3446 4200">
    <p class='ocr_par' dir='ltr' id='par_1_86' title="bbox 1875 4124 3446 4200">
     <span class='ocr_line' id='line_1_86' title="bbox 1875 4124 3446 4200; baseline 0 -20"><span class='ocrx_word' id='word_1_605' title='bbox 1875 4126 2114 4180; x_wconf 72' lang='lat' dir='ltr'><strong><em>mentiae</em></strong></span> <span class='ocrx_word' id='word_1_606' title='bbox 2173 4125 2406 4194; x_wconf 89' lang='lat' dir='ltr'><strong><em>epistola</em></strong></span> <span class='ocrx_word' id='word_1_607' title='bbox 2456 4125 2556 4179; x_wconf 80' lang='lat' dir='ltr'><strong><em>fuit</em></strong></span> <span class='ocrx_word' id='word_1_608' title='bbox 2608 4125 2914 4200; x_wconf 83' lang='lat' dir='ltr'><strong><em>desumpta.</em></strong></span> <span class='ocrx_word' id='word_1_609' title='bbox 2968 4124 3122 4179; x_wconf 87' lang='lat' dir='ltr'><strong><em>Haud</em></strong></span> <span class='ocrx_word' id='word_1_610' title='bbox 3175 4140 3308 4180; x_wconf 86' lang='lat' dir='ltr'><strong><em>sane</em></strong></span> <span class='ocrx_word' id='word_1_611' title='bbox 3359 4138 3446 4180; x_wconf 88' lang='lat' dir='ltr'><strong><em>me</em></strong></span> 
     </span>
    </p>
   </div>
   <div class='ocr_carea' id='block_1_87' title="bbox 1875 4215 3443 4287">
    <p class='ocr_par' dir='ltr' id='par_1_87' title="bbox 1875 4215 3443 4287">
     <span class='ocr_line' id='line_1_87' title="bbox 1875 4215 3443 4287; baseline -0.001 -17"><span class='ocrx_word' id='word_1_612' title='bbox 1875 4216 2220 4287; x_wconf 71' lang='lat' dir='ltr'><strong><em>fugit,~apud.</em></strong></span> <span class='ocrx_word' id='word_1_613' title='bbox 2257 4215 2589 4274; x_wconf 88' lang='lat' dir='ltr'><strong><em>Clementem</em></strong></span> <span class='ocrx_word' id='word_1_614' title='bbox 2632 4215 3057 4270; x_wconf 77' lang='lat' dir='ltr'><strong><em>Alexandrinum</em></strong></span> <span class='ocrx_word' id='word_1_615' title='bbox 3090 4216 3203 4286; x_wconf 80' lang='lat' dir='ltr'><strong><em>(l5)</em></strong></span> <span class='ocrx_word' id='word_1_616' title='bbox 3258 4217 3348 4286; x_wconf 88' lang='lat' dir='ltr'><strong><em>qui</em></strong></span> <span class='ocrx_word' id='word_1_617' title='bbox 3377 4228 3443 4271; x_wconf 73' lang='lat' dir='ltr'><strong><em>ex</em></strong></span> 
     </span>
    </p>
   </div>
   <div class='ocr_carea' id='block_1_88' title="bbox 1876 4304 3440 4379">
    <p class='ocr_par' dir='ltr' id='par_1_88' title="bbox 1876 4304 3440 4379">
     <span class='ocr_line' id='line_1_88' title="bbox 1876 4304 3440 4379; baseline -0.001 -19"><span class='ocrx_word' id='word_1_618' title='bbox 1876 4305 2123 4364; x_wconf 84' lang='lat' dir='ltr'><strong><em>Romano</em></strong></span> <span class='ocrx_word' id='word_1_619' title='bbox 2154 4309 2425 4379; x_wconf 79' lang='lat' dir='ltr'><strong><em>integrum</em></strong></span> <span class='ocrx_word' id='word_1_620' title='bbox 2459 4323 2612 4377; x_wconf 57' lang='lat' dir='ltr'><strong><em>penne</em></strong></span> <span class='ocrx_word' id='word_1_621' title='bbox 2644 4304 2809 4377; x_wconf 80' lang='lat' dir='ltr'><strong><em>caput</em></strong></span> <span class='ocrx_word' id='word_1_622' title='bbox 2864 4307 2994 4362; x_wconf 87' lang='lat' dir='ltr'><strong><em>illud</em></strong></span> <span class='ocrx_word' id='word_1_623' title='bbox 3040 4305 3102 4360; x_wconf 71' lang='lat'><strong><em>21</em></strong></span> <span class='ocrx_word' id='word_1_624' title='bbox 3131 4307 3440 4376; x_wconf 78' lang='lat' dir='ltr'><strong><em>exscripsit,</em></strong></span> 
     </span>
    </p>
   </div>
   <div class='ocr_carea' id='block_1_89' title="bbox 1877 4394 3446 4469">
    <p class='ocr_par' dir='ltr' id='par_1_89' title="bbox 1877 4394 3446 4469">
     <span class='ocr_line' id='line_1_89' title="bbox 1877 4394 3446 4469; baseline -0.001 -18"><span class='ocrx_word' id='word_1_625' title='bbox 1877 4397 1979 4468; x_wconf 85' lang='lat' dir='ltr'><strong><em>legi</em></strong></span> <span class='ocrx_word' id='word_1_626' title='bbox 2025 4397 2094 4450; x_wconf 84' lang='grc' dir='ltr'><strong><em>τὰ</em></strong></span> <span class='ocrx_word' id='word_1_627' title='bbox 2139 4398 2303 4453; x_wconf 81' lang='grc' dir='ltr'><strong><em>τέκνα</em></strong></span> <span class='ocrx_word' id='word_1_628' title='bbox 2335 4397 2514 4469; x_wconf 77' lang='grc' dir='ltr'><strong>ἡμῶν.</strong></span> <span class='ocrx_word' id='word_1_629' title='bbox 2546 4395 2651 4451; x_wconf 88' lang='lat' dir='ltr'><strong><em>Sed</em></strong></span> <span class='ocrx_word' id='word_1_630' title='bbox 2683 4411 2789 4451; x_wconf 86' lang='lat' dir='ltr'><strong><em>non</em></strong></span> <span class='ocrx_word' id='word_1_631' title='bbox 2823 4404 2909 4451; x_wconf 89' lang='lat' dir='ltr'><strong><em>est</em></strong></span> <span class='ocrx_word' id='word_1_632' title='bbox 2954 4397 3171 4452; x_wconf 88' lang='lat' dir='ltr'><strong><em>demum</em></strong></span> <span class='ocrx_word' id='word_1_633' title='bbox 3197 4412 3296 4450; x_wconf 88' lang='lat' dir='ltr'><strong><em>cur</em></strong></span> <span class='ocrx_word' id='word_1_634' title='bbox 3322 4394 3446 4449; x_wconf 84' lang='lat' dir='ltr'><strong><em>Cle-</em></strong></span> 
     </span>
    </p>
   </div>
   <div class='ocr_carea' id='block_1_90' title="bbox 207 4487 3441 4565">
    <p class='ocr_par' dir='ltr' id='par_1_90' title="bbox 207 4487 3441 4565">
     <span class='ocr_line' id='line_1_90' title="bbox 207 4487 3441 4565; baseline -0.002 -11"><span class='ocrx_word' id='word_1_635' title='bbox 207 4501 318 4563; x_wconf 86' lang='lat' dir='ltr'><strong><em>dia,</em></strong></span> <span class='ocrx_word' id='word_1_636' title='bbox 352 4501 639 4563; x_wconf 86' lang='lat' dir='ltr'><strong><em>contentio,</em></strong></span> <span class='ocrx_word' id='word_1_637' title='bbox 667 4499 770 4562; x_wconf 86' lang='lat' dir='ltr'><strong><em>ira,</em></strong></span> <span class='ocrx_word' id='word_1_638' title='bbox 807 4501 946 4563; x_wconf 71' lang='lat' dir='ltr'><strong><em>rixa,</em></strong></span> <span class='ocrx_word' id='word_1_639' title='bbox 1003 4499 1217 4565; x_wconf 85' lang='lat' dir='ltr'><strong><em>divisio,</em></strong></span> <span class='ocrx_word' id='word_1_640' title='bbox 1249 4499 1423 4562; x_wconf 76' lang='lat' dir='ltr'><strong><em>zelus,</em></strong></span> <span class='ocrx_word' id='word_1_641' title='bbox 1451 4505 1557 4554; x_wconf 90' lang='lat' dir='ltr'><strong><em>etc.</em></strong></span> <span class='ocrx_word' id='word_1_642' title='bbox 1585 4497 1776 4552; x_wconf 85' lang='lat' dir='ltr'><strong><em>Nonne</em></strong></span> <span class='ocrx_word' id='word_1_643' title='bbox 1809 4505 1851 4560; x_wconf 83' lang='grc' dir='ltr'><strong><em>ι)</em></strong></span> <span class='ocrx_word' id='word_1_644' title='bbox 1879 4499 2118 4545; x_wconf 86' lang='lat' dir='ltr'><strong><em>mentem</em></strong></span> <span class='ocrx_word' id='word_1_645' title='bbox 2166 4488 2476 4544; x_wconf 75' lang='lat' dir='ltr'><strong><em>Romanum</em></strong></span> <span class='ocrx_word' id='word_1_646' title='bbox 2517 4487 2584 4545; x_wconf 80' lang='lat' dir='ltr'><strong><em>ex</em></strong></span> <span class='ocrx_word' id='word_1_647' title='bbox 2636 4487 3014 4546; x_wconf 78' lang='lat' dir='ltr'><strong><em>Alexandrino</em></strong></span> <span class='ocrx_word' id='word_1_648' title='bbox 3065 4487 3441 4552; x_wconf 83' lang='lat' dir='ltr'><strong><em>emendemus,</em></strong></span> 
     </span>
    </p>
   </div>
   <div class='ocr_carea' id='block_1_91' title="bbox 207 4589 1773 4662">
    <p class='ocr_par' dir='ltr' id='par_1_91' title="bbox 207 4589 1773 4662">
     <span class='ocr_line' id='line_1_91' title="bbox 207 4589 1773 4662; baseline 0 -16"><span class='ocrx_word' id='word_1_649' title='bbox 207 4593 463 4647; x_wconf 83' lang='lat' dir='ltr'><strong><em>Clemens</em></strong></span> <span class='ocrx_word' id='word_1_650' title='bbox 488 4592 774 4662; x_wconf 83' lang='lat' dir='ltr'><strong><em>utrobique</em></strong></span> <span class='ocrx_word' id='word_1_651' title='bbox 823 4607 881 4646; x_wconf 89' lang='lat' dir='ltr'><strong><em>se</em></strong></span> <span class='ocrx_word' id='word_1_652' title='bbox 930 4593 1106 4662; x_wconf 89' lang='lat' dir='ltr'><strong><em>ipsum</em></strong></span> <span class='ocrx_word' id='word_1_653' title='bbox 1153 4591 1388 4661; x_wconf 71' lang='lat' dir='ltr'><strong><em>proditi.</em></strong></span> <span class='ocrx_word' id='word_1_654' title='bbox 1419 4591 1625 4660; x_wconf 83' lang='lat' dir='ltr'><strong><em>quippe</em></strong></span> <span class='ocrx_word' id='word_1_655' title='bbox 1646 4589 1773 4646; x_wconf 90' lang='lat' dir='ltr'><strong><em>Cle-</em></strong></span> 
     </span>
    </p>
   </div>
   <div class='ocr_carea' id='block_1_92' title="bbox 207 4683 1776 4754">
    <p class='ocr_par' dir='ltr' id='par_1_92' title="bbox 207 4683 1776 4754">
     <span class='ocr_line' id='line_1_92' title="bbox 207 4683 1776 4754; baseline -0.002 -14"><span class='ocrx_word' id='word_1_656' title='bbox 207 4702 388 4748; x_wconf 87' lang='lat' dir='ltr'><strong><em>mens,</em></strong></span> <span class='ocrx_word' id='word_1_657' title='bbox 448 4686 691 4754; x_wconf 90' lang='lat' dir='ltr'><strong><em>inquam,</em></strong></span> <span class='ocrx_word' id='word_1_658' title='bbox 742 4685 1056 4754; x_wconf 86' lang='lat' dir='ltr'><strong><em>scriptionis</em></strong></span> <span class='ocrx_word' id='word_1_659' title='bbox 1107 4683 1346 4738; x_wconf 67' lang='lat' dir='ltr'><strong><em>Paulina:</em></strong></span> <span class='ocrx_word' id='word_1_660' title='bbox 1402 4684 1776 4738; x_wconf 89' lang='lat' dir='ltr'><strong><em>characterem</em></strong></span> 
     </span>
    </p>
   </div>
   <div class='ocr_carea' id='block_1_93' title="bbox 205 4776 1778 4849">
    <p class='ocr_par' dir='ltr' id='par_1_93' title="bbox 205 4776 1778 4849">
     <span class='ocr_line' id='line_1_93' title="bbox 205 4776 1778 4849; baseline -0.003 -15"><span class='ocrx_word' id='word_1_661' title='bbox 205 4782 411 4849; x_wconf 87' lang='lat' dir='ltr'><strong><em>ubique</em></strong></span> <span class='ocrx_word' id='word_1_662' title='bbox 437 4779 551 4833; x_wconf 77' lang='lat' dir='ltr'><strong><em>fere</em></strong></span> <span class='ocrx_word' id='word_1_663' title='bbox 582 4778 844 4840; x_wconf 87' lang='lat' dir='ltr'><strong><em>imitatus,</em></strong></span> <span class='ocrx_word' id='word_1_664' title='bbox 879 4793 1004 4832; x_wconf 88' lang='lat' dir='ltr'><strong><em>cum</em></strong></span> <span class='ocrx_word' id='word_1_665' title='bbox 1037 4778 1129 4833; x_wconf 87' lang='lat' dir='ltr'><strong><em>hic</em></strong></span> <span class='ocrx_word' id='word_1_666' title='bbox 1168 4784 1283 4831; x_wconf 87' lang='lat' dir='ltr'><strong><em>tum</em></strong></span> <span class='ocrx_word' id='word_1_667' title='bbox 1326 4777 1439 4831; x_wconf 86' lang='lat' dir='ltr'><strong><em>illic</em></strong></span> <span class='ocrx_word' id='word_1_668' title='bbox 1471 4776 1778 4845; x_wconf 82' lang='lat' dir='ltr'><strong><em>respexisse</em></strong></span> 
     </span>
    </p>
   </div>
   <div class='ocr_carea' id='block_1_94' title="bbox 208 4867 1775 4938">
    <p class='ocr_par' dir='ltr' id='par_1_94' title="bbox 208 4867 1775 4938">
     <span class='ocr_line' id='line_1_94' title="bbox 208 4867 1775 4938; baseline -0.004 -13"><span class='ocrx_word' id='word_1_669' title='bbox 208 4871 425 4926; x_wconf 88' lang='lat' dir='ltr'><strong><em>videtur</em></strong></span> <span class='ocrx_word' id='word_1_670' title='bbox 453 4869 601 4925; x_wconf 85' lang='lat' dir='ltr'><strong><em>Rom.</em></strong></span> <span class='ocrx_word' id='word_1_671' title='bbox 648 4886 687 4934; x_wconf 81' lang='grc' dir='ltr'><strong><em>ι,</em></strong></span> <span class='ocrx_word' id='word_1_672' title='bbox 741 4869 948 4938; x_wconf 73' lang='lat'><strong><em>29-31;</em></strong></span> <span class='ocrx_word' id='word_1_673' title='bbox 980 4868 1106 4925; x_wconf 78' lang='lat' dir='ltr'><strong><em>Gal.</em></strong></span> <span class='ocrx_word' id='word_1_674' title='bbox 1139 4886 1193 4935; x_wconf 89' lang='lat' dir='ltr'><strong><em>v,</em></strong></span> <span class='ocrx_word' id='word_1_675' title='bbox 1226 4869 1426 4937; x_wconf 68' lang='lat' dir='ltr'><strong><em>lii-21;</em></strong></span> <span class='ocrx_word' id='word_1_676' title='bbox 1462 4867 1500 4922; x_wconf 83' lang='grc' dir='ltr'><strong><em>Ι·</em></strong></span> <span class='ocrx_word' id='word_1_677' title='bbox 1523 4868 1662 4922; x_wconf 85' lang='lat' dir='ltr'><strong><em>Tim.</em></strong></span> <span class='ocrx_word' id='word_1_678' title='bbox 1698 4882 1775 4931; x_wconf 83' lang='lat' dir='ltr'><strong><em>vr,</em></strong></span> 
     </span>
    </p>
   </div>
   <div class='ocr_carea' id='block_1_95' title="bbox 207 4959 916 5024">
    <p class='ocr_par' dir='ltr' id='par_1_95' title="bbox 207 4959 916 5024">
     <span class='ocr_line' id='line_1_95' title="bbox 207 4959 916 5024; baseline 0.001 -10"><span class='ocrx_word' id='word_1_679' title='bbox 207 4960 306 5015; x_wconf 57' lang='lat'><strong><em>4-5</em></strong></span> <span class='ocrx_word' id='word_1_680' title='bbox 333 4969 389 5016; x_wconf 90' lang='lat' dir='ltr'><strong><em>et</em></strong></span> <span class='ocrx_word' id='word_1_681' title='bbox 415 4959 478 5014; x_wconf 88' lang='lat' dir='ltr'><strong><em>II</em></strong></span> <span class='ocrx_word' id='word_1_682' title='bbox 510 4960 647 5017; x_wconf 89' lang='lat' dir='ltr'><strong><em>Tim.</em></strong></span> <span class='ocrx_word' id='word_1_683' title='bbox 687 4975 770 5024; x_wconf 87' lang='grc' dir='ltr'><strong><em>ιιι,</em></strong></span> <span class='ocrx_word' id='word_1_684' title='bbox 800 4960 916 5015; x_wconf 75' lang='grc'><strong>2-5.</strong></span> 
     </span>
    </p>
   </div>
   <div class='ocr_carea' id='block_1_96' title="bbox 283 5048 1777 5120">
    <p class='ocr_par' dir='ltr' id='par_1_96' title="bbox 283 5048 1777 5120">
     <span class='ocr_line' id='line_1_96' title="bbox 283 5048 1777 5120; baseline -0.003 -13"><span class='ocrx_word' id='word_1_685' title='bbox 283 5054 381 5109; x_wconf 84' lang='lat' dir='ltr'><strong><em>His</em></strong></span> <span class='ocrx_word' id='word_1_686' title='bbox 416 5053 582 5107; x_wconf 83' lang='lat' dir='ltr'><strong><em>addas</em></strong></span> <span class='ocrx_word' id='word_1_687' title='bbox 632 5053 790 5106; x_wconf 89' lang='lat' dir='ltr'><strong><em>velim</em></strong></span> <span class='ocrx_word' id='word_1_688' title='bbox 845 5052 1176 5120; x_wconf 75' lang='grc' dir='ltr'><strong><em>δοξολογίαν,</em></strong></span> <span class='ocrx_word' id='word_1_689' title='bbox 1222 5052 1453 5107; x_wconf 89' lang='lat' dir='ltr'><strong><em>mediam</em></strong></span> <span class='ocrx_word' id='word_1_690' title='bbox 1487 5051 1626 5105; x_wconf 78' lang='lat' dir='ltr'><strong><em>inter</em></strong></span> <span class='ocrx_word' id='word_1_691' title='bbox 1661 5048 1777 5119; x_wconf 83' lang='lat' dir='ltr'><strong><em>epi-</em></strong></span> 
     </span>
    </p>
   </div>
   <div class='ocr_carea' id='block_1_97' title="bbox 212 5143 1774 5212">
    <p class='ocr_par' dir='ltr' id='par_1_97' title="bbox 212 5143 1774 5212">
     <span class='ocr_line' id='line_1_97' title="bbox 212 5143 1774 5212; baseline -0.003 -11"><span class='ocrx_word' id='word_1_692' title='bbox 212 5146 432 5208; x_wconf 86' lang='lat' dir='ltr'><strong><em>stolam,</em></strong></span> <span class='ocrx_word' id='word_1_693' title='bbox 467 5160 616 5198; x_wconf 91' lang='lat' dir='ltr'><strong><em>more</em></strong></span> <span class='ocrx_word' id='word_1_694' title='bbox 661 5145 847 5198; x_wconf 86' lang='lat' dir='ltr'><strong><em>itidem</em></strong></span> <span class='ocrx_word' id='word_1_695' title='bbox 900 5144 1145 5208; x_wconf 86' lang='lat' dir='ltr'><strong><em>Paulino,</em></strong></span> <span class='ocrx_word' id='word_1_696' title='bbox 1177 5155 1532 5212; x_wconf 88' lang='lat' dir='ltr'><strong><em>usurpatam:</em></strong></span> <span class='ocrx_word' id='word_1_697' title='bbox 1581 5143 1774 5198; x_wconf 84' lang='lat' dir='ltr'><strong><em>verbo-</em></strong></span> 
     </span>
    </p>
   </div>
   <div class='ocr_carea' id='block_1_98' title="bbox 213 5235 1771 5309">
    <p class='ocr_par' dir='ltr' id='par_1_98' title="bbox 213 5235 1771 5309">
     <span class='ocr_line' id='line_1_98' title="bbox 213 5235 1771 5309; baseline -0.003 -18"><span class='ocrx_word' id='word_1_698' title='bbox 213 5253 334 5292; x_wconf 88' lang='lat' dir='ltr'><strong><em>rum</em></strong></span> <span class='ocrx_word' id='word_1_699' title='bbox 359 5238 572 5309; x_wconf 89' lang='lat' dir='ltr'><strong><em>copiam</em></strong></span> <span class='ocrx_word' id='word_1_700' title='bbox 596 5254 658 5292; x_wconf 82' lang='lat' dir='ltr'><strong><em>ex</em></strong></span> <span class='ocrx_word' id='word_1_701' title='bbox 686 5237 885 5294; x_wconf 84' lang='lat' dir='ltr'><strong><em>divinis</em></strong></span> <span class='ocrx_word' id='word_1_702' title='bbox 925 5237 1147 5291; x_wconf 86' lang='lat' dir='ltr'><strong><em>Litteris</em></strong></span> <span class='ocrx_word' id='word_1_703' title='bbox 1192 5237 1395 5306; x_wconf 89' lang='lat' dir='ltr'><strong><em>passim</em></strong></span> <span class='ocrx_word' id='word_1_704' title='bbox 1428 5235 1726 5291; x_wconf 76' lang='lat' dir='ltr'><strong><em>derivatum</em></strong></span> <span class='ocrx_word' id='word_1_705' title='bbox 1757 5252 1771 5287; x_wconf 74' lang='grc' dir='ltr'>ε</span> 
     </span>
    </p>
   </div>
   <div class='ocr_carea' id='block_1_99' title="bbox 280 5413 819 5480">
    <p class='ocr_par' dir='ltr' id='par_1_99' title="bbox 280 5413 819 5480">
     <span class='ocr_line' id='line_1_99' title="bbox 280 5413 819 5480; baseline 0.007 -15"><span class='ocrx_word' id='word_1_706' title='bbox 280 5414 324 5446; x_wconf 68' lang='grc'><strong><em>⁸⁷</em></strong></span> <span class='ocrx_word' id='word_1_707' title='bbox 360 5413 527 5468; x_wconf 81' lang='lat' dir='ltr'><strong><em>llebr.</em></strong></span> <span class='ocrx_word' id='word_1_708' title='bbox 555 5431 606 5468; x_wconf 78' lang='lat' dir='ltr'><strong><em>xi</em></strong></span> <span class='ocrx_word' id='word_1_709' title='bbox 630 5421 682 5469; x_wconf 91' lang='lat' dir='ltr'><strong><em>et</em></strong></span> <span class='ocrx_word' id='word_1_710' title='bbox 708 5430 819 5480; x_wconf 71' lang='lat' dir='ltr'><strong><em>xu.</em></strong></span> 
     </span>
    </p>
   </div>
   <div class='ocr_carea' id='block_1_100' title="bbox 310 5565 1185 5637">
    <p class='ocr_par' dir='ltr' id='par_1_100' title="bbox 310 5565 1185 5637">
     <span class='ocr_line' id='line_1_100' title="bbox 310 5565 1185 5637; baseline -0.002 -15"><span class='ocrx_word' id='word_1_711' title='bbox 310 5568 363 5636; x_wconf 88' lang='lat'><strong><em>7)</em></strong></span> <span class='ocrx_word' id='word_1_712' title='bbox 405 5565 653 5637; x_wconf 66' lang='lat' dir='ltr'><strong><em>lienem,</em></strong></span> <span class='ocrx_word' id='word_1_713' title='bbox 684 5568 839 5637; x_wconf 90' lang='lat' dir='ltr'><strong><em>epist.</em></strong></span> <span class='ocrx_word' id='word_1_714' title='bbox 867 5567 922 5631; x_wconf 73' lang='grc'><strong><em>2,</em></strong></span> <span class='ocrx_word' id='word_1_715' title='bbox 957 5583 1078 5637; x_wconf 83' lang='lat' dir='ltr'><strong><em>pag.</em></strong></span> <span class='ocrx_word' id='word_1_716' title='bbox 1098 5568 1185 5622; x_wconf 84' lang='lat'><strong><em>87.</em></strong></span> 
     </span>
    </p>
   </div>
   <div class='ocr_carea' id='block_1_101' title="bbox 307 5583 1443 5719">
    <p class='ocr_par' dir='ltr' id='par_1_101' title="bbox 307 5583 1443 5719">
     <span class='ocr_line' id='line_1_101' title="bbox 307 5583 1443 5719; baseline 0 -29"><span class='ocrx_word' id='word_1_717' title='bbox 307 5583 364 5719; x_wconf 66' lang='grc' dir='ltr'><strong><em>ές</em></strong></span> <span class='ocrx_word' id='word_1_718' title='bbox 402 5583 848 5719; x_wconf 51' lang='lat' dir='ltr'><strong><em>genesta;</em></strong></span> <span class='ocrx_word' id='word_1_719' title='bbox 867 5583 1185 5719; x_wconf 53' lang='lat' dir='ltr'><strong><em>arae;</em></strong></span> <span class='ocrx_word' id='word_1_720' title='bbox 1203 5649 1322 5707; x_wconf 59' lang='grc' dir='ltr'><strong><em>εον,</em></strong></span> <span class='ocrx_word' id='word_1_721' title='bbox 1354 5634 1443 5690; x_wconf 66' lang='grc' dir='ltr'><strong><em>ιδ.</em></strong></span> 
     </span>
    </p>
   </div>
   <div class='ocr_carea' id='block_1_102' title="bbox 309 5706 1205 5790">
    <p class='ocr_par' dir='ltr' id='par_1_102' title="bbox 309 5706 1205 5790">
     <span class='ocr_line' id='line_1_102' title="bbox 309 5706 1205 5790; baseline 0.004 -31"><span class='ocrx_word' id='word_1_722' title='bbox 309 5706 574 5790; x_wconf 39' lang='lat' dir='ltr'><strong><em>{l‘LE‘pisy</em></strong></span> <span class='ocrx_word' id='word_1_723' title='bbox 698 5708 765 5761; x_wconf 88' lang='lat' dir='ltr'><strong><em>ad</em></strong></span> <span class='ocrx_word' id='word_1_724' title='bbox 789 5706 1205 5790; x_wconf 40' lang='lat' dir='ltr'><strong><em>Cor.,ncap.‘21..</em></strong></span> 
     </span>
    </p>
   </div>
   <div class='ocr_carea' id='block_1_103' title="bbox 285 5778 1209 5848">
    <p class='ocr_par' dir='ltr' id='par_1_103' title="bbox 285 5778 1209 5848">
     <span class='ocr_line' id='line_1_103' title="bbox 285 5778 1209 5848; baseline 0 -16"><span class='ocrx_word' id='word_1_725' title='bbox 285 5778 402 5847; x_wconf 77' lang='grc'><strong>(10)</strong></span> <span class='ocrx_word' id='word_1_726' title='bbox 432 5779 580 5834; x_wconf 83' lang='lat' dir='ltr'><strong><em>I&#39;ast.</em></strong></span> <span class='ocrx_word' id='word_1_727' title='bbox 609 5779 701 5834; x_wconf 85' lang='lat' dir='ltr'><strong><em>lib.</em></strong></span> <span class='ocrx_word' id='word_1_728' title='bbox 738 5794 776 5842; x_wconf 89' lang='lat' dir='ltr'><strong><em>I,</em></strong></span> <span class='ocrx_word' id='word_1_729' title='bbox 808 5780 908 5834; x_wconf 89' lang='lat' dir='ltr'><strong><em>vis.</em></strong></span> <span class='ocrx_word' id='word_1_730' title='bbox 929 5778 986 5841; x_wconf 74' lang='lat'><strong><em>2,</em></strong></span> <span class='ocrx_word' id='word_1_731' title='bbox 1009 5794 1131 5848; x_wconf 86' lang='lat' dir='ltr'><strong><em>cap.</em></strong></span> <span class='ocrx_word' id='word_1_732' title='bbox 1157 5778 1209 5832; x_wconf 71' lang='grc'><strong>4.</strong></span> 
     </span>
    </p>
   </div>
   <div class='ocr_carea' id='block_1_104' title="bbox 1879 4581 3440 4654">
    <p class='ocr_par' dir='ltr' id='par_1_104' title="bbox 1879 4581 3440 4654">
     <span class='ocr_line' id='line_1_104' title="bbox 1879 4581 3440 4654; baseline -0.001 -16"><span class='ocrx_word' id='word_1_733' title='bbox 1879 4584 2099 4654; x_wconf 89' lang='lat' dir='ltr'><strong><em>vimque</em></strong></span> <span class='ocrx_word' id='word_1_734' title='bbox 2128 4582 2428 4637; x_wconf 80' lang='lat' dir='ltr'><strong><em>inferamus</em></strong></span> <span class='ocrx_word' id='word_1_735' title='bbox 2479 4581 2685 4638; x_wconf 88' lang='lat' dir='ltr'><strong><em>codicis</em></strong></span> <span class='ocrx_word' id='word_1_736' title='bbox 2739 4597 2842 4638; x_wconf 87' lang='lat' dir='ltr'><strong><em>ms.</em></strong></span> <span class='ocrx_word' id='word_1_737' title='bbox 2903 4581 3122 4637; x_wconf 88' lang='lat' dir='ltr'><strong><em>lectioni</em></strong></span> <span class='ocrx_word' id='word_1_738' title='bbox 3150 4594 3275 4635; x_wconf 85' lang='lat' dir='ltr'><strong><em>cum</em></strong></span> <span class='ocrx_word' id='word_1_739' title='bbox 3306 4581 3440 4636; x_wconf 81' lang='lat' dir='ltr'><strong><em>clar.</em></strong></span> 
     </span>
    </p>
   </div>
   <div class='ocr_carea' id='block_1_105' title="bbox 1879 4672 3443 4743">
    <p class='ocr_par' dir='ltr' id='par_1_105' title="bbox 1879 4672 3443 4743">
     <span class='ocr_line' id='line_1_105' title="bbox 1879 4672 3443 4743; baseline -0.003 -14"><span class='ocrx_word' id='word_1_740' title='bbox 1879 4675 2087 4730; x_wconf 90' lang='lat' dir='ltr'><strong><em>editore</em></strong></span> <span class='ocrx_word' id='word_1_741' title='bbox 2115 4675 2355 4737; x_wconf 87' lang='lat' dir='ltr'><strong><em>Pottero,</em></strong></span> <span class='ocrx_word' id='word_1_742' title='bbox 2390 4688 2452 4729; x_wconf 91' lang='lat' dir='ltr'><strong><em>ac</em></strong></span> <span class='ocrx_word' id='word_1_743' title='bbox 2483 4673 2714 4729; x_wconf 25' lang='lat' dir='ltr'><strong><em>Davisior</em></strong></span> <span class='ocrx_word' id='word_1_744' title='bbox 2747 4674 2925 4743; x_wconf 90' lang='lat' dir='ltr'><strong><em>ipsum</em></strong></span> <span class='ocrx_word' id='word_1_745' title='bbox 2968 4680 3156 4728; x_wconf 88' lang='lat' dir='ltr'><strong><em>secuto</em></strong></span> <span class='ocrx_word' id='word_1_746' title='bbox 3191 4690 3205 4726; x_wconf 89' lang='lat'><strong>:</strong></span> <span class='ocrx_word' id='word_1_747' title='bbox 3246 4682 3335 4727; x_wconf 75' lang='lat' dir='ltr'><strong><em>eo‘</em></strong></span> <span class='ocrx_word' id='word_1_748' title='bbox 3359 4672 3443 4727; x_wconf 88' lang='lat' dir='ltr'><strong><em>vel</em></strong></span> 
     </span>
    </p>
   </div>
   <div class='ocr_carea' id='block_1_106' title="bbox 1882 4761 3444 4835">
    <p class='ocr_par' dir='ltr' id='par_1_106' title="bbox 1882 4761 3444 4835">
     <span class='ocr_line' id='line_1_106' title="bbox 1882 4761 3444 4835; baseline -0.001 -15"><span class='ocrx_word' id='word_1_749' title='bbox 1882 4767 2118 4820; x_wconf 82' lang='lat' dir='ltr'><strong><em>maxime</em></strong></span> <span class='ocrx_word' id='word_1_750' title='bbox 2141 4766 2286 4835; x_wconf 86' lang='lat' dir='ltr'><strong><em>quod</em></strong></span> <span class='ocrx_word' id='word_1_751' title='bbox 2319 4766 2714 4821; x_wconf 12' lang='lat' dir='ltr'><strong><em>nemotnesciat</em></strong></span> <span class='ocrx_word' id='word_1_752' title='bbox 2741 4765 2797 4819; x_wconf 91' lang='lat' dir='ltr'><strong><em>in</em></strong></span> <span class='ocrx_word' id='word_1_753' title='bbox 2827 4763 3250 4834; x_wconf 86' lang='lat' dir='ltr'><strong><em>morepositum</em></strong></span> <span class='ocrx_word' id='word_1_754' title='bbox 3276 4761 3444 4819; x_wconf 75' lang='lat' dir='ltr'><strong><em>fuisse</em></strong></span> 
     </span>
    </p>
   </div>
   <div class='ocr_carea' id='block_1_107' title="bbox 1880 4853 3445 4920">
    <p class='ocr_par' dir='ltr' id='par_1_107' title="bbox 1880 4853 3445 4920">
     <span class='ocr_line' id='line_1_107' title="bbox 1880 4853 3445 4920; baseline -0.001 -11"><span class='ocrx_word' id='word_1_755' title='bbox 1880 4855 2143 4911; x_wconf 90' lang='lat' dir='ltr'><strong><em>Clementi</em></strong></span> <span class='ocrx_word' id='word_1_756' title='bbox 2193 4855 2584 4920; x_wconf 77' lang='lat' dir='ltr'><strong><em>Alexandrino,</em></strong></span> <span class='ocrx_word' id='word_1_757' title='bbox 2628 4856 2682 4910; x_wconf 91' lang='lat' dir='ltr'><strong><em>in</em></strong></span> <span class='ocrx_word' id='word_1_758' title='bbox 2731 4864 3017 4910; x_wconf 89' lang='lat' dir='ltr'><strong><em>auctorum</em></strong></span> <span class='ocrx_word' id='word_1_759' title='bbox 3072 4855 3211 4912; x_wconf 83' lang='lat' dir='ltr'><strong><em>locis</em></strong></span> <span class='ocrx_word' id='word_1_760' title='bbox 3235 4853 3445 4909; x_wconf 86' lang='lat' dir='ltr'><strong><em>descri-</em></strong></span> 
     </span>
    </p>
   </div>
   <div class='ocr_carea' id='block_1_108' title="bbox 1884 4946 3438 5017">
    <p class='ocr_par' dir='ltr' id='par_1_108' title="bbox 1884 4946 3438 5017">
     <span class='ocr_line' id='line_1_108' title="bbox 1884 4946 3438 5017; baseline -0.001 -14"><span class='ocrx_word' id='word_1_761' title='bbox 1884 4949 2076 5006; x_wconf 88' lang='lat' dir='ltr'><strong><em>bendis</em></strong></span> <span class='ocrx_word' id='word_1_762' title='bbox 2109 4949 2213 5002; x_wconf 81' lang='lat' dir='ltr'><strong><em>alia</em></strong></span> <span class='ocrx_word' id='word_1_763' title='bbox 2251 4949 2595 5012; x_wconf 90' lang='lat' dir='ltr'><strong><em>contrahere,</em></strong></span> <span class='ocrx_word' id='word_1_764' title='bbox 2649 4947 2754 5002; x_wconf 88' lang='lat' dir='ltr'><strong><em>alia</em></strong></span> <span class='ocrx_word' id='word_1_765' title='bbox 2803 4949 3010 5010; x_wconf 78' lang='lat' dir='ltr'><strong><em>tollere,</em></strong></span> <span class='ocrx_word' id='word_1_766' title='bbox 3056 4947 3163 5000; x_wconf 83' lang='lat' dir='ltr'><strong><em>alia</em></strong></span> <span class='ocrx_word' id='word_1_767' title='bbox 3204 4946 3438 5017; x_wconf 88' lang='lat' dir='ltr'><strong><em>interpo-</em></strong></span> 
     </span>
    </p>
   </div>
   <div class='ocr_carea' id='block_1_109' title="bbox 1880 5039 3444 5110">
    <p class='ocr_par' dir='ltr' id='par_1_109' title="bbox 1880 5039 3444 5110">
     <span class='ocr_line' id='line_1_109' title="bbox 1880 5039 3444 5110; baseline -0.001 -15"><span class='ocrx_word' id='word_1_768' title='bbox 1880 5056 2013 5102; x_wconf 88' lang='lat' dir='ltr'><strong><em>nere</em></strong></span> <span class='ocrx_word' id='word_1_769' title='bbox 2040 5048 2201 5109; x_wconf 90' lang='lat' dir='ltr'><strong><em>atque</em></strong></span> <span class='ocrx_word' id='word_1_770' title='bbox 2232 5056 2331 5110; x_wconf 89' lang='lat' dir='ltr'><strong><em>pro</em></strong></span> <span class='ocrx_word' id='word_1_771' title='bbox 2368 5040 2597 5094; x_wconf 88' lang='lat' dir='ltr'><strong><em>arbitrio</em></strong></span> <span class='ocrx_word' id='word_1_772' title='bbox 2625 5048 2859 5100; x_wconf 88' lang='lat' dir='ltr'><strong><em>mutare,</em></strong></span> <span class='ocrx_word' id='word_1_773' title='bbox 2907 5039 3092 5094; x_wconf 88' lang='lat' dir='ltr'><strong><em>omnia</em></strong></span> <span class='ocrx_word' id='word_1_774' title='bbox 3133 5053 3242 5097; x_wconf 87' lang='lat' dir='ltr'><strong><em>uno</em></strong></span> <span class='ocrx_word' id='word_1_775' title='bbox 3278 5041 3444 5094; x_wconf 86' lang='lat' dir='ltr'><strong><em>verbo</em></strong></span> 
     </span>
    </p>
   </div>
   <div class='ocr_carea' id='block_1_110' title="bbox 1881 5130 3447 5204">
    <p class='ocr_par' dir='ltr' id='par_1_110' title="bbox 1881 5130 3447 5204">
     <span class='ocr_line' id='line_1_110' title="bbox 1881 5130 3447 5204; baseline 0.001 -17"><span class='ocrx_word' id='word_1_776' title='bbox 1881 5134 1984 5188; x_wconf 85' lang='lat' dir='ltr'><strong><em>sibi</em></strong></span> <span class='ocrx_word' id='word_1_777' title='bbox 2016 5134 2368 5204; x_wconf 89' lang='lat' dir='ltr'><strong><em>permittere:</em></strong></span> <span class='ocrx_word' id='word_1_778' title='bbox 2395 5131 2537 5202; x_wconf 90' lang='lat' dir='ltr'><strong><em>quod</em></strong></span> <span class='ocrx_word' id='word_1_779' title='bbox 2573 5139 2627 5186; x_wconf 90' lang='lat' dir='ltr'><strong><em>et</em></strong></span> <span class='ocrx_word' id='word_1_780' title='bbox 2657 5131 2758 5186; x_wconf 91' lang='lat' dir='ltr'><strong><em>hoc</em></strong></span> <span class='ocrx_word' id='word_1_781' title='bbox 2774 5132 2907 5201; x_wconf 71' lang='lat' dir='ltr'><strong><em>ipso</em></strong></span> <span class='ocrx_word' id='word_1_782' title='bbox 2940 5136 2995 5184; x_wconf 91' lang='lat' dir='ltr'><strong><em>in</em></strong></span> <span class='ocrx_word' id='word_1_783' title='bbox 3021 5130 3199 5202; x_wconf 85' lang='lat' dir='ltr'><strong><em>capite</em></strong></span> <span class='ocrx_word' id='word_1_784' title='bbox 3220 5130 3447 5188; x_wconf 85' lang='lat' dir='ltr'><strong><em>licenter.</em></strong></span> 
     </span>
    </p>
   </div>
   <div class='ocr_carea' id='block_1_111' title="bbox 1880 5223 3464 5298">
    <p class='ocr_par' dir='ltr' id='par_1_111' title="bbox 1880 5223 3464 5298">
     <span class='ocr_line' id='line_1_111' title="bbox 1880 5223 3464 5298; baseline -0.001 -18"><span class='ocrx_word' id='word_1_785' title='bbox 1880 5227 2044 5282; x_wconf 89' lang='lat' dir='ltr'><strong><em>nimis</em></strong></span> <span class='ocrx_word' id='word_1_786' title='bbox 2070 5225 2409 5298; x_wconf 81' lang='lat' dir='ltr'><strong><em>exsequitur,</em></strong></span> <span class='ocrx_word' id='word_1_787' title='bbox 2437 5233 2496 5278; x_wconf 88' lang='lat' dir='ltr'><strong><em>ut</em></strong></span> <span class='ocrx_word' id='word_1_788' title='bbox 2529 5224 2672 5297; x_wconf 89' lang='lat' dir='ltr'><strong><em>apud</em></strong></span> <span class='ocrx_word' id='word_1_789' title='bbox 2709 5223 3028 5278; x_wconf 81' lang='lat' dir='ltr'><strong><em>Wottonutn</em></strong></span> <span class='ocrx_word' id='word_1_790' title='bbox 3060 5223 3243 5278; x_wconf 85' lang='lat' dir='ltr'><strong><em>videre</em></strong></span> <span class='ocrx_word' id='word_1_791' title='bbox 3270 5231 3383 5279; x_wconf 78' lang='lat' dir='ltr'><strong><em>est...</em></strong></span> <span class='ocrx_word' id='word_1_792' title='bbox 3441 5251 3464 5268; x_wconf 58' lang='grc' dir='ltr'><strong><em>-ρ</em></strong></span> 
     </span>
    </p>
   </div>
   <div class='ocr_carea' id='block_1_112' title="bbox 1939 5523 3302 5703">
    <p class='ocr_par' dir='ltr' id='par_1_112' title="bbox 1939 5523 3302 5703">
     <span class='ocr_line' id='line_1_112' title="bbox 1939 5523 3302 5703; baseline -0.005 -88"><span class='ocrx_word' id='word_1_793' title='bbox 2083 5523 2353 5690; x_wconf 19' lang='lat' dir='ltr'><strong><em>{regnes</em></strong></span> <span class='ocrx_word' id='word_1_794' title='bbox 2385 5559 2444 5614; x_wconf 85' lang='lat' dir='ltr'><strong><em>in</em></strong></span> <span class='ocrx_word' id='word_1_795' title='bbox 2462 5533 2682 5628; x_wconf 49' lang='lat' dir='ltr'><strong><em>capiet</em></strong></span> <span class='ocrx_word' id='word_1_796' title='bbox 2717 5548 2935 5627; x_wconf 68' lang='lat' dir='ltr'><strong><em>epist.‘i&#39;</em></strong></span> <span class='ocrx_word' id='word_1_797' title='bbox 2967 5555 3036 5610; x_wconf 89' lang='lat' dir='ltr'><strong><em>ad</em></strong></span> <span class='ocrx_word' id='word_1_798' title='bbox 3059 5555 3302 5611; x_wconf 84' lang='lat' dir='ltr'><strong><em>Corinth.</em></strong></span> 
     </span>
    </p>
   </div>
   <div class='ocr_carea' id='block_1_113' title="bbox 1945 5696 3446 5781">
    <p class='ocr_par' dir='ltr' id='par_1_113' title="bbox 1945 5696 3446 5781">
     <span class='ocr_line' id='line_1_113' title="bbox 1945 5696 3446 5781; baseline 0.001 -24"><span class='ocrx_word' id='word_1_799' title='bbox 1945 5696 2056 5774; x_wconf 79' lang='lat' dir='ltr'><strong><em>(l3)</em></strong></span> <span class='ocrx_word' id='word_1_800' title='bbox 2089 5702 2309 5768; x_wconf 86' lang='lat' dir='ltr'><strong><em>Strom.,</em></strong></span> <span class='ocrx_word' id='word_1_801' title='bbox 2357 5700 2452 5757; x_wconf 90' lang='lat' dir='ltr'><strong><em>lib.</em></strong></span> <span class='ocrx_word' id='word_1_802' title='bbox 2486 5715 2562 5766; x_wconf 78' lang='lat' dir='ltr'><strong><em>tv,</em></strong></span> <span class='ocrx_word' id='word_1_803' title='bbox 2593 5714 2713 5772; x_wconf 84' lang='lat' dir='ltr'><strong><em>cap.</em></strong></span> <span class='ocrx_word' id='word_1_804' title='bbox 2744 5697 2830 5765; x_wconf 81' lang='grc'><strong><em>16,</em></strong></span> <span class='ocrx_word' id='word_1_805' title='bbox 2855 5714 2910 5770; x_wconf 89' lang='lat' dir='ltr'><strong><em>p.</em></strong></span> <span class='ocrx_word' id='word_1_806' title='bbox 2933 5696 3058 5763; x_wconf 73' lang='lat' dir='ltr'><strong><em>6l2,</em></strong></span> <span class='ocrx_word' id='word_1_807' title='bbox 3084 5698 3226 5781; x_wconf 34' lang='lat' dir='ltr'><strong><em>&#39;cdit.</em></strong></span> <span class='ocrx_word' id='word_1_808' title='bbox 3268 5696 3446 5770; x_wconf 56' lang='lat' dir='ltr'><strong><em>Oxon.</em></strong></span> 
     </span>
    </p>
   </div>
  </div>
