4054 6320
576 269 678 326 119

1690 274 1778 327 an
1815 277 1870 330 s.
1912 256 2325 334 atansum:
2364 275 2384 332 ι
2422 272 2689 332 PAPAM;

3696 272 3800 328 120

627 383 785 465 Quid
809 381 1300 456 quaeriminquies?
1318 381 1477 440 Esto:
1500 385 1780 454 scripserit
1793 383 2046 439 Clemens
2059 384 2125 437 τὰ
2155 390 2201 446 Α
2230 387 2410 443 αὐτόν.
2440 388 2605 455 «Quis
2628 366 2760 457 ergo
2791 389 2930 444 inter
2951 401 3048 444 vos
3072 388 3405 459 generosus?
3429 389 3552 458 quis
3594 389 3808 444 miseri-

572 474 737 530 τέκνα
767 474 947 545 ὑμῶνε
973 481 1028 526 at
1055 473 1231 544 ipsum
1259 473 1359 536 τὰς
1385 476 1644 542 γυναῖκας
1670 474 1826 544 ἡμῶν
1850 475 2139 544 scripsisse

579 568 751 637 liquet
783 586 796 621 :
829 565 974 636 quod
1011 568 1198 636 utique
1243 569 1312 620 ad
1349 564 1600 620 Venemte
1648 568 1975 621 sententiam
2005 581 2138 620 con-

575 659 901 712 ﬁrmandam
950 657 1087 713 satis
1139 663 1244 711 est.
1302 654 1415 719 Nae,
1463 656 1558 726 qui
1600 657 1680 712 sic
1715 656 1932 719 sentiat,
1959 657 2140 713 minus

576 753 784 802 attente
813 746 1145 800 Clementem
1198 745 1407 815 legerit.
1461 744 1762 816 Siquidem,
1805 745 1952 816 quod
2003 747 2141 802 scri-

577 839 747 908 pserit
781 835 837 890 S.
866 835 1024 891 Pater
1041 837 1140 900 τὰς
1167 838 1615 908 γυναῖκαςὴμῶν,
1639 839 1693 892 in
1711 853 1875 893 causa
1900 837 1998 892 fuit
2021 854 2140 894 ver-

578 929 706 982 bum
735 926 1190 1000 διορϐωσώμεθας
1225 935 1284 982 ut
1322 929 1559 983 sermoni
1594 930 1755 1000 paulo
1801 939 1923 983 ante
1945 930 2001 984 in
2031 930 2142 1000 pri-

576 1038 667 1076 ma
697 1037 930 1091 persona
962 1021 1234 1086 instituto,
1268 1019 1644 1092 ὲντραπῶμεν,
1675 1021 2027 1109 σίδεσθῶμεν,
2056 1039 2140 1074 τι·

579 1112 861 1182 μήσωμεν,
895 1110 1288 1180 παιδεύσωμεν,
1321 1113 1590 1166 sententia
1627 1121 1970 1182 congrueret.
2005 1110 2139 1165 Cum

577 1196 758 1258 autem
791 1218 914 1258 mox
937 1201 1082 1256 aliud
1113 1202 1369 1272 loquendi
1394 1218 1564 1274 genus
1587 1211 1833 1273 usurpet,
1857 1204 2144 1275 scripsisse

579 1297 803 1352 omnino
822 1295 1124 1351 censendus
1147 1303 1229 1351 est
1249 1295 1316 1349 sit
1344 1295 1506 1348 τέκνα
1535 1296 1687 1366 ὑμῶν
1714 1315 1727 1350 :
1755 1296 1977 1365 perinde
2007 1311 2068 1350 ac
2097 1297 2143 1350 si

580 1387 648 1441 ab
686 1387 950 1451 orationis
975 1401 1141 1440 cursu
1171 1386 1459 1456 abreptus,
1487 1386 1636 1457 quod
1663 1387 1824 1441 modo
1852 1388 2146 1457 scripserat

580 1476 766 1531 minus
795 1475 900 1531 sibi
930 1482 1313 1539 consentanea,
1343 1490 1533 1528 uxores
1557 1484 1765 1531 nostras
1797 1476 2143 1547 corrigamus,

579 1564 870 1620 emendare
903 1563 1163 1628 voluerit;
1187 1563 1433 1641 adeoque
1454 1564 1654 1635 stylum
1699 1565 1884 1619 statim
1920 1565 2149 1636 castiga-

581 1656 691 1714 tius
717 1669 1012 1719 exacuens,
1073 1653 1431 1724 docentisque
1473 1653 1728 1725 dignitati
1778 1657 2144 1727 prospiciens,

2239 479 2390 533 cors?
2404 481 2528 548 quis
2553 480 2836 535 charitatis
2852 480 3068 550 plenus?
3085 480 3230 535 dicat
3249 498 3264 535 :
3291 479 3345 532 Si
3361 487 3582 550 propter
3604 495 3689 534 me
3704 477 3802 534 s'e-

2239 569 2394 631 ditio,
2420 578 2475 625 et
2498 570 2794 635 discordia,
2820 581 2871 626 et
2896 572 3195 626 schismata
3216 589 3231 637 ;
3249 569 3642 629 discedo,abeo
3664 587 3806 640 quo.

2239 672 2456 728 cunque
2497 658 2854 714 volueritis...
2880 658 2984 726 Qui
3025 659 3129 713 hoc
3168 659 3390 722 fecerit,
3414 659 3517 713 sibi
3548 675 3808 730 magnum

2239 749 2407 804 decus
2437 749 2492 803 in
2532 749 2761 804 Domino
2790 750 3148 820 comparabit,
3191 752 3479 820 omnisque
3506 751 3656 804 locus
3675 765 3807 805 eum

2241 840 2522 912 suscipiet.
2560 862 2579 894 ι
2631 842 2840 908 Quibus
2893 857 3024 898 sane
3062 841 3245 896 verbis
3275 857 3435 896 nemo
3484 858 3592 896 non
3635 842 3810 907 videt,

2241 929 2448 985 hortari
2476 930 2806 986 Clementem
2859 930 3198 995 Corinthios,
3246 940 3306 984 ut
3365 931 3582 986 etiamsi
3619 930 3814 1000 justus

2241 1022 2366 1091 quis
2389 1022 2530 1077 inter
2559 1038 2654 1077 eos
2677 1022 2862 1086 fuerit,
2901 1029 3063 1093 atque
3113 1021 3375 1076 immunis
3414 1037 3443 1075 a
3485 1023 3814 1085 schismate,

2241 1115 2372 1185 quin
2400 1123 2454 1169 et
2481 1115 2627 1168 omni
2653 1115 2919 1169 virtutum
2953 1129 3150 1184 genere
3189 1122 3451 1181 ornatus;
3475 1115 3587 1184 juri
3619 1122 3815 1168 tamen

2243 1220 2346 1262 suo
2393 1206 2572 1270 cedat,
2616 1214 2676 1260 ut
2716 1205 2976 1260 Ecclesiae
3034 1205 3401 1260 Corinthiacze
3442 1205 3819 1277 tranquillitas

2244 1295 2371 1350 inde
2401 1283 2719 1366 consurgat.
2742 1297 2825 1351 An
2846 1312 2957 1352 non
2998 1297 3164 1368 igitur
3191 1295 3457 1352 Clementi
3506 1298 3643 1352 mire
3671 1313 3821 1353 con-

2244 1389 2379 1444 cinit
2408 1389 2767 1460 Epiphanius,
2819 1390 2947 1444 dum
3001 1391 3078 1444 ait
3109 1390 3286 1459 ipsum
3319 1391 3394 1445 ita
3435 1389 3605 1445 fuisse
3651 1390 3824 1444 locu-

2245 1486 2402 1544 tum,
2458 1480 2569 1532 τισὶ
2616 1478 2774 1532 τοῦτο
2829 1479 3302 1550 συμϐουλεύονταῗ
3361 1479 3501 1533 Hinc
3544 1481 3824 1534 immerito

2247 1568 2571 1624 insimulant
2598 1575 2848 1623 sanctum
2902 1569 3072 1622 illum‘
3097 1567 3572 1624 Constantiensem
3599 1571 3820 1639 episco-

2247 1675 2380 1731 pum
2406 1658 2776 1714 Tborndicius
2807 1658 2921 1731 (16)
2953 1667 3006 1714 et
3032 1658 3310 1716 Burtonus
3361 1660 3410 1730 (1
3423 1660 3498 1732 Ἰ),
3529 1660 3671 1732 quod
3693 1659 3825 1715 Cle-

580 1747 882 1804 orationem
929 1752 1224 1819 permutat,
1257 1752 1441 1816 atque,
1495 1747 1619 1816 ﬁlii,
1649 1749 1804 1801 vestri
1833 1749 2144 1818 suscipiant,
2178 1731 2220 1786 Β
2250 1750 2548 1806 mentinam
2583 1749 2911 1806 sententiam
2961 1750 3105 1805 baud
3160 1752 3230 1805 sit
3269 1731 3576 1806 assecutus.
3625 1750 3824 1805 Imme-

581 1838 996 1896 coz-tvenieutius
1019 1839 1292 1894 rescribit.
1329 1837 1630 1893 Retinenda
1673 1839 1838 1910 igitur
1869 1839 2038 1910 proba
2072 1841 2151 1896 le-
2248 1841 2355 1896 rito
2380 1841 2509 1896 item
2539 1856 2606 1896 ex
2628 1839 2874 1910 ejusdem
2916 1837 2973 1893 S.
3026 1828 3208 1894 Patris
3258 1841 3443 1896 verbis
3465 1879 3480 1905 ,
3515 1838 3820 1896 Clementis

583 1934 696 1989 eti-ti
724 1948 829 1989 ms.
859 1932 1071 1988 codicis
1101 1931 1476 1995 Alexandrini,
1500 1945 1563 1988 ac
1587 1931 1777 2001 procul
1809 1933 2153 1988 amandanda
2251 1931 2650 1986 abdicationem
2683 1928 3007 1984 conﬁrmare
3038 1930 3290 1984 nituntur
3313 1931 3405 1986 alii
3431 1930 3611 2002 magni
3640 1931 3828 1986 nomi-

586 2027 654 2081 de
676 2025 875 2097 Grapte
902 2024 1200 2080 Clementis
1257 2037 1430 2078 uxore
1479 2022 1611 2078 hinc
1657 2031 1812 2078 eruta
1838 2025 2154 2094 conjectura

586 2118 689 2173 viri
713 2118 943 2182 eruditi;
969 2117 1062 2186 qui
1083 2113 1485 2171 Cotelerianam
1540 2116 1848 2170 versionem
1873 2130 1904 2169 a
1942 2114 2154 2170 Clerico

587 2208 917 2266 recensitam
950 2205 1067 2262 sive
1089 2206 1409 2262 mendosam
1439 2207 1557 2262 sive
1583 2205 1802 2260 inﬁdam
1841 2206 2156 2262 exscribere

587 2300 803 2368 maluit,
833 2315 998 2370 quam
1030 2307 1236 2355 textum
1269 2298 1448 2368 ipsum
1474 2298 1783 2354 consulere.

663 2390 772 2448 Sed
817 2390 1059 2446 nondum
1104 2387 1461 2443 dimittendus
1507 2387 1849 2444 Hermannus
1902 2388 2155 2446 Venema.

590 2482 772 2555 Pergit
803 2483 884 2538 vir
906 2481 1165 2537 criticusl
1198 2490 1273 2546 et,
1307 2479 1626 2550 quoprobet
1664 2481 1825 2534 allata
1854 2480 2016 2535 verba
2039 2497 2162 2536 esse

592 2575 907 2645 accipienda
941 2575 1085 2629 velut
1117 2588 1150 2627 a
1176 2569 1451 2629 Clemente
1466 2573 1533 2630 de
1555 2588 1613 2629 se
1636 2573 1754 2644 ipso
1775 2574 2013 2642 prolata,
2047 2574 2162 2630 haec

593 2664 829 2722 subdit:
865 2682 884 2715 ι
939 2661 1092 2718 Licet
1146 2664 1368 2720 nomine
1410 2663 1667 2718 Ecclesiae
1715 2660 1996 2727 Romana,
2045 2662 2162 2732 ipse

592 2761 779 2808 tamen
811 2753 1098 2822 epistolam
1127 2753 1372 2824 scripsit,
1403 2761 1457 2809 et
1479 2753 1548 2807 ad
1573 2770 1631 2808 se
1651 2752 1887 2809 subinde
1907 2769 2165 2824 expresse

595 2842 826 2914 digitum
848 2843 1078 2898 intendit
1100 2883 1116 2908 ,
1152 2845 1232 2902 uti
1260 2845 1313 2898 in
1345 2844 1526 2901 verbis
1551 2844 1661 2914 (14)
1695 2865 1708 2899 :
1744 2843 1807 2899 Si
1836 2854 2045 2915 propter
2086 2859 2165 2898 me

596 2937 808 3004 seditio,
862 2947 911 2991 et
941 2934 1228 3001 discordia,
1279 2945 1329 2991 et
1381 2937 1689 3006 schismata,
1723 2937 1954 3004 discedo,
1995 2939 2120 2993 abeo
2145 2953 2164 2991 :

601 3031 741 3099 ﬁeri,
788 3029 1123 3100 Epiphanius
1163 3030 1355 3085 statuit
1378 3027 1547 3100 (15).»
1579 3027 1815 3100 Operam
1874 3029 2012 3084 ludit
2038 3045 2168 3085 cen-

603 3138 699 3180 sor
736 3123 858 3177 iste.
909 3120 976 3178 Et
1029 3137 1170 3194 aegre
1215 3121 1438 3192 (tuidem
1489 3120 1811 3187 ferendum,
1863 3120 2011 3193 quod
2058 3137 2170 3176 non

601 3214 938 3287 perspexerit
989 3217 1073 3270 vir
1115 3215 1340 3271 oculeus
1413 3221 1584 3278 totus,
1633 3213 1993 3284 Epiphaninm
2045 3212 2190 3270 Cle-'

605 3307 807 3362 mentis
874 3306 1198 3362 sententiam
1252 3320 1361 3360 non
1413 3320 1483 3358 ex
1532 3304 1705 3374 ipsius
1754 3304 2014 3374 epistola,
2077 3303 2171 3359 sed

604 3413 672 3456 ex
698 3398 1023 3469 quibusdam
1057 3396 1466 3454 commentariis
1493 3397 1549 3452 in
1573 3397 1778 3468 quibus
1802 3398 2008 3452 dictum
2039 3397 2173 3452 illud

607 3489 914 3555 invenerat,
939 3490 1322 3561 descripsisse.
1356 3489 1449 3545 Sic
1479 3490 1623 3544 enim
1654 3490 1746 3545 ille
1767 3489 1806 3545 l.
1857 3504 1907 3544 e.
1940 3509 1953 3544 :
2014 3489 2174 3556 Λέγει

606 3584 718 3657 γὰρ
743 3586 801 3640 ὲν
833 3585 932 3656 μιᾷ
958 3583 1063 3638 τῶν
1089 3582 1384 3637 ἐπιστολῶν
1411 3579 1596 3636 αὐτοῦ·
1631 3575 1941 3652 ’Δναχωρῶ,
1962 3582 2173 3652 ἄπειμι.

609 3721 697 3738 ....
724 3680 956 3752 εὕρομεν
1003 3679 1112 3751 γὰρ
1165 3679 1222 3732 ἐν
1272 3696 1414 3734 τισιν
1466 3680 1975 3750 ὑπομνηματισμοῖς
2018 3676 2177 3730 τοῦτο

610 3776 949 3846 ιγκείμενον.
1013 3793 1031 3825 ι
1061 3773 1205 3832 Dicit
1256 3775 1400 3829 enim
1450 3769 1743 3843 (Clemens)
1802 3771 1857 3824 in
1903 3785 2011 3824 una
2045 3769 2174 3840 Epi-

615 3867 881 3925 stolarum
899 3880 1144 3922 suarum:
1163 3863 1762 3929 Recedo,abeo:...nam
1780 3862 1834 3916 in
1851 3861 2177 3930 quibusdam
2205 3910 2208 3914 .

614 3955 1028 4014 commentariis
1055 3955 1129 4008 ita
1151 3956 1416 4024 scriptum
1445 3952 1808 4024 reperimus.»
1861 3950 2004 4016 Quid
2031 3949 2178 4020 quod

618 4054 851 4120 ipsemet
881 4045 1224 4118 Epiphanius
1248 4044 1554 4100 luculenter
1598 4050 1854 4104 testatur,
1884 4039 2029 4112 quod
2058 4037 2180 4093 Cle-

616 4152 772 4192 mens
802 4137 893 4190 illa
941 4133 1244 4204 proferens,
1290 4132 1558 4189 nonnullis
1590 4131 1685 4185 hoc
1737 4128 1890 4184 modo
1941 4128 2179 4183 consula-

615 4227 749 4284 διιεῖ
780 4227 889 4282 τισὶ
914 4224 1073 4279 τοῦτο
1101 4223 1509 4295 συμϐουλεύωνε
1542 4229 1750 4278 tantum
1778 4220 1952 4283 abest,
1975 4226 2033 4272 ut
2057 4233 2183 4273 sane

617 4327 742 4375 ctus
766 4316 1206 4373 Constantiensis
1233 4315 1524 4385 episcopus
1563 4312 1838 4368 memoriae
1873 4309 2180 4372 tradiderit,

2252 2037 2338 2076 1118
2367 2036 2493 2076 νιῐι.

2321 2116 2391 2170 At
2416 2115 2611 2186 potiori
2637 2114 2762 2185 jure
2784 2113 3060 2171 notandus
3101 2113 3166 2169 Η.
3217 2112 3482 2180 Venema,
3516 2129 3607 2185 qui
3636 2130 3700 2170 eo
3726 2129 3834 2185 po-

2255 2206 2528 2264 tissimum
2577 2207 2796 2264 nomine
2847 2204 3138 2277 Epiphanii
3189 2208 3513 2261 auctoritate
3557 2206 3831 2273 abutitur,

2254 2314 2365 2370 quo
2394 2298 2650 2354 nimirum
2686 2306 2995 2354 commento
3037 2313 3139 2354 suo
3178 2298 3245 2353 de
3287 2296 3490 2369 Grapte
3535 2298 3834 2354 Clementis

2239 2404 2428 2445 uxore
2457 2387 2870 2443 fundamentum
2893 2387 3193 2458 prtejaciat,
3237 2389 3388 2442 nullo
3430 2389 3647 2444 innixus
3680 2396 3838 2444 veteo

2259 2495 2382 2534 rum
2407 2478 2741 2544 testimonio,
2796 2479 2928 2548 quin
2977 2494 3008 2533 e
3042 2488 3234 2533 contra
3272 2479 3555 2534 obnitente
3592 2480 3837 2549 scripto-

2262 2587 2382 2626 rum
2415 2572 2766 2640 antiquorum
2795 2570 2917 2625 ﬁde.
2950 2570 3107 2635 Nam,
3135 2578 3195 2624 ut
3240 2569 3431 2642 lgnatii
3463 2569 3838 2642 Epistolarum

2264 2662 2711 2730 interpolatorem
2750 2663 3069 2718 omittamus
3119 2660 3254 2732 (18),
3306 2676 3468 2731 quem
3524 2677 3693 2716 unum
3729 2676 3842 2717 no-

2262 2752 2341 2808 vit
2385 2752 2475 2806 hic
2500 2766 2716 2817 censor,
2746 2752 3110 2806 vetustiorem
3151 2750 3329 2806 adhuc
3372 2751 3639 2807 habemus
3675 2752 3844 2806 Reco-

2267 2846 2556 2915 gnitionum
2599 2845 2945 2913 scriptorem,
2977 2843 3178 2897 saeculo
3221 2858 3258 2896 ιι
3308 2843 3623 2908 desinente,
3676 2842 3844 2913 cujus

2266 2937 2382 2992 haec
2404 2942 2531 2991 sunt
2557 2936 2722 2990 verba
2767 2935 2884 3006 (19)
2919 2954 2934 2991 :
2971 2935 3084 3005 Ego
3137 2935 3376 2990 Clemens
3425 2935 3479 2989 in
3511 2935 3636 2988 urbe
3669 2933 3847 2989 Roma

2195 3067 2236 3123 C
2269 3035 2447 3089 natus,
2477 3040 2542 3079 ex
2570 3027 2742 3094 prima
2773 3037 2928 3081 atate
2964 3025 3231 3094 pudicitiae
3259 3025 3495 3080 studium
3530 3026 3688 3096 gessi.
3710 3025 3848 3091 Quae

2271 3125 2459 3188 postea
2489 3125 2605 3169 tum
2649 3115 3092 3172 Clementinorum
3133 3116 3267 3187 (20),
3290 3125 3404 3170 tum
3435 3114 3703 3185 Epitomcs
3728 3116 3846 3187 (2i)

2271 3216 2525 3264 auctores
2544 3205 3008 3277 exscripsereJiis
3031 3207 3242 3261 accedit
3263 3206 3590 3272 Althclmus,
3615 3206 3852 3275 quiCle—

2275 3299 2476 3356 mentis
2503 3297 2870 3368 virginitatem
2902 3296 3015 3352 sive
3063 3311 3225 3366 prosa
3272 3297 3384 3351 sive
3425 3296 3667 3350 carmine
3706 3296 3848 3350 cele-

2273 3393 2465 3449 brasse
2507 3390 3005 3462 comperiturﬁﬂ).
3053 3389 3304 3445 Clemens
3359 3390 3542 3461 itaque
3594 3390 3770 3460 virgo,
3796 3389 3849 3444 si

2273 3486 2410 3544 ﬁdes
2433 3487 2518 3540 his
2546 3487 2885 3541 auctoribus.
2921 3483 2986 3539 Et
3015 3484 3209 3556 quidni
3250 3482 3424 3540 ﬁdes?
3475 3483 3551 3536 ait
3589 3479 3849 3537 doctissi—

2277 3594 2400 3634 mus
2418 3577 2718 3633 Cotelerius
2743 3577 2878 3648 (25).

2348 3670 2572 3737 Verum,
2612 3671 2742 3742 quid
2775 3686 2936 3740 porro
2958 3669 3026 3725 de
3053 3669 3258 3740 Grapte
3276 3669 3606 3724 dicendum?
3639 3666 3694 3723 Si
3711 3666 3856 3722 Her-

2277 3780 2380 3821 mae
2402 3764 2622 3836 quidem
2651 3764 2816 3819 verba
2845 3763 3066 3835 penitus
3112 3762 3484 3831 introspicias,
3505 3761 3710 3815 sentias
3740 3747 3856 3812 uti-

2278 3874 2388 3930 que
2409 3872 2534 3912 cum
2565 3855 2700 3912 viris
2740 3856 2973 3911 eruditis
3003 3854 3116 3925 (ΞΑ)
3167 3858 3401 3923 oportet,
3453 3853 3631 3922 ipsam
3678 3849 3856 3907 fuisse

2281 3950 2537 4005 feminam
2594 3955 2851 4018 spectatze
2892 3945 3131 4017 pietatis,
3187 3945 3416 3999 forsitan
3451 3942 3852 4007 diaconissam,

2282 4041 2394 4096 sive
2415 4039 2671 4095 Ecclesia:
2707 4036 2962 4092 Romana:
2991 4033 3342 4106 πρεσϐύτιὸα,
3367 4033 3584 4087 viduam
3616 4031 3854 4096 scilicet,

2280 4130 2371 4185 cui
2394 4130 2636 4199 reliquas
2658 4128 2842 4181 viduas
2877 4127 3126 4196 juniores
3155 4132 3318 4192 atque
3353 4121 3614 4191 orphanos
3646 4120 3748 4175 sub
3771 4119 3860 4174 vi-

2283 4227 2513 4281 duarum
2530 4239 2662 4280 cura
2679 4223 2905 4294 positos,
2925 4221 3147 4292 optimis
3169 4217 3458 4291 prmceptis
3479 4216 3861 4284 institutisque

2285 4318 2562 4374 imbuendi
2620 4331 2821 4371 munus
2867 4313 3219 4368 commissum
3267 4310 3450 4364 fuerit.
3493 4307 3628 4363 Cum
3686 4308 3860 4377 igitur

619 4409 954 4468 Clementem
987 4424 1056 4464 co
1101 4409 1208 4464 loci
1254 4407 1323 4462 ad
1352 4423 1411 4462 se
1455 4406 1684 4475 digitum
1719 4419 1976 4474 expresse
2007 4403 2164 4456 inten

2291 4413 2406 4468 sive
2430 4426 2495 4465 ex
2532 4409 2712 4464 verbis
2752 4405 3069 4472 Clementis,
3099 4405 3216 4460 sive
3249 4418 3316 4456 ex
3347 4400 3636 4472 Epiphanii
3664 4407 3860 4453 aucto--

623 4503 793 4566 disse,
807 4500 1268 4573 quemadmodum
1293 4507 1621 4569 praepostere
1640 4495 1918 4551 contendit
1944 4494 2029 4550 vir
2048 4495 2180 4549 clar.

626 4594 1011 4650 Verumtamen
1024 4591 1353 4646 Clementem
1378 4589 1554 4659 ipsmn
1571 4587 1645 4641 ita
1663 4588 1971 4657 loquentem
1994 4585 2188 4639 audia-

624 4703 784 4743 mus:
822 4686 918 4749 Τίς
945 4682 1039 4738 οὖν
1058 4684 1117 4736 ὲν
1144 4685 1278 4753 ἡμῖν
1297 4685 1538 4749 γενναῖος
1558 4697 1572 4746 ;
1589 4680 1672 4742 τίς
1685 4678 2050 4748 εὖσπλαγχνος
2071 4694 2086 4742 ;
2105 4678 2188 4740 τίς

623 4775 1181 4848 πεπληροφορημένος
1243 4773 1508 4842 ἀγάπηςς
1568 4771 1793 4825 εἰπάτω·
1849 4772 1898 4823 εἰ
1956 4769 2020 4822 δι’
2089 4769 2188 4839 ἐμὲ

629 4869 838 4933 στάσις,
870 4870 962 4922 καὶ
990 4868 1125 4938 ἔρις,
1175 4866 1269 4919 καὶ
1330 4865 1622 4935 σχίσματα,
1680 4861 1928 4933 ὲκχωρῶ,
1975 4861 2187 4930 ἄπειμι,

625 4954 690 5016 ὦ
717 4961 811 5016 ἐὰν
852 4959 1132 5031 βούλησθε.
1181 4988 1249 4999 ——-
1281 4955 1454 5010 Τοῦτο
1483 4957 1513 5007 ὁ
1540 4956 1792 5025 ποιήσας,
1841 4951 2017 5021 ἑαυτῷ
2050 4949 2190 5021 μέγα

600 5079 607 5084 ’
629 5058 781 5122 κλέος
803 5059 860 5111 ὲν
878 5056 1069 5128 Κυρίῳ
1082 5052 1514 5124 περι-ποιήσεται,
1546 5048 1639 5102 καὶ
1665 5049 1774 5110 πᾶς
1797 5048 1958 5109 τόπος
1986 5042 2190 5110 δέξεται

726 5254 815 5320 ﬂ)
843 5252 1014 5323 Epist.
1052 5253 1078 5306 1
1120 5251 1186 5306 ad
1212 5250 1474 5323 Corintqu
1507 5262 1629 5317 cap.
1658 5243 1745 5299 54.

732 5324 821 5392 15)
855 5319 1060 5379 Haeres.
1095 5337 1326 5386 xxxviii,
1358 5319 1463 5392 §6.

731 5387 817 5463 16)
847 5393 1054 5464 Origin.
1085 5392 1292 5464 eadem,
1325 5387 1447 5464 pag.
1471 5387 1600 5444 386.

735 5460 822 5518 17⁷1
853 5464 908 5518 ln
947 5460 1058 5517 not.
1084 5462 1150 5516 ad
1181 5460 1349 5516 Clem'.
1383 5462 1419 5514 l.
1443 5477 1492 5514 ε.
1715 5477 1720 5482 '

732 5523 820 5602 £85
842 5533 1010 5602 lgnat.
1036 5534 1208 5602 Epist.
1235 5531 1302 5585 ad
1325 5527 1657 5602 Pbiladelph.
1695 5527 1946 5602 interpol.
1990 5540 2112 5596 cap.
2138 5523 2192 5580 4.

737 5551 797 5588 ιδ
842 5551 861 5587 ι
903 5551 1010 5587 nat.
1036 5551 1208 5602 LptSt.
1235 5551 1301 5613 tta
1325 5551 1657 5610 r'uttaaetpn.
1695 5551 1749 5582 ιιι

737 5551 824 5671 ιθζ
855 5551 1015 5659 ﬁuct.
1044 5602 1435 5671 Recognit.ltb.
1466 5616 1506 5665 ι,
1544 5615 1663 5669 cap.
1696 5600 1750 5671 t.

731 5670 823 5741 ΞΟ)
851 5674 1008 5730 Auct.
1037 5670 1288 5730 Clemtnt.
1321 5670 1466 5726 hom.
1509 5684 1547 5735 ι,
1580 5683 1698 5741 cap.
1725 5670 1775 5724 1.

702 5394 729 5747 Ξ

2289 4507 2469 4570 ritate,
2502 4518 2616 4559 sua:
2645 4519 2825 4557 causa:
2863 4500 3178 4572 praesidium
3206 4497 3412 4551 frustra
3443 4500 3649 4564 quierat
3670 4491 3862 4546 erudi-

2287 4605 2377 4654 tus
2427 4597 2687 4660 Venema,
2738 4595 2871 4665 quin
2921 4601 2976 4649 et
3028 4591 3398 4662 ipsiobstent
3446 4594 3562 4641 tum
3599 4585 3863 4640 Ecclesiae

2290 4690 2617 4760 scriptorum
2654 4686 3038 4748 vetustissimi,
3074 4692 3187 4760 tum
3239 4681 3605 4736 recentiorum
3650 4678 3864 4734 doctis-

2291 4781 2414 4835 simi
2438 4797 2453 4844 ;
2494 4796 2672 4849 neque
2703 4779 2872 4832 ullum
2899 4775 3122 4831 omnino
3148 4773 3340 4830 vadem
3391 4772 3619 4842 ipsemet
3636 4785 3734 4841 pro
3758 4783 3863 4824 sua

2293 4874 2560 4929 sententia
2615 4873 2670 4925 in
2718 4869 2957 4924 medium
2999 4866 3232 4921 adducat
3276 4883 3290 4921 :
3327 4865 3382 4918 in
3424 4863 3657 4917 nihilum
3700 4863 3864 4916 abeat

2294 4980 2518 5020 necesse
2559 4970 2644 5019 est
2683 4960 2887 5031 Grapte
2908 4957 3206 5013 Clementis
3260 4969 3420 5021 uxor,
3445 4969 3608 5024 quam
3631 4953 3866 5007 commi-

2293 5058 2525 5113 niscitur
2565 5074 2580 5122 ;
2633 5068 2868 5124 cumque
2929 5049 3238 5120 istiusmodi
3286 5047 3542 5119 figmento
3583 5043 3866 5099 evanescit

2369 5262 2483 5330 (21)
2507 5262 2666 5317 Auct.
2696 5259 2926 5327 Epitom.
2952 5274 3074 5330 cap.
3107 5257 3159 5330 1.

2366 5321 2477 5399 (ἓῆ
2513 5332 2585 5386 De
2617 5321 2764 5385 laud.
2789 5333 2919 5399 virg.
2939 5340 2987 5383 et
3025 5321 3091 5399 lle
3121 5325 3327 5399 laudib.
3357 5323 3587 5399 virginit.
3615 5336 3738 5399 cap.
3766 5321 3837 5374 29

2367 5378 2478 5467 esss
2507 5378 2764 5456 65.53.;
2793 5378 2894 5454 libi
2912 5378 2919 5380 ‘
2940 5378 3009 5454 sa
3032 5378 3220 5452 ea...
3245 5378 3404 5467 cpt...
3426 5378 3481 5467 ι’,
3502 5408 3620 5462 ea...
3649 5378 3737 5467 δε.

2369 5461 2481 5542 {24)
2516 5472 2686 5526 Cotel.
2713 5478 2765 5524 et
2787 5469 2947 5542 Fell_.,
2975 5469 3043 5524 ad
3090 5461 3412 5521 Hermﬁvis.
3454 5463 3510 5542 ᾖ,
3538 5461 3661 5533 cap.
3714 5461 3870 5542 hac

2299 5528 2484 5598 Do‘dw'.
2523 5545 2577 5597 in
2607 5542 2779 5597 addit.
2809 5541 2874 5594 ad
2899 5528 3160 5594 Pearson.
3183 5551 3309 5606 opp.
3337 5528 3641 5606 posthumi,
3666 5547 3721 5606 p.
3735 5528 3870 5598 196,

2299 5624 2354 5672 et
2384 5615 2543 5681 ibid.,
2567 5616 2621 5669 in
2645 5613 2865 5669 dissert.
2886 5610 3084 5681 singul.
3111 5624 3164 5679 p.
3197 5606 3322 5663 158.
