4046 6326
676 334 781 392 125

1785 328 1874 382 AD
1916 328 1972 387 S.
2013 328 2434 385 CLEMENTEM
2476 330 2495 384 1
2534 328 2762 383 ΡΑΡΑΜ

3785 319 3883 376 ιειι

670 449 888 516 Linum,
918 451 1060 520 quod
1089 450 1245 507 divus
1275 446 1633 517 Hieronymus
1673 445 1729 499 in
1761 454 1924 516 caput
1969 461 2044 499 ιιι
2083 445 2235 500 Isaiae
2263 453 2309 509 Α
2338 447 2503 516 aliqui
2534 445 2714 499 ferunt
2745 444 2855 514 (5-1)
2881 458 3006 497 eum
3040 443 3106 497 ad
3138 444 3375 500 schisma
3404 443 3736 500 evitandum.
3765 443 3892 498 Pon-

672 542 869 604 lnnuit,
897 557 994 610 pro
1025 551 1174 596 certo
1215 541 1327 612 jam
1364 539 1600 601 habetur.
1627 536 1757 609 (27).
1789 536 2048 603 Quamvis
2093 539 2237 592 enim

671 648 700 686 a
737 641 926 687 sancto
952 631 1108 687 Petro
1138 633 1192 686 in
1223 631 1537 702 episcOpum
1570 639 1842 695 sacratus,
1873 639 1924 684 et
1955 643 2240 684 successor

670 722 985 791 designatus
1012 721 1193 784 fuerit,
1218 723 1478 776 honorem
1504 719 1858 775 nihilominus
1887 726 1939 774 et
1972 727 2100 772 tunc
2123 734 2240 773 mo-

670 812 820 867 deste
858 826 1161 876 recusasse,
1187 822 1240 867 et
1280 818 1401 880 post
1452 809 1509 865 S.
1554 809 1739 865 Jacobi
1780 810 1985 864 obitum
2016 808 2072 862 S.
2102 809 2240 862 Lino

672 905 812 956 ultro
840 902 1095 966 cessisse,
1127 901 1362 955 traditur
1387 918 1416 955 a
1445 901 1698 964 Baronio,
1728 901 1884 969 cujus
1914 901 2238 956 sententiam

667 995 1020 1064 comprobant
1039 993 1242 1050 Natalis
1262 995 1564 1048 Alexander
1585 994 1719 1065 (28),
1745 995 2057 1059 Bollandus,
2080 994 2240 1048 Cote-

671 1085 837 1139 lerius
861 1092 912 1139 et
949 1085 1344 1141 Tillemontius.
1371 1085 1548 1151 Quod,
1592 1094 1650 1140 ut
1689 1085 1894 1140 Natalis
1937 1086 2241 1140 Alexander

671 1178 744 1229 ait
773 1178 889 1232 loco
919 1179 1103 1240 citato,
1142 1196 1160 1228 ‹
1195 1179 1476 1246 pessimum
1506 1178 1740 1247 posteris
1768 1179 2072 1247 exemplum
2100 1194 2237 1248 pra:-

669 1267 785 1322 heri
824 1269 1294 1331 animadverteret,
1328 1271 1372 1325 si
1419 1286 1485 1324 ex
1512 1271 1563 1323 vi
1603 1269 1964 1326 ordinationis
2006 1281 2058 1325 et
2097 1270 2239 1326 desi-

669 1357 962 1425 gnationis,
987 1359 1052 1412 de
1079 1375 1137 1413 se
1169 1359 1323 1414 factae
1353 1376 1382 1413 a
1407 1357 1463 1414 S.
1491 1355 1652 1413 Petro
1700 1359 2066 1430 (quantumvis
2092 1360 2240 1430 justa

669 1448 837 1515 esset)
871 1461 1144 1502 exerceret
1181 1448 1549 1514 pontilicium;
1582 1449 1708 1517 quia
1759 1448 1996 1503 futurum
2046 1450 2240 1520 praevi-

670 1521 851 1600 debat,
886 1545 944 1590 ut
981 1538 1024 1591 si
1062 1537 1302 1606 pontiﬁci
1334 1538 1517 1592 liceret
1553 1538 1652 1593 sibi
1685 1538 1972 1610 designare
2021 1554 2242 1594 succes-

672 1639 874 1691 sorem,
918 1628 1099 1695 plures
1145 1628 1199 1682 in
1253 1628 1565 1682 cathedram
1616 1626 1760 1682 Petri
1817 1630 2095 1696 subvecti,
2145 1630 2239 1686 sed

671 1714 816 1771 Petri
852 1719 1070 1787 vestigia
1102 1735 1211 1773 non
1244 1719 1437 1784 secuti,
1469 1720 1787 1775 relationem
1813 1723 1996 1778 carnis
2023 1730 2075 1776 et
2116 1737 2242 1778 san-

2342 537 2503 592 tilicia
2534 537 2795 607 dignitate
2834 551 2892 590 se
2929 536 3231 602 abdicasse,
3258 557 3310 592 et
3341 541 3494 607 longe
3522 545 3644 606 post
3670 538 3890 600 abiisse;

2341 645 2526 683 verum
2556 628 2606 682 id
2638 628 2784 681 omni
2816 629 3032 697 penitus
3062 629 3396 684 dubitatione
3429 646 3535 684 non
3562 637 3735 682 vacat.
3766 628 3890 694 Quid

2341 727 2519 772 autem
2560 718 2614 771 in
2660 734 2719 773 re
2763 718 2897 772 adeo
2940 719 3172 773 obscura
3210 721 3469 789 tricisque
3509 720 3893 787 chronologicis

2341 809 2568 876 implexa
2616 823 2743 863 vero
2790 811 3012 879 prOpius
3063 811 3308 873 accedat,
3359 811 3576 866 lectoris
3621 811 3898 864 arbitrium

2340 907 2494 952 esto:
2532 899 2660 951 mihi
2693 898 2908 952 animus
2949 899 3193 963 inclinat,
3226 907 3282 952 ut
3324 898 3381 953 S.
3419 898 3616 954 Irenaeo
3654 914 3752 953 ceu
3784 899 3894 951 testi

2341 991 2580 1044 omnium
2609 985 3006 1058 antiquissimo,
3041 1006 3138 1045 nec
3173 992 3329 1060 longe
3359 1006 3386 1042 a
3416 989 3675 1045 Romanis
3708 991 3892 1060 posito,

2341 1084 2470 1150 quin
2511 1082 2564 1134 in
2596 1080 2740 1136 Urbe
2769 1082 2883 1151 ipsa
2916 1090 3149 1146 versato,
3182 1085 3543 1143 subscribam,
3573 1093 3626 1137 et
3663 1082 3898 1137 Clemen-

2340 1181 2472 1237 tem,
2501 1188 2609 1226 non
2650 1181 2796 1238 ante,
2819 1189 2976 1242 quam
3004 1183 3124 1244 post
3163 1173 3356 1228 Linum
3398 1185 3450 1230 et
3479 1177 3714 1243 (lletum,
3739 1177 3818 1231 vel
3848 1182 3899 1229 ut

2343 1262 2574 1321 Irenaeus
2604 1266 2785 1329 habet,
2811 1266 3127 1320 Anacletum
3167 1269 3372 1322 sedisse
3401 1285 3667 1324 censeam.

2411 1354 2510 1415 Res
2549 1356 2612 1408 ab
2659 1373 2718 1410 eo
2763 1358 2816 1410 in
2864 1358 3174 1426 pontiﬁcatu
3220 1363 3620 1429 gesta—Quo
3667 1371 3897 1428 tempore

2343 1445 2599 1500 Ecclesiae
2629 1456 2878 1515 praeerat,
2923 1449 3031 1502 duo
3063 1449 3404 1518 potissimum
3435 1452 3611 1520 egisse
3639 1465 3898 1505 memora-

2344 1543 2452 1590 tur.
2499 1534 2806 1590 Laborante
2846 1537 2965 1590 diro
3016 1538 3310 1594 schismate
3357 1540 3762 1594 Corinthiorum
3805 1540 3898 1594 Ec-

2344 1629 2532 1690 clesia,
2557 1629 2776 1698 scripsit
2813 1630 3085 1700 egregiam
3132 1632 3288 1686 hodie
3333 1633 3509 1687 adhuc
3561 1635 3897 1705 superstitem

2343 1719 2650 1790 epistolam,
2688 1735 2794 1789 qua
2823 1719 2977 1776 laicis
3023 1722 3077 1774 in
3107 1722 3452 1793 presbyteros
3482 1726 3644 1777 etiam
3677 1728 3900 1781 sanctis-

671 1808 887 1877 guinis.
921 1826 1027 1864 non
1061 1810 1299 1882 Spiritus
1328 1813 1499 1866 sancti
1544 1814 1780 1867 amatum
1812 1815 2238 1872 attenderent....
2274 1790 2316 1845 Β
2347 1812 2515 1868 simos
2571 1812 2980 1883 insurgentibus
3047 1790 3219 1867 suasit
3274 1790 3502 1883 pacem,
3559 1826 3901 1886 mutuamque

673 1900 860 1969 sicque
908 1917 1180 1957 summum
1231 1904 1489 1961 Ecclesiae
1535 1898 1896 1960 sacerdotium
1942 1906 2007 1960 ab
2053 1908 2245 1963 ordine

674 1989 1065 2048 Melchisedech
1112 1995 1165 2049 in
1213 1995 1460 2051 ordinem
1513 1997 1745 2051 Aaronis
1785 1997 2092 2063 decideret,
2144 2013 2246 2054 nec

673 2082 915 2152 dignatio
965 2086 1203 2141 caelestis
1250 2087 1477 2158 gratiae,
1534 2087 1630 2144 sed
1680 2089 1916 2145 carnalis
1971 2090 2246 2146 successio

674 2182 957 2244 generaret
979 2174 1326 2232 Sacerdotem
1339 2220 1353 2233 .
1392 2198 1407 2232 .-

747 2264 986 2321 Sanctus
1014 2265 1248 2324 lrenmus
1274 2268 1383 2339 (29)
1418 2286 1744 2327 enumerans
1761 2271 2037 2328 Romanos
2069 2273 2245 2344 ponti-

674 2355 803 2412 ﬁces
867 2358 960 2428 qui
1008 2359 1071 2413 ad
1105 2376 1202 2414 sua
1242 2369 1486 2432 tempora
1532 2362 1854 2427 ﬂoruerunt,
1921 2365 2081 2418 tertio
2123 2374 2246 2435 post

674 2457 922 2502 sanctum
953 2447 1169 2504 Petrum
1201 2453 1320 2507 loco
1358 2453 1686 2508 Clementem
1723 2456 1898 2524 ponit.

741 2539 954 2596 Pariter
977 2540 1244 2597 Eusebius
1267 2543 1377 2615 (50)
1398 2552 1450 2598 et
1473 2542 1808 2614 Epiphanius
1828 2546 1937 2617 (51)
1969 2546 2241 2601 sentiunt:

671 2644 740 2686 ex
791 2631 1022 2687 adverso
1076 2641 1301 2688 sanctus
1347 2633 1688 2705 Augustinus
1747 2634 1858 2704 (52)
1917 2634 2245 2690 Clementem

671 2721 816 2777 Lino
848 2722 1158 2778 immediate
1205 2726 1539 2780 successisse
1584 2733 1814 2780 testatur
1849 2744 1861 2780 :
1891 2741 2052 2794 quem
2099 2726 2247 2781 ordi-

671 2829 795 2877 nem
816 2815 872 2870 in
895 2816 1250 2871 numerandis
1272 2815 1417 2872 Petri
1442 2819 1860 2874 successoribus
1881 2826 2064 2874 tenent
2085 2821 2246 2874 etiam

671 2898 898 2961 sanctus
938 2905 1167 2977 Optatus
1214 2907 1555 2964 Milevitanus
1589 2909 2044 2977 (35),Chronicon
2102 2907 2247 2977 quod

672 2996 905 3052 Damaso
944 3000 1104 3069 vulgo
1153 2999 1427 3062 tribuitur,
1474 3006 1528 3054 et
1571 2999 1852 3069 catalogus
1890 3006 2046 3052 vetus
2087 2997 2243 3054 Rom.

674 3088 990 3181 pontiﬁcum
1025 3104 1185 3181 eqms.
1221 3090 1430 3181 codice
1471 3091 1668 3181 reginae
1719 3088 1926 3145 Suecize
1958 3091 2025 3144 ab
2057 3091 2247 3160 hagio-
2274 3125 2316 3181 Ο

675 3180 897 3250 graphis
925 3179 1101 3251 Belgis
1132 3181 1185 3234 in
1219 3179 1342 3234 Maii
1376 3179 1653 3251 Pmpylreo
1674 3196 1927 3238 excusas.

746 3269 947 3325 Praeter
997 3270 1289 3340 pugnantia
1337 3271 1471 3324 adeo
1521 3271 1851 3333 testimonia,
1900 3286 2007 3324 non
2055 3271 2248 3326 desunt

673 3372 785 3414 sum
816 3359 1032 3429 utrique
1061 3374 1126 3414 ex
1157 3359 1241 3415 his
1268 3358 1616 3428 opinionibus
1657 3359 2034 3427 dillicultates;
2068 3369 2250 3431 poste-

673 3452 788 3501 rior
826 3442 951 3502 inde
1002 3453 1180 3500 tamen
1228 3448 1549 3516 gravissime
1591 3449 1875 3518 premitur,
1929 3449 2073 3519 quod
2123 3449 2247 3504 fasti

673 3537 962 3600 Ecclesiae,
1011 3547 1166 3593 vetus
1210 3538 1578 3593 Romanorum
1621 3539 1862 3604 traditio,
1911 3549 1964 3595 et
2007 3542 2249 3611 plerique

673 3629 903 3700 catalogi
931 3627 1088 3684 Rom.
1116 3629 1311 3696 pontii.
1341 3637 1588 3684 sanctum
1619 3627 1951 3684 Clementem
1986 3631 2248 3700 martyrio

673 3725 994 3775 coronatum
1021 3728 1270 3775 asseram
1312 3719 1613 3790 imperante
1639 3719 1895 3790 Traiano,
1928 3731 2089 3790 atque
2115 3723 2250 3778 adeo

672 3813 776 3869 sub
824 3811 979 3868 initio
1022 3812 1206 3866 saeculi
1261 3825 1332 3878 II;
1380 3812 1629 3882 quamvis
1677 3828 1854 3884 neque
1902 3811 2093 3867 Linum
2126 3815 2248 3886 plus

675 3917 838 3973 quam
893 3917 990 3966 xu,
1044 3916 1220 3972 neque
1269 3900 1601 3956 Clementem
1656 3903 1796 3958 ultra
1844 3902 2030 3957 decem
2074 3918 2246 3966 annos

675 3996 884 4051 sedisse
912 3994 1202 4064 quisquam
1241 4000 1491 4057 tcstetur,
1524 4008 1552 4047 a
1583 3991 1730 4049 Petri
1778 4000 1957 4048 autem
1988 3997 2247 4065 martyrio

676 4085 937 4155 usquead
968 4083 1187 4153 Trajani
1217 4083 1501 4153 imperium
1528 4098 1636 4137 xxx
1658 4091 1718 4138 ut
1742 4084 2050 4147 minimum,
2075 4097 2246 4140 annos

674 4176 898 4232 ﬂuxisse
935 4182 1166 4230 constet.
1205 4173 1526 4229 Difﬁcultate
1571 4173 1673 4228 hac
1725 4181 1784 4228 ut
1813 4190 1871 4231 se
1904 4174 2242 4246 expedirent,

747 4415 958 4490 (27)_F.t
977 4416 1238 4490 Clamens
1261 4414 1344 4490 vir
1371 4414 1721 4490 apostolicus,
1748 4414 1859 4490 qui
1876 4421 1996 4490 post
2023 4411 2239 4468 Petrum

676 4485 1162 4566 Ro'miEcgleeiam
1211 4485 1368 4566 rexit,
1419 4486 1616 4566 scribit.
1639 4487 1703 4538 ad
1738 4485 2074 4566 Corinthios,
2107 4493 2237 4566 etc?

674 4575 799 4628 opp.
837 4555 907 4628 D.
935 4553 1152 4611 Hieron.
1179 4555 1382 4610 noviss.
1414 4555 1543 4610 edit.
1574 4553 1787 4619 Venet.,
1818 4563 1948 4608 tom.
1983 4552 2071 4617 IV,
2104 4570 2156 4624 p.
2185 4556 2238 4619 1,

982 4695 1126 4750 Hist.
1156 4694 1283 4749 eccl.
1334 4695 1516 4750 saeculi
1541 4710 1579 4759 ι,
1602 4694 1819 4751 dissert.
1851 4695 1934 4758 15,
1964 4709 2085 4766 pag.
2110 4693 2242 4748 mihi

751 4834 1198 4907 (29)7Fund‘antes
1230 4833 1394 4907 igitur
1416 4842 1468 4890 et
1498 4835 1828 4907 instruentes
1848 4834 1987 4907 beati
2013 4835 2242 4907 ap_ostoli

677 4904 1162 4967 EccleSiam,'Lino
1185 4905 1556 4973 episcopatum
1588 4905 2031 4959 administrandae
2060 4904 2245 4957 Eccle-

677 4977 775 5033 βίω
806 4964 1163 5029 tradiderunt.
1199 4964 1454 5028 Succedit
1482 4964 1658 5028 autem
1688 4977 1735 5028 ei
1766 4975 2086 5041 Anacletus;
2123 4981 2244 5043 post

678 5061 803 5100 eum
844 5045 1004 5100 tertio
1035 5043 1102 5097 ab
1140 5044 1400 5113 apostolis
1443 5046 1812 5113 episcopatum
1863 5045 2090 5099 sortitur
2124 5044 2246 5098 Cle-

680 5131 855 5170 mens.
895 5115 952 5168 S.
984 5115 1218 5184 lremeus
1262 5113 1296 5168 Ι.
1345 5128 1433 5184 [IL
1457 5113 1586 5167 Adv.
1635 5113 1842 5177 Ιιωι·εε.,
1887 5129 2004 5183 cap.
2039 5115 2090 5177 5,
2120 5129 2244 5184 pag.

662 5185 814 5240 'mihi
841 5184 964 5245 176,
997 5182 1126 5238 edit.
1162 5185 1366 5238 noviss.
1391 5182 1609 5239 Venetae
1637 5185 1704 5238 de
1732 5200 1872 5237 anno
1905 5182 2061 5237 1754.

897 5251 1039 5334 Hist.
1087 5255 1236 5336 ecc_l.,
1271 5254 1305 5305 l.
1354 5268 1436 5335 ιιι,
1481 5269 1529 5308 c.
1565 5255 1652 5316 15,
1703 5256 1813 5308 ait:
1848 5255 2248 5336 Anapletulsnes-

682 5321 814 5381 actis
845 5321 898 5377 in
922 5323 1218 5390 episcopatu
1241 5325 1393 5378 annis
1423 5338 1498 5377 ιιι
1528 5340 1872 5379 successorem
1901 5323 2109 5390 reliquit
2136 5321 2249 5377 Cle-

683 5342 814 5381 acus
845 5342 898 5377 ιη
985 5342 1218 5390 tscopatu
1241 5342 1393 5378 annts
1423 5342 1498 5377 ιιι
1528 5342 1872 5379 successorem
1901 5342 1996 5376 νειι
2034 5342 2109 5376 ull
2136 5342 2246 5377 ue-

683 5342 1304 5464 ιηεηιεητξῧὶᾱεξ-εξιὶίειιιιΔ
1326 5394 1572 5464 ejusdem
1616 5394 1738 5449 libri
1767 5393 1880 5464 c._4
1908 5403 1961 5450 et
1989 5342 2081 5458 gl,
2130 5393 2246 5448 edi-

682 5468 884 5520 tionem
907 5461 1116 5534 }‘alesii
1144 5461 1532 5534 Taurinensem
1561 5480 1682 5534 pag.
1709 5464 1798 5528 82,
1823 5462 1968 5534 957et
1997 5463 2084 5520 98.

753 5534 866 5605 (51)
900 5531 1075 5588 Roma:
1113 5533 1272 5603 primi
1311 5536 1544 5605 omnium
1565 5531 1766 5588 'Pétrus
1793 5533 2076 5605 et_Pa_ulus
2121 5549 2249 5603 apo-

685 5603 809 5674 stoli
833 5605 1033 5672 pariter
1059 5605 1463 5674 atque_episcopi
1501 5603 1728 5674 fuerunt,
1769 5603 1890 5658 inde
1929 5603 2112 5668 Linus,
2138 5615 2249 5674 tum

688 5671 890 5734 Cletus,
921 5683 1039 5744 post
1055 5671 1188 5744 hunc
1209 5671 1464 5728 Clemens.
1497 5671 1757 5744 Epiphan.
1779 5675 2092 5738 haeres-27,
2117 5689 2167 5727 c.
2191 5673 2243 5738 6,

685 5761 809 5817 pag.
842 5743 963 5811 107,
985 5743 1116 5799 edit.
1138 5742 1433 5813 Lipsiensis
1452 5742 1673 5811 Petavii,
1701 5747 1863 5816 vulgo
1882 5743 2244 5802 Coloniensis.

2339 1901 2715 1957 concordiam.
2760 1901 3045 1973 Negotium
3080 1902 3224 1958 istud
3268 1919 3333 1957 ex
3375 1905 3642 1958 sententia
3687 1894 3902 1975 perfecit

2346 2000 2568 2048 sanctus
2601 1991 2869 2047 Pontifex.
2901 1994 3167 2058 Alterum,
3206 1994 3351 2064 quod
3389 2003 3591 2064 septem
3624 1996 3778 2050 urbis
3827 2012 3903 2050 rc-

2346 2084 2532 2154 giones
2557 2084 2609 2137 in
2642 2084 2882 2140 notarios
2915 2085 3137 2140 totidem
3168 2087 3402 2157 partitus
3437 2088 3527 2151 sit,
3557 2087 3648 2157 qui
3679 2089 3736 2140 in
3767 2099 3902 2158 gesta

2348 2176 2447 2232 SS.
2494 2187 2790 2250 martyrum
2864 2180 3239 2251 inquirerent,
3290 2183 3491 2252 illaque
3542 2184 3606 2238 ad
3664 2196 3903 2256 posteros

2345 2271 2565 2339 scriptis
2618 2271 3064 2326 commendarent
3100 2273 3254 2346 (35):
3306 2275 3432 2328 hinc
3476 2276 3636 2330 etiam
3679 2277 3902 2347 percipi-

2345 2374 2496 2422 mus,
2537 2370 2794 2428 quantam
2850 2361 3187 2432 diligentiam
3247 2365 3315 2418 ab
3365 2365 3498 2435 ipsis
3568 2365 3904 2421 incunabulis

2344 2448 2501 2504 Rom.
2541 2449 2781 2506 Ecclesia
2812 2451 3120 2507 adhibuerit
3153 2454 3204 2507 in
3250 2455 3569 2525 colligendis
3615 2464 3903 2528 martyrum

2346 2539 2518 2597 fastis.
2546 2541 2764 2614 ingente
2797 2544 3122 2599 Christianae
3159 2548 3234 2600 rei
3275 2545 3605 2602 detrimento
3644 2557 3768 2602 acta
3804 2549 3905 2603 haec

2346 2634 2448 2686 sub
2501 2633 2909 2703 Diocletiano,e
2953 2635 3122 2689 fundo
3175 2637 3493 2707 religionem
3539 2638 3899 2694 Christianam

2349 2726 2656 2781 convellere
2707 2726 3021 2791 laborante,
3087 2727 3316 2784 ﬂammis
3369 2729 3676 2799 perierunt,
3729 2732 3804 2785 ita
3857 2740 3906 2786 ut

2345 2817 2577 2885 paucula
2609 2817 2769 2872 hodie
2801 2819 3038 2887 genuina
3066 2819 3387 2872 veneranda:
3418 2819 3763 2889 antiquitatis
3803 2835 3907 2874 mo-

2346 2917 2602 2962 numenta
2654 2910 2860 2978 reliqua
2896 2910 3023 2963 sint.
3060 2907 3370 2964 Promeruit
3417 2918 3471 2964 et
3511 2910 3625 2980 ipse
3667 2909 3908 2965 Clemens

2347 2997 2550 3052 eisdem
2585 2998 2738 3054 l‘astis
2771 2999 3033 3054 adscribi.

2421 3089 2740 3160 Martyrium
2793 3093 2962 3144 sancti
3017 3090 3329 3157 Clementis,
3374 3091 3585 3163 eiusque
3633 3093 3908 3148 obitus.—

2353 3179 2559 3234 Etenim
2590 3181 2641 3234 in
2673 3181 3069 3237 Chersonesum
3111 3182 3398 3238 Tauricam
3443 3186 3718 3256 relegatus
3762 3185 3909 3257 (Tar-

2353 3271 2545 3326 tariam
2597 3274 2857 3325 minorem
2890 3274 3048 3342 vulgo
3086 3276 3378 3345 appellant)
3423 3291 3544 3328 cum
3592 3278 3837 3330 doctrina
3865 3286 3908 3330 et

2351 3361 2629 3415 miraculis
2660 3378 2848 3418 omnes
2881 3365 3087 3418 incolas
3119 3365 3480 3419 convertisset
3517 3367 3582 3419 ad
3613 3367 3903 3428 Christum,

2345 3451 2567 3519 jubente
2593 3450 2828 3521 Trajano
2859 3454 2913 3506 in
2945 3468 3094 3507 mare
3123 3453 3407 3507 demersus
3439 3452 3537 3507 fuit
3567 3468 3713 3507 anno
3746 3453 3795 3507 J.
3815 3454 3903 3507 Ch.

2351 3543 2470 3606 100,
2517 3543 2737 3611 Trajani
2784 3544 2870 3599 ill.
2916 3543 3041 3598 Haec
3091 3561 3156 3599 ex
3196 3544 3364 3608 actis,
3406 3558 3527 3613 qua:
3566 3544 3620 3596 in
3665 3545 3907 3598 manibus

2347 3640 2638 3686 versantur
2673 3633 2853 3696 hodie,
2891 3641 3044 3688 eruta
3078 3639 3234 3698 sunt;
3279 3637 3474 3686 merito
3511 3639 3690 3687 tamen
3723 3647 3753 3686 a
3783 3633 3906 3687 viris

2350 3723 2711 3791 gravissimis,
2740 3723 3037 3778 Pearsonio
3077 3723 3367 3792 praecipue,
3401 3723 3454 3775 in
3485 3722 3712 3776 dubium
3763 3737 3906 3777 revo-

2348 3820 2562 3875 cantur,
2610 3810 3066 3882 quemadmodum
3105 3812 3331 3868 inferius
3377 3813 3640 3882 singulari
3683 3795 3906 3867 articulo

2347 3904 2719 3958 ostendemus.
2773 3901 2931 3968 Sunt,
2973 3904 3068 3973 qui
3100 3904 3319 3958 minime
3347 3903 3583 3957 violenta
3617 3910 3792 3956 morte
3821 3901 3903 3954 de-

2348 3994 2582 4049 cessisse
2633 3995 2818 4048 divum
2872 3996 3207 4050 Clementem
3260 4002 3568 4049 autumant.
3610 3994 3700 4049 Sic
3748 3994 3904 4047 Euse-

2345 4084 2468 4139 bius
2494 4085 2604 4157 (56)
2637 4095 2692 4141 et
2734 4097 2955 4142 sanctus
2986 4086 3343 4158 Hieronymus
3370 4088 3489 4156 ejus
3516 4095 3746 4141 mortem
3769 4085 3904 4139 nulla

2346 4174 2412 4230 de
2437 4178 2698 4249 martyrio
2727 4179 3001 4234 mentione
3025 4179 3275 4234 instituta
3300 4187 3752 4239 commemorant.
3784 4180 3905 4232 San-

2418 4419 2528 4490 (5‘2)
2554 4419 2708 4474 Petro
2739 4419 3195 4490 successitiLinus,
3220 4419 3352 4490 Lino
3373 4419 3634 4480 Clemens.
3657 4420 3901 4475 Clementi

2275 4458 2316 4512 D
2347 4458 2647 4562 [trior/etus,
2697 4492 2945 4544 Anacleto
2990 4461 3286 4544 Evarislus.
3333 4489 3390 4544 S.
3434 4462 3704 4562 Aug.,ep.
3751 4492 3818 4546 55
3841 4491 3900 4543 ad

2347 4560 2682 4616 Generosum.
3116 4612 3119 4616 ,

2415 4631 2525 4699 (55)
2551 4627 2813 4699 Cathedra
2841 4647 2945 4683 una
2973 4637 3070 4692 est,
3111 4629 3245 4699 sedit
3267 4630 3414 4697 prior
3441 4629 3650 4691 Petrus,
3683 4633 3770 4684 cui
3794 4648 3900 4684 suc-

2345 4697 2498 4754 cessit
2530 4698 2713 4760 Linus,
2747 4700 2877 4755 Lino
2912 4700 3170 4765 Clemens,
3212 4697 3465 4754 Clementi
3507 4701 3810 4756 Anacletus.
3843 4701 3897 4754 D.

2344 4769 2593 4825 Ontatus.
2628 4770 2719 4824 lib.
2757 4787 2815 4824 ιι.

2429 4775 2593 4830 tatus.
2628 4771 2719 4824 lib.
2757 4787 2815 4824 ιι.

2394 4787 2978 4911 [(ῗὶ)ιεῦ.ιὲἲῦἱέ›ἶίειιίυε
2992 4838 3185 4911 haeres.
3202 4838 3292 4904 27,
3308 4854 3356 4895 c.
3376 4840 3429 4896 6.
3451 4838 3828 4897 Henschenius
3853 4847 3898 4895 et

2341 4908 2825 4979 Papebrocliius7in
2852 4909 2971 4962 Maii
3002 4908 3296 4979 Pmpylaeo.

2415 4980 2525 5047 (55)
2563 4978 2861 5034 Guilelmus
2909 4979 3103 5034 Burius
3138 4978 3190 5033 in
3221 4996 3319 5034 sua
3367 4979 3526 5034 Rom.
3572 4981 3766 5049 pontif.
3807 4997 3898 5034 no:

2342 5051 2460 5103 titia
2503 5049 2710 5119 adjicit,
2757 5051 2907 5103 illum
2953 5050 3176 5118 insuper
3219 5059 3398 5106 vestes
3442 5052 3497 5103 in
3541 5051 3709 5106 missa
3761 5053 3897 5105 adhi-

2347 5119 2551 5192 bendas
2603 5120 2988 5192 sacerdotibus
3026 5123 3458 5191 praescripsisse,
3495 5127 3548 5175 et
3594 5131 3651 5174 ut
3700 5136 3898 5192 mappae

2343 5191 2519 5261 lineae,
2559 5205 2696 5258 quas
2724 5190 3027 5261 corporalia
3059 5190 3337 5254 vocamus,
3383 5191 3436 5244 in
3479 5192 3737 5260 peculiari
3779 5190 3897 5248 vase

2345 5260 2678 5322 lavarentur.
2733 5260 3018 5325 statuisse;
3071 5261 3166 5315 sed
3211 5262 3264 5316 id
3305 5277 3335 5316 e
3374 5263 3743 5315 commentitia
3785 5263 3896 5317 Cle-

2345 5331 2543 5402 mentis
2591 5330 2670 5402 ad,
2701 5329 2963 5402 Jacobum
3017 5330 3253 5402 Epistola
3304 5331 3500 5385 Burius
3547 5331 3894 5402 deprompsit.

2345 5399 2701 5470 Consecravit
2733 5400 2822 5455 hic
2861 5409 3084 5455 sanctus
3131 5401 3403 5463 Pontifex,
3449 5402 3678 5470 geminis
3721 5399 3895 5457 mense

2348 5469 2630 5544 Decembri
2673 5471 3130 5544 ordinationibus,
3173 5472 3434 5544 diaconos
3459 5469 3626 5535 duos,
3675 5473 3894 5544 presby-

2345 5539 2783 5621 terlos‘degem‘et
2811 5542 3101 5621 episcopos
3119 5541 3445 5621 quindecim.

2406 5607 2529 5734 lg?)
2567 5607 2938 5734 Et;55ebius;H.
2966 5607 3055 5678 E.,
3090 5607 3236 5678 1.ἰιι,
3269 5627 3322 5669 c.
3346 5611 3443 5677 34;
3466 5608 3685 5667 Hieron.
3720 5612 3772 5667 in
3801 5612 3894 5666 Ca-

2503 5724 2514 5734 .
2547 5696 2594 5734 c.
2693 5721 2709 5734 .

2345 5687 2514 5750 talog.
2547 5696 2594 5734 c.
2624 5687 2709 5739 15.
