4054 6320
665 369 768 432 υτ

1783 374 1871 430 AD
1911 372 1968 429 S'.
2008 368 2429 430 CLEMENTI-3M
2467 370 2487 425 l
2527 367 2758 428 P'APAM

3773 362 3879 417 128

663 505 774 545 non
800 488 1029 555 referat;
1063 487 1329 559 nihilque,
1367 489 1509 560 quod
1545 489 1720 546 virum
1751 489 1910 560 plane
1959 489 2214 559 apostoli-
2248 491 2294 548 Α
2324 486 2469 539 :etati
2500 486 2803 539 vicinorum
2827 480 2937 545 vix,
2966 495 3029 536 ac
3052 496 3120 536 ne
3147 480 3232 534 vix
3264 479 3479 550 quidem
3510 477 3621 532 ﬁeri
3653 478 3881 549 potest),

662 595 787 634 cum
816 596 924 634 non
955 581 1188 636 maxime
1217 581 1426 637 deceat.

730 667 1117 734 Dubitationes,
1147 686 1259 740 qua:
1292 671 1354 722 de
1383 671 1480 725 hac
1506 671 1730 739 epistola
1758 679 2134 726 morentur.-—
2152 667 2221 722 At

661 759 907 832 quamvis
935 759 1247 827 hujusmodi
1281 759 1648 814 venerandum
1679 775 1849 815 sacra:
1879 757 2219 828 antiquitatis

661 852 1071 902 monumentum
1104 861 1134 899 a
1170 842 1458 916 plerisque
1505 848 1732 902 vetustis
1776 844 2219 915 locupletissimis

662 939 908 1001 testibus,
940 953 1323 1008 usquequaque
1344 945 1648 1005 astruatur;
1682 949 1842 1008 atque
1869 937 2030 1010 simul
2054 949 2219 994 ace:

661 1030 1042 1099 antiquissimo
1096 1046 1198 1084 ms.
1225 1030 1413 1084 codice
1449 1028 1819 1082 Alexandrino
1862 1027 2008 1081 istud
2046 1028 2102 1080 in
2132 1026 2218 1079 lu~

660 1134 776 1174 cem
813 1119 913 1172 luit
952 1116 1186 1185 editum,
1217 1134 1431 1174 summo
1467 1111 1804 1175 eruditorum
1835 1115 1945 1172 fere
1972 1115 2216 1171 omnium

659 1224 950 1273 consensu,
992 1211 1264 1264 sincerum
1295 1210 1538 1271 omnino.
1577 1201 2062 1281 quantumcunque
2107 1214 2210 1268 est,

660 1289 899 1367 agnitum
933 1297 1111 1361 fuerit,
1159 1307 1458 1368 receptum,
1497 1299 2014 1369 comprobatumque
2048 1315 2062 1350 :
2105 1310 2214 1350 non

659 1386 881 1442 defuere
912 1394 1091 1441 tamen
1123 1388 1224 1441 hoc
1252 1396 1306 1442 et
1351 1389 1635 1457 superiore
1667 1383 1888 1451 saiculo,
1931 1387 2026 1458 qui
2056 1385 2216 1440 vitia-

661 1483 774 1529 tum
807 1476 970 1540 idem,
1005 1477 1252 1547 mireque
1285 1465 1667 1547 interpolatum
1692 1477 1972 1533 obfirmate
1994 1485 2218 1532 conten-

659 1566 856 1622 derint.
904 1565 1011 1624 Eos
1065 1568 1208 1624 inter
1252 1570 1457 1643 primas
1491 1576 1634 1624 tenet
1674 1567 1957 1624 Gisbertus
1991 1566 2213 1622 Voetius

660 1655 940 1729 theologia
996 1659 1274 1730 professor
1301 1661 1356 1714 in
1381 1658 1672 1716 Academia
1713 1659 2090 1731 Ultrajectina,
2118 1658 2213 1730 qui

656 1749 833 1804 varias
868 1748 979 1822 (ὕῖ)
1023 1748 1286 1805 adversus
1335 1750 1476 1804 hanc
1518 1749 1803 1821 epistolam
1829 1737 2012 1805 inovit
2055 1749 2212 1819 obje-

2321 577 2552 646 denique
2600 585 2658 630 ut
2691 587 2847 636 sacer
2889 572 3059 626 codex
3101 587 3130 625 a
3177 571 3525 638 corruptione
3571 584 3634 621 ac
3672 568 3880 636 injuria

2320 681 2429 719 non
2473 675 2582 719 tam
2633 673 2965 734 temporum,
3007 676 3171 732 quam
3221 660 3486 714 malorum
3510 657 3876 726 ingeniorum,

2321 753 2712 816 vindicaretur,
2746 763 2797 808 et
2828 753 3095 822 genuinus
3125 750 3244 819 ejus
3281 763 3474 806 sensus
3507 747 3561 799 in
3604 745 3882 813 aliquibus

2322 847 2454 900 locis
2504 843 2902 914 quodammodo
2944 844 3242 903 obscurus,
3279 838 3556 910 magisque
3599 836 3668 890 ab
3707 837 3884 888 haere-

2318 935 2441 989 ticis
2472 937 2817 997 obscuratus,
2843 933 3054 1003 egregie
3090 931 3488 995 illustraretur;
3522 927 3707 997 sicque
3745 940 3882 994 pro-

2319 1027 2435 1095 pria
2460 1026 2608 1083 verbi
2641 1025 2814 1089 divini
2843 1023 3047 1081 veritas
3069 1028 3272 1075 contra
3301 1019 3468 1074 falsas
3514 1014 3879 1088 quorumdam

2319 1118 2600 1171 hominum
2630 1115 2932 1186 Opiniones,
2976 1112 3095 1183 heri
3126 1118 3303 1172 natas,
3346 1125 3467 1164 cras
3522 1124 3652 1164 vero
3699 1108 3880 1160 inter-

2317 1201 2514 1266 ituras,
2548 1201 2876 1265 firmaretur,
2901 1202 2956 1255 in
2984 1207 3244 1253 aeternum
3269 1199 3579 1254 duratura.»
3600 1196 3883 1270 Hactenus

2315 1292 2398 1346 vir
2431 1291 2782 1360 gravissimus
2808 1288 3062 1345 Grabius.

2387 1382 2634 1438 Voetium
2664 1399 2854 1452 presso
2897 1381 3033 1451 pede
3084 1387 3376 1449 sequentes
3415 1379 3698 1436 Eduardus
3742 1379 3886 1435 Ber—

2315 1474 2539 1538 nardus,
2581 1482 2743 1544 atque
2772 1471 3009 1528 Joannes
3043 1473 3290 1528 Clericus
3327 1472 3438 1543 (54)
3483 1472 3622 1525 hanc
3665 1473 3883 1540 episto-

2316 1565 2421 1618 lam
2453 1579 2484 1618 a
2520 1565 2678 1635 plane
2709 1564 2978 1633 improbo,
3018 1563 3110 1633 qui
3143 1562 3406 1619 Clementi
3440 1555 3683 1616 Romano
3712 1563 3885 1616 innu-

2315 1670 2493 1710 meras
2523 1654 2816 1710 Clementis
2844 1654 3192 1708 Alexandrini
3222 1653 3447 1707 lacinias
3469 1653 3728 1715 adsuerit,
3773 1654 3882 1706 mi-

2317 1760 2440 1805 sere
2491 1744 2746 1800 l'mdatam
2805 1745 3036 1801 suadere
3103 1745 3304 1798 conati.
3356 1743 3655 1813 Utrumque
3707 1760 3882 1814 porro

655 1808 888 1905 ctionea,
1062 1839 1222 1910 plane
1258 1838 1514 1909 (rivolas,
1541 1808 1596 1895 et
1623 1841 1870 1911 supinam
1903 1808 2213 1895 redolentes
2244 1808 2289 1867 Β
2318 1837 2488 1892 solide
2542 1836 2799 1892 refutavit
2853 1837 2935 1892 Cl.
3006 1835 3274 1891 Henricus
3353 1808 3642 1890 Wotlon-us
3707 1808 3881 1905 -(55).

654 1929 1076 2000 negligentiam;
1123 1931 1203 1984 uti
1249 1931 1399 1986 clare
1442 1931 1682 1986 ostendit
1725 1929 2043 1986 Joachimus
2093 1930 2210 1983 lia-

654 2019 819 2073 derus
848 2020 901 2073 ln
934 2018 1248 2089 praelatione
1279 2020 1346 2076 ad
1385 2021 1672 2086 lectorem,
1724 2019 2216 2077 Helmenstadiensi

654 2107 878 2163 editioni
927 2108 1178 2178 Epistolas
1227 2109 1522 2166 Clementis
1562 2111 1861 2181 praemissa.
1906 2110 2005 2167 Ast
2065 2110 2214 2166 nihil

654 2198 877 2263 mirum,
921 2200 1100 2254 virum
1132 2199 1321 2264 istum,
1353 2201 1536 2255 multa:
1581 2201 1818 2272 alioquin
1868 2200 2114 2257 lectionis
2156 2201 2214 2256 in

654 2286 1074 2350 recentioribus,
1120 2287 1405 2357 epistolam
1435 2291 1611 2343 sancti
1641 2289 1957 2354 Clementis,
1996 2289 2217 2361 aliaque

653 2376 922 2445 ejusmodi
955 2377 1026 2432 ob
1052 2383 1378 2434 vetustatem
1417 2379 1726 2435 veneranda
1766 2390 2119 2436 monumenta
2156 2383 2214 2439 in

651 2464 876 2521 dubium
905 2479 1163 2534 vocasse;
1218 2483 1343 2522 cum
1381 2468 1520 2540 ipse,
1543 2484 1612 2523 ex
1654 2468 1796 2524 male
1839 2479 2216 2542 praeconeepta

649 2555 906 2626 Opinione
935 2571 999 2611 ac
1024 2557 1152 2613 odio
1182 2557 1445 2614 adversus
1482 2559 1759 2630 antiquam
1788 2561 2072 2616 catholicae
2113 2561 2216 2616 Ec-

649 2646 829 2702 clesia
859 2634 1519 2718 traditionem,optaveri°t,
1545 2649 1754 2704 nullum
1780 2650 1939 2720 plane
1973 2654 2217 2706 virorum

651 2739 1075 2809 apostblicorum
1109 2739 1372 2811 seriptum
1398 2753 1707 2811 superesse,
1732 2751 1792 2796 ut
1817 2743 1910 2797 illo
1942 2744 2061 2814 ipso
2094 2745 2215 2799 loco

648 2829 852 2885 indicat
868 2830 1224 2902 sequentibus
1256 2831 1436 2887 verbis
1462 2849 1477 2888 ι
1508 2831 1858 2887 Admiramur
1889 2835 2214 2906 singularem

649 2920 749 2975 Dei
774 2921 1335 2992 providentiam,un
1383 2924 1583 2976 curavit
1651 2933 1710 2976 ut
1754 2923 1820 2977 ab
1862 2927 2218 2993 apostolorum

649 3010 941 3082 discipulis,
1004 3012 1225 3082 virisque
1290 3012 1647 3082 apostolorum
1696 3015 1890 3070 uacula
1934 3018 2212 3085 proximis,

651 3111 745 3154 aut
775 3100 909 3156 nihil
938 3101 1269 3168 scriberetur,
1316 3113 1409 3156 aut
1438 3103 1568 3156 nihil
1598 3116 2010 3171 conservaretur,
2053 3116 2105 3161 et
2145 3107 2212 3161 ad
2241 3138 2285 3196 ο

648 3204 882 3263 posteros
932 3205 1198 3260 manaret,
1238 3204 1328 3248 aut
1368 3193 1555 3249 saltem
1601 3195 1730 3248 nihil
1779 3195 1843 3249 ab
1897 3198 2054 3251 initio
2110 3197 2213 3252 Ec-

650 3285 821 3338 clesiae
862 3300 1024 3354 usque
1069 3287 1124 3340 in
1169 3284 1305 3339 hunc
1348 3285 1483 3341 diem
1523 3295 1830 3354 superesset,
1875 3287 1940 3341 de
1968 3305 2072 3359 quo
2109 3307 2212 3344 non

649 3374 1016 3440 dubitaretur;
1062 3384 1155 3428 aut
1208 3375 1345 3446 quod
1392 3393 1482 3446 per
1531 3379 1700 3433 lineas
1753 3379 2078 3451 blattasque,
2121 3391 2214 3436 aut

651 3465 816 3521 alium
857 3467 1084 3536 quemvis
1122 3465 1219 3522 Dei
1244 3471 1535 3524 exercitum
1571 3472 1871 3525 mutilatum
1900 3490 2004 3527 non
2041 3484 2213 3529 esset:

651 3565 711 3610 ut
737 3557 838 3610 soli
855 3554 1147 3626 Scriptura:
1180 3566 1325 3614 tanto
1351 3559 1637 3633 evidentius
1675 3577 1772 3615 sua
1813 3572 2074 3617 constaret
2115 3581 2213 3618 au-

651 3647 892 3710 ctoritas,
927 3646 1105 3716 illique
1127 3647 1228 3700 soli
1255 3657 1390 3702 esset
1415 3649 1632 3717 propria
1662 3649 2134 3718 incorruptibilitas
2162 3662 2212 3707 et

651 3737 944 3791 (sternitur.
977 3735 1176 3792 Verum
1205 3738 1320 3802 alii,
1343 3739 1585 3793 melioris
1607 3739 1661 3793 in
1693 3741 1776 3795 his
1803 3742 1967 3796 rebus
1993 3743 2208 3812 judicii,

653 3827 856 3883 talibus
879 3829 1082 3884 directe
1118 3829 1579 3894 contradicentes,
1621 3830 1887 3886 mirantur
1919 3835 2123 3902 potius,
2149 3849 2214 3888 ac

657 3917 848 3971 merito
895 3907 1257 3985 deprzdicant
1304 3917 1506 3989 (judice
1554 3916 1673 3972 viro
1723 3917 2031 3974 clarissimo
2074 3918 2212 3975 Cra.

655 4006 746 4062 bio
788 4007 922 4079 (53),
955 4007 1284 4079 singularem
1313 4006 1551 4062 divinam
1585 4006 2006 4077 Providentiam,
2044 4029 2064 4062 s
2093 4026 2214 4082 quat

655 4100 890 4163 curavit,
911 4105 970 4153 ut
997 4114 1028 4153 a
1058 4108 1373 4155 sanctorum
1405 4099 1774 4168 apostolorum
1805 4100 2109 4172 discipulis,
2133 4103 2214 4158 vi.

655 4188 842 4258 risque
867 4189 1198 4259 apostolicis.
1221 4195 1275 4244 et
1303 4189 1669 4257 apostolorum
1697 4190 1897 4243 sax:qu
1925 4191 2209 4259 proximis,

657 4279 818 4350 plura
853 4280 1244 4342 scriberentur,
1269 4293 1567 4348 eorumque
1596 4278 1777 4348 aliqua
1815 4288 2004 4336 sancte
2031 4297 2212 4337 asser-

656 4376 781 4424 vata
807 4371 874 4424 ab
907 4360 1059 4424 initio
1084 4367 1342 4425 Ecclesia:
1373 4369 1429 4422 in
1469 4369 1617 4423 hunc
1644 4385 1817 4440 usque
1841 4371 1983 4426 diem
2019 4388 2212 4444 super-

2311 1925 2472 1982 Juvat
2514 1928 2804 1998 ipsummet
2854 1927 3000 1982 hunc
3043 1926 3417 1982 doetissimum
3470 1925 3644 1978 virum
3675 1925 3780 1978 hac
3811 1925 3888 1980 de

2311 2034 2375 2074 re
2419 2016 2772 2073 disserentem
2810 2019 3034 2075 audire:
3065 2035 3085 2069 ς
3117 2016 3259 2071 lrriti
3282 2024 3444 2079 sunt,
3475 2016 3680 2084 inquit,
3711 2013 3886 2082 hujus

2314 2105 2620 2177 (Bernardi)
2660 2114 2928 2163 conatus:
2961 2109 3052 2178 qui
3084 2107 3229 2162 enim
3275 2106 3378 2160 hoc
3427 2104 3590 2161 modo
3635 2121 3706 2162 ex.
3749 2105 3884 2159 Cle-

2313 2204 2495 2252 mente
2545 2195 2915 2252 Alexandrino
2958 2197 3171 2267 arguit,
3216 2205 3309 2250 aut
3360 2211 3485 2251 eum
3543 2212 3653 2250 non
3706 2195 3883 2264 probe

2313 2288 2489 2353 novit,
2529 2294 2622 2342 aut
2652 2287 2792 2342 mala
2821 2287 2926 2343 lide
2963 2287 3104 2358 agit;
3137 2287 3324 2343 eadem
3369 2289 3510 2342 enim
3543 2288 3754 2342 ratione
3787 2301 3887 2339 ac-

2316 2386 2431 2432 tum
2472 2379 2576 2433 erit
2621 2378 2689 2434 de
2735 2379 3014 2434 authentia
3062 2389 3114 2434 et
3154 2379 3257 2434 [ide
3302 2394 3512 2445 eorum,
3556 2379 3711 2448 quia
3755 2379 3882 2434 Cle-

2316 2477 2498 2524 mente
2524 2469 2890 2524 Alexandrino
2939 2485 3170 2539 usquam
3214 2469 3471 2534 citantur,
3523 2468 3880 2538 scriptorum.

2316 2559 2490 2617 Nemo
2542 2561 2684 2615 enim
2729 2559 2949 2614 Patrum
2999 2562 3204 2630 majore
3252 2561 3470 2614 licentia
3511 2568 3597 2615 est
3640 2576 3776 2616 usus
3825 2562 3888 2616 in

2315 2653 2552 2708 citandis
2582 2651 2917 2716 auctoribus,
2943 2653 3056 2706 sive
3086 2653 3281 2715 sacris,
3308 2653 3421 2706 sive
3445 2652 3680 2706 ethnicis
3706 2668 3718 2702 :
3755 2668 3887 2706 cum

2314 2743 2363 2799 ei
2395 2743 2449 2797 in
2483 2757 2633 2798 more
2661 2741 2752 2807 sit,
2778 2757 2885 2796 non
2912 2743 3119 2812 integra
3148 2749 3432 2796 auctorum
3471 2743 3634 2796 verba
3659 2758 3884 2811 semper

2316 2834 2579 2899 recitare,
2621 2835 2717 2888 sed
2765 2848 2864 2903 pro
2914 2833 3143 2887 arbitrio
3192 2848 3293 2887 suo
3336 2847 3479 2886 nunc
3532 2833 3884 2896 contrahere,

2317 2939 2463 2978 nunc
2499 2924 2565 2979 de
2611 2937 2713 2978 suo
2756 2923 3029 2991 inserere,
3074 2924 3180 2977 alia
3232 2923 3513 2986 omittere,
3562 2922 3666 2976 alia
3712 2924 3888 2979 variis

2318 3014 2497 3068 modis
2533 3021 2767 3067 mutare.
2792 3030 2814 3065 ν

2394 3122 2414 3156 ‹
2456 3101 2516 3158 Si
2545 3103 2611 3156 ad
2645 3104 2759 3159 haec
2795 3103 2983 3159 sedulo
3026 3101 3298 3167 attendas,
3340 3117 3621 3174 agnosces,
3657 3104 3742 3173 pie
3785 3101 3890 3158 Le—

2311 3202 2468 3263 ctor,
2513 3203 2762 3257 mecum,
2807 3209 2873 3248 ex
2916 3192 3288 3256 Alexandrino
3334 3209 3444 3247 non
3498 3192 3896 3264 interpolatatn

2312 3282 2505 3348 fuisse,
2530 3283 2694 3340 toties
2732 3283 2799 3338 ab
2833 3282 3076 3339 Ecclesia
3113 3283 3366 3352 primaeva
3397 3283 3722 3338 celebratam
3758 3285 3885 3339 lau-

2312 3373 2496 3437 dibus,
2528 3374 2637 3427 imo
2664 3381 2718 3427 et
2747 3388 2870 3427 cum
2903 3374 3078 3428 sacris
3110 3372 3407 3441 Scripturis
3438 3374 3651 3442 publice
3680 3374 3887 3429 lectam

2313 3464 2472 3520 Rom.
2512 3463 2809 3521 Clementis
2855 3465 3209 3535 epistolam.»
3265 3463 3390 3518 Haec
3437 3462 3730 3518 Wottonus
3787 3465 3884 3518 cui

2310 3565 2491 3612 tamen
2507 3557 2790 3627 praeiverat
2806 3555 3045 3611 Joannes
3077 3555 3330 3611 Potterus
3349 3555 3430 3608 vir
3452 3555 3520 3610 cl.
3548 3555 3602 3609 in
3631 3557 3886 3613 animad-

2310 3648 2654 3717 versionibus
2670 3648 2734 3702 ad
2749 3645 3372 3703 ClementemAlexandr.
3390 3647 3505 3717 (56)
3523 3647 3612 3700 ubi
3637 3662 3809 3701 summ
3818 3663 3885 3700 a-

2312 3740 2409 3794 tim
2423 3739 2762 3809 quidem,sed
2779 3739 2976 3793 acrite‘r
2992 3737 3250 3792 Bernardi
3268 3737 3696 3805 conjectatiwes
3707 3738 3880 3792 elisit.

2380 3831 2621 3900 Longius
2657 3830 2835 3884 adhuc
2879 3844 3204 3900 progressus
3245 3836 3330 3885 est
3371 3827 3610 3884 Joannes
3653 3828 3883 3884 Moshe-

2310 3922 2455 3979 mius
2482 3922 2594 3994 (57)
2621 3922 2713 3992 qui
2746 3921 3039 3976 Clementis
3080 3921 3366 3990 epistolam
3404 3902 3637 3992 primam
3677 3930 3882 3990 quarta

2309 4012 2397 4068 sui
2439 4020 2589 4082 parte
2620 4010 2985 4067 mulctandam
3019 4021 3228 4075 censet,
3265 4027 3295 4064 a
3324 4013 3509 4081 capite
3547 4012 3803 4066 nimirum
3844 4013 3883 4067 9

2309 4103 2378 4159 ad
2406 4104 2502 4170 55;
2533 4102 2631 4159 sed
2667 4119 2739 4157 ne
2768 4101 2953 4170 priora
2996 4101 3217 4171 quidem
3254 4101 3440 4156 decem
3483 4103 3662 4172 capita
3690 4119 3756 4158 eo
3777 4104 3879 4172 ju-

2309 4193 2432 4248 dice
2457 4193 2525 4247 ab
2567 4193 2986 4261 interpolatione
3032 4200 3161 4246 sunt
3201 4205 3427 4260 prorsus
3475 4191 3758 4247 immuuia.
3803 4192 3881 4247 At

2309 4283 2496 4336 inania
2524 4298 2668 4344 esse,
2693 4296 2755 4335 ac
2787 4280 2968 4336 iutilia
3002 4279 3284 4335 Moshemii
3311 4269 3627 4350 argumenta
3656 4281 3711 4335 in
3741 4295 3881 4336 ocu-

2312 4373 2381 4427 lis
2412 4374 2592 4442 posuit
2617 4371 2856 4427 Joannes
2905 4371 3211 4425 Ludovicus
3243 4370 3378 4448 Frcy
3414 4370 3547 4442 (58).
3594 4370 3881 4442 Siquidem

657 4467 871 4524 essent,
919 4475 1020 4515 nec
1063 4474 1093 4513 a
1140 4460 1326 4532 blattis
1380 4460 1676 4532 tineisque,
1721 4462 1894 4516 aliove
1940 4461 2208 4531 ejusmodi
2242 4469 2284 4521 D
2315 4464 2514 4518 invicte
2542 4464 2625 4516 vir
2651 4463 2899 4518 eruditus
2932 4463 3157 4528 evincit,
3181 4477 3304 4517 cum
3335 4477 3399 4515 ex
3428 4461 3760 4532 antiquitate
3785 4478 3886 4518 co-

658 4551 920 4613 exercitu,
954 4547 1048 4603 sed
1085 4548 1324 4604 strenuis
1347 4548 1401 4603 in
1425 4551 1671 4606 ordinata
1700 4550 1793 4606 Dei
1821 4551 1936 4606 acie
1961 4552 2210 4620 prostatis

658 4641 746 4697 vel
781 4638 1067 4708 parastatis
1116 4638 1427 4702 ederentur,
1480 4641 1655 4711 deque
1700 4642 1769 4696 iis
1815 4642 1998 4700 nullus
2054 4642 2213 4696 dubi-

659 4727 812 4784 tandi
855 4731 1006 4784 locus
1045 4729 1274 4786 relictus
1297 4738 1472 4798 esset;
1517 4740 1576 4786 ut
1615 4732 1872 4788 nimirum
1921 4732 2215 4802 Scriptura

661 4828 816 4876 tanto
852 4819 1155 4875 evidentius
1205 4835 1304 4876 sua
1339 4828 1614 4877 constaret
1653 4822 1970 4886 auctoritas,
2012 4837 2077 4877 ac
2121 4837 2214 4876 ca-

666 4914 860 4968 nonica
890 4911 1201 4982 Evangelia,
1233 4911 1448 4981 aliaque
1493 4912 1694 4981 scripta
1732 4920 2044 4968 sanctorum
2087 4930 2216 4985 apo-

663 5007 924 5064 stolorum
947 5004 1412 5073 et'discipulorum
1446 5018 1476 5057 a
1511 5003 1686 5065 falsis,
1709 5019 1829 5074 quae
1868 5005 2081 5060 illorum
2116 5023 2215 5062 no-

666 5097 906 5154 minibus
936 5095 1216 5166 supposita
1257 5089 1914 5161 suun-discernerentur,
1955 5096 2032 5166 (id
2071 5098 2214 5166 quod

667 5171 872 5258 absque
893 5186 1284 5242 catholicorum
1314 5184 1536 5240 Patrum
1562 5182 1872 5252 traditione,
1903 5189 2215 5257 apostolica

742 5359 852 5430 (52)
890 5357 1080 5413 Part.t
1108 5348 1386 5418 ‘Selectar.
1437 5360 1720 5429 ὀξείαισι,
1753 5376 1816 5432 pa
1861 5403 1873 5416 .
1899 5360 2018 5417 105.

742 5431 854 5487 (55)
901 5427 1143 5487 Spicileg.
1195 5425 1297 5484 SS.
1333 5428 1593 5487 Patrum.
1645 5440 1774 5487 tom.
1815 5375 1870 5487 lg.
1911 5444 2014 5487 nat:

741 5425 854 5553 $55)
901 5427 1143 5498 Spicileg.
1195 5425 1297 5484 SS.
1333 5425 1593 5497 Patrum,
1645 5425 1774 5487 tom'.
1815 5425 1870 5496 i,
1911 5444 2034 5504 pag.
2083 5433 2212 5518 260,

666 5498 854 5639 26:
881 5567 940 5624 in
961 5566 1106 5624 notis
1123 5566 1259 5639 edit.
1278 5567 1392 5639 PP.
1425 5569 1706 5639 apostolic.
1724 5569 2075 5628 Cotelerianae
2086 5571 2215 5626 Am-

674 5635 979 5701 δικιοᾱλωη
1010 5637 1140 5693 anni
1161 5636 1317 5692 "‘24.

749 5706 858 5775 (55)
895 5702 952 5762 in
986 5708 1130 5765 notis
1167 5707 1234 5762 ad
1264 5708 1433 5764 Clem.
1461 5706 1632 5778 Epist.
1663 5707 1711 5776 Ι,
1744 5714 1862 5782 cap.
1888 5711 1942 5780 9,
1971 5727 2093 5784 pag.
2119 5713 2210 5768 ιο.

2313 4554 2451 4609 dicis
2489 4553 2877 4616 Alexandrini,
2913 4540 3027 4606 tuin
3058 4567 3127 4608 ex
3167 4554 3412 4607 veterum
3455 4550 3678 4607 Patrum
3720 4552 3884 4608 testi-

2315 4645 2544 4707 moniis,
2589 4657 2691 4697 nos
2745 4642 2994 4698 eamdem
3043 4642 3265 4698 omnino
3315 4644 3600 4712 epistolam
3652 4643 3878 4710 habere,

2313 4751 2476 4804 quam
2503 4735 2693 4789 habuit
2724 4741 2936 4788 vetusta
2982 4720 3248 4799 Ecclesia,
3291 4747 3452 4804 quam
3482 4733 3772 4788 audierunt
3820 4735 3880 4788 in

2313 4828 2487 4881 sacris
2509 4827 2739 4880 canibus
2766 4825 3008 4895 primmvi
3037 4824 3356 4889 Christiani,
3385 4825 3513 4878 dum
3547 4823 3725 4879 adhuc
3751 4823 3877 4892 ejus

2313 4916 2563 4970 lectionis
2609 4932 2742 4970 usus
2787 4916 3021 4985 vigeret;
3074 4930 3235 4984 quam
3280 4914 3525 4984 legerunt
3575 4914 3876 4985 Dionysius

2313 5005 2650 5071 Corinthius,
2682 5006 2932 5062 Clemens
2963 5004 3382 5079 Alexandrinus,
3423 5005 3657 5077 Cyrillus
3686 5005 3881 5060 iliero-

2316 5097 2694 5167 solymitanus,
2728 5095 3119 5165 Hieronymus,
3154 5096 3476 5165 caeterique;
3516 5109 3677 5164 quam
3716 5094 3880 5149 deni-

2315 5202 2421 5258 que
2457 5185 2810 5255 Polycarpum
2855 5184 3238 5255 Smyrnenscm
3283 5183 3600 5254 episcopum
3641 5193 3693 5240 et
3724 5199 3878 5238 mar-

2388 5363 2499 5433 (56)
2537 5361 2736 5433 Potter.
2769 5360 2833 5415 ad
2878 5359 3048 5433 Clem.
3089 5359 3351 5415 Alexand.
3405 5357 3604 5414 Strom.
3639 5358 3675 5411 l.
3705 5374 3778 5423 Iv,
3814 5374 3871 5418 c.

2319 5431 2406 5495 i8,
2436 5448 2558 5499 pag.
2587 5432 2709 5492 610,
2741 5439 2864 5484 nota
2889 5431 2943 5484 4.

2315 5501 2692 5627 9J(557)1nstit.
2710 5500 2832 5556 hist.
2845 5499 3047 5556 Christ.
3065 5501 3294 5572 majores
3306 5514 3426 5554 uec.
3444 5514 3483 5560 ι,
3499 5513 3552 5565 p.
3569 5498 3673 5552 2i2
3695 5515 3878 5572 usqu.

2387 5640 2501 5766 (ἓξ)
2538 5637 2752 5696 Pratlat.
2795 5637 2861 5692 ad
2903 5635 3067 5706 epist.
3111 5633 3212 5693 SS.
3246 5634 3349 5692 PP.
3406 5637 3876 5708 apostolic..cil'c8

2319 5726 2402 5767 me
2444 5727 2576 5766 tum.
