4046 6326
160 344 267 400 129

1299 325 1303 328 ⁴
1401 343 1736 400 ιιιιοαειιιι
1779 337 2166 402 νΑιξιοιιυιι.

3270 395 3272 397 .
3314 350 3418 406 130

155 469 336 531 tyrem
368 475 533 514 manu
566 477 847 529 versasse;
888 461 1018 532 quin
1048 469 1102 517 et
1130 461 1392 517 nonnulla
1421 478 1488 517 ex
1529 480 1590 518 ea
1620 480 1736 519 rer-
1765 466 1808 522 A
1839 461 1911 515 sti
1947 462 2132 525 verba,
2157 475 2277 532 quae
2312 461 2365 514 in
2399 460 2693 530 Evangelia
2721 479 2828 517 non
2855 444 3125 534 leguntur,
3152 460 3414 532 proferre,

156 550 397 607 botenus
437 562 692 622 excerpta
725 553 781 608 in
811 560 969 608 suam
1000 553 1065 606 ad
1112 552 1492 623 Philippenses
1522 554 1737 625 Episto-

152 641 270 695 lam
325 642 699 708 transtulisse,
744 642 976 696 suadent
1022 643 1142 696 loca
1190 659 1254 696 ex
1300 642 1641 698 Clementina
1685 652 1739 699 et

154 730 559 804 Polycarpiana
603 733 835 803 epistola
878 733 1187 802 desumpta,
1232 734 1286 787 in
1334 736 1569 790 medium
1613 751 1741 805 pro-

155 823 292 886 lata,
346 831 510 894 atque
558 824 792 879 invicem
832 825 1030 879 collata
1079 824 1211 895 (59).
1261 823 1412 878 Hanc
1459 841 1623 880 unam
1668 827 1741 881 ob

155 929 412 978 causam,
460 914 745 979 Bernardi,
785 915 984 970 Clerici
1030 929 1094 968 ac
1127 899 1430 980 Moshemii,
1464 917 1741 985 conjecta-

155 1006 342 1062 tiones
367 1007 434 1062 de
463 1007 627 1077 hujus
669 1007 883 1063 laciniis
927 1022 992 1061 ex
1035 1005 1330 1081 Clemente.
1354 1006 1722 1064 Alexandrino

157 1098 468 1166 desumptis
491 1101 716 1154 omnino
739 1105 1068 1155 evanescant
1097 1106 1330 1167 oportet.

230 1189 422 1260 Neque
452 1192 545 1244 alii
575 1191 820 1262 profecto
848 1190 1066 1255 desunt,
1098 1189 1191 1260 qui
1230 1190 1473 1256 ejusdem
1498 1190 1740 1261 epistola:

159 1279 533 1335 sinceritatem
583 1281 638 1334 in
679 1279 904 1334 dubium
943 1286 1224 1342 revocant,
1286 1279 1430 1348 quod
1480 1280 1737 1334 nimirum

157 1368 429 1423 nonnulla
459 1368 704 1424 fabulosa
739 1383 850 1438 pra:
875 1384 934 1423 se
962 1370 1129 1434 lerat;
1182 1367 1328 1438 quod
1366 1368 1545 1439 aliqua
1572 1370 1626 1423 in
1675 1386 1739 1425 ea

159 1460 545 1515 desiderentur
585 1474 614 1512 a
657 1460 886 1515 vetustis
911 1456 1167 1514 Patribus
1191 1461 1452 1529 allegata,
1491 1468 1597 1515 etc.
1634 1458 1738 1515 Sed

160 1551 266 1604 hos
298 1551 632 1607 morosiores
661 1551 885 1606 criticos
917 1551 1116 1606 missos
1146 1550 1412 1607 facimus:
1446 1559 1559 1605 tum
1594 1553 1738 1622 quod

159 1655 357 1695 eorum
403 1641 738 1710 obiectiones
779 1641 921 1695 ﬂuxo
947 1641 1082 1695 adeo
1112 1642 1220 1696 talo
1247 1642 1511 1706 nitantur,
1557 1651 1616 1696 ut
1647 1659 1740 1714 pe-

160 1731 287 1786 dem
328 1746 453 1786 cum
488 1732 718 1801 singulis
746 1732 996 1786 conferre.
1028 1729 1172 1787 haud
1203 1731 1473 1801 expediat,
1506 1740 1621 1786 tum
1655 1734 1739 1786 in-

159 1823 383 1893 primis,
416 1821 562 1891 quod
595 1837 623 1874 a
649 1822 922 1892 plerisyue
953 1823 1084 1876 viris
1121 1823 1352 1877 eruditis
1379 1839 1468 1878 res
1521 1824 1737 1879 abunde

160 1914 300 1969 satis
343 1913 505 1968 fuerit
538 1921 890 1983 pertractata.
933 1909 1174 1968 Firmum
1220 1915 1405 1984 igitur,
1452 1925 1738 1985 ratumque

160 2006 242 2070 ﬁt,
267 2020 583 2077 germanam
624 2007 844 2060 omnino
878 2006 1111 2075 priorem
1139 2021 1260 2061 esse
1289 2005 1587 2062 Clementis
1625 2011 1739 2076 epi-

160 2098 398 2151 stolam:
439 2097 702 2167 quidquid
731 2097 874 2151 enim
907 2097 960 2150 in
993 2112 1055 2151 ea
1101 2099 1434 2162 continetur,
1491 2105 1738 2169 tempora

160 2190 327 2259 plane
355 2190 654 2260 apostolica
680 2187 878 2254 refert;
923 2203 1099 2259 neque
1127 2188 1298 2243 ullum
1321 2204 1388 2243 ex
1416 2189 1562 2243 omni
1592 2198 1739 2245 retro

158 2280 488 2350 antiquitate
537 2279 806 2350 quispiam
862 2285 1056 2334 testem
1111 2280 1456 2349 produxerit,
1494 2281 1586 2350 qui
1641 2280 1739 2337 ho-

159 2370 342 2426 mines
376 2371 630 2426 cordatos
656 2369 722 2425 de
747 2371 891 2425 illius
921 2370 1234 2426 sinceritate
1255 2371 1448 2426 merito
1474 2373 1739 2444 ancipites

162 2462 394 2518 reddere
418 2461 614 2516 valeat.

702 2551 1101 2608 ARTICULUS
1140 2553 1208 2610 ΙΙ.

407 2659 473 2696 DE
497 2657 726 2698 SECUNDA
762 2657 827 2694 AD
861 2655 1181 2695 COBINTHIOS
1216 2657 1495 2697 EPISTOLA.

237 2733 605 2788 Dubitationes
649 2743 873 2787 veterum
914 2732 978 2785 de
1017 2733 1187 2785 altera
1238 2736 1410 2787 sancti
1455 2733 1738 2790 Clementis

161 2825 412 2893 epistola.
453 2855 521 2864 —
550 2823 755 2878 Praeter
783 2825 958 2879 sancti
987 2822 1280 2880 Clementis
1326 2825 1392 2879 ad
1427 2824 1738 2885 Corinthios

163 2915 475 2984 epistolam,
524 2914 590 2968 de
622 2930 728 2983 qua
764 2915 1029 2968 hactenus
1068 2913 1301 2982 egimus,
1347 2915 1514 2971 altera
1560 2917 1737 2972 eidem

165 3007 238 3060 ab
288 3005 507 3061 Eusebii
538 3005 651 3076 (60)
674 3013 833 3060 aatate
860 3005 1142 3070 tribuitur,
1191 3021 1310 3074 qua:
1340 3015 1539 3072 tamen,
1573 3010 1740 3065 ut‘est

170 3097 242 3151 ab
263 3113 329 3151 eo
351 3096 694 3157 adnotatum,
715 3096 850 3150 adeo
869 3097 1101 3152 celebris
1123 3106 1181 3150 ut
1198 3095 1345 3166 prior
1361 3114 1466 3151 non
1493 3106 1738 3162 erat,ne-
1770 3130 1810 3186 η

167 3204 277 3257 que
300 3204 328 3240 a
345 3188 613 3242 veteribus
636 3188 986 3243 recitabatur.
1006 3187 1117 3242 lmo
1133 3196 1356 3245 sanctus
1374 3188 1739 3262 Hieronymus

168 3287 382 3333 veteres
412 3292 529 3332 eam
552 3277 804 3346 rejecisse
835 3276 1000 3332 refert
1028 3277 1174 3350 (61);
1216 3276 1444 3334 Photius
1472 3279 1583 3350 (62)
1608 3297 1738 3336 vero

165 3378 329 3426 aetate
358 3384 454 3424 sua
483 3383 581 3439 pro
623 3368 973 3438 supposititia
1005 3370 1247 3425 habitam
1288 3369 1460 3426 fuisse
1485 3379 1735 3428 testatur.

243 3462 502 3529 Queritur
545 3461 632 3515 hic
676 3460 1092 3532 praeterea-(65)
1138 3462 1370 3517 humiles
1419 3466 1738 3530 sententias,

168 3570 351 3625 neque
378 3556 508 3610 satis
526 3562 648 3624 apte
676 3553 910 3609 invicem
939 3568 1106 3610 nexas
1135 3554 1192 3608 in
1216 3569 1282 3610 ea
1311 3564 1550 3620 exstare,
1579 3565 1740 3626 atque

167 3649 462 3703 alieniores
489 3645 966 3716 interpretationes
997 3643 1315 3717 Scriptum.
1343 3656 1398 3703 et
1422 3646 1550 3704 Jesu
1579 3647 1740 3703 Chri-

237 3803 358 3874 (59)
397 3801 600 3856 Confer
639 3807 803 3874 caput
847 3799 886 3874 1Δ
924 3798 1168 3874 epistolae
1217 3797 1606 3874 S._Clem._a_d_
1634 3801 1741 3856 Co-

171 3867 356 3944 riu'th;
382 3888 505 3926 cum
554 3867 768 3944 capit
803 3867 975 3944 epist_f
1018 3867 1329 3944 Polycarpi_
1353 3868 1421 3922 ad
1471 3869 1738 3944 Philipp;

167 3954 291 4007 cap.
325 3939 507 4012 ficum
540 3937 660 4012 cap.
685 3937 747 4002 9;
777 3937 898 4006 ca'p.
932 3937 1265 4012 [cum—cap.
1298 3941 1364 4006 7;
1395 3957 1514 4012 cap.
1560 3943 1592 3998 9
1615 3937 1752 3998 cum

164 4007 366 4084 eam}
387 4023 546 4084 Lcap.
568 4007 648 4084 ‘15
671 4023 794 4062 cum
825 4023 946 4077 cap.
971 4008 1044 4073 2;
1076 4007 1289 4084 capﬁl
1321 4007 1600 4084 cum—cap.
1625 4015 1680 4069 4.

278 4048 292 4060 .
330 4023 400 4069 z;
426 4023 546 4076 cap.
582 4023 648 4060 1ο
671 4023 794 4062 cum
825 4023 946 4077 cap.
971 4023 1044 4073 ες
1076 4024 1197 4078 cap.
1226 4023 1289 4066 :1
1321 4027 1448 4066 cum
1480 4029 1600 4084 cap.
1625 4023 1680 4069 4.

237 4023 352 4145 2’60)
385 4075 891 4154 Sciendumcutem
934 4090 1009 4132 est
1037 4079 1279 4154 latteram
1330 4098 1534 4154 quoque
1584 4086 1756 4140 sancti

175 4147 456 4204 Clementis
506 4147 781 4216 epistolam
826 4146 1408 4214 circumferrigverum
1446 4146 1588 4200 'hanc
1637 4167 1741 4204 non

172 4218 389 4289 perinde
430 4219 690 4289 cognitam
719 4217 900 4284 fuisse,
934 4233 994 4289 ac
1021 4218 1265 4289 primam,
1294 4232 1390 4284 pro
1414 4227 1554 4271 certo
1584 4217 1741 4273 habe-

172 4287 327 4352 rnus;
351 4287 1589 4358 quandoquidenLvetustiores_ilta_nequaquam
1619 4305 1740 4344 usos

171 4376 286 4414 esse
336 4355 700 4425 comperimus.
755 4355 1043 4420 Eusebius,
1095 4355 1168 4411 Ii.
1217 4355 1284 4412 E.
1335 4355 1372 4412 l.
1426 4373 1510 4422 Ill,
1567 4374 1616 4413 c.
1649 4359 1738 4426 38,

211 4429 461 4482 22.117.

175 4445 360 4569 pag-ii;
375 4445 594 4569 lFertur
613 4495 1042 4569 etsecundaejus
1073 4495 1279 4569 nomine
1328 4496 1569 4569 epistola,

175 4587 206 4621 a
232 4565 485 4623 ueteribus
509 4565 834 4637 reprobatur.
867 4565 1109 4637 Hieron,
1141 4565 1195 4637 in
1228 4565 1503 4637 Catalog.,
1534 4581 1584 4637 c.
1614 4565 1700 4621 15.

249 4639 366 4707 (62)
404 4638 534 4702 Qua:
561 4635 787 4707 secunda
811 4635 877 4687 ad
911 4635 1118 4689 eosdem
1142 4634 1354 4698 dicitur,
1383 4634 1447 4688 ut
1473 4636 1632 4690 notha
1658 4654 1741 4691 re-

167 4705 377 4777 ficitur.
409 4707 565 4761 Phot.
593 4705 885 4777 cod.cxn1.

247 4779 362 4849 (6'5)
401 4775 641 4849 Secunda
675 4773 1064 4849 rero__epistola
1098 4783 1149 4849 et
1180 4775 1300 4849 ipsa
1355 4775 1741 4849 institutionem

176 4843 678 4924 ac'adrnon‘itionen}~
702 4843 930 4898 melioris
963 4845 1079 4924 uita:
1101 4844 1321 4924 inducit,
1343 4854 1496 4924 atque
1517 4845 1571 4897 in
1597 4845 1741 4911 prin-

174 4920 312 4988 cipio
339 4917 606 4972 Christum
637 4914 802 4968 Deum
846 4913 1118 4983 prwdicat.
1175 4914 1371 4966 Verum
1402 4913 1546 4966 dicta
1592 4931 1739 4984 quee-

175 4989 301 5041 dam
325 4987 619 5056 peregrina,
662 4984 797 5056 velut
831 5002 858 5038 e
895 4994 1085 5056 sancta)
1109 4983 1384 5051 Scriptura
1417 4984 1738 5056 subinducit,

174 5053 364 5128 quibus
387 5053 635 5123 ne'prima
659 5055 864 5123 quidem
893 5055 1122 5128 cpistola
1146 5063 1315 5128 vacat,
1349 5061 1397 5106 et
1429 5053 1743 5128 interpreta-

176 5124 345 5182 tiones
379 5128 608 5180 locorum
646 5125 991 5193 quorumdam
1031 5125 1307 5178 alieniores
1338 5124 1572 5192 profert:
1606 5124 1740 5176 alio-

175 5200 309 5268 quin?
358 5198 496 5266 ipsa,
541 5211 657 5265 qua:
688 5193 742 5247 in
782 5195 861 5248 his
890 5195 1121 5268 epistolis
1156 5197 1368 5268 insunt,_
1419 5209 1571 5247 sensa
1608 5210 1743 5246 non-

175 5265 310 5321 nihil
334 5265 543 5336 abjecta
571 5276 721 5328 sunt,
754 5282 845 5336 nec
882 5265 1470 5336 continentemseriem,
1513 5280 1576 5317 ac
1611 5279 1740 5317 con--

154 5333 499 5407 sequentium
528 5346 754 5390 servant.
785 5335 917 5407 Cod.
954 5335 1077 5400 126,
1105 5333 1350 5407 Photius.

275 5407 364 5476 64)
393 5408 644 5476 Clemens
689 5407 846 5475 epist.
895 5406 931 5458 2
971 5407 1036 5459 ad
1091 5404 1451 5476 Corinthum.
1480 5403 1537 5470 4,
1568 5402 1736 5471 5,12.

274 5473 366 5545 65)
397 5477 462 5532 Τ.
495 5475 514 5529 l
541 5476 658 5531 PP.
699 5473 1130 5543 a'postolicorum,
1170 5490 1306 5545 pag.)
1327 5473 1447 5530 182.

269 5490 344 5547 65
398 5490 514 5559 ἰ’..ι
541 5490 658 5531 [Ψ.
699 5490 1130 5557 apostoticorum,
1170 5491 1235 5545 pa
1279 5515 1291 5528 .
1327 5490 1336 5528 ι

269 5490 366 5615 66)
390 5545 615 5614 Εριειοι.
648 5545 826 5615 Rom:
847 5547 1058 5614 pontif.,
1093 5560 1214 5615 pag.

1621 4515 1739 4566 qua:
1771 4477 1813 4529 Π

1839 569 2073 624 quorum
2103 553 2284 622 aliqua
2313 568 2380 606 ex
2411 553 2721 623 apocrypho
2759 551 3140 624 [Egyptiorum
3175 551 3419 622 Evange-

1841 645 1914 700 lio
1935 645 2105 714 petita
2133 651 2260 700 sunt
2289 642 2423 715 (64).

1910 734 2010 790 His
2049 750 2180 790 vero
2212 734 2541 803 posthabitis
2595 733 2934 788 contendunt
2974 730 3421 807 Cotelerius(65),

1839 828 2165 885 Coutantius
2199 826 2331 896 (66),
2358 823 2681 880 Gallandius
2722 824 2862 896 (67),
2892 831 2943 878 et
2984 823 3171 877 Bullus
3201 823 3337 894 (68),
3364 831 3421 877 et

1841 921 1954 986 alii,
1996 919 2284 990 epistolam
2319 918 2460 972 hanc
2484 932 2674 972 revera
2723 917 2899 972 sancti
2942 914 3238 971 Clementis
3270 929 3415 969 esse.

1839 1012 2127 1069 Cernimus
2148 1010 2291 1065 enim
2321 1025 2438 1064 eam
2468 1007 2579 1080 (69)
2605 1017 2880 1080 postremo
2920 1007 3291 1077 apostolorum
3325 1019 3419 1058 ca-

1840 1114 1983 1157 none
2036 1115 2146 1155 non
2189 1099 2352 1154 modo
2395 1105 2587 1152 sancto
2629 1096 2896 1152 Clementi
2956 1095 3223 1150 tributam
3273 1110 3417 1158 esse,

1840 1206 2028 1246 verum
2070 1190 2234 1246 etiam
2269 1189 2469 1260 prioris
2496 1189 2668 1243 instar
2703 1189 2845 1242 inter
2876 1186 3193 1257 Scripturas
3230 1200 3419 1241 sacras

1842 1282 2136 1338 recenseri.
2194 1280 2430 1336 Sanctus
2472 1279 2808 1350 Epiphanius
2856 1280 2968 1350 (70)
3030 1294 3149 1333 eam
3198 1292 3421 1347 quoque

1842 1375 1900 1429 S.
1934 1372 2231 1428 Clementis
2263 1372 2481 1426 nomine
2516 1373 2732 1435 recitat,
2759 1371 2847 1424 cui
2871 1378 2924 1424 et
2951 1385 2980 1424 a
3005 1377 3195 1425 sancto
3229 1368 3422 1423 Hiero-

1841 1479 2005 1535 nymo
2056 1462 2168 1533 (71)
2221 1469 2386 1532 atque
2434 1461 2598 1516 etiam
2660 1477 2690 1516 a
2731 1459 2928 1521 Photio
2969 1455 3098 1531 '(72)
3135 1458 3416 1514 tribuitur.

1841 1555 2052 1622 Quibus
2091 1555 2173 1617 ﬁt,
2229 1561 2308 1617 ut,
2347 1568 2472 1607 cum
2529 1568 2648 1608 eam
2704 1563 2962 1623 tanquam
3012 1550 3418 1622 supposititiam

1841 1629 2087 1703 habitam
2117 1647 2396 1708 dixerunt,
2427 1661 2536 1701 non
2560 1661 2626 1700 ex
2657 1660 2777 1708 sua,
2813 1644 2907 1699 sed
2939 1645 3170 1699 aliorum
3197 1651 3419 1700 senten-

1843 1744 1917 1797 tia
1944 1742 2112 1796 locuti
2149 1741 2370 1796 fuerint.
2401 1738 2670 1794 Eusebius
2703 1751 2834 1792 vero
2863 1735 3006 1791 inter
3027 1752 3143 1798 eos,
3175 1736 3273 1805 qui
3295 1736 3416 1805 epi-

1844 1833 2041 1887 stolam
2074 1832 2216 1885 hanc
2239 1837 2299 1884 ut
2323 1829 2728 1898 supposititiam
2760 1827 3055 1889 duxerunt,
3081 1826 3305 1879 minime
3334 1834 3420 1880 est

1843 1923 2237 1986 numerandus,
2277 1937 2401 1974 cum
2434 1920 2568 1973 nihil
2603 1920 2669 1973 de
2701 1934 2762 1975 ea
2796 1917 3134 1987 pronuntiet,
3165 1917 3270 1971 nisi
3304 1917 3417 1987 (75)

1841 2030 1960 2069 eam
1992 2031 2102 2070 non
2141 2013 2277 2068 adeo
2311 2021 2371 2066 ut
2396 2011 2633 2082 priorem
2666 2009 2958 2071 celebrem,
2984 2017 3145 2079 atque
3168 2024 3198 2062 a
3221 2009 3419 2063 veteri-

1841 2105 1943 2158 bus
1974 2114 2326 2160 memoratam
2355 2103 2545 2156 fuisse.
2578 2099 2632 2153 id
2665 2108 2844 2153 autem
2879 2101 3078 2153 mirum
3109 2100 3280 2154 videri
3308 2114 3419 2154 non

1841 2187 2024 2261 debet,
2077 2211 2201 2250 cum
2241 2202 2450 2257 non,ut
2495 2190 2950 2262 prior,Romanae
2992 2190 3271 2254 Ecclesize,
3321 2190 3418 2248 sed

1843 2286 2121 2355 pontiﬁcis
2140 2293 2354 2338 tantum
2387 2282 2605 2336 nomine
2639 2282 2865 2352 scripta,
2908 2297 3086 2350 neque
3122 2280 3337 2350 publice
3363 2282 3415 2334 in

1842 2375 2088 2430 Ecclesia
2142 2375 2278 2429 lecta
2331 2372 2528 2426 fuerit:
2570 2369 2712 2424 unde
2760 2367 2990 2431 factum,
3039 2374 3098 2422 ut
3148 2368 3419 2437 coniectat

1841 2467 2032 2521 Bullus
2061 2465 2173 2536 (74)
2209 2471 2270 2519 ut
2297 2462 2442 2533 quod
2472 2461 2755 2532 paulatim,
2792 2461 2950 2526 quasi
2993 2457 3293 2513 Clementis
3328 2474 3417 2514 re-

1839 2571 1966 2611 vera
1999 2571 2108 2609 non
2137 2561 2303 2618 esset,
2333 2550 2606 2622 neglectui
2638 2550 2820 2604 habita
2845 2550 3040 2615 fuerit;
3067 2566 3227 2619 quam
3253 2551 3418 2604 etiam

1839 2649 1911 2703 ob
1957 2662 2180 2702 causam
2218 2646 2336 2698 alia:
2358 2642 2654 2698 Clementis
2702 2642 2946 2712 epistolae
2995 2641 3141 2710 (nam
3185 2649 3239 2696 et
3279 2643 3417 2696 alias

1841 2737 2130 2806 scripsisse
2163 2735 2338 2787 virum
2367 2741 2616 2788 sanctum
2649 2731 2782 2785 mihi
2815 2731 3099 2784 indubium
3128 2730 3232 2800 esr)
3261 2746 3419 2799 pror-

1842 2842 1938 2882 sus
1977 2825 2394 2881 interciderunt.
2440 2822 2706 2877 Caeterum
2738 2822 2794 2875 in
2839 2821 3050 2890 exiguis
3092 2821 3201 2876 illis
3238 2822 3418 2890 hujus

1840 2917 2082 2988 epistolae
2109 2913 2355 2983 reliquiis
2394 2913 2564 2966 multa
2602 2927 2724 2966 cum
2760 2911 2943 2981 priore
2977 2911 3280 2965 similitudo
3302 2915 3420 2966 elu-

1842 3018 1964 3062 cet:
1997 3007 2139 3061 idem
2189 3021 2405 3076 quoque
2442 3002 2730 3058 vetustatis
2762 3004 2935 3066 color,
2969 3003 3168 3058 eaedem
3199 3004 3418 3059 dicendi

1848 3086 2036 3155 forma:
2054 3105 2110 3152 et
2134 3098 2318 3167 plures
2333 3097 2438 3152 loci
2463 3097 2573 3167 (75)
2591 3111 2656 3150 ex
2677 3094 3004 3166 apocryphis
3036 3094 3192 3152 libris
3216 3097 3417 3166 prolati

1844 3192 1898 3245 in
1929 3197 2162 3260 utraque
2190 3194 2528 3259 spectantur.

1912 3281 2202 3337 Corinthiis
2223 3280 2479 3348 inscripta
2505 3275 3005 3349 fuit.—Eusebius,
3026 3275 3094 3330 ad
3121 3292 3261 3346 quos
3288 3276 3418 3331 data

1841 3373 1914 3428 sit
1924 3373 2038 3426 haec
2047 3371 2300 3442 epistola,
2316 3385 2425 3425 non
2445 3376 2862 3433 commemorat;
2880 3366 3249 3441 Photiusvero
3264 3382 3418 3438 aper-

1845 3474 1896 3520 te
1931 3466 2008 3518 ait
2039 3464 2176 3536 (76),
2215 3478 2332 3518 eam
2351 3462 2418 3517 ad
2442 3460 2754 3517 Corinthios
2770 3461 2952 3514 datam
2974 3459 3164 3522 fuisse,
3183 3461 3329 3528 quod
3348 3474 3419 3514 ex

1847 3557 2106 3612 Dorothei
2146 3553 2600 3610 Archimandrite
2631 3537 2855 3607 Niconis
2878 3549 3132 3606 monachi
3158 3558 3323 3619 atque
3347 3567 3416 3606 ex

1841 3647 2231 3702 Parallelorum
2277 3646 2516 3702 auctoris
2550 3645 2861 3699 testimonio
2889 3644 3001 3717 (77)
3055 3645 3197 3698 inter
3241 3645 3418 3700 sancti

1912 3800 2028 3884 (69)
2061 3798 2404 3884 Sintautem
2443 3795 2586 3884 quis
2610 3797 2739 3879 libri
2761 3795 3095 3884 uenerabiles
3119 3806 3192 3879 _et
3243 3801 3418 3856 sancti

1853 3865 2048 3925 Veteris
2083 3870 2404 3924 Testamenti
2447 3865 2648 3936 Moysis
2681 3869 2971 3937 quinque...
3010 3866 3130 3921 libri
3159 3885 3276 3922 vero
3318 3885 3418 3926 no-

1841 3942 1964 4005 stri,
2012 3941 2106 3992 hoc
2133 3948 2211 3992 est
2255 3936 2392 3991 Novi
2438 3936 2756 3991 Testamenti
2789 3936 3074 4007 Evangelia
3119 3949 3416 4007 quatuor...

1842 4009 2125 4066 Clementis
2148 4009 2384 4075 epistolae
2413 4007 2550 4061 duce.
2584 4007 2722 4062 Can.
2755 4015 2929 4076 apost.
2961 4009 3056 4062 85.

1914 4081 2029 4161 (76)
2055 4080 2196 4161 Dicit
2212 4078 2449 4161 Clemens
2479 4079 2530 4130 in
2552 4092 2658 4161 ang
2681 4077 3025 4161 epistularum
3039 4093 3280 4142 suarum,
3304 4091 3414 4161 etc.

1842 4144 2109 4220 Epiph'an.
2141 4149 2336 4220 haeres.
2367 4144 2564 4220 77,_7n.
2617 4147 2671 4220 6.
2721 4146 2856 4220 ΙρειεΔ
2887 4147 3123 4220 Clemens
3177 4151 3418 4206 omnibus

1842 4214 1962 4299 illos
1994 4217 2326 4299 (Ebionitas)
2351 4216 2520 4299 modis
2547 4218 2816 4298 redarguit
2838 4217 2902 4299 in‘
2914 4214 3169 4299 Epistolis
3189 4219 3419 4275 circula-

1841 4287 2013 4354 ribus,
2040 4306 2171 4359 quas
2216 4287 2444 4359 scripsit,
2489 4303 2704 4359 qumque
2755 4288 2809 4340 in
2853 4287 3103 4344 Ecclesiis
3151 4290 3413 4358 leguntur.

1843 4360 1986 4415 Idem
2020 4357 2212 4412 hicres.
2246 4358 2336 4421 30,
2371 4375 2425 4410 n.
2462 4357 2547 4411 l5.

1915 4429 2030 4499 (71)
2061 4428 2142 4481 Ad
2175 4430 2269 4482 hos
2291 4427 2598 4499 (eunuchos)
2635 4435 2685 4480 et
2715 4424 2954 4482 Clemens
2985 4446 3255 4485 successor
3287 4447 3414 4497 apo-

1843 4497 1965 4554 stoli
2000 4498 2166 4562 Petri,
2198 4499 2347 4565 cujus
2397 4497 2600 4550 Paulus
2651 4500 2919 4566 apostolus
2952 4502 3206 4561 meminit,
3233 4502 3415 4552 scribit

1841 4570 2115 4640 epistolas,
2135 4568 2553 4635 omnemque/ere
2570 4583 2859 4620 sermonem
2888 4587 3038 4623 suum
3057 4573 3121 4624 de
3142 4575 3220 4625 vir
3256 4573 3418 4622 inita-

1845 4644 1910 4692 tis
1958 4641 2189 4692 puritate
2232 4639 2518 4692 contexuit.
2552 4636 2800 4692 Hieron..
2839 4639 2874 4692 Ι.
2907 4656 2924 4692 ι
2973 4642 3179 4692 advers.
3211 4588 3413 4692 ⁸ἵυινὶιι..

1845 4636 1910 4695 tis
1958 4641 2189 4709 puritate
2232 4639 2518 4694 contexuit.
2552 4636 2800 4705 Hierom,
2839 4639 2874 4693 Ι.
2907 4656 2924 4692 ι
2973 4642 3179 4696 advers.
3211 4636 3414 4708 Juvin.,

1843 4726 1963 4767 can.
1995 4711 2044 4767 7.

1911 4727 1963 4780 p.
2003 4727 2044 4767 ι.

1913 4779 2025 4842 (72)
2051 4779 2296 4842 Photius,
2328 4777 2452 4834 cod.
2479 4791 2657 4830 cxxvr.

1939 4849 2025 4916 7'5)
2057 4849 2349 4914 Eusebius,
2375 4855 2434 4900 ut
2459 4862 2645 4916 supra.

1913 4913 2037 4992 (74)
2061 4921 2156 4974 Est
2189 4919 2241 4972 id
2277 4913 2903 4992 amotio—observatum
2932 4916 3122 4992 codice
3154 4919 3280 4992 {25.
3314 4918 3406 4973 Ve-

1843 4988 1960 5044 rum
2005 4990 2149 5043 dicta
2176 4988 2415 5059 quadam
2474 4989 2768 5059 peregrina;
2805 4989 2980 5057 inquit
3024 4990 3119 5059 hic
3164 4991 3410 5052 criticus,

1844 5062 1979 5139 velut
2009 5077 2036 5114 e
2066 5057 2344 5139 Scriptura
2371 5057 2527 5139 sacra
2557 5057 2880 5139 subinducit,
2921 5057 3202 5139 quibusmne
3243 5061 3414 5139 prinzq

1841 5131 2049 5198 quidem
2077 5130 2300 5198 epistola
2331 5132 2539 5184 omnino
2561 5137 2732 5181 vacat.
2765 5128 2893 5182 Vide
2924 5128 3165 5184 num.23
3195 5128 3412 5198 prioris,

1843 5211 1896 5255 et
1927 5202 1994 5254 12
2040 5213 2103 5253 ac
2145 5200 2213 5253 15
2281 5216 2539 5255 numeros
2559 5199 2889 5266 posterioris
2932 5198 3227 5254 Clementis
3292 5200 3413 5270 epi-

1845 5273 2015 5326 stolae.

1939 5342 2027 5410 75)
2054 5339 2296 5405 Defensio
2320 5341 2440 5408 ﬁdei
2467 5337 2724 5404 Nicaznce,
2749 5337 2987 5410 pa3.750.

1941 5407 2027 5482 76)
2063 5411 2254 5482 Lectus
2277 5407 2354 5482 est
2388 5410 2701 5482 libellus,in
2739 5407 2841 5480 quo
2858 5407 3414 5482 Clementiseptstola

1841 5479 1962 5534 dua:
1986 5479 2065 5542 ad
2070 5481 2381 5542 Corinthios
2407 5481 2828 5542 continebantur.
2858 5479 3106 5542 Photius,
3141 5479 3273 5535 ibid.

1896 5545 2010 5616 (77)
2040 5540 2114 5600 Ut
2142 5544 2287 5616 enim
2314 5544 2391 5596 ait
2432 5540 2489 5596 S.
2523 5540 2818 5597 Clemens:
2859 5540 3102 5616 Etiamsi
3137 5549 3255 5614 quis
3305 5564 3408 5601 non

2008 4779 2026 4988 Ξ

270 5613 364 5684 67)
404 5613 470 5670 In
511 5615 761 5671 Biblioth.
794 5614 910 5671 PP.
955 5613 1147 5670 noviss.
1170 5613 1610 5682 Graeco-Latina,
1637 5615 1737 5682 t.l,
1824 5613 2125 5680 coronetur,
2167 5614 2376 5669 studeat
2403 5621 2576 5684 tamen
2608 5628 2709 5667 non
2737 5613 2923 5684 procul
2954 5631 2996 5668 ~a
3018 5613 3283 5671 coronatis
3317 5619 3406 5672 in-

248 5620 364 5740 (67)
404 5620 470 5670 In
511 5620 761 5671 Biblioth.
794 5620 910 5671 PP.
955 5620 1147 5670 noviss.
1185 5620 1435 5670 timco-L

171 5685 776 5812 ¹³²ῗάω⁴ὸέ³ιέῗιὶἳξ⁰ἒᾶλε
814 5751 1045 5812 Nm.
1075 5766 1199 5812 nas.
1221 5753 1290 5810 49
1317 5762 1370 5811 ει
1404 5755 1435 5809 5

342 5758 362 5828 )
389 5751 634 5827 Defensio
652 5755 776 5827 ﬁdei
814 5751 1045 5819 Nicen,
1075 5766 1199 5828 pag.
1221 5753 1290 5810 49
1317 5762 1370 5811 et
1404 5755 1492 5812 50.

1825 5687 2012 5744 veniri.
2043 5685 2218 5757 Epist.
2254 5685 2311 5751 2,
2345 5699 2393 5740 c.
2421 5683 2473 5737 7.
