4046 6326
602 357 664 413 3i
1657 346 1748 402 AD
1787 345 1845 403 S.
1883 342 2309 402 CLEMEN'I‘EM
2350 345 2368 398 I
2409 341 2641 398 PAPAM

3607 418 3614 424 β
3698 335 3811 397 132

559 468 787 526 Joannis
819 466 1138 523 Damasceni
1157 481 1322 537 Opera
1348 463 1698 533 intelligitur;
1741 468 1903 531 atque
1930 476 1995 516 ex
2016 475 2121 516 ms.
2155 467 2199 522 Α
2227 457 2526 513 Ecclesiam
2550 443 3128 525 Corinthiacamprius
3153 468 3215 507 ea
3242 454 3405 508 missa
3426 453 3613 511 fuerit.
3636 468 3808 524 quam

557 561 768 624 codice,
807 576 916 629 quo
958 558 1157 623 Junius
1189 559 1257 619 ad
1301 571 1424 612 eam
1465 555 1519 610 in
1550 553 1826 624 publicum
1857 540 2122 612 edendam

556 667 690 709 usus
727 660 833 716 est,
863 666 1020 721 quem
1047 665 1078 703 a
1108 650 1268 720 primi
1298 661 1471 718 usque
1497 645 1702 701 Nicaeni
1740 644 1960 700 concilii
1986 650 2125 698 tem-

556 745 784 815 poribus
803 751 1085 797 exaratum
1127 741 1237 812 (78)
1263 740 1434 795 fuisse
1464 738 1766 793 existimat.
1802 736 1960 791 Prior
1997 734 2122 808 qui-

553 845 676 892 dem
711 837 946 905 epistola
961 837 1014 888 in
1037 833 1254 888 laudato
1270 825 1458 887 codice
1480 830 1546 884 ad
1565 830 1768 884 calcem
1791 829 1870 884 sic
1889 827 2126 899 inscrip-

555 936 610 982 ta
627 928 822 998 legitur
846 943 858 978 :
883 927 1198 997 Κλήμεντος
1228 923 1364 995 πρὸς
1393 921 1712 994 Κορινθίους
1755 918 2009 990 ἐπιστολὴ
2031 921 2120 984 A’;

559 1021 833 1089 posterior
862 1033 993 1073 vero
1023 1018 1102 1073 sic
1128 1031 1141 1067 :
1186 1014 1503 1084 Κλήμεντος
1526 1010 1780 1081 ἐπιστολὴ
1793 1010 2006 1075 B';licet
2027 1024 2123 1061 au-

555 1117 664 1164 tem
686 1108 955 1177 posterior
974 1102 1037 1161 ex
1069 1103 1414 1159 librariorum
1431 1099 1571 1155 forte
1588 1099 2122 1169 incuria,przenotata

558 1198 698 1269 πρὸς
735 1197 1056 1268 Κορινθίους
1081 1194 1225 1250 haud
1265 1199 1608 1262 compareat;
1639 1189 1827 1261 quidni
1851 1198 1904 1244 et
1921 1188 2122 1247 eamad

551 1287 862 1342 Corinthios
891 1287 1114 1339 missam
1133 1284 1531 1346 existimemus,
1551 1287 1673 1337 eum
1691 1280 1891 1352 prioris
1921 1279 2086 1334 inscri
2100 1309 2120 1320 -

551 1378 665 1447 ptio
689 1379 790 1432 hac
821 1378 887 1432 de
911 1392 968 1431 re
1006 1378 1142 1431 satis
1173 1389 1445 1444 superque
1474 1372 1730 1438 indubios
1757 1385 1859 1425 nos
1887 1370 2122 1425 reddat?

550 1469 842 1525 Enimvero
863 1485 1037 1538 neque
1066 1468 1218 1538 prior
1259 1466 1460 1536 legitur
1489 1466 1543 1520 in
1584 1463 1828 1518 indiculo
1865 1454 2034 1518 fuisse
2051 1462 2119 1516 ad

548 1559 868 1615 Cerinthios
911 1559 1233 1628 perscripta.
1261 1557 1397 1622 Quis
1423 1572 1586 1626 porro
1624 1570 1692 1610 ne
1719 1555 1867 1608 illam
1903 1554 2118 1624 quidem

547 1646 956 1705 Corinthiorum
988 1647 1207 1700 nomine
1233 1647 1499 1716 signatam
1525 1660 1592 1700 ex
1615 1643 1860 1713 ejusdem
1889 1642 2116 1699 lndiculi

547 1740 768 1796 silentio
793 1738 916 1808 jure
940 1738 1171 1808 arguat?
1193 1737 1379 1808 Neque
1417 1737 1544 1792 item
1572 1735 1847 1792 silentium
1872 1750 1973 1790 nos
2001 1751 2120 1790 mo-

2229 546 2388 603 Soter
2405 563 2558 602 suam
2587 545 2842 616 deinceps
2877 546 3054 602 eidem
3084 545 3450 614 inscripserit.

2301 639 2604 708 Responsio.
2632 667 2702 678 —
2732 637 2929 693 Verum
2961 645 3102 703 esto,
3137 638 3443 692 meminerit
3477 635 3568 691 hic
3598 635 3811 707 Diony-

2227 732 2345 788 sius
2368 732 2566 801 prioris
2595 738 2803 785 tantum
2840 730 3138 785 Clementis
3161 724 3437 798 epistolaei
3475 744 3652 799 neque
3683 730 3809 800 pla-

2227 831 2314 877 cet
2342 823 2486 877 enim
2508 822 2782 891 Beveregii
2815 821 3083 876 sententia
3107 821 3245 892 (84),
3277 821 3645 889 conjicientis,
3679 820 3808 890 epi-

2225 928 2449 983 scopum
2482 911 2889 988 Corinthiorum
2933 911 3134 967 omissa
3184 909 3392 965 Soteris
3438 911 3670 981 epistola
3733 911 3807 964 de

2228 1013 2458 1074 utraque
2477 1003 2816 1083 Clementina
2853 1003 3017 1058 verba
3051 1003 3268 1058 fecisse.
3311 1002 3490 1057 Minus
3528 1003 3654 1057 item
3696 1020 3806 1056 no-

2226 1097 2311 1152 bis
2367 1080 2651 1166 probatur,
2702 1095 2848 1168 quod
2893 1096 2984 1150 alii
3055 1096 3415 1160 arbitrantur,
3479 1080 3805 1166 Dionysium

2224 1202 2416 1258 nempe
2447 1187 2593 1242 illam
2625 1186 2920 1242 Clementis
2965 1188 3272 1257 epistolam,
3306 1168 3440 1257 quae.
3470 1187 3685 1257 publice
3731 1188 3798 1241 le-

2223 1276 2470 1346 gebatur,
2498 1277 2620 1332 ideo
2660 1275 2907 1332 fortasse
2931 1277 3200 1348 προτέραν
3219 1290 3465 1338 vocasse,
3491 1284 3551 1329 ut
3577 1291 3693 1328 eam
3729 1276 3804 1328 ab

2223 1368 2391 1422 altera
2424 1367 2635 1424 Soteris
2667 1369 2733 1422 ad
2761 1366 3076 1424 Corinthios
3109 1368 3311 1439 pariter
3354 1367 3557 1437 scripta
3599 1367 3804 1420 distin-

2225 1468 2432 1531 gueret.
2456 1461 2525 1514 At
2548 1461 2635 1517 his
2666 1461 2872 1528 missis,
2912 1476 3043 1516 num
3067 1467 3351 1535 prepterea
3387 1459 3490 1514 rite
3512 1474 3634 1514 cum
3661 1457 3799 1512 Gra-

2224 1554 2313 1607 bio
2340 1552 2583 1623 colligas,
2623 1544 2749 1623 post
2791 1567 2964 1608 tevum
3011 1551 3226 1606 demum
3266 1551 3511 1624 Dionysii
3550 1560 3805 1606 vertente

2223 1641 2423 1702 sapculo
2495 1656 2534 1695 ιι
2594 1641 2668 1696 ita
2732 1641 3060 1706 scribentis,
3127 1640 3523 1696 Clcmentinam
3594 1656 3803 1696 secun-

2222 1709 2344 1785 dam
2380 1731 2551 1787 fuisse
2601 1731 2933 1788 conﬁctam?
2966 1731 3080 1786 Hoc
3116 1748 3284 1786 unum
3332 1733 3541 1788 scilicet
3584 1748 3648 1788 ex
3697 1732 3799 1797 iis,

547 1839 670 1885 rest
719 1827 960 1891 Eusebii,
995 1835 1059 1882 et
1088 1827 1185 1896 qui
1231 1842 1354 1882 eum
1406 1825 1579 1881 secuti
1605 1832 1758 1887 sunt,
1805 1822 2118 1894 Hieronymi
2157 1817 2195 1871 Β
2225 1821 2550 1878 observante
2575 1822 2870 1878 Coutantio
2900 1830 3111 1886 nostro,
3129 1822 3322 1877 conﬁci
3358 1838 3521 1892 posse
3551 1822 3799 1888 videtur,

547 1925 710 1990 atque
738 1917 942 1983 Ruﬁni,
973 1919 1089 1988 qui,
1116 1918 1246 1973 dum
1290 1917 1533 1988 epistolae
1564 1914 1818 1973 secundae
1859 1914 2118 1970 memine-

546 2018 695 2073 runt,
722 2010 974 2064 Ecclesia
999 2007 1364 2064 Corinthiacus
1414 2006 1586 2061 fuisse
1616 2006 1763 2060 illam
1797 2005 2116 2075 inscriptam

547 2115 655 2157 non
681 2100 984 2171 perhibent.
1015 2098 1151 2154 Cum
1186 2099 1332 2154 enim
1359 2096 1561 2151 laudati
1599 2097 1914 2165 scriptores,
1948 2101 2008 2148 ut
2039 2109 2120 2149 re-

544 2199 631 2246 cte
659 2191 1002 2253 Coutantius,
1029 2198 1331 2245 memorata
1367 2187 1546 2258 priore
1567 2184 1858 2240 Clementis
1889 2182 2115 2252 epistola

545 2281 614 2337 ad
641 2281 958 2337 Corinthios
987 2283 1171 2337 statim
1203 2279 1469 2334 subdant:
1504 2279 1672 2348 fertur
1717 2286 1764 2331 et
1795 2276 1983 2339 altera,
2019 2291 2114 2329 ne-

516 2374 740 2446 'que,ad
763 2374 899 2427 alios
924 2373 1065 2426 hanc
1094 2372 1318 2426 alteram
1349 2370 1610 2439 scriptam
1643 2368 1962 2438 designent;
1993 2381 2110 2420 eam

543 2479 761 2536 quoque
784 2463 850 2517 ad
883 2462 1104 2517 eosdem
1146 2460 1406 2528 scriptam
1437 2459 1741 2528 intelligere
1771 2456 1967 2510 merito
1994 2456 2111 2510 exi-

541 2559 871 2614 stimantur:
907 2555 1150 2623 alioquin
1200 2553 1247 2606 si
1279 2550 1358 2606 .ad
1410 2551 1547 2607 alios
1596 2551 1817 2604 missam
1862 2557 2107 2614 nossent,

541 2662 718 2718 neque
745 2647 797 2701 id
846 2645 1196 2707 innuissent,
1246 2641 1360 2696 huic
1392 2641 1632 2711 ipsorum
1667 2638 1949 2702 reticentia
1986 2638 2111 2709 jure

542 2748 607 2788 ac
631 2735 826 2788 merito
851 2730 1194 2801 negligentia:
1220 2727 1487 2797 culpanda
1513 2728 1808 2782 videretur.

613 2822 850 2892 Objectio
888 2821 1062 2891 prima
1096 2829 1282 2873 contra
1309 2817 1637 2872 audientiam
1666 2817 1822 2886 hujus
1853 2809 2131 2886 Epistolw'

538 2912 899 2968 Clementinc.
944 2939 1016 2959 -ι
1063 2909 1304 2964 Joannes
1349 2907 1590 2962 Morinus
1635 2907 1774 2962 hanc
1819 2908 2102 2978 epistolam

540 3003 944 3074 suppositionisv
964 3011 1271 3072 suspectam
1301 3000 1464 3054 habet
1490 3013 1555 3053 eo
1585 3010 1927 3068 argumento,
1957 3000 2103 3069 quod

539 3095 795 3149 nimirum
831 3093 978 3147 illius
1009 3092 1212 3160 stylus,
1235 3106 1344 3144 non
1391 3097 1449 3143 ut
1477 3088 1698 3159 prioris,
1744 3091 1815 3143 sit
1849 3091 2100 3160 simplex,

538 3185 632 3240 sed
663 3185 947 3254 argutuIUs
981 3183 1116 3253 (79),
1149 3198 1255 3236 non
1287 3189 1479 3250 sponte
1509 3180 1701 3242 ﬂuens,
1736 3181 1829 3234 sed
1874 3197 1972 3251 pro
2004 3198 2100 3239 au-

535 3276 879 3345 ctoriscaptu
915 3275 1159 3330 studiose
1201 3273 1548 3338 elaboratus;
1603 3286 1711 3325 non
1758 3271 2102 3343 ἀπεριοδικὺς

533 3375 588 3422 et
639 3378 1029 3433 nonnunquam
1061 3362 1505 3426 ἀνανταπόδοτος,
1548 3361 1641 3416 sed
1670 3362 1957 3416 verborum
1993 3378 2101 3417 am-

499 3448 501 3450 ’
532 3456 726 3519 bitum,
748 3455 1077 3515 antitheses,
1102 3468 1400 3522 earumque
1433 3453 1792 3521 repetitiones
1814 3452 2101 3508 ambitiose

532 3546 766 3601 ati‘sctet.
793 3545 933 3600 Idem
960 3559 1179 3615 quoque
1203 3553 1587 3614 argumentum
1609 3552 1767 3618 urget
1793 3543 2098 3600 Richardus

533 3637 811 3694 Simonius
839 3635 975 3707 (80).

604 3734 837 3789 luticiari
865 3733 1115 3802 equidem
1147 3734 1338 3796 nolim,
1370 3733 1514 3787 haud
1540 3733 1657 3789 leve
1686 3734 1981 3803 aliquando
2010 3748 2099 3788 ar-

530 3830 845 3894 gumentum
889 3837 956 3877 e:
985 3822 1435 3880 dissimilitudine
1465 3824 1592 3896 styli
1627 3833 1934 3894 suppetere,
1988 3841 2097 3896 quo

527 3890 691 3968 alicui
716 3913 967 3983 scriptori
989 3927 1128 3983 opus
1149 3890 1747 3984 abjudicetur,‘aiiique
1774 3890 2100 3979 addicatur

528 4005 824 4061 dummodo
871 4011 1053 4059 tamen
1102 4006 1312 4075 reliqua
1363 4006 1470 4061 rite
1515 4007 1845 4062 cohareant.
1895 4004 2094 4063 Verum

527 4109 672 4152 nunc
714 4102 975 4153 canonem
1027 4098 1277 4154 criticum
1328 4115 1434 4154 non
1490 4115 1611 4156 esse
1640 4101 1867 4154 nimium
1899 4116 2096 4170 urgen-

525 4187 679 4253 dum,
704 4205 861 4244 nemo
884 4203 990 4243 non
1029 4189 1211 4257 videt;
1251 4189 1545 4259 siquidem,
1571 4192 1849 4262 utoptime
1884 4176 2094 4253 Cotele-

526 4279 667 4342 rius,
697 4294 860 4348 quem
881 4280 1129 4349 sequitur
1157 4289 1212 4335 et
1248 4279 1482 4338 Grabius
1513 4282 1778 4353 (8i),styli
1808 4282 2093 4338 dissimili-

528 4370 661 4426 tudo
686 4372 754 4426 ab
782 4372 971 4426 eodem
1004 4371 1272 4441 scriptore
1302 4388 1400 4442 pro
1428 4374 1690 4430 varietate
1718 4386 2020 4446 temporum
2036 4384 2091 4431 et

527 4477 818 4519 causarum
850 4463 982 4517 oriri
1012 4463 1207 4532 potuit.

601 4551 837 4622 Objectio
858 4561 1088 4606 secunda
1112 4568 1176 4606 ea:
1198 4553 1451 4624 Dionysio
1475 4554 1866 4610 Corinthiorum
1885 4557 2087 4624 episco-

523 4657 587 4710 po
607 4638 1094 4710 desumpta.—Vir.
1125 4641 1195 4694 cl.
1219 4639 1459 4696 Joannes
1489 4640 1723 4697 Grabius
1745 4642 1854 4712 (82)
1878 4659 1943 4698 ex
1969 4659 2088 4698 ver-

2223 1916 2396 1972 fuisse
2431 1918 2486 1971 in
2525 1917 2969 1987 more‘positum,
3005 1916 3365 1986 institutoque
3394 1916 3650 1971 Ecclesiae
3684 1914 3804 1971 Co-

2221 2008 2570 2069 rinthiorum,
2615 2009 2852 2078 priorem
2899 2011 3116 2080 quidem
3160 2007 3458 2066 Clementis
3506 2010 3802 2079 epistolam

2219 2097 2344 2165 legi,
2375 2099 2733 2167 posteriorem
2767 2115 2872 2154 non
2921 2101 3066 2155 item.
3105 2099 3363 2170 Nunquid
3408 2099 3622 2155 demum
3658 2107 3800 2155 tunc
3833 2123 3837 2126 -

2217 2187 2478 2254 temporis
2498 2195 2654 2242 erant
2681 2188 2921 2258 legendae
2945 2190 2998 2244 in
3020 2191 3254 2260 publicis
3276 2190 3643 2246 ecclesiarunr
3655 2205 3800 2244 con-

2215 2278 2469 2332 ventibus
2499 2292 2689 2333 omnes
2732 2295 2838 2335 non
2882 2281 3254 2349 apostolorum
3286 2280 3476 2344 modo,
3501 2279 3595 2336 sed
3624 2283 3798 2335 etiam

2217 2370 2640 2440 apostolicorum
2674 2369 2914 2423 virorum
2953 2372 3226 2441 epistolae;
3259 2378 3317 2425 ut
3345 2371 3576 2443 proinde
3605 2379 3798 2442 poste-

2215 2459 2327 2514 rior
2356 2460 2651 2516 Clementis
2685 2463 2954 2519 censenda
2983 2466 3054 2518 sit
3084 2463 3552 2534 pseudepigrapha
3577 2479 3644 2518 eo
3681 2479 3796 2518 no-

2217 2552 2381 2614 mine,
2417 2552 2560 2621 quod
2604 2553 2671 2608 de
2715 2553 2861 2608 illius
2907 2555 3143 2609 lectione
3181 2555 3234 2607 in
3276 2560 3546 2610 conventu
3591 2553 3798 2608 Corin-

2213 2644 2395 2697 thiaco
2422 2645 2624 2698 nullam
2669 2643 2878 2714 injiciat
2919 2645 3250 2700 mentionem
3279 2644 3610 2716 Dionysius?
3647 2643 3793 2699 Cum

2212 2733 2397 2803 itaque
2451 2735 2684 2804 priorem
2740 2735 2959 2804 quidem
3007 2735 3231 2790 minime
3269 2749 3397 2790 vero
3427 2734 3791 2812 posteriorem

2211 2824 2264 2889 in
2295 2831 2439 2880 coetu
2465 2825 2836 2880 ecclesiastico
2863 2826 3062 2897 perlegi
3099 2827 3450 2882 consuevisse
3475 2827 3542 2881 ab
3571 2828 3795 2896 episco«

2211 2929 2279 2985 po
2305 2914 2714 2970 Corinthiorum
2753 2915 3102 2972 addiscamus
3131 2935 3146 2984 ;
3181 2919 3308 2974 hinc
3347 2932 3479 2972 sane
3516 2918 3794 2990 perspici-

2210 3020 2350 3068 mus,
2386 3021 2484 3060 cur
2513 3006 2749 3076 priorem
2783 3008 3030 3061 eximiam
3047 3023 3264 3084 prorsus
3286 3016 3442 3078 atque
3482 3010 3790 3063 mirabilem

2211 3098 2493 3165 appellarit
2520 3099 2809 3168 episcopus
2842 3098 3239 3165 Caesareensis;
3265 3100 3332 3154 de
3355 3100 3656 3170 posteriore
3683 3114 3787 3154 ve-

2206 3201 2268 3240 ro
2299 3173 2621 3253 scripserit:
2650 3185 2813 3240 Illam
2841 3189 3011 3243 minus
3037 3189 3427 3256 notamfuisse,
3449 3190 3608 3260 neque
3632 3207 3663 3242 a
3699 3205 3796 3244 u-

2204 3275 2396 3331 teribus
2412 3287 2745 3346 usurpatam.

2275 3366 2587 3424 Occurritur
2649 3371 2819 3424 tertia:
2864 3370 3164 3435 obiectiuni.
3213 3370 3515 3440 Responsio.
3558 3404 3628 3413 —
3667 3371 3793 3431 Nec

2200 3459 2346 3513 dicat
2373 3460 2456 3523 vi;
2498 3459 2766 3522 eruditus,
2815 3460 3210 3529 suppositionis
3255 3462 3622 3530 suspicionem
3671 3464 3789 3519 sibi

2201 3548 2423 3619 injicere
2460 3550 2783 3605 sententiam
2807 3566 2836 3606 e
2869 3552 3008 3606 libro
3027 3553 3260 3622 quodam
3290 3559 3599 3625 apocrypha
3619 3571 3788 3625 acce-

2199 3649 2370 3710 ptam,
2401 3654 2521 3712 quae
2547 3643 2601 3696 in
2634 3643 2797 3712 hujus
2823 3643 3067 3714 epistolae
3089 3645 3272 3714 capite
3304 3646 3362 3699 il
3412 3653 3611 3710 exstat,
3651 3661 3784 3706 cum

2193 3731 2307 3801 jam
2343 3741 2396 3788 et
2420 3737 2472 3787 in
2509 3733 2708 3803 prioris
2743 3734 2922 3804 capite
2947 3734 3037 3799 23,
3077 3737 3266 3805 paucis
3311 3739 3552 3802 mutatis,
3582 3738 3782 3795 occur-

2198 3830 2302 3878 rat.
2349 3822 2406 3878 Si
2439 3824 2583 3878 enim
2613 3835 2804 3879 contra
2833 3825 3128 3880 secundam
3169 3814 3458 3895 epistolam
3494 3827 3609 3884 btec
3636 3833 3785 3887 ratio

2194 3917 2304 3971 vim
2335 3916 2581 3979 haberet,
2613 3915 2724 3986 jam
2756 3915 2822 3971 de
2851 3917 3038 3986 primae
3067 3931 3282 3986 quoque
3312 3917 3621 3988 integritate
3642 3935 3782 3975 cons

2196 4006 2486 4065 clamatum
2529 4006 2701 4062 foret;
2725 4007 2896 4070 Adde,
2927 4006 3076 4076 quod
3113 4007 3339 4078 repetita
3370 4008 3611 4079 ejusdem
3645 4027 3781 4067 sen-

2196 4099 2376 4157 tentiae
2443 4099 2629 4154 citatio
2677 4099 2989 4153 nullatenus
3043 4097 3234 4153 idonea
3288 4099 3358 4175 sit
3410 4099 3527 4154 falsi
3590 4104 3781 4171 suspi-

2194 4189 2352 4244 candi
2382 4203 2569 4254 causa,
2602 4189 2677 4243 ita
2692 4197 2948 4246 censente
2976 4189 3092 4242 viro
3118 4189 3182 4243 in
3207 4205 3266 4245 re
3288 4192 3476 4246 critica
3503 4194 3776 4263 peritissi-

2194 4296 2284 4335 mo
2310 4279 2626 4336 Coutantio.
2763 4283 2767 4287 ’

2267 4368 2500 4437 Objectio
2514 4377 2726 4436 quarta,
2760 4376 2811 4421 et
2857 4367 3148 4438 responsio.
3167 4400 3235 4432 τ-
3249 4368 3385 4426 Sunt
3411 4370 3648 4441 insuper,
3663 4389 3704 4442 ,ιι
3716 4373 3774 4427 ui

2121 4474 2166 4531 ι)
2193 4459 2445 4514 secundae
2476 4459 2638 4527 hujus
2688 4458 2928 4527 epistola:
2970 4459 3182 4513 veritati
3212 4460 3386 4514 locum
3432 4462 3694 4530 objiciunt
3741 4480 3774 4518 a

2191 4547 2645 4620 pseudo-Justino
2678 4549 3051 4618 desumptum,
3084 4551 3176 4619 qui
3222 4550 3303 4605 sic
3354 4567 3412 4606 se
3459 4554 3650 4607 habet:
3707 4553 3776 4609 Si

2189 4642 2459 4710 pra'sentis
2488 4657 2663 4694 rerum
2693 4652 2864 4694 status
2904 4642 3024 4708 ﬁnis
3055 4651 3132 4696 est
3169 4642 3449 4711 impiorum
3481 4661 3570 4712 per
3591 4646 3770 4714 ignem

525 4734 606 4788 bis
635 4732 875 4803 Dionysii
913 4731 1321 4787 Corinthiorum
1353 4735 1592 4804 episcopi
1623 4736 1762 4804 apud
1797 4735 2086 4789 Eusebium
2179 4733 2466 4801 judicium,
2495 4742 2650 4799 prout
2687 4741 2947 4785 testantur
2977 4722 3280 4801 Scriptura!
3303 4735 3673 4804 prophetarum
3711 4746 3770 4804 et

522 4824 636 4894 (83)
654 4824 845 4878 confici
868 4832 1044 4893 putat,
1065 4837 1228 4876 unam
1257 4822 1521 4878 duntaxat
1540 4840 1569 4878 a
1594 4824 1655 4879 D.
1676 4823 1948 4880 Clemente
1965 4828 2086 4894 epi-

521 4915 715 4967 stolam
743 4928 866 4968 esse
886 4915 1169 4981 scriptam,
1202 4929 1364 4981 quam
1385 4914 1483 4983 τὴν
1517 4913 1791 4985 προτέραν
1825 4914 1911 4967 διὰ
1940 4915 2088 4984 Κλή-

521 5020 712 5074 μεντος
726 5006 1026 5078 γραφεῖσαν
1046 5002 1336 5073 Dionysius
1361 5006 1615 5073 appellat,
1631 5007 1773 5074 quod
1796 5004 2004 5059 scilicet
2017 5005 2081 5058 ad

588 5175 702 5246 (78)
739 5174 795 5247 S.
823 5173 1115 5233 Clementis
1137 5191 1200 5232 ex
1227 5177 1385 5247 epist.
1407 5178 1442 5232 2
1477 5180 1543 5233 ad
1565 5178 2080 5246 Corinth.:cQuires

521 5246 810 5319 praesentis
843 5247 964 5297 vitae
983 5246 1292 5319 cognoscit,
1327 5249 1598 5319 intelligit,
1637 5266 1808 5318 neque
1837 5266 1922 5313 ea,
1960 5265 2081 5319 quae

516 5315 761 5389 nonnulli
779 5315 1033 5389 jucunda
1067 5315 1337 5389 reputant,
1356 5315 1554 5379 aliena
1589 5315 1740 5384 esse,
1771 5327 1862 5389 aut
1888 5315 2077 5389 procul

515 5385 709 5439 dissita
746 5386 813 5439 ab
845 5387 932 5456 iis,
970 5402 1098 5456 quae
1127 5385 1259 5442 odio
1283 5388 1649 5456 habentur,rl.
1686 5406 1721 5444 ιι
1782 5385 2079 5444 Parallelo-

515 5472 668 5530 tum,
688 5470 808 5523 cap.
841 5455 929 5510 20.
959 5455 1155 5530 Junius
1176 5456 1382 5527 praefat.
1407 5455 1645 5530 inClem.
1679 5459 1863 5530 epist.,
1894 5457 2076 5515 tom.~l

516 5523 1200 5598 Patr‘ttm_apos_tolicorum—,
1230 5543 1353 5598 pag.
1389 5529 1510 5584 l32.
1713 5523 1728 5530 ’
1851 5523 1885 5534 ν’

514 5593 693 5716 lzu(73)
725 5592 1013 5651 Exercitat.
1061 5592 1273 5661 Biblici,
1304 5592 1342 5651 Ῑ.
1378 5613 1417 5661 ι,
1450 5614 1576 5669 cap.
1601 5601 1655 5664 4,
1687 5601 1739 5664 5.
1773 5600 1825 5666 9,
1866 5601 2075 5679 exerci-

537 5673 607 5715 at.
634 5673 684 5717 9.
2007 5675 2012 5679 ’

585 5726 697 5802 (80)
732 5733 866 5788 Bibl.
901 5736 1102 5799 (limis,
1134 5746 1172 5790 t.
1204 5737 1244 5800 I,
1277 5755 1324 5793 c.
1359 5739 1447 5802 58,
1484 5755 1602 5810 pag.
1627 5739 1752 5794 282.

2189 4824 2567 4892 apostolorum,
2601 4823 2998 4893 atque‘insuper
3040 4824 3277 4894 ‘sibyllw,
3309 4834 3365 4878 ut
3408 4826 3483 4878 ait
3530 4814 3605 4880 B.
3640 4825 3770 4880 Cle-

2188 4932 2328 4969 mens
2361 4918 2413 4967 in
2437 4915 2658 4983 ipistola
2688 4913 2756 4969 ad
2796 4912 3220 4978 Corinthioshad
3251 4931 3370 4986 quae
3401 4917 3614 4986 quidem
3636 4932 3768 4971 vcr-

2189 5008 2253 5062 ba
2301 5011 2454 5077 plura
2498 5005 2710 5061 erudite
2753 5005 3005 5074 observat
3036 5005 3363 5073 Cotelerius,
3396 5017 3558 5081 atque
3584 5024 3648 5064 ex
3688 5024 3766 5065 eo

2255 5180 2368 5305 (ειξ
2401 5180 2647 5263 Spicileg.
2674 5191 2713 5238 t.
2748 5180 2941 5305 lwag.
2969 5182 3096 5241 268.

2255 5253 2347 5305 (82
2395 5251 2555 5305 lbid..
2591 5253 2770 5305 nau.2
2850 5295 2861 5305 .

2255 5251 2368 5323 es)
2395 5251 2555 5323 Iud”
2590 5267 2713 5323 pas.
2737 5251 2861 5323 εδδ.

2253 5320 2365 5390 (83)
2403 5320 2686 5397 HodieiS.’
2722 5321 2859 5376 diem
2897 5321 3230 5397 Dominicum
3285 5327 3651 5397 transegimus,
3695 5331 3760 5385 in

2179 5407 2279 5459 quo
2310 5401 2533 5466 vestram
2580 5390 2796 5466 legimus
2837 5393 3159 5466 epistolam:
3191 5411 3346 5462 quam
3379 5390 3583 5466 quidem
3630 5414 3759 5466 per-

2178 5470 2329 5533 petuo
2372 5459 2609 5529 deinceps
2631 5459 2892 5533 legentes,
2941 5462 3153 5527 perinde
3185 5459 3246 5517 ac
3273 5459 3499 5533 priorem
3529 5459 3681 5522 illam
3718 5487 3760 5526 ιι

2179 5528 2441 5610 Clemente
2474 5528 2898 5610 scriptftm,_untle
2916 5533 3124 5610 optimis
3152 5528 3363 5610 monitis
3391 5539 3758 5610 instruamur,

2180 5600 2449 5654 habemus.
2481 5600 2703 5665 Euseb,
2749 5601 2818 5654 Il.
2847 5600 3007 5668 E.,'l.
3046 5618 3118 5664 Iv,
3152 5619 3202 5658 c.
3230 5605 3320 5659 23.

2249 5668 2519 5739 (34)‘Cod.
2541 5688 2752 5735 canam,
2784 5668 2821 5726 l.
2853 5686 2912 5738 tt,
2937 5688 3056 5743 cap.
3083 5673 3136 5737 9,
3171 5674 3198 5745 ᾗ
3231 5676 3316 5739 10,
3353 5692 3474 5747 pag.
3509 5678 3633 5738 H5.
