4054 6320
142 353 228 405 ⁸53
1393 352 1701 411 ΡηυοΕΜιλ

1802 347 2136 404 lARlORUM
2149 392 2162 406 .

3280 352 3384 407 131»

137 467 447 521 Coutantius
469 467 687 536 aliique.
727 463 926 521 Verum
965 464 1032 522 iis
1058 465 1262 530 missis,
1291 467 1485 536 conjici
1521 468 1694 537 primo
1723 470 1774 528 Α
1872 465 2106 544 Objectio
2150 474 2319 528 sexta,
2367 472 2416 518 et
2467 467 2844 533 respOttsi0.--
2870 465 3039 521 lnstat
3088 481 3250 535 porro
3301 469 3384 522 vir

136 567 323 626 posset,
350 558 607 611 nimirum
640 555 786 610 hunc.
815 555 1137 624 scriptorem
1161 557 1422 610 memoria
1456 557 1704 631 ellluente

136 647 490 708 existimasse,
527 646 627 698 hoc
648 644 855 714 sibyllae
884 645 1275 710 testimonium,
1298 647 1439 714 quod
1472 647 1527 699 in
1566 643 1706 700 Con-

137 719 482 789 stitutionibus
542 734 841 803 apostolicis
870 735 1095 805 legerat,
1143 737 1196 789 in
1225 736 1454 806 epistola
1486 736 1553 790 ad
1588 736 1700 792 Co-

137 830 356 884 rinthios
379 837 620 885 exstare.
659 828 717 883 Si
762 830 943 885 minus
975 831 1183 899 placeat
1213 830 1326 885 haec
1363 831 1699 899 conjectura,

138 923 257 977 illud
301 923 496 978 saltem
529 937 654 976 cum
702 921 1037 978 doctissimis
1064 922 1193 977 viris
1226 938 1542 978 asseverare
1592 938 1703 978 non

136 1013 402 1076 dubitabo,
438 1020 684 1067 nostrum
711 1013 1029 1082 scriptorem
1063 1013 1283 1067 minime
1310 1027 1436 1066 cum
1466 1013 1533 1067 iis
1564 1012 1704 1068 face-

137 1120 206 1165 re,
240 1104 328 1173 qui
379 1104 502 1172 ejus
534 1105 845 1159 testimonio
896 1113 1144 1168 utuntur,
1199 1109 1258 1157 ut
1304 1105 1590 1175 epistolam
1641 1103 1698 1159 S.

136 1194 416 1248 Clementis
437 1195 731 1248 secundam
764 1194 983 1247 minime
1006 1195 1294 1262 genuinam
1312 1209 1434 1248 esse
1450 1193 1698 1262 probent,

138 1285 218 1338 sed
249 1283 488 1338 hominis
515 1282 704 1345 fetum,
744 1283 831 1349 cui
864 1284 976 1336 noti
999 1290 1156 1336 erant
1197 1283 1438 1352 Sibyllini
1487 1282 1554 1336 de
1596 1297 1690 1335 ex-

138 1386 298 1430 tremo
317 1375 532 1445 judicio
561 1390 774 1434 versus,
820 1375 992 1428 multo
1017 1376 1335 1429 recentioris
1368 1383 1556 1429 sancto
1580 1375 1701 1428 Cle-

137 1480 337 1535 mente;
373 1472 697 1523 utomittam
737 1467 1312 1537 pseudo-Justinumin
1339 1469 1591 1539 ambiguo
1615 1484 1702 1522 re-

139 1563 368 1629 liquisse,
397 1569 574 1614 utram
595 1560 769 1613 sancti
789 1559 1085 1613 Clementis
1114 1559 1396 1628 epistolam
1427 1560 1695 1614 citaverit.

137 1651 203 1704 lta
239 1651 346 1707 fere
389 1651 610 1704 disserit
639 1653 722 1703 vir
765 1650 1122 1707 doctissimus
1150 1649 1482 1705 Prudentius
1513 1661 1698 1706 noster

138 1744 306 1798 Maran
335 1745 466 1813 (85).
1458 1815 1459 1818 η

200 1836 430 1905 Objectio
475 1838 658 1906 quinta
699 1836 942 1892 diluitur.
970 1867 1039 1878 -—-
1067 1834 1412 1891 Hermannus
1455 1834 1696 1891 Veuema

135 1934 499 1996 argumentum
549 1935 739 1980 contra
789 1926 1124 1980 authentiam
1171 1925 1424 1979 secundae
1457 1925 1701 1995 epistola:

134 2032 192 2070 eo
219 2016 386 2078 ducit,
419 2017 565 2086 quod
595 2029 785 2072 auctor
812 2019 1055 2086 epistolae
1083 2017 1402 2086 posterioris
1427 2033 1548 2071 sese
1589 2017 1701 2071 ori-

136 2108 246 2175 gine
281 2108 537 2175 gentilem
572 2117 755 2177 aperte
785 2108 978 2176 prodat
1002 2108 1134 2176 (86),
1167 2121 1290 2160 cum
1318 2122 1348 2162 e
1380 2119 1571 2160 contra
1601 2122 1701 2160 na-

135 2199 268 2252 tione
293 2195 541 2252 Jndaaum
578 2197 748 2253 fuisse
773 2197 1104 2254 Clementem
1137 2198 1374 2252 clamare
1412 2205 1703 2253 cenSeatur

135 2289 273 2342 locus
306 2288 394 2342 ille
425 2289 628 2358 prioris
658 2289 926 2358 epistolae,
961 2289 1050 2342 ubi
1118 2287 1293 2347 Jacob
1372 2299 1575 2358 patrem
1606 2307 1702 2343 no-

134 2386 287 2430 strum
316 2378 553 2446 appellat
581 2379 788 2447 (87).At
817 2380 1034 2432 clumbe
1059 2376 1298 2447 profecto
1322 2387 1700 2448 argumentum

133 2470 472 2533 istiusmodi,
529 2485 637 2540 quo
679 2470 1042 2524 Corintliiacze
1093 2467 1412 2538 posterioris
1456 2471 1700 2539 epistola:

131 2561 341 2613 tollatur
368 2561 671 2625 integritas.
697 2559 897 2624 Quidni
927 2560 1088 2614 sodes
1112 2560 1362 2615 Clemens
1394 2559 1546 2614 Pauli
1581 2578 1703 2613 συν-

131 2650 297 2718 εργός,
397 2650 570 2706 Jacob
632 2659 836 2718 patrem
887 2658 1126 2702 nostrum
1176 2663 1242 2703 eo
1285 2665 1450 2703 sensu
1506 2665 1702 2704 vocare

131 2741 372 2806 potuerit,
403 2755 513 2808 quo
544 2741 685 2794 idem
717 2740 1009 2810 Apostolus
1052 2739 1432 2808 promissionis
1475 2741 1613 2796 filios
1649 2743 1702 2795 in

132 2831 588 2885 semineAbrahae
636 2840 690 2885 et
717 2829 884 2886 lsrael
917 2829 1219 2900 computari
1251 2832 1430 2896 docet,
1467 2842 1527 2886 ut
1557 2841 1702 2888 recte

129 2919 444 2975 Cnutantius
472 2920 583 2991 (88)
614 2928 798 2974 noster
825 2920 1110 2974 observat?
1155 2921 1276 2974 Non
1321 2925 1477 2985 enim,
1528 2925 1703 2991 inquit

129 3012 333 3066 divinus
348 3029 548 3080 praeco,
569 3029 766 3075 omnes,
785 3013 872 3078 qui
891 3027 954 3065 ex
977 3010 1148 3065 Israel
1168 3023 1311 3076 sunt,
1329 3015 1367 3066 ii
1384 3024 1505 3067 sunt
1523 3013 1702 3067 Israe-

129 3103 257 3162 litw;
273 3120 432 3173 neque
449 3105 538 3172 qui
551 3119 720 3156 semen
739 3102 966 3156 Abrahae
983 3113 1126 3163 sunt,
1161 3120 1336 3157 omnes
1359 3104 1494 3170 ﬁlii;
1513 3103 1602 3157 sed
1633 3105 1686 3156 in

128 3189 274 3245 Isaac
291 3197 562 3247 vocabitur
579 3194 673 3246 tibi
692 3208 886 3254 semen;
901 3190 954 3244 id
970 3202 1067 3259 est,
1087 3211 1188 3245 non
1207 3195 1294 3264 qui
1315 3195 1417 3261 ﬁlii
1431 3194 1628 3253 carnis,
1648 3191 1701 3243 Iti
1740 3189 1750 3206 τ

127 3282 220 3346 ﬁlii
241 3283 367 3346 Dei;
396 3285 487 3338 sed
505 3286 593 3354 qui
625 3285 1260 3352 ﬁliisuntpromissionis,
1282 3285 1614 3338 wstimantur
1647 3285 1700 3335 in

126 3378 309 3430 semine
331 3376 403 3416 ’-’
421 3393 440 3429 :
466 3377 584 3430 hinc
603 3375 730 3430 alibi
747 3375 962 3439 “etiam
994 3375 1206 3443 ipsemet
1233 3375 1515 3444 Apostolus
1530 3373 1703 3426 Israel

131 3466 214 3518 Dei
244 3476 387 3520 vocat
413 3466 618 3519 eosdem
640 3465 1003 3534 promissionis
1027 3464 1187 3531 ﬁlios,
1212 3465 1317 3517 sive
1347 3479 1410 3516 ea:
1430 3463 1702 3516 circumci-

126 3560 262 3611 sione
284 3560 390 3611 sive
422 3574 484 3610 ea:
518 3557 776 3626 pra’putio
793 3564 1021 3609 vocatos.
1037 3554 1188 3608 lianc
1210 3556 1375 3624 igitur
1399 3555 1700 3608 doctrinam

129 3647 637 3716 institutionemque
659 3645 892 3716 primum
917 3643 1135 3713 quidem
1157 3651 1444 3698 assecutus
1469 3658 1498 3694 a
1535 3641 1703 3695 Paulo

126 3737 368 3792 Clemens
401 3736 703 3798 Romanus,
727 3735 988 3803 deinceps
1020 3749 1147 3787 vcro
1178 3734 1366 3788 volens
1397 3741 1448 3787 et
1472 3734 1586 3802 ipse
1610 3733 1704 3786 iis-

127 3828 240 3882 dem
271 3828 593 3898 apostolicis
624 3827 870 3881 imbuere
905 3826 1194 3895 praeceptis
1240 3825 1576 3889 Corinthios,
1605 3810 1705 3879 Ja-.

127 3919 312 3972 cobuin
331 3929 537 3987 patrem
559 3929 794 3970 nostrum
816 3919 1045 3983 vocavit;
1065 3917 1521 3987 quemadmodum
1541 3923 1702 3975 etiam

133 4011 345 4073 ibidem,
366 4009 646 4063 nonnullis
666 4009 1193 4078 interjectis,patrem
1211 4020 1443 4063 nostrum
1467 4013 1707 4081 appella-

132 4100 198 4150 \‘it
225 4099 602 4152 Abrahamum
629 4098 763 4168 (89).
797 4099 967 4164 Quam
1003 4098 1221 4168 quidem
1255 4101 1556 4154 doctrinam
1576 4118 1700 4159 cum

129 4192 312 4247 deinde
337 4192 643 4261 accepisset
667 4190 910 4245 Ecclesia
936 4190 1177 4244 Romana
1207 4193 1320 4246 sive
1349 4194 1416 4246 ab
1429 4193 1702 4262 Apostolo,

130 4291 234 4339 sive
258 4287 325 4338 ab
349 4286 475 4354 ipso
498 4285 657 4338 etiam
682 4283 978 4346 Clemente,
1006 4291 1249 4337 sanctam
1273 4283 1414 4336 inter
1437 4284 1702 4347 actionem

131 4380 494 4444 precationem
525 4374 830 4443 hujusmodi
862 4373 1036 4428 sacris
1065 4373 1334 4427 ministris
1365 4374 1702 4429 recitandam

1804 558 2052 616 criticus,
2085 564 2246 625 atque
2277 571 2341 611 ex
2362 557 2446 610 liis
2476 558 2654 613 verbis
2689 554 2934 625 ejusdem
2963 558 3210 628 cpistola:
3233 559 3342 628 (92)
3364 581 3383 618 :

1807 649 1996 702 Plures
2033 647 2162 716 facti
2209 664 2390 700 sumus
2423 649 2508 710 iis,
2539 649 2629 717 qui
2681 646 2842 702 Deum
2873 650 3060 704 habere
3109 667 3384 706 censentur

1805 738 2027 809 (Iudaeis
2055 737 2226 809 scil.),
2261 738 2485 807 colligit,
2510 747 2785 794 auctorem
2809 755 2874 794 eo
2892 741 3107 795 demum
3141 749 3385 813 tempore

1804 830 2026 893 vixisse,
2059 829 2166 899 quo
2188 829 2639 884 Christianismus
2664 831 2805 886 inter
2835 840 3022 897 gentes
3047 834 3385 890 numerosis-

1805 921 1978 975 simus
2001 927 2118 974 erat
2140 935 2304 989 supra
2324 918 2569 984 Iudaeos,
2597 921 2739 990 quod
2764 921 2982 990 quidem
3006 961 3022 987 ,
3066 921 3264 992 inquit,
3293 939 3381 978 re-

1804 1011 1966 1073 ctius,
1991 1026 2152 1081 quam
2186 1013 2241 1064 in
2270 1010 2587 1074 Clementis,
2617 1011 2918 1082 quadratin
2951 1012 3195 1080 Trajani,
3219 1022 3271 1067 et
3300 1030 3386 1068 se-

1803 1104 2086 1172 quentium
2141 1102 2527 1170 imperatorum
2579 1109 2842 1172 tempora,
2891 1103 3092 1172 quibus
3141 1103 3384 1158 Ecclesia

1815 1196 2054 1263 gentium
2073 1195 2231 1263 longe
2260 1195 2472 1262 lateque
2501 1203 2790 1263 propagata
2824 1205 2928 1249 est.

1873 1283 2014 1351 Quid
2062 1287 2248 1339 multis
2286 1301 2422 1354 opus
2468 1288 2584 1341 est?
2634 1302 2815 1340 nonne
2865 1285 3066 1347 Paulus
3113 1287 3178 1340 ad
3225 1285 3384 1344 Rom.

1804 1379 2052 1432 scribens
2081 1379 2285 1447 gratias
2314 1378 2422 1432 Deo
2452 1380 2664 1448 agebat,
2697 1379 2839 1447 quod
2888 1377 3019 1431 ﬁdes
3051 1393 3238 1431 eorum
3289 1395 3388 1432 an-

1804 1470 2149 1523 nuntiaretur
2180 1471 2233 1524 in
2266 1471 2520 1525 universo
2549 1471 2750 1524 mundo
2776 1469 2851 1522 “?
2873 1469 3062 1522 Nonne
3091 1470 3304 1524 dicebat
3330 1472 3384 1524 in

1803 1577 2006 1613 omnem
2040 1568 2235 1613 terram
2265 1561 2458 1614 exiisse
2489 1559 2642 1614 verba
2667 1577 2847 1614 eorum
2873 1561 2948 1614 υτ
2997 1560 3186 1615 Nonne
3215 1560 3384 1615 Deum

1803 1651 2142 1721 gloriﬁcabat
2171 1650 2309 1720 quod
2346 1654 2655 1722 mysterium
2700 1655 3020 1722 temporibus
3053 1655 3264 1708 wternis
3304 1664 3388 1708 ta-

1803 1746 2004 1805 citum,
2057 1745 2383 1814 patefactum
2431 1755 2565 1797 esset
2612 1745 2680 1797 ad
2735 1744 3082 1799 obeditionem
3153 1745 3277 1813 ﬁdei
3326 1749 3381 1799 in

1802 1833 2006 1887 cunctis
2056 1832 2294 1902 gentibus
2341 1831 2418 1885 "?
2460 1831 2658 1887 Eodem
2706 1833 2958 1903 loquendi
2990 1832 3209 1904 genere
3259 1836 3386 1888 alibi

1800 1926 2018 1990 quoque
2045 1923 2217 1973 utitur
2260 1919 2398 1975 idem
2432 1921 2726 1990 Apostolus
2776 1925 2840 1977 ad
2890 1924 3248 1979 Colossenses
3279 1945 3290 1979 :
3322 1926 3387 1978 In

1803 2010 1950 2065 verbo
1979 2010 2213 2063 veritatis
2243 2009 2535 2080 Evangelii,
2564 2015 2794 2081 quod....
2831 2016 2883 2068 in
2917 2019 3154 2072 universo
3193 2018 3388 2071 nntndo

1799 2113 1896 2165 est,
1927 2111 1974 2153 et
2023 2101 2313 2169 fructiﬁcat
2357 2111 2405 2153 et
2456 2104 2638 2156 crescit
2674 2103 2735 2155 “.
2767 2103 2831 2157 Et
2883 2105 3077 2160 iterum
3106 2128 3116 2162 ε
3149 2107 3388 2176 Evange-

1804 2193 2026 2247 liunt....
2078 2191 2423 2260 praedicatum
2472 2203 2552 2246 est
2598 2195 2650 2246 in
2697 2197 2945 2250 universa
2975 2210 3238 2263 creatura,
3273 2217 3389 2268 qua:

1800 2283 1895 2336 sub
1911 2281 2035 2333 caelo
2056 2293 2132 2334 est
2161 2283 2223 2344 ¹⁵,
2241 2281 2304 2333 ad
2323 2280 2666 2337 Timotheum
2695 2285 2856 2339 item:
2878 2280 3388 2356 Quodpra'dicatunt

1801 2383 1878 2426 est
1906 2373 2165 2442 gentibus,
2200 2374 2453 2426 creditunt
2484 2385 2560 2427 est
2592 2377 2646 2427 in
2679 2377 2872 2432 mundo
2907 2378 2950 2408 "
2979 2379 3249 2451 (magnum
3282 2385 3391 2436 sci-

1801 2463 1926 2516 licet
1973 2462 2181 2526 pietatis
2232 2464 2668 2534 sacramentum).
2722 2463 2831 2520 Nec
2877 2468 3070 2522 mirum
3120 2485 3281 2537 sane;
3333 2479 3390 2523 ut

1802 2556 1944 2609 enim
1994 2557 2130 2609 alios
2180 2539 2565 2626 prmtereamus
2614 2562 2920 2629 apostolos,
2973 2577 3114 2617 unus
3160 2579 3390 2634 magnus

1800 2640 2026 2710 Paulus,
2062 2656 2200 2702 teste
2230 2659 2418 2703 nostro
2442 2649 2720 2705 Clemente
2743 2651 2876 2721 (95),
2909 2667 3087 2721 praeco
3120 2653 3298 2709 factus
3323 2656 3383 2710 in

1803 2735 2024 2792 Oriente
2051 2748 2104 2793 et
2133 2736 2520 2794 0ccidente....
2548 2757 2665 2792 cum
2695 2741 2994 2794 universum
3017 2743 3270 2796 mundum
3294 2743 3392 2798 do-

1803 2829 1993 2881 cuisset
2012 2827 2305 2896 justitiam,
2337 2837 2387 2882 et
2420 2828 2488 2881 ad
2521 2830 2816 2884 Occidentis
2849 2832 3125 2885 terminum
3148 2834 3388 2898 venisset,

1804 2935 1866 2970 ac
1898 2919 1992 2970 sub
2022 2919 2282 2986 prazfectis
2313 2921 2626 2989 martyrium
2651 2938 2839 2990 passus
2862 2934 3017 2985 esset,
3046 2925 3119 2976 ita
3148 2942 3173 2978 e
3198 2927 3394 2978 mundo

1802 3009 2094 3076 emigravit.
2128 3010 2262 3063 Cutn
2290 3009 2404 3064 haec
2429 3011 2500 3064 ita
2531 3011 2664 3073 sint,
2690 3013 2878 3082 quidni
2910 3029 3040 3083 ergo
3061 3031 3187 3070 vere
3217 3019 3376 3086 scrip

1730 3137 1769 3193 Ο
1805 3101 1937 3155 serit
1966 3101 2018 3153 in
2049 3101 2351 3170 posteriore
2379 3102 2610 3170 epistola
2626 3102 2877 3158 Clemens
2908 3102 3221 3161 Romanus:
3255 3106 3392 3161 Plu-

1806 3209 1887 3245 rss
1918 3192 2050 3260 facti
2095 3209 2289 3246 sumus:
2325 3191 2568 3256 Ιυᾱιεὶε,
2628 3195 2719 3262 qui
2753 3193 2915 3247 Deum
2944 3195 3134 3249 habere
3172 3214 3392 3252 censen-

1804 3293 1888 3335 tur
1912 3283 1938 3336 ?

1873 3371 2113 3423 Dituitur
2160 3369 2381 3438 objectio
2435 3372 2678 3438 septima.
2715 3399 2784 3408 —
2822 3368 3020 3424 Verum
3069 3371 3135 3424 ad
3189 3374 3392 3428 nodum

1804 3461 2104 3530 graviorem
2151 3461 2470 3514 solvendum
2501 3461 2747 3515 studiose
2782 3476 3163 3530 properemus;
3205 3465 3396 3518 statuit

1803 3555 1946 3608 enim
1963 3555 2044 3606 vir
2067 3551 2136 3606 cl.
2162 3551 2400 3606 Venema
2427 3553 2537 3621 (94)
2561 3553 2804 3622 epistola
2834 3555 3086 3608 secunda:
3109 3563 3392 3610 auctorem

1805 3661 1862 3700 se
1911 3659 1941 3697 a
1985 3644 2264 3698 Clemente
2312 3644 2588 3698 diversum
2640 3659 2706 3698 eo
2761 3643 2880 3714 ipso
2929 3645 3193 3714 profiteri,
3243 3646 3391 3716 quod

1805 3737 2005 3791 Christi
2029 3735 2370 3790 divinitatem
2398 3751 2660 3806 espresse
2679 3737 2938 3800 inculcet,
2962 3745 3014 3791 et
3039 3736 3253 3791 Domini
3283 3754 3394 3793 non

1807 3837 2035 3887 tantum,
2073 3827 2165 3881 sed
2202 3826 2293 3880 Dei
2321 3827 2484 3879 etiam
2517 3827 2732 3880 titulum
2760 3827 2809 3881 ei
2837 3829 3075 3882 dandum
3110 3844 3234 3884 esse
3261 3845 3395 3884 con-

1804 3919 2016 3984 tendat;
2050 3934 2170 3971 cum
2220 3934 2384 3972 verus
2423 3917 2672 3972 Clemens
2697 3917 2807 3986 (95)
2855 3918 2906 3971 id
2953 3934 3222 3988 nusquam
3265 3920 3393 3973 data

1806 4023 1968 4078 opera
2003 4007 2211 4068 fecerit.
2242 4023 2342 4061 nec
2384 4008 2489 4062 alio
2521 4022 2582 4060 ac
2628 4007 2840 4060 Domini
2872 4008 3028 4061 titulo
3071 4025 3194 4062 eum
3223 4024 3391 4063 orna-

1805 4099 1962 4162 verit,
1998 4099 2118 4151 licet
2146 4098 2233 4150 hic
2265 4097 2376 4151 illic
2407 4113 2465 4151 se
2491 4096 2697 4152 Christi
2727 4096 3065 4150 divinitatem
3094 4113 3392 4168 agnoscere

1805 4189 2065 4244 insinuet.
2096 4188 2296 4242 Verum
2349 4188 2513 4241 unico
2559 4203 2624 4242 ex
2676 4187 2905 4256 epistola
2957 4190 3129 4256 prima
3178 4191 3393 4258 prolato

1807 4284 1927 4336 loco
1959 4291 2069 4334 tota
2121 4281 2343 4334 eliditur
2378 4279 2631 4334 Venemae
2681 4280 2936 4348 objecuo.
2987 4278 3076 4334 Sic
3105 4291 3282 4335 autem
3334 4297 3392 4336 se

1808 4376 1969 4429 habet
1997 4394 2008 4428 :
2060 4375 2184 4435 Τοῖς
2208 4373 2437 4441 ἐφοδίοις
2467 4371 2558 4424 τοῦ
2581 4370 2714 4424 Θεοῦ
2746 4371 3070 4442 ἀρκούμενοι
3099 4371 3192 4423 καὶ
3222 4388 3392 4442 προσ-

132 4466 314 4518 indixit
339 4466 456 4534 (90)
486 4483 498 4517 :
527 4463 662 4516 Deus
688 4463 922 4530 ﬁdelium
951 4463 1114 4517 Pater
1140 4480 1360 4526 summe,
1391 4465 1480 4533 qui
1509 4466 1560 4517 in
1593 4477 1699 4520 toto

1805 4467 2017 4536 ἔχοντες
2044 4467 2168 4527 τοὺς
2212 4463 2402 4532 λόγους
2431 4461 2595 4515 αὐτοῦ
2627 4461 2900 4531 ἐπιμελῶς
2920 4500 2933 4523 ,
2986 4462 3390 4532 ἐστερνισμένοι

130 4553 250 4607 orbe.
284 4563 555 4605 terrarunt
595 4553 958 4619 promissionis
988 4553 1126 4620 ﬁlios
1161 4553 1358 4620 diffusa
1399 4555 1693 4623 adoptionis

128 4646 294 4711 gratia
342 4643 711 4709 multiplicas,
764 4636 812 4696 et
860 4660 951 4711 per
1001 4643 1262 4696 Paschale
1309 4656 1696 4698 sacramentum

131 4733 400 4785 Abraham
436 4743 656 4800 puerum
695 4742 840 4784 tuum
883 4733 1265 4799 universarum,
1301 4733 1436 4786 sicut
1469 4734 1695 4801 jurasti,

131 4827 351 4892 gentium
377 4824 535 4892 efficis
558 4822 911 4888 Patrem,etc.
929 4823 1080 4891 ;alibi
1107 4839 1321 4893 quoque
1366 4825 1568 4880 clarius
1605 4827 1700 4880 ad-

135 4915 230 4968 huc
251 4916 365 4986 (9|)
395 4935 407 4969 :
436 4914 599 4967 Pater
621 4915 744 4982 ﬁdei
766 4923 957 4968 nostra:
983 4914 1250 4967 Abraham
1271 4930 1528 4980 summus,
1551 4916 1703 4970 obtu-

135 5007 190 5057 lit
217 5007 585 5060 holocaustum
612 5022 766 5073 super
794 5005 961 5058 altare
990 5021 1085 5073 pro
1115 5005 1245 5073 ﬁlio.

197 5116 274 5149 "'
303 5117 466 5170 Rom.
506 5132 580 5178 ιι,
607 5116 658 5177 6,
691 5116 744 5170 8.

135 5187 245 5252 1,6.
346 5190 392 5218 ¹⁸
426 5187 591 5251 ibid.,
623 5188 713 5240 25.
820 5187 863 5218 ¹⁶
895 5187 912 5238 l
941 5186 1082 5239 Tim.
1119 5203 1200 5250 in,
1233 5186 1318 5239 16.

199 5296 308 5368 (85)
331 5301 391 5354 ln
410 5299 618 5354 noviss.
639 5297 775 5368 Opp.
796 5299 924 5354 edit.
955 5299 1010 5352 S.
1057 5297 1258 5352 Justin.
1286 5295 1378 5360 M.,
1417 5296 1602 5351 adnot.
1629 5297 1696 5352 ad

133 5365 270 5422 hunc
293 5365 501 5422 locum.

199 5439 310 5505 (86)
346 5439 626 5499 Clemens,
660 5438 816 5504 epist.
845 5436 878 5488 2
928 5437 992 5489 ad
1023 5436 1294 5499 Corintb.,
1336 5451 1455 5505 cap.
1491 5437 1514 5490 1
1555 5445 1609 5490 et
1639 5437 1695 5492 ἓ.

203 5509 314 5576 (87)
359 5509 532 5569 Idem,
562 5507 722 5576 epist.
759 5508 809 5572 1,
840 5522 959 5576 cap.
991 5507 1045 5561 4.

221 5580 310 5646 88)
356 5577 526 5644 Epist.
560 5575 707 5628 Rom.
757 5575 963 5644 pontif.,
999 5591 1119 5643 pag.
1151 5576 1240 5630 41.

222 5648 311 5716 89)
352 5648 634 5716 Clemens:
665 5661 751 5713 ep.
785 5647 836 5716 l7.
868 5662 985 5716 cap.
1019 5647 1105 5698 5t.

197 5713 312 5788 (90)
353 5716 567 5771 Hissat.
593 5713 766 5778 Rom.,
795 5713 1029 5771 Sabb’ato
1053 5715 1330 5774 sancto.ad
1348 5713 1590 5772 nronhct.
1641 5715 1693 5768 l.

822 5117 862 5147 '°
887 5115 1060 5171 Galat.
1094 5115 1283 5176 νι,15.
1319 5116 1404 5170 16.
1473 5117 1510 5146 ¹¹
1547 5115 1705 5172 Rom.
1733 5135 1769 5184 t,
1794 5118 1846 5174 8.

1800 4553 1897 4628 ἦτε
1925 4560 2036 4619 τοῖς
2067 4555 2414 4625 σπλάγχνοις,
2447 4555 2540 4606 καὶ
2568 4553 2634 4605 τὰ
2665 4552 2962 4621 παθήματα
2992 4552 3158 4605 αὑτοῦ
3191 4551 3256 4624 ἦν
3282 4555 3388 4625 πρὸ

1803 4647 2093 4718 ὀφθαλμῶν
2127 4646 2298 4716 ὑμῶν.
2337 4644 2449 4698 Hoc
2477 4651 2559 4697 est
2588 4642 2718 4696 :Dei
2750 4642 2938 4695 viatico
2971 4645 3195 4695 contenti
3224 4653 3270 4696 et
3291 4661 3386 4697 ser-

1807 4739 2044 4792 monibus
2075 4739 2223 4791 illius
2270 4737 2545 4807 diligenter
2571 4734 2912 4796 attendentes,
2966 4735 3179 4788 dilatati
3226 4739 3387 4790 eratis

1807 4831 1860 4882 in
1890 4829 2188 4893 visceribus,
2216 4839 2264 4882 et
2288 4829 2558 4897 passiones
2581 4827 2694 4895 ejus
2723 4842 2832 4894 pra:
2861 4826 3026 4878 oculis
3059 4826 3199 4879 vobis
3215 4837 3385 4882 erant.

1884 4917 1988 4973 Ubi
2015 4918 2250 4987 primum
2297 4916 2723 4978 observandum,
2751 4915 3052 4976 .relativum
3082 4914 3247 4967 αὑτοῦ
3303 4930 3390 4969 re-

1811 5007 2010 5078 spicere
2025 5009 2216 5079 procul
2247 5008 2412 5062 dubio
2442 5007 2685 5078 proxime
2713 5005 3038 5059 antecedens
3062 5005 3217 5059 Θεοῦ.
3250 5005 3385 5061 Cum

1927 5120 2343 5189 "llom.x,18.
2423 5107 3022 5183 “Rom.xvi,25,26.
3103 5117 3382 5172 “Coloss.

1877 5302 1988 5371 (91)
2031 5303 2358 5355 Breviarium
2386 5299 2561 5362 Rom.,
2592 5299 2826 5354 Sabbalo
2845 5305 2968 5352 ante
2989 5298 3374 5370 Quiuquagesi-

1803 5387 1970 5442 mam,
2004 5373 2068 5425 ad
2104 5371 2429 5442 Magniﬁcat.

1875 5441 1986 5508 (9‘2)
2025 5438 2218 5510 Clem,
2248 5438 2408 5510 epist.
2440 5439 2496 5500 2,
2527 5455 2646 5508 cap.
2680 5438 2734 5494 2.

1873 5513 1984 5582 (93)
2025 5511 2195 5582 Epist.
2232 5513 2282 5573 1,
2318 5526 2436 5582 cap.
2483 5511 2536 5563 5.

1874 5526 1984 5582 (tto)
2025 5526 2195 5591 npist.
2232 5526 2282 5573 1,
2318 5526 2436 5633 cap.
2483 5526 2536 5563 ο.
2657 5580 2686 5594 _

1874 5581 1992 5651 (94)
2031 5581 2202 5651 Epist.
2235 5582 2290 5642 2,
2324 5581 2350 5650 §
2419 5587 2470 5644 υ,
2497 5578 2741 5651 pagum

1876 5649 1988 5722 (95)
2030 5649 2288 5722 Epistxﬁ,
2328 5649 2448 5717 cap.
2487 5650 2508 5702 1
2545 5660 2599 5704 et
2636 5649 2689 5704 5.
