4046 6326
692 388 793 446 135

1812 384 1902 438 AD
1941 382 1996 439 S.
2036 378 2454 437 CLEBENTEM
2498 379 2516 432 l
2556 374 2781 431 PAPAM

3815 370 3903 425 «δε

689 503 1169 574 θυῑθωπαθήματα
1200 504 1349 557 nullo
1377 511 1535 573 pacto
1549 502 1660 557 Deo
1678 500 1827 554 Patri
1867 497 2087 551 attribui
2128 512 2252 565 pos—
2281 501 2326 557 Α
2353 508 2414 548 ea
2445 506 2567 546 cum
2597 491 2735 544 idem
2775 489 3008 542 lrenaeus
3053 484 3419 556 apostolorum
3453 481 3785 574 temporibus
3811 487 3905 574 tam

689 593 822 657 sint,
850 593 1120 663 reliquum
1147 603 1234 648 est
1291 606 1346 647 ut
1389 595 1475 646 hic
1514 592 1698 647 Jesum
1746 589 2021 645 Christum
2064 581 2258 639 Fiiilﬂll

689 681 808 748 Dei,
839 684 1005 739 Deum
1030 683 1098 738 de
1127 683 1259 748 Deo,
1293 684 1460 739 Deum
1497 698 1683 737 verum
1712 681 1777 738 de
1807 679 1918 736 Deo
1945 694 2072 735 vero
2100 677 2260 733 intel-

690 775 884 831 lexerit
909 782 1135 830 sanctus
1166 774 1436 829 Clemens.

1218 863 1616 919 ARTICULUS
1651 863 1740 920 Ill.

761 971 829 1010 DE
866 971 1113 1010 TEIPOBE
1150 971 1255 1018 QUO
1289 970 1538 1017 UTIAQUE
1579 968 1838 1008 RPISTOLA
1887 964 2191 1006 CORINTBIIS

1273 1039 1495 1079 SCRIPTA
1533 1039 1682 1078 FUi'l'.

765 1134 842 1190 De
871 1144 1118 1203 tempore,
1145 1151 1246 1204 quo
1277 1138 1448 1204 prima
1477 1136 1577 1205 fuit
1603 1143 1846 1198 exarata,
1878 1134 2142 1202 opiniones
2181 1130 2264 1184 di-

693 1241 873 1281 uersa.
900 1257 971 1268 —
992 1226 1254 1296 Superest
1284 1243 1433 1281 nunc
1461 1237 1673 1297 tempus
1720 1226 2120 1295 inquirendum,
2155 1236 2265 1290 quo

693 1323 923 1386 utraque
967 1317 1198 1386 epistola
1229 1319 1405 1372 sancti
1433 1318 1728 1373 Clementis
1769 1311 1932 1371 fuerit
1965 1314 2265 1368 Corinthiis

691 1405 918 1478 scripta.
969 1407 1033 1461 Et
1083 1408 1152 1465 de
1214 1411 1394 1480 priore
1437 1408 1652 1478 quidem
1685 1423 1876 1477 magna
1917 1407 2054 1460 inter
2084 1406 2266 1460 erudi-

690 1506 777 1554 tos
806 1498 952 1556 viros
979 1501 1352 1557 controversia
1373 1507 1477 1555 est.
1508 1499 1586 1555 Ac
1614 1501 1739 1555 licet
1765 1499 1936 1570 prima
1966 1499 2113 1552 illius
2144 1514 2266 1552 rer-

688 1589 761 1646 ba
788 1589 857 1649 de
887 1593 1267 1662 persecutione
1291 1592 1436 1648 dicta
1475 1607 1598 1648 esse
1624 1591 1866 1663 plerique
1906 1606 2095 1645 omnes
2137 1606 2270 1644 cono

691 1681 964 1748 sentiant,
998 1699 1060 1737 ea
1091 1690 1274 1739 tamen
1306 1684 1398 1738 alii
1425 1685 1493 1738 de
1511 1682 1762 1745 Neronis,
1796 1681 1887 1735 alii
1915 1680 1993 1735 dc'
2014 1680 2270 1735 Domitia-

688 1773 749 1828 ni
779 1775 1155 1844 persecutione
1186 1777 1634 1845 interpretantur.
1667 1772 1733 1826 Et
1768 1774 1908 1828 hanc
1933 1772 2150 1843 quidem
2176 1770 2266 1825 alii

2360 583 2572 636 vicinus
2602 580 2932 634 Clementem
2963 577 3124 632 tertio
3151 577 3271 629 loco
3300 576 3369 628 ab
3398 573 3661 644 apostolis
3686 580 3804 642 post
3831 569 3906 623 Li-

2360 689 2487 728 num
2510 671 2802 729 etCletum.
2822 685 2938 735 seu,
2966 675 3026 721 ut
3041 675 3220 732 vocat,
3249 665 3586 727 Anacletum,
3608 661 3792 716 Romae
3809 662 3909 732 epi-

2361 772 2638 831 scopatum
2685 760 2938 813 sortitum
2987 771 3109 812 esse
3145 755 3370 819 scribat,
3423 754 3690 822 reliquum
3728 759 3829 817 est,
3861 762 3909 805 ut

2360 866 2483 908 eum
2510 850 2754 920 pluribus
2787 855 2909 918 post
2938 846 3204 902 Neronem
3241 845 3398 899 annis
3443 844 3700 897 Romana:
3745 841 3910 897 Eccle-

2361 941 2458 997 siae
2503 939 3021 995 administrationem
3074 937 3382 1005 suscepisse
3428 934 3739 989 crediderit.
3777 932 3911 989 Hunc

2362 1042 2541 1088 autem
2571 1046 2635 1087 ea
2681 1033 2736 1085 in
2766 1047 2825 1086 re
2858 1030 3054 1083 falsum
3102 1045 3245 1091 esse,
3275 1029 3397 1098 quis
3427 1027 3527 1081 sibi
3576 1026 3913 1095 persuadeat?

2363 1121 2551 1175 Eidem
2580 1119 2945 1190 suffragantur
2971 1127 3023 1172 et
3058 1118 3306 1187 plerique
3357 1116 3570 1182 Patres,
3603 1117 3697 1186 qui
3731 1115 3906 1169 Roma.

2364 1225 2557 1266 norum
2585 1209 2897 1279 pontificum
2929 1209 3123 1264 seriem
3159 1215 3368 1274 texunt,
3402 1217 3563 1278 atque
3588 1208 3695 1276 ipsi
3724 1215 3917 1262 veteres

2366 1300 2620 1370 catalogi,
2649 1301 2705 1354 in
2741 1301 2936 1370 quibus
2965 1298 3125 1354 Petro
3154 1299 3342 1362 Linus,
3379 1298 3513 1352 Lino
3555 1299 3763 1364 Cletus,
3805 1299 3918 1351 huic

2366 1394 2617 1449 Clemens
2646 1394 2978 1448 successisse
3006 1391 3221 1461 legitur.
3250 1393 3370 1460 Ipsa
3399 1407 3613 1459 quoque
3643 1390 3920 1445 Clementis

2367 1485 2529 1538 verba
2566 1485 2742 1553 capite
2770 1483 2838 1536 44
2867 1482 3032 1550 hujus
3064 1482 3307 1550 epistola:
3336 1481 3681 1536 occurrentia
3717 1480 3807 1549 qui
3837 1494 3919 1533 ex—

2368 1575 2636 1646 penderit,
2671 1575 2758 1628 ubi
2790 1574 3005 1628 laudata
3041 1572 3410 1642 apostolorum
3443 1572 3783 1643 providentia
3812 1570 3922 1626 subv

2368 1667 2477 1720 dit:
2499 1664 2602 1730 Qui
2620 1665 2779 1734 igitur
2805 1665 2867 1716 ab
2896 1664 3026 1728 illis,
3051 1673 3142 1716 aut
3169 1662 3405 1730 deinceps
3432 1663 3498 1716 ab
3527 1665 3648 1717 aliis
3672 1664 3798 1718 viris
3822 1665 3922 1718 esi-

2372 1756 2492 1810 miis
2527 1757 2796 1810 constituti
2824 1763 3037 1810 sunt....
3074 1771 3136 1807 ac
3179 1754 3330 1824 longo
3362 1753 3584 1822 tempore
3621 1755 3918 1822 prwclanun

691 1841 1010 1930 ποτθθηιεω.
1048 1865 1140 1919 alii
1189 1841 1528 1922 desidenle
1576 1866 1914 1935 intelligunt;
1946 1841 2075 1918 hinc
2117 1862 2266 1917 circa
2295 1841 2339 1897 Β
2367 1846 2431 1900 ab
2469 1844 2708 1899 omnibus
2752 1846 3107 1900 testimonium
3146 1854 3496 1911 repertarum,
3533 1845 3626 1898 hos
3668 1862 3919 1898 censemus

693 1963 928 2027 tempus,
961 1972 1069 2029 quo
1098 1958 1328 2028 epistola
1357 1958 1450 2012 illa
1476 1965 1702 2012 exarata
1733 1964 1838 2020 est,
1868 1955 2065 2025 triplex
2092 1953 2268 2008 maxi—

689 2060 780 2101 me
813 2032 1008 2101 existit
1036 2047 1249 2117 opinio.
1288 2031 1472 2101 Prima
1514 2054 1601 2101 est
1638 2044 1864 2100 Ioannis
1891 2041 2269 2098 Eruesti‘Gra-

689 2121 922 2207 bitias).
952 2134 1102 2208 Pagii
1127 2137 1262 2210 (ω),
1290 2136 1416 2196 om
1440 2136 1593 2210 (93),
1632 2145 1686 2192 et
1720 2136 1982 2190 Gallandii
2005 2133 2139 2206 (99),
2171 2132 2266 2201 qui

687 2242 808 2282 eam
838 2227 1071 2283 Neronis
1101 2229 1482 2298 persecutione
1510 2228 1811 2289 desinente,
1859 2226 2102 2294 proxime
2143 2232 2266 2294 post

691 2319 1061 2389 apostolorum
1078 2317 1225 2373 Petri
1247 2327 1302 2373 et
1317 2318 1472 2371 Pauli
1495 2318 1838 2388 martyrium,
1863 2316 1964 2370 hoc
1990 2324 2098 2382 est,
2123 2332 2269 2370 anno

688 2407 896 2464 Christi
922 2407 992 2462 68
1024 2409 1108 2462 vel
1137 2407 1301 2463 etiam
1338 2408 1407 2462 65
1426 2414 1679 2469 exeunte,
1707 2406 1964 2474 scriptam
1991 2420 2115 2459 esse
2141 2419 2270 2458 con-

690 2499 951 2568 tendunt;
989 2500 1163 2554 altera
1191 2499 1470 2554 Godelridi
1518 2497 1816 2561 Vendelini,
1848 2496 2092 2552 eamdem
2125 2510 2268 2550 anno

688 2587 897 2644 Christi
924 2588 995 2645 95
1034 2588 1276 2646 fervente
1315 2589 1602 2643 Domitiani
1633 2586 2010 2657 persecutione
2041 2586 2268 2653 alligan-

692 2679 788 2734 tis.
819 2675 1103 2734 Postrema
1131 2677 1387 2733 Cotelerii
1417 2686 1580 2748 atque
1607 2676 1956 2741 Tillemontii,
1984 2676 2076 2746 qui
2116 2676 2266 2729 illam

691 2770 976 2826 desinente
1011 2769 1258 2838 ejusdem
1305 2769 1650 2838 imperatoris
1702 2769 2079 2843 persecutione
2118 2768 2265 2823 circa

693 2874 899 2913 annum
940 2857 1146 2912 Christi
1181 2857 1251 2911 97
1288 2859 1546 2928 scriptam
1598 2860 1954 2914 arbitrantur.
2002 2857 2265 2923 Quartam

691 2949 781 3005 vir
821 2948 1165 3004 clarissimus
1207 2946 1469 3003 Claudius
1513 2947 1708 3019 Fleury
1733 2948 1879 3020 (100)
1917 2949 2263 3014 excogitavit,

691 3053 814 3110 qua
856 3037 924 3092 ad
953 3035 1140 3092 Grabii
1180 3038 1506 3093 sententiam
1537 3040 1762 3108 prepius
1791 3038 2020 3093 accedit.
2063 3036 2266 3107 Nempe

693 3128 844 3184 adid
888 3135 1124 3199 tempus,
1152 3128 1298 3198 quod
1329 3127 1561 3185 Neronis
1610 3128 1886 3182 interitum
1935 3129 2166 3198 excepit,
2211 3135 2267 3182 et

629 3278 638 3285 ,
693 3219 1209 3291 Jerosolymitanum
1238 3220 1533 3275 antecessit
1561 3219 1854 3282 excidium,
1882 3218 2073 3274 referri
2104 3233 2266 3289 posse

695 3312 968 3383 opinatur,
1012 3318 1068 3365 et
1094 3324 1258 3365 casus
1297 3309 1577 3372 adversos,
1627 3310 1681 3362 in
1709 3298 1952 3377 epistola:
1998 3310 2267 3379 principio

695 3408 1047 3465 memoratos,
1079 3401 1148 3457 de
1176 3400 1319 3456 bello
1347 3400 1671 3472 civili,quod
1698 3399 1928 3457 Neronis
1956 3416 2104 3456 mors
2127 3399 2270 3456 exci-

696 3492 853 3558 tavit,
876 3491 1285 3561 interpretatur.

767 3579 925 3637 Circa
956 3596 1156 3635 annum
1179 3580 1378 3636 Christi
1404 3580 1495 3646 97,
1525 3582 1865 3652 probabiliter
1893 3583 2091 3651 scriptu
2128 3588 2266 3634 αισι-ι

698 3682 806 3730 tur.
828 3703 897 3714 —
919 3671 1225 3729 Obscurum
1261 3689 1371 3728 non
1403 3681 1508 3738 est,
1535 3673 1864 3731 Clementem
1895 3675 1967 3729 ibi
1988 3675 2054 3728 de
2075 3687 2269 3727 aerum-

699 3766 809 3829 nis,
836 3765 1037 3836 quibus
1079 3779 1341 3837 oppressa
1389 3772 1507 3821 erat
1548 3764 1792 3824 Romana
1835 3764 2096 3828 Ecclesia,
2141 3779 2269 3818 cum

699 3855 1111 3913 Corinthiorum
1135 3855 1424 3925 epistolam
1472 3857 1702 3925 accepit,
1731 3854 1826 3910 sed
1867 3867 1898 3907 ι
1926 3853 2124 3924 quibus
2178 3865 2271 3908 re-

694 3949 958 4024 spirabat,
979 3962 1105 4002 cum
1146 3949 1289 4004 hanc
1332 3949 1638 4018 rescripsit,
1690 3948 1889 4010 habere
1939 3936 2265 4009 sermonem:

700 4037 945 4109 adeoque
970 4035 1261 4098 Vendelini
1291 4038 1359 4095 de
1383 4039 1761 4110 persecutione
1790 4037 2026 4092 fervente
2050 4044 2269 4093 senten-

701 4130 832 4184 tiam
859 4129 1084 4187 minime
1111 4130 1444 4200 probandam
1473 4145 1615 4184 esse.
1646 4128 1829 4198 Neque
1848 4128 2035 4182 minus
2064 4135 2270 4182 certum

700 4230 769 4270 ex
798 4215 989 4271 eodem
1015 4217 1243 4271 exordio
1270 4217 1580 4282 coniicitur,
1606 4231 1878 4270 aerumnas
1908 4216 2028 4271 illas
2053 4216 2122 4272 de
2149 4231 2271 4286 per-

701 4306 984 4362 secutione
1004 4307 1238 4370 Neronis,
1257 4310 1596 4378 interpretari
1626 4324 1732 4361 non
1757 4309 1941 4364 licere.
1962 4307 2107 4362 Nihil
2127 4311 2271 4363 enim

701 4405 842 4463 erat,
873 4412 974 4453 cur
1001 4398 1057 4452 in
1089 4398 1389 4453 litterarum
1419 4397 1667 4450 tarditate
1689 4394 1981 4450 Corinthiis
2007 4412 2272 4451 excusan-

2367 1939 2527 2006 ofﬁcio
2557 1937 2751 2005 injuste
2800 1936 2972 2005 dejici.
3007 1935 3155 2000 Haec,
3184 1937 3424 2006 inquam,
3456 1937 3546 2006 qui
3598 1934 3919 2004 expenderit,

2365 2043 2688 2097 persuasum
2721 2028 2822 2083 sibi
2853 2027 3093 2091 habebit,
3125 2027 3409 2096 epistolam
3441 2025 3600 2080 istam
3630 2034 3762 2079 tunc
3794 2032 3920 2079 tem-

2365 2120 2516 2188 poris
2546 2120 2910 2189 conscriptam
2938 2135 3085 2183 esse,
3115 2133 3238 2172 cum
3271 2119 3338 2170 ab
3386 2115 3563 2170 cilicio
3597 2131 3699 2170 suo
3743 2115 3918 2170 remoti

2368 2208 2599 2264 fuissent
2645 2210 2979 2281 presbyteri;
3014 2210 3106 2279 qui
3165 2225 3277 2262 non
3325 2209 3500 2264 solum
3530 2208 3600 2261 ab
3649 2208 3917 2276 apostolis,

2368 2300 2462 2355 sed
2490 2301 2650 2354 etiam
2681 2301 2748 2354 ab
2777 2301 2900 2356 aliis
2926 2302 3203 2369 deinceps,
3235 2300 3338 2353 hoc
3363 2308 3445 2352 est
3474 2299 3543 2352 ab
3572 2313 3762 2353 eorum
3808 2311 3920 2350 suc-

2367 2391 2679 2446 cessoribus
2721 2391 2974 2453 ordinati,
3023 2405 3222 2444 munus
3271 2406 3428 2445 suum
3489 2389 3649 2458 longo
3695 2399 3921 2457 tempore

2368 2482 2635 2536 obierant.
2671 2480 2935 2535 Standum
2965 2482 3127 2550 igitur
3159 2489 3244 2536 est
3273 2482 3554 2535 sententia:
3609 2480 3844 2543 Eusebii,
3876 2479 3918 2533 in

2366 2573 2524 2642 cujus
2549 2571 2819 2627 Chronico
2843 2573 2919 2643 (ὅ)
2959 2572 3307 2642 pontiﬁcatus
3339 2570 3640 2626 Clementis
3687 2571 3839 2624 initia
3866 2571 3920 2624 ad

2368 2671 2670 2734 postremos
2744 2663 3036 2718 Domitiani
3086 2663 3430 2733 imperatoris
3466 2679 3642 2717 annos
3691 2664 3922 2718 referun-

2366 2763 2475 2809 tur.
2504 2753 2658 2810 Unde
2688 2754 2823 2808 nihil
2848 2754 3047 2808 rationi
3071 2755 3245 2825 magis
3275 2762 3701 2810 consentaneum
3746 2769 3922 2808 occur»

2366 2847 2459 2910 rit,
2491 2861 2650 2914 quam
2682 2852 2740 2898 ut
2777 2845 3184 2899 Corinthiorum
3221 2847 3505 2916 epistolam
3536 2847 3795 2912 smviente
3835 2845 3923 2899 Do-

2366 2939 2572 2992 mitiani
2599 2938 2973 3007 persecutione
3011 2935 3237 2991 Romam
3281 2938 3614 3007 pervenisse.
3645 2947 3808 3009 atque
3832 2939 3923 2993 illis

2366 3029 2552 3084 eadem
2582 3030 2955 3098 persecutione
2975 3028 3259 3084 desinente
3287 3044 3317 3082 a
3347 3029 3624 3084 Clemente
3662 3031 3811 3086 circa
3843 3046 3925 3083 an-

2367 3137 2495 3175 num
2526 3119 2726 3174 Christi
2757 3120 2826 3174 97
2858 3123 3184 3191 rescriptum
3217 3136 3339 3177 esse
3366 3136 3710 3177 censeamus.

2432 3212 2935 3281 Jerosolymitanum
2987 3213 3232 3280 templum
3280 3213 3482 3266 stetisse
3531 3228 3596 3267 ea:
3625 3230 3690 3266 ea
3732 3212 3925 3266 niinime

2365 3306 2660 3371 conﬁcitur.
2705 3333 2775 3343 —-
2806 3303 2992 3371 Neque
3023 3305 3110 3358 bis
3137 3303 3454 3358 adversatur
3485 3304 3616 3358 illud
3644 3304 3923 3359 Clementis

2368 3396 2536 3448 nostri
2562 3396 2672 3464 (4):
2708 3395 2828 3448 Non
2856 3395 3063 3464 ubique,
3094 3395 3309 3463 fratres,
3339 3396 3629 3463 oﬂ'eruntur
3672 3381 3923 3464 sacriﬁcia

2359 3486 2536 3556 jugia,
2569 3488 2644 3540 vel
2692 3487 2880 3550 votiva,
2913 3490 2989 3540 vel
3015 3503 3110 3556 pro
3135 3497 3345 3556 peccato
3375 3497 3423 3540 et
3465 3487 3678 3551 delicto,
3713 3487 3804 3541 sed
3845 3484 3924 3540 Je-

2367 3578 2642 3646 rosolymis
2668 3586 2892 3631 tantum.
2922 3576 3072 3631 Licet
3093 3577 3330 3633 Grabius
3360 3578 3485 3630 hinc
3505 3585 3659 3633 certo
3685 3578 3788 3633 sibi
3817 3593 3924 3630 con-

2368 3677 2514 3723 stare
2544 3669 2710 3729 dicat,
2740 3669 3001 3740 templum
3036 3667 3551 3740 Jerosolymitanum
3581 3679 3715 3724 tunc
3757 3671 3921 3726 stetis-

2368 3775 2447 3824 se,
2473 3768 2632 3829 atque
2658 3761 2927 3814 excidium
2958 3761 3123 3825 illius,
3152 3763 3293 3830 quod
3323 3762 3378 3816 in
3409 3777 3608 3816 annum
3634 3762 3701 3817 70
3730 3761 3919 3824 incidit,

2368 3849 2597 3904 necdum
2632 3851 2959 3920 contigisse;
2981 3851 3220 3920 alioquin
3249 3867 3357 3905 non
3382 3853 3695 3922 oﬂ‘eruntur,
3726 3854 3780 3909 in
3810 3868 3922 3924 pra:-

2368 3941 2529 4002 senti,
2562 3941 2655 3995 sed
2689 3941 2816 3995 olim
2849 3942 3224 4009 oﬂerebantur,
3263 3943 3454 3998 fuisset
3481 3944 3792 4001 dicendum.

2446 4030 2640 4086 Verum
2681 4048 2790 4088 non
2823 4033 2956 4088 satis
3001 4034 3230 4088 attendit
3269 4034 3351 4087 vir
3379 4035 3626 4090 eruditus
3669 4037 3920 4091 sermonis

2368 4139 2551 4188 usum,
2590 4141 2698 4194 quo
2742 4142 2828 4179 res
2859 4127 3160 4194 praeteritas
3187 4127 3352 4179 veluti
3383 4133 3678 4195 praesentes
3708 4128 3778 4182 ob
3805 4144 3922 4181 ocu-

2370 4216 2452 4270 los
2481 4231 2701 4283 ponere,
2735 4223 2788 4270 et
2820 4232 2914 4284 per
2941 4231 3180 4284 praesens
3212 4224 3425 4284 tempus
3475 4217 3763 4271 enuntiare
3809 4232 3921 4268 nar-

2371 4306 2516 4360 ranti
2546 4307 2687 4360 licet.
2720 4306 2859 4371 Quid
2893 4309 3033 4361 enim
3068 4307 3121 4360 in
3155 4309 3256 4360 hac
3285 4308 3512 4374 epistola
3544 4308 3647 4361 sibi
3676 4307 3808 4370 vult,
3843 4324 3914 4359 sa-

2372 4399 2573 4468 cri/icio
2601 4415 2700 4451 non
2730 4399 2783 4451 in
2807 4401 2948 4451 omni
2979 4399 3115 4463 loco,
3144 4399 3232 4452 sed
3259 4397 3600 4466 Jerosolymis
3633 4408 3833 4452 tantum
3859 4397 3923 4464 of-

706 4489 777 4544 da
838 4471 945 4544 hoc
989 4497 1289 4554 taceretur,
1345 4488 1562 4543 Petrum
1614 4487 1900 4550 videlicet,
1943 4487 2101 4555 cujus
2149 4496 2267 4541 erat
2301 4487 2343 4542 ἰ)
2374 4491 2634 4560 feruntur,
2671 4491 2776 4545 nisi
2829 4490 2990 4555 illud,
3021 4505 3086 4544 ex
3135 4490 3448 4560 praescripto
3497 4491 3628 4560 legis
3668 4491 3918 4545 sacriﬁcia

703 4582 949 4652 ipsorum
973 4581 1290 4637 satisfacere
1307 4581 1722 4652 quaestionibus,
1745 4581 1812 4633 iis
1827 4581 2061 4650 acceptis
2085 4579 2274 4634 deten-

704 4686 843 4738 tum,
876 4692 1099 4741 caesum,
1129 4684 1183 4730 et
1220 4691 1250 4730 e
1293 4675 1430 4730 vivis
1463 4675 1631 4730 fuisse
1665 4675 1960 4731 sublatum.
1990 4674 2189 4730 Deinde
2218 4677 2270 4731 in

704 4776 822 4823 toto
864 4767 1120 4839 Epistolte
1146 4772 1403 4820 contextu
1441 4766 1572 4820 illud
1605 4765 1872 4828 innuitur,
1905 4780 2028 4818 eum
2070 4767 2270 4836 ipsum,

705 4859 799 4928 qui
830 4873 977 4913 nunc
1017 4855 1294 4920 rescribit,
1325 4855 1478 4924 prius
1508 4853 1916 4910 Corinthiorum
1944 4857 2143 4926 scripta
2182 4872 2273 4910 ac-

707 4951 940 5020 cepisse.
971 4948 1239 5015 Quocirca
1269 4947 1336 5001 ad
1368 4947 1601 5002 litteram
1637 4948 1968 5018 intelligendi
1999 4957 2126 5004 sunt
2160 4955 2272 5002 tum

709 5039 944 5095 lrenaaus
965 5039 1066 5109 (l),
1091 5046 1206 5092 tum
1236 5037 1567 5108 ﬂegesippus
1589 5036 1686 5109 (2),
1707 5054 1830 5093 cum
1853 5039 2270 5108 dissensionem,

709 5145 872 5201 quam
904 5129 1095 5185 sedare
1141 5144 1287 5182 nunc
1328 5141 1552 5183 conatur
1580 5129 1848 5195 Clemens,
1881 5147 1988 5185 non
2021 5132 2123 5186 sub
2171 5129 2272 5186 Pc-

711 5230 817 5286 tro,
836 5219 932 5276 sed
959 5218 1345 5276 subClemente
1368 5229 1542 5275 ortam
1573 5237 1700 5278 esse
1721 5229 2008 5278 tesrantur.
2029 5222 2275 5299 Praeter-

807 5376 897 5500 901)
934 5377 1180 5458 bpicileg.
1212 5376 1479 5458 Patrum”
1501 5387 1639 5433 tom.
1668 5378 1859 5462 l,_pag.
1893 5377 1998 5464 ξὸι
2021 5387 2072 5432 et
2099 5377 2225 5432 255.

812 5447 846 5500 9
889 5460 902 5500 t
942 5447 1007 5500 In
1037 5457 1156 5500 Cﬂi.
1189 5446 1429 5500 Barorm.
1458 5450 1524 5500 ad
1558 5465 1685 5500 ann.
1731 5450 1808 5500 t8.
1849 5447 1874 5500 Ε
1907 5465 1960 5500 o.

812 5446 902 5519 97)
942 5447 1007 5519 in
1037 5446 1156 5500 crit.
1189 5446 1429 5519 Baronii,
1458 5450 1524 5502 ad
1558 5465 1686 5519 ann.
1723 5446 1874 5519 78,7§
1907 5449 1960 5519 5.

941 5517 1145 5572 Hister.
1172 5518 1324 5584 ecel.,
1355 5517 1450 5574 lib.
1480 5535 1540 5582 tt,-
1576 5516 1602 5588 ᾗ
1634 5518 1722 5582 39.,
1754 5516 1888 5573 toni.
1923 5518 1964 5582 1,,
1994 5533 2114 5587 pag.
2147 5517 2272 5579 ill,

715 5587 848 5645 edit.
878 5587 1030 5641 Rom.
1585 5587 1593 5588 “

788 5656 1005 5730 (99)-1η
1039 5660 1229 5714 noviss.
1269 5657 1517 5713 Bibliotlt.
1553 5670 1691 5726 ma,
1721 5665 1852 5713 tom.
1885 5657 1927 5722 l,
1957 5656 2011 5710 in
2041 5657 2272 5730 proleg.,

719 5742 843 5802 pag.
880 5727 963 5796 l9,
1000 5743 1153 5787 nam.
1180 5731 1226 5785 9,

2371 4580 2721 4652 Jerosolymis
2754 4592 2955 4634 tantum
3002 4583 3330 4650 offeruntur?
3356 4583 3499 4651 quod
3540 4581 3759 4650 quidem
3801 4597 3920 4654 pm.

2373 4676 2634 4744 scriptum
2661 4688 2782 4726 cum
2813 4675 3107 4727 etiamnum
3140 4673 3196 4727 in
3228 4672 3343 4742 lege
3381 4680 3618 4736 maneat,
3657 4672 3774 4741 ipsa
3815 4671 3918 4724 Cle-

2360 4765 2571 4826 mentis
2596 4763 2756 4816 verba
2787 4763 2948 4816 etiam
2976 4763 3133 4816 nobis
3170 4762 3361 4815 elferre
3409 4777 3514 4814 non
3564 4763 3744 4831 inepte
3791 4775 3919 4816 nunc

2375 4856 2577 4909 liceret.
2610 4852 2812 4921 Nempe
2837 4853 3088 4907 Clemens
3117 4853 3522 4922 comparatione
3560 4867 3625 4904 ac
3652 4868 3803 4907 more
3838 4850 3919 4904 Ju-

2374 4946 2634 5008 dzeorum,
2665 4945 2862 5013 quibus
2905 4943 3296 4997 sacrificiorum
3331 4943 3476 5013 leges
3517 4957 3547 4996 a
3582 4946 3764 5014 Moyse
3801 4959 3918 5014 pre-

2376 5037 2708 5098 scribuntur,
2740 5033 3067 5089 Christianis
3098 5041 3289 5087 auctor
3318 5043 3422 5097 est,
3457 5040 3514 5086 ut
3544 5042 3597 5088 et
3628 5033 3732 5104 ipsi
3763 5040 3913 5088 statu-

2377 5138 2488 5182 tum
2523 5127 2588 5181 ab
2615 5127 2875 5197 apostolis
2907 5127 3240 5180 oblationum
3270 5134 3323 5180 et
3353 5125 3647 5179 ciliciorum
3692 5127 3914 5180 ordinem

2379 5229 2681 5275 reverenter
2709 5217 2977 5288 accipiant
3008 5232 3070 5271 ac
3097 5224 3331 5271 servent.
3367 5216 3475 5271 Hoc
3505 5222 3707 5280 autem,
3737 5222 3796 5269 ut
3819 5216 3912 5285 ἱνα

2445 5376 2590 5442 (100)
2633 5373 2814 5428 Τοπι.1
2849 5372 2990 5427 Eccl.
3024 5372 3171 5433 hist,
3201 5388 3323 5442 pag.
3353 5372 3480 5433 265,
3512 5374 3642 5426 edit.
3685 5372 3864 5442 Latin.

2445 5439 2520 5514 ll)
2557 5444 2674 5497 Lib.
2710 5459 2768 5514 ut
2815 5444 3028 5499 Advers.
3061 5439 3427 5514 hwresq'cup.
3466 5445 3518 5508 5,
3551 5452 3606 5498 et
3640 5443 3781 5514 apud
3821 5439 3912 5498 Εικ

2376 5516 2603 5576 sellium,
2641 5513 2809 5576 H.E.,
2843 5514 2934 5568 lib.
2973 5530 3020 5574 v.
3053 5529 3100 5568 c.
3131 5513 3183 5567 6.

2443 5583 2519 5654 (2)
2559 5584 2712 5654 apud
2744 5583 2961 5646 Euseb.,
2997 5586 3089 5638 lib.
3121 5598 3195 5646 tv,
3226 5599 3344 5652 cap.
3376 5582 3464 5638 Ἡ.

2446 5653 2523 5722 (5)
2561 5653 2694 5722 cap.
2728 5655 2818 5709 is.

2444 5725 2520 5795 (4)
2556 5723 2728 5796 Epist.
2761 5725 2784 5780 Ι
2817 5723 3009 5790 Clem.,
3041 5739 3158 5793 cap.
3189 5722 3277 5779 41.
