4046 6326
193 358 292 416 157

1439 347 1778 404 ΡΒΟΕΕΗΙΑ
1817 344 2199 402 VARIORUM.

3337 349 3437 406 138

185 475 272 528 vir
299 470 690 526 celeberrimus
719 469 979 525 Claudius
1009 466 1203 540 Fleury
1235 465 1433 521 fatetur
1456 465 1559 534 (5),
1592 465 1648 519 in
1672 479 1768 519 ex-
1795 466 1842 523 Δ
1868 462 1960 531 qui
1991 471 2214 534 propter
2246 461 2554 525 exordium,
2587 465 2643 516 in
2672 475 2782 531 quo
2807 460 3067 516 salutatio
3104 475 3227 514 cum
3279 474 3439 530 prece

185 562 454 632 ponendis
483 561 982 632 comparationibus
1011 574 1113 614 usu
1141 559 1308 621 venit,
1342 565 1402 612 ut
1432 571 1521 611 res
1543 566 1768 627 praeter-

188 653 275 706 ita:
325 653 554 723 perinde
585 669 649 709 ac
674 653 720 709 si
743 660 1039 725 praesentes
1068 650 1343 713 adessent,
1367 648 1438 704 ob
1465 649 1654 702 oculos
1678 663 1770 717 po-

183 751 410 799 nuntur.

256 835 371 891 Nec
397 839 634 909 sequitur
663 853 729 892 ea:
773 854 856 901 ea,
888 847 945 891 ut
971 835 1118 891 Petri
1145 844 1194 889 et
1243 833 1405 888 Pauli
1451 835 1767 905 martyrium

180 930 419 994 proxime
438 927 832 997 exceperit—1"
837 938 1014 985 rustra
1035 927 1198 988 etiam
1220 926 1551 982 Clementem
1583 928 1766 996 proxi-

182 1034 272 1074 me
303 1028 427 1090 post
449 1019 595 1074 Petri
624 1028 678 1077 et
722 1019 876 1075 Pauli
907 1021 1228 1091 martyrium
1275 1019 1565 1088 scripsisse
1590 1034 1657 1074 ex
1699 1033 1766 1073 eo

179 1111 483 1182 colligitur,
502 1112 650 1182 quod
669 1113 845 1184 capite
865 1112 899 1167 4
921 1111 1029 1184 (6),
1062 1111 1269 1176 Abelis,
1287 1109 1694 1184 Jacob,;Moysis
1712 1117 1767 1166 et

185 1197 432 1266 Davidis,
474 1202 567 1272 qui
609 1218 706 1272 per
739 1204 1142 1258 aemulationem
1198 1217 1264 1257 ae
1315 1201 1574 1257 invidiam
1597 1203 1764 1257 multa

183 1292 334 1362 μεὲὶ
368 1301 517 1358 sunt,
550 1294 836 1363 pramissis
865 1295 1142 1364 exemplis,
1175 1295 1366 1364 sapitis
1396 1295 1430 1350 5
1453 1295 1605 1348 initio
1635 1295 1763 1348 sub-

178 1383 330 1452 iicit:
367 1401 385 1434 ι
419 1383 521 1438 Sed
554 1385 729 1438 missis
770 1384 1027 1440 veteribus
1067 1386 1325 1454 exemplis
1372 1387 1639 1441 veniamus
1696 1389 1765 1441 ad

182 1473 466 1542 proximos
489 1473 722 1528 athletas
748 1484 797 1527 et
832 1475 1006 1529 (etatis
1036 1485 1232 1530 nostra
1256 1491 1504 1546 generosa
1527 1478 1766 1546 exempla

181 1578 456 1615 sumamus
481 1561 579 1634 (7),
618 1581 636 1615 ι
664 1577 728 1618 ac
771 1563 968 1646 deinde
995 1563 1142 1620 Petri
1170 1573 1224 1620 et
1266 1564 1418 1621 Pauli
1446 1569 1764 1640 martyrium

178 1662 424 1708 enarrat.
453 1652 621 1708 Nemo
652 1654 796 1710 enim
821 1671 930 1710 non
953 1653 1127 1722 Videt,
1150 1672 1314 1728 quam
1341 1665 1497 1713 recte
1514 1659 1765 1716 Clemens

184 1744 333 1797 circa
363 1759 567 1800 annum
595 1745 800 1802 Christi
829 1747 898 1802 97
923 1747 1073 1803 Petri
1122 1764 1188 1802 ac
1211 1747 1367 1803 Pauli
1417 1753 1761 1822 martyrium,

1868 552 2194 622 eonjuncta,
2218 562 2409 608 contra
2441 552 2815 622 apostolorum
2880 560 3046 620 atque
3086 551 3260 621 ipsius
3315 549 3439 605 Cle-

1869 645 2070 701 mentis
2100 648 2506 714 morem,deest,
2537 660 2656 701 eam
2711 645 2763 700 in
2807 644 3153 699 bomiliarum
3213 658 3439 698 censum

1869 735 2208 792 referendam
2264 733 2389 791 esSe
2431 737 2719 806 judicavit.
2752 733 2952 790 Verum
3013 752 3123 791 non
3163 744 3312 789 tanta
3355 743 3442 790 est

1869 829 1985 884 haec
2022 829 2184 892 ratio,
2233 840 2291 883 ut
2319 838 2587 893 veterum,
2635 829 2729 899 qui
2771 828 3047 897 epistolam
3094 836 3437 898 nuncupant,

1841 936 2085 976 'summo
2111 921 2403 977 consensui
2434 936 2540 976 non
2564 921 2742 975 dicam
2767 921 3046 985 anteferri,
3078 920 3171 975 sed
3197 921 3282 974 vel
3307 935 3440 974 con-

1870 1011 2000 1066 ferri
2056 1011 2169 1067 ullo
2222 1012 2383 1067 modo
2427 1011 2621 1066 valeat.
2657 1010 2897 1081 Longius
2948 1010 3126 1065 adhuc
3171 1011 3441 1080 processit

1868 1103 2199 1169 Dodwellus,
2235 1105 2740 1176 intemperantioris
2770 1105 2989 1160 critices
3031 1111 3270 1159 sectator
3327 1115 3442 1158 stu-

1867 1193 2238 1259 diosissimus,
2269 1195 2363 1266 qui
2387 1210 2634 1251 asserere
2665 1211 2776 1250 non
2806 1193 3098 1259 dubitavit,
3139 1195 3260 1248 loca
3303 1209 3443 1248 non-

1867 1282 2015 1338 nulla
2042 1281 2288 1352 ejusdem
2309 1283 2556 1354 epistola:
2585 1283 2789 1354 stylum-
2831 1283 3165 1354 eclogarium
3195 1282 3440 1354 Hypoty-

1865 1387 2071 1443 poseon
2127 1372 2424 1429 Clementis
2472 1373 2829 1429 Alexandrini
2888 1375 3136 1441 referre,
3198 1375 3441 1444 adeoque

1867 1463 2146 1520 immistos
2177 1463 2412 1520 invicem
2443 1464 2583 1520 duos
2611 1463 2734 1519 illos
2762 1462 2931 1521 fuisse
2957 1464 3286 1522 Clementes.
3332 1464 3442 1520 Sed

1867 1569 2125 1610 censores
2145 1554 2457 1611 istiusmodi
2487 1556 2793 1622 mittamus,
2818 1556 2910 1627 qui
2958 1571 2990 1611 a
3012 1556 3242 1611 vetitate
3284 1558 3444 1625 longe

1866 1645 2120 1702 aberrare
2148 1641 2473 1703 noscuntur.

1938 1737 2058 1792 Duo
2090 1739 2312 1793 maximi
2342 1738 2591 1794 momenti
2621 1737 2936 1794 documenta
2961 1755 3055 1809 pro
3077 1737 3344 1808 ﬁdelibus.
3373 1769 3444 1779 —

178 1846 308 1886 cum
348 1797 1766 1908 ieiuniis};bidiiifiiﬁéiQ—nooi;Inungui
1795 1797 1840 1858 Β
1870 1829 1946 1884 Ex
1963 1830 2276 1887 venerando
2297 1832 2403 1886 hoc
2441 1844 2614 1886 sacrae
2667 1797 3011 1902 antiquitatis
3062 1797 3440 1892 monumento.

176 1933 580 1995 comparatum,
621 1929 925 1998 proximum
956 1945 1020 1984 ac
1067 1931 1296 1986 uicinum
1344 1935 1520 1988 atatis
1568 1945 1766 1991 nostra:

175 2017 403 2073 dixerit.
436 2019 549 2074 imo
578 2036 754 2091 neque
786 2022 1093 2092 proximum
1125 2024 1194 2079 ab
1219 2039 1288 2080 eo
1317 2024 1518 2081 dicitur
1547 2026 1760 2092 diebus,

175 2107 383 2177 quibus
414 2111 623 2175 scribit,
653 2111 748 2167 sed
776 2113 924 2167 aztatl
956 2114 1156 2186 (γενεᾷ)
1186 2131 1350 2186 quam
1397 2117 1527 2188 agit,
1561 2134 1658 2174 seu
1706 2120 1762 2175 in

178 2214 291 2270 qua
340 2201 506 2272 degit.
557 2202 781 2257 Demum
812 2206 990 2274 capite
1037 2207 1456 2278 quadragesimo
1505 2211 1760 2279 septimo,

181 2291 274 2345 ubi
302 2292 370 2346 ad
421 2296 730 2364 evangelica
779 2301 1025 2366 tempora
1071 2299 1314 2353 animum
1357 2298 1547 2366 refert,
1591 2317 1763 2372 eaque

180 2395 308 2434 cum
360 2381 452 2435 illo
484 2384 744 2451 temporis
792 2385 970 2455 spatio
1000 2386 1231 2451 confert,
1264 2403 1375 2458 quo
1410 2389 1624 2456 scribit,
1656 2391 1763 2446 Co-

180 2473 512 2528 rinthiorum
544 2473 847 2530 Ecclesiam
881 2478 1152 2547 antiquam
1180 2493 1399 2545 vocare,
1428 2487 1485 2535 et
1525 2481 1760 2551 primum

172 2579 370 2618 eorum
399 2565 706 2630 dissidium,
737 2566 804 2622 de
831 2583 940 2636 quo
967 2565 1169 2625 Paulus
1216 2571 1459 2641 loquitur
1482 2573 1544 2640 ",
1597 2580 1657 2626 ut
1705 2574 1762 2626 in

173 2656 437 2725 principio
468 2657 740 2728 Evangelii
766 2672 939 2713 ortum
966 2645 1288 2728 memorare,
1319 2663 1601 2736 ipsamque
1629 2680 1761 2736 apo-

172 2747 307 2802 stoli
331 2748 493 2816 hujus
528 2751 836 2820 epistolam,
863 2753 1078 2807 tametsi
1111 2755 1522 2823 quatuordecim
1547 2765 1758 2814 tantum

177 2841 340 2896 annis
391 2843 662 2897 excidium
716 2842 1232 2916 Jerosolymitanum
1284 2852 1646 2918 praecesserit,
1704 2854 1759 2906 in

173 2933 434 3000 principio
486 2933 760 3004 Evangelii
820 2938 1071 3005 scriptam
1117 2937 1302 2994 dicere
1349 2955 1459 2996 non
1521 2942 1755 2999 dubitat.

175 3024 338 3091 Quod
387 3042 517 3082 sane
549 3028 786 3085 evidenti
839 3038 1158 3100 argumento
1187 3039 1292 3095 est,
1325 3047 1473 3098 eum,
1525 3049 1648 3089 cum
1683 3036 1758 3090 ita

1867 1923 2014 1993 quod
2047 1938 2316 1978 summam
2348 1922 2652 1993 primorum
2677 1921 3118 1978 Christianorum
3172 1923 3441 1991 simplici-

1866 2022 2035 2071 tatem
2064 2015 2228 2086 sapit,
2263 2015 2374 2072 duo
2413 2016 2470 2070 in
2495 2014 2689 2085 primis
2719 2016 2942 2069 maximi
2971 2016 3230 2070 momenti
3268 2015 3440 2069 docu-

1868 2115 2050 2161 menta
2097 2105 2282 2162 fideles
2326 2106 2656 2177 percipiunt.
2704 2103 2946 2159 Primum
2990 2105 3172 2169 enim,
3238 2103 3331 2158 ubi
3382 2103 3439 2159 in

1866 2197 2124 2268 primaria
2157 2192 2528 2263 Ecclesia,'tot
2552 2195 2793 2268 Spiritus
2818 2197 2994 2254 sancti
3026 2195 3187 2251 donis
3213 2205 3439 2260 ornata,

1863 2307 1931 2347 ac
1956 2292 2209 2348 maximis
2241 2293 2614 2364 apostolorum
2650 2290 2945 2349 sudoribus
2971 2290 3208 2352 exculta,
3251 2289 3441 2358 spinas

1865 2383 2272 2440 dissensionum
2293 2393 2518 2440 exortes
2545 2383 2755 2448 vident,
2797 2381 2979 2436 minus
2996 2383 3110 2451 jam
3143 2381 3437 2442 mirantur,

1864 2477 1912 2531 si
1945 2479 2088 2533 inter
2113 2477 2466 2535 Christianas
2495 2476 2813 2542 societates,
2846 2491 2969 2547 quae
3014 2485 3161 2531 recte
3209 2490 3439 2545 compo-

1864 2570 1984 2625 sitae
2006 2571 2257 2636 audiunt,
2283 2571 2599 2642 hujusmodi
2621 2571 2878 2626 scandala
2895 2567 3102 2625 oboriri
3128 2567 3438 2637 contigerit.

1863 2660 2153 2732 Nunquam
2205 2662 2467 2716 nimirum
2507 2660 2744 2732 quiescit
2795 2660 3055 2730 antiquus
3103 2660 3438 2721 zizaniorum

1863 2755 2162 2808 seminator
2190 2761 2245 2808 et
2266 2767 2455 2824 agrum
2486 2751 2701 2806 Domini
2724 2751 2980 2809 infaustis
3007 2752 3306 2807 seminibus
3339 2751 3441 2806 fm-

1862 2845 1994 2900 dare
2047 2860 2160 2899 non
2209 2852 2412 2901 cessat.
2466 2843 2574 2900 Sed
2630 2846 2881 2916 quamvis
2911 2845 3197 2915 antiquum
3231 2844 3302 2899 sit
3333 2843 3438 2899 hoc

1861 2937 2107 3002 malum,
2147 2952 2256 2992 non
2309 2936 2432 2991 ideo
2468 2945 2650 2990 tamen
2715 2936 2896 2992 minus
2951 2932 3282 3007 lugendum;
3341 2936 3437 2989 sed

1861 3027 2070 3082 nullum
2089 3042 2230 3092 esse,
2257 3028 2346 3082 cui
2376 3027 2677 3084 remedium
2701 3028 2865 3084 citius
2925 3027 3294 3082 adhibendum
3342 3029 3434 3089 sit,

175 3118 465 3182 scriberet,
499 3120 712 3189 longius
763 3123 831 3176 ab
871 3123 1061 3178 eodem
1113 3124 1387 3195 principio
1417 3129 1754 3183 recessisse:

1863 3122 1990 3176 item
2011 3136 2076 3176 ex
2100 3120 2207 3176 hoc
2235 3121 2462 3193 scripto,
2495 3127 2554 3176 ut
2572 3136 2640 3176 ex
2664 3118 2820 3176 Pauli
2855 3119 3112 3191 Epistula,
3143 3119 3438 3187 docemur;

174 3223 284 3262 nec
332 3209 531 3265 abhinc
560 3213 855 3268 recessisse
905 3215 1118 3285 longius
1142 3216 1438 3282 videretur,
1467 3219 1615 3284 si,ut
1645 3223 1762 3275 vult
1863 3225 2058 3280 nempe
2096 3211 2245 3265 tenui
2291 3209 2692 3266 discordiarum
2725 3207 2964 3270 flamma.
2992 3211 3100 3266 nisi
3130 3225 3292 3281 quam
3325 3211 3437 3280 pri-

168 3297 435 3371 Grabius,
461 3303 719 3372 pmdieta
749 3304 901 3361 Pauli
930 3308 1159 3377 epistola
1192 3307 1295 3364 hac
1323 3310 1618 3367 Clementis
1661 3329 1760 3367 no-

171 3405 301 3444 vem
329 3391 608 3456 duntaxat,
644 3395 725 3449 vel
762 3395 829 3449 ad
859 3411 1132 3452 summum
1159 3398 1446 3455 duodecim
1477 3402 1634 3458 annis
1661 3418 1761 3473 po-

166 3482 377 3536 sterior
410 3479 566 3537 foret.

245 3567 328 3621 De
358 3577 618 3637 tempore,
681 3587 782 3642 quo
834 3573 1006 3628 altera
1043 3578 1266 3644 epistola
1319 3580 1538 3648 scripta.
1569 3611 1638 3622 ι-
1683 3582 1758 3637 De

165 3661 439 3729 temporis
463 3670 644 3716 autem
675 3666 974 3730 notatione,
1002 3682 1109 3736 quo
1138 3670 1343 3738 scripta
1379 3669 1543 3726 fuerit
1573 3681 1756 3742 poste-

168 3751 292 3806 rior
321 3751 622 3810 Clementis
650 3757 904 3825 epistola,
945 3758 1084 3813 nihil
1133 3761 1354 3829 quidem
1385 3764 1524 3818 certi
1575 3780 1640 3820 ex
1690 3781 1755 3822 ea

162 3847 373 3902 elicere
397 3863 724 3917 possumus,
771 3867 896 3906 cum
955 3854 1144 3908 mutila
1177 3857 1244 3910 ad
1275 3872 1376 3912 nos
1418 3861 1750 3928 pervenerit,

167 3937 323 3992 unde
343 3938 478 3992 illud
510 3949 804 3998 statuatur.
847 3943 951 4008 Qui
975 3959 1094 3998 eam
1121 3945 1388 4018 integram
1419 3950 1616 4020 legisse
1648 3968 1750 4020 pu-

165 4038 322 4084 tatur
351 4029 602 4096 Photius,
629 4032 686 4087 in
717 4034 836 4103 ejus
859 4037 1179 4094 recensione
1203 4041 1404 4095 nullam
1430 4042 1561 4097 facit
1586 4045 1753 4100 dissi-

163 4120 248 4176 dii
282 4121 619 4178 Corinthiaci
644 4125 1014 4195 mentionem;
1048 4130 1142 4184 sed
1173 4130 1345 4201 ipsam
1371 4123 1751 4192 tantummodo

165 4214 598 4277 institutionem,
628 4224 682 4272 et
704 4216 1134 4277 admonitionem
1169 4224 1413 4281 melioris
1441 4228 1566 4282 vita:
1587 4228 1749 4282 indu-

1861 3319 2011 3358 mum
2039 3303 2442 3374 exstinguatur.
2467 3303 2619 3359 brevi
2650 3303 2845 3375 ingens
2883 3303 3193 3359 incendium
3249 3304 3437 3358 conci-

1858 3396 1991 3462 tari,
2023 3397 2270 3468 apprime
2301 3397 2592 3453 callebant.

2377 3509 2774 3567 ARTICULUS
2819 3511 2909 3566 IV.

2090 3618 2390 3666 υτιιιυδρυε
2418 3618 2690 3659 ενιετοι..ε
2723 3618 2910 3657 Βιενιε
2943 3619 3214 3658 ΑΝΔΙΠΜΒ.

1966 3692 2164 3750 Prima:
2194 3694 2264 3749 ad
2308 3693 2610 3750 Corinthios
2635 3694 2754 3817 [divi
2787 3693 3072 3750 Clementis
3098 3696 3332 3763 epistola:

2527 3782 2630 3817 ana
2658 3781 2786 3817 um.
3325 3781 3330 3787 ·

2527 3781 2786 3835 anatysis.
3325 3781 3330 3787 '

1926 3855 2160 3912 Sanetus
2205 3857 2481 3922 Clemens,
2542 3864 2830 3927 postquam
2878 3855 3204 3926 Corinthiis,
3241 3855 3431 3912 eodem

1855 3946 1968 4003 fere
1997 3956 2156 4018 pacto
2214 3965 2324 4019 quo
2371 3948 2531 4002 divus
2558 3947 2760 4003 Paulus
2789 3946 3064 4018 Epistolas
3098 3963 3228 4003 suas
3270 3963 3434 4003 exor-

1852 4038 2022 4102 ditur,
2057 4039 2286 4093 salutcm
2317 4039 2570 4102 dixisset,
2615 4045 2815 4109 purgat
2866 4053 2925 4094 se
2955 4039 3099 4109 apud
3128 4055 3245 4107 eos,
3279 4042 3430 4111 quod

1851 4130 2145 4200 propositis
2176 4130 2612 4187 dubitationibus
2640 4132 2854 4186 tardius
2884 4132 3176 4190 rescribat.
3210 4132 3414 4188 Eorum

1849 4223 2046 4280 deinde
2077 4223 2308 4278 virtutes
2338 4224 2570 4289 extollit,
2591 4222 2713 4279 fidei
2739 4224 3015 4295 praecipue
3036 4226 3427 4288 constantiam,

162 4321 300 4362 cere
328 4308 524 4362 scribit
547 4307 650 4380 (8).
680 4309 820 4365 Hine
853 4310 1014 4368 facile
1044 4316 1168 4383 quis
1194 4317 1442 4392 colligat,
1482 4319 1746 4378 corintho
1849 4315 2070 4384 pietatis
2099 4316 2502 4382 excellentiam,
2527 4316 2920 4386 hospitalitatis
2941 4318 3428 4388 magnificentiam,

164 4394 404 4452 Romam
436 4397 640 4454 reduce
670 4398 989 4466 Fortunato,
1033 4418 1156 4458 cum
1205 4406 1330 4462 aliis
1361 4409 1547 4474 sociis,
1595 4412 1745 4466 schi-
1850 4407 2135 4461 scientiam
2199 4407 2688 4472 absolutissimum.
2745 4409 3022 4464 sincerum
3072 4410 3129 4464 in
3177 4417 3430 4480 pastores

162 4493 350 4542 ornate
375 4487 488 4558 jam
519 4489 758 4558 sublato,
788 4499 842 4546 et
872 4493 1040 4563 quieti
1065 4492 1308 4552 Ecclesia
1350 4498 1441 4552 illa
1471 4501 1741 4571 restituta,
1775 4483 1822 4542 Ῐ)
1849 4497 2196 4567 obsequium.
2228 4496 2323 4551 Dei
2353 4497 2507 4552 Verbi
2540 4496 2808 4560 studium.
2838 4499 3119 4570 egregium
3173 4515 3275 4570 Pro
3326 4517 3425 4556 sua

163 4578 314 4635 hanc
346 4578 547 4636 deinde
576 4581 746 4638 fuisse
771 4598 802 4637 a
824 4583 1104 4643 Clemente
1119 4589 1480 4660 perscriptam
1531 4593 1740 4663 episto-

161 4674 277 4727 lam
302 4687 450 4729 anno
479 4673 619 4730 forte
643 4674 712 4729 98
745 4676 1067 4747 insequente
1088 4717 1104 4744 ,
1135 4695 1247 4752 quo
1270 4681 1326 4736 in
1379 4698 1512 4754 pace
1569 4687 1742 4758 magis

161 4766 352 4821 adhuc
388 4764 736 4821 firmarentur
758 4766 1050 4827 Corinthii.

239 4851 390 4910 Num
422 4855 592 4911 altera
612 4855 894 4914 Clementis
912 4861 1134 4928 epistola
1155 4864 1224 4918 sit
1251 4866 1488 4920 homiliaa
1509 4884 1655 4937 pars.
1669 4902 1738 4911 —

163 4945 315 5005 Viris
341 4949 670 5018 quibusdam
693 4949 893 5017 doctis,
926 4955 1224 5023 prresertim
1247 4955 1548 5014 Vendelino
1576 4967 1739 5030 atque

162 5035 473 5099 Blondello,
497 5038 676 5094 visum
707 5037 830 5107 fuit,
856 5044 1152 5100 secundam
1192 5045 1491 5105 Clementis
1535 5051 1609 5121 ad.
1632 5053 1739 5106 Co-

155 5128 402 5185 rinthios
434 5129 720 5201 epistolam
765 5132 1002 5190 homiliae
1029 5137 1211 5207 potius
1245 5146 1448 5210 partem
1471 5157 1615 5207 esse,
1648 5146 1734 5202 cui

155 5220 409 5290 opinioni
437 5218 672 5278 Grabius
695 5239 911 5294 quoque
961 5226 1345 5286 incunctanter
1381 5231 1732 5305 subscripsit,

231 5485 278 5518 ¹¹⁷
311 5480 332 5538 Ι
360 5481 487 5539 Cor.
519 5501 557 5539 ι.
639 5486 683 5520 ⁸⁸
705 5485 861 5543 Deut.
893 5505 1043 5544 xxxii
1065 5531 1080 5557 ,
1107 5494 1187 5549 15.

454 5706 653 5773 annum
685 5694 774 5773 ϐῆ,
807 5705 941 5754 tom.
974 5698 1171 5773 l,_pag.
1203 5702 1328 5760 286.

231 5765 308 5833 {6)
348 5762 520 5818 Clem.
552 5765 711 5835 epist.
741 5769 792 5830 Ι,
824 5783 974 5824 num.
1009 5762 1062 5828 ιζ

393 5857 817 5931 ΡΑτιοι..,(ἶιι.
874 5861 922 5924 Ι.

1851 4589 2198 4658 aliorumque
2220 4588 2398 4643 salute
2413 4589 2581 4643 animi
2601 4588 2922 4654 candorem,
2953 4600 3116 4660 atque
3137 4593 3192 4646 in
3211 4592 3424 4649 Domini

1846 4679 2060 4748 legibus
2082 4679 2370 4734 servandis
2399 4677 2743 4747 fidelitatem,
2773 4684 3144 4740 commendat.
3162 4683 3242 4739 Ad
3277 4686 3426 4740 schi-

1842 4784 1964 4824 sma
2001 4769 2199 4824 deinde
2220 4769 2518 4835 transiens,
2543 4785 2656 4841 quo
2681 4777 2764 4826 tot
2793 4771 3027 4830 virtutes
3049 4775 3424 4831 obscuraban-

1841 4868 1932 4913 tur
1961 4879 1972 4913 :
2006 4857 2190 4914 Omnis
2219 4861 2415 4932 gloria,
2438 4861 2638 4932 inquit,
2668 4871 2720 4916 et
2747 4866 2902 4932 copia
2933 4866 3076 4922 vobis
3115 4867 3245 4922 data
3282 4880 3418 4930 erat,

1846 4964 2000 5025 atque
2025 4955 2078 5008 in
2109 4953 2252 5008 vobis
2291 4953 2428 5006 illud
2450 4952 2742 5022 Scripturw
2767 4955 3038 5024 i‘mpletum
3061 4973 3140 5013 est
3158 4976 3176 5013 :
3223 4978 3242 5010 ι
3270 4959 3416 5026 Edit,

1842 5062 1892 5101 et
1924 5047 2074 5109 bibit,
2110 5054 2160 5100 et
2189 5045 2450 5099 dilatatur
2473 5056 2575 5110 est,
2609 5062 2672 5100 ac
2697 5047 3066 5118 .incrassatus:
3093 5059 3143 5104 et
3198 5053 3420 5108 recalci-

1843 5141 2003 5194 traoit
2023 5139 2245 5193 dilectus
2272 5139 2336 5192 ¹⁸.
2371 5156 2389 5190 ι
2430 5138 2571 5192 Hinc
2620 5140 2890 5195 temulatio
2931 5152 2982 5195 et
3029 5142 3321 5211 discordia,
3369 5158 3418 5199 et

1843 5232 2051 5289 seditio.
2082 5231 2172 5288 Sic
2201 5231 2604 5286 insurrexerunt
2635 5232 2936 5289 inhonorati
2961 5246 3148 5301 contra
3188 5237 3417 5292 honora-

1933 5707 1987 5775 7)
2026 5706 2220 5764 Clem..
2246 5707 2406 5776 epist.
2437 5707 2488 5763 1.
2525 5679 2676 5761 num.
2715 5707 2767 5761 5.

1934 5779 1987 5848 8)
2025 5776 2272 5841 Pliotius,
2312 5777 2500 5831 codice
2529 5789 2708 5828 cxxvl.
