4054 6320
646 350 747 408 139

1772 341 1861 398 AD
1899 344 1957 402 S.
1998 339 2418 401 CLEHENTEH
2454 342 2475 397 Ι
2511 340 2743 398 PAPAM

3774 347 3878 403 μθ

643 473 744 526 tos,
779 458 994 530 inglorii
1024 464 1208 511 contra
1235 456 1515 526 gloriosos;
1562 455 1865 523 insipientes
1895 464 2078 511 contra
2110 473 2196 511 sa-
2225 458 2273 517 Α
2301 470 2500 527 parens
2527 455 2726 512 divinae
2752 455 3035 514 electionis
3057 469 3172 513 sua:
3194 457 3492 529 participes
3549 472 3651 515 nos
3680 457 3880 515 sdece-

639 557 856 624 pientes,
879 553 1091 622 juvenes
1106 550 1354 604 adversus
1379 549 1628 603 seniores.
1652 546 1778 603 Ideo
1806 548 1989 617 procul
2012 547 2201 602 absunt

635 645 847 714 justitia
868 654 916 696 et
945 657 1083 714 pax;
1117 641 1244 693 dum
1261 639 1612 708 unusquisque
1651 640 1888 692 timorem
1919 638 2017 694 Dei
2054 638 2200 694 dese-

636 737 729 799 rit,
761 744 811 788 et
840 737 893 787 in
933 735 1035 803 ﬁde
1057 733 1203 786 illius
1234 732 1473 796 cazcutit,
1507 747 1598 798 nec
1620 732 1675 784 in
1705 732 1965 784 institutis
2003 747 2198 802 pra'ce-

634 836 839 894 ptorum
862 827 974 894 ejus
1005 824 1264 886 ambulat,
1313 838 1404 875 nec
1434 820 1644 880 Christo
1667 821 1904 875 decenter
1926 839 2199 876 conversa-

637 928 750 977 tur;
795 917 883 969 sed
924 916 1274 985 unusquisque
1323 914 1607 967 secundum
1653 930 1844 983 pravas
1889 915 2198 981 cupiditates

634 1026 758 1062 suas
786 1008 996 1072 incedit,
1019 1007 1270 1061 invidiam
1291 1008 1525 1076 iniquam
1548 1015 1597 1059 et
1614 1007 1831 1076 impiam
1861 1006 2195 1072 assumenda,

635 1116 725 1168 per
751 1116 908 1169 quam
938 1108 987 1153 et
1018 1116 1156 1152 mors
1190 1100 1404 1152 intravit
1437 1099 1490 1150 in
1527 1084 1798 1152 mundum.

704 1191 959 1246 Pluribus
1015 1188 1208 1244 deinde
1250 1187 1458 1243 Veteris
1509 1187 1843 1244 Testamenti
1899 1189 2194 1259 exemplis,

629 1299 750 1354 qum
788 1281 1129 1337 incommoda
1156 1297 1221 1335 ex
1239 1281 1438 1334 invidia
1462 1279 1729 1361 oriantur,
1750 1281 2025 1348 ostendit;
2048 1283 2199 1336 inter

630 1385 822 1430 cetera
853 1390 980 1430 vero
1003 1374 1182 1435 Caini,
1215 1371 1397 1427 Mariae
1427 1373 1634 1428 sororis
1659 1371 1860 1443 Moysis
1886 1379 1938 1427 et
1988 1373 2192 1436 Aaron,

632 1467 848 1522 Dathan
879 1474 935 1522 et
962 1467 1168 1522 Abiron
1193 1465 1436 1536 exempla
1452 1475 1732 1531 recenset;
1757 1474 1922 1535 atque
1951 1473 2012 1519 ut
2055 1481 2198 1520 novo

627 1557 846 1611 invidia:
910 1557 1157 1624 exemplo
1207 1554 1524 1609 Corinthios
1583 1555 1765 1609 acrius
1820 1563 2192 1609 commoveat:

631 1647 858 1715 Propter
908 1647 1144 1715 iniquam
1175 1646 1587 1708 aemulationem,
1622 1644 1820 1713 inquit,
1851 1645 2076 1714 apostoli
2093 1644 2198 1699 Pe-

627 1751 740 1793 trus
770 1749 818 1794 et
852 1739 1054 1793 Paulus
1079 1738 1392 1809 martyrium
1421 1737 1569 1804 passi
1593 1745 1734 1814 sunt.
1764 1736 1990 1806 Propter
2032 1753 2188 1791 temu-

2304 547 2396 613 rit,
2419 554 2475 602 et
2504 547 2683 602 sancti
2714 549 2898 618 populi
2931 550 3176 606 membra
3198 549 3519 615 reddiderit,
3546 550 3685 604 nihil
3713 551 3880 606 nobis

2303 653 2615 709 superesse,
2648 640 2755 695 nisi
2797 647 2858 694 ut
2894 622 3386 712 omnigenus-ecta
3431 657 3598 713 opera
3633 643 3881 697 maximo

2301 745 2425 785 cum
2460 732 2628 785 animi
2660 731 2856 788 ardore
2878 741 3261 788 consectemur
3290 735 3357 789 ad
3386 733 3613 789 Patrum
3651 731 3881 790 nostro;

2301 836 2423 876 rum
2453 822 2777 887 Abrahami,
2808 820 2984 878 lsaaei
3012 831 3066 878 et
3083 821 3253 878 Jacob
3273 824 3604 895 exemplum,
3637 815 3878 894 quorum

2300 914 2455 978 ﬁdes,
2502 913 2808 970 obedientia
2861 924 3024 985 atque
3073 914 3350 971 humilitas
3403 925 3510 970 tam
3575 915 3885 983 grandibus

2300 1006 2538 1077 praemiis
2567 1006 2774 1060 allectat
2792 1005 2964 1062 fuere.
2999 1005 3083 1062 Sit
3121 1023 3243 1076 ergo
3280 1008 3453 1061 omnis
3495 1007 3746 1077 gloriatio
3774 1023 3882 1061 no-

2298 1108 2412 1166 stra
2428 1108 2478 1152 et
2500 1099 2704 1168 ﬁducia
2737 1098 2795 1152 in
2815 1099 2961 1168 ipso:
2985 1099 3247 1153 voluntati
3267 1099 3382 1169 ejus
3399 1099 3761 1168 .subjiciamur
3779 1114 3800 1152 :
3825 1106 3884 1153 et

2299 1208 2393 1246 nos
2407 1190 2752 1245 concorditer
2768 1207 2892 1244 cum
2915 1191 3114 1260 angelis
3132 1207 3314 1246 coram
3332 1191 3445 1260 ipso
3469 1190 3727 1254 Sanctus,
3743 1205 3882 1245 san-

2299 1290 2445 1347 ctus,
2464 1290 2692 1338 sanctus
2708 1281 3083 1346 clamantibus,
3104 1283 3372 1336 communi
3387 1298 3664 1358 consensu,
3683 1291 3734 1337 et
3751 1293 3847 1336 tan
3861 1310 3883 1322 -

2297 1390 2455 1443 quam
2476 1388 2582 1428 uno
2607 1390 2696 1431 ore
2715 1375 3024 1438 clamemus,
3050 1373 3408 1442 ut'participes
3431 1373 3625 1442 ﬁamus
3651 1389 3882 1444 magna-

2298 1481 2417 1520 rum
2443 1465 2494 1521 et
2513 1466 2837 1536 inclytarum
2868 1464 3287 1535 promissionum
3313 1465 3430 1533 ejus
3448 1505 3463 1529 ,
3493 1478 3731 1536 quarum.
3775 1478 3884 1519 e1-

2299 1555 2609 1612 cellentiam
2629 1563 2685 1610 et
2711 1556 3076 1626 quantitatem
3111 1553 3229 1624 ipse
3258 1562 3476 1609 tantum
3505 1553 3813 1624 cognoscit.

2369 1645 2591 1703 Ordinis
2618 1662 2770 1714 vero,
2799 1652 2854 1703 et
2877 1645 3022 1701 inter
3051 1639 3378 1717 prépositos
3427 1652 3592 1717 atque
3623 1643 3880 1701 subditos

2300 1738 2640 1794 discriminis
2663 1737 3056 1795 necessitatem.
3075 1738 3132 1792 in
3160 1737 3536 1802 ecclesiastico
3568 1735 3884 1798 ministerio

628 1833 879 1885 lationem
923 1847 1122 1901 quoque
1171 1797 1436 1895 Dimaidei
1469 1839 1516 1881 et
1576 1811 1732 1881 Dirce
1775 1827 1851 1897 (9)
1876 1797 2197 1897 'forlissimte
2225 1797 2271 1873 Β
2299 1829 3029 1894 demenstraturus,militiaa
3048 1799 3357 1900 exemplum
3388 1829 3666 1901 proponit.
3694 1827 3883 1899 Neque

626 1923 736 1975 illa:
759 1923 1021 1985 mulieres,
1046 1938 1163 1974 cum
1185 1922 1364 1989 gravia
1389 1927 1438 1971 et
1470 1917 1703 1986 nefanda
1727 1919 1988 1987 supplicia
2034 1911 2198 1972 susti-

627 2015 883 2078 nuisscnt,
911 2027 1125 2066 cursum
1148 2025 1302 2063 suum
1329 2007 1430 2078 ﬁde
1454 2009 1649 2063 invicta
1694 2008 2043 2078 perfecerunt.
2077 2007 2192 2073 Quo

630 2118 754 2158 vero
783 2119 877 2158 eos
909 2103 974 2157 ad
1017 2102 1322 2156 vocationis
1371 2116 1485 2155 suae
1516 2099 1691 2155 olIicia
1721 2107 1884 2170 atque
1909 2099 1974 2154 ad
2019 2098 2198 2170 pinni-

627 2195 848 2248 tentiam
872 2193 1206 2256 hortaretur,
1226 2192 1528 2248 vocationis
1549 2192 1792 2262 ipsorum
1826 2193 2194 2259 sanctitatem,

626 2283 923 2350 pretiosum
975 2282 1178 2337 Christi
1251 2282 1570 2352 sanguinem
1622 2297 1722 2352 pro
1769 2291 1955 2338 nostra
2022 2282 2197 2338 salute

625 2375 855 2430 effusum
906 2375 1042 2446 (10),
1071 2374 1434 2429 Ninivitarum
1495 2375 1893 2444 paenitentiam,
1946 2373 2192 2440 Henoch,

625 2468 759 2532 Noe,
791 2467 1083 2523 Abrahami
1111 2460 1813 2538 ﬁdelitatemfcaaterasque
1857 2467 2196 2538 patriarcha-

625 2576 746 2615 rum
779 2561 1029 2624 virtutes,
1058 2559 1186 2616 Jesu
1201 2560 1405 2616 Christi
1430 2559 1818 2625 humilitatem,
1865 2560 2006 2631 ejus,
2033 2575 2064 2612 a
2086 2575 2194 2629 quo

623 2654 789 2707 creati
816 2669 1027 2716 sumus,
1063 2652 1360 2706 bonitatem
1392 2657 1556 2722 atque
1573 2651 1976 2706 miserationem
1999 2669 2014 2718 ;
2041 2648 2194 2719 pacis

624 2753 677 2799 et
694 2744 1012 2799 humilitatis
1029 2743 1333 2807 commoda,
1353 2743 1774 2796 inanimatarum
1787 2749 2189 2808 creaturarum,

625 2837 779 2900 solis,
812 2838 978 2901 lunae,
1005 2835 1308 2898 stellarum,
1335 2835 1502 2890 maris
1527 2841 1580 2889 et
1600 2835 1925 2906 abyssorum
1950 2833 2194 2904 impene-

624 2929 901 2982 trabilium
963 2927 1017 2982 in
1069 2927 1162 2982 Dei
1192 2929 1336 2996 leges
1373 2927 1476 2982 sibi
1512 2928 1797 2997 impositas
1841 2927 2188 2998 obsequium,

624 3025 897 3089 postremo
934 3015 1147 3070 Domini
1185 3030 1310 3087 erga
1334 3032 1421 3072 res
1446 3032 1636 3073 omnes
1666 3025 1874 3073 creatas
1907 3018 2190 3087 beneﬁcia,

2296 1916 2436 1978 enim
2458 1923 2533 1976 ibi
2564 1938 2740 1978 omnes
2786 1921 3031 1992 prafecti.
3064 1930 3208 1986 sunt,
3241 1937 3403 1991 neque
3432 1921 3682 1984 tribuni,
3711 1935 3884 1990 neque

2297 2014 2652 2077 centuriones,
2689 2011 2778 2068 sed
2803 2014 3160 2084 unusquisque
3175 2015 3233 2067 in
3265 2030 3370 2078 suo,
3406 2012 3588 2067 ordine
3619 2011 3683 2066 ab
3715 2011 3884 2080 impe-

2297 2116 2476 2160 ratore
2505 2115 2554 2160 et
2578 2100 2826 2160 ducibus‘
2851 2104 3112 2160 mandata
3158 2107 3382 2176 peragit.
3431 2105 3636 2160 Cuncta
3689 2103 3884 2173 itaque

2299 2197 2483 2252 ordine
2508 2195 2752 2250 debemus
2771 2195 2967 2266 facere,
3000 2212 3118 2265 qua:
3155 2212 3250 2250 nos
3272 2194 3533 2249 Dominus
3550 2194 3718 2263 jussit
3756 2210 3882 2264 per—

2297 2306 2471 2360 agere.
2513 2289 2821 2345 Oblationes
2847 2296 2898 2344 et
2929 2288 3104 2358 ofﬁcia
3126 2304 3234 2343 non
3260 2297 3450 2347 temere
3467 2287 3545 2341 vel
3576 2285 3885 2341 inordinate

2298 2382 2417 2452 ﬁeri
2462 2379 2732 2450 pracepit,
2785 2378 2875 2433 sed
2924 2379 3211 2448 prteﬁnitis
3243 2377 3558 2448 temporibus
3608 2376 3881 2440 achoris;

2296 2489 2398 2545 quo
2429 2472 2588 2528 etiam
2617 2472 2898 2541 loco,.et.a
2913 2470 3108 2542 quibus
3141 2470 3399 2526 celebrari
3425 2470 3566 2537 velit,
3621 2471 3732 2538 ipse
3784 2485 3882 2523 ea:-
3933 2479 3936 2483 '

2296 2565 2593 2626 celsissimo
2629 2580 2728 2619 sua
2749 2563 3021 2645 voluntate
3042 2563 3304 2633 deﬁnivit,
3353 2571 3412 2616 ut
3440 2557 3569 2632 pure
3594 2569 3645 2616 et
3694 2571 3882 2616 sancte

2298 2660 2478 2714 omnia
2494 2658 2642 2728 facta
2680 2659 2844 2728 juxta
2871 2657 2986 2728 ejus
3012 2657 3394 2727 beneplacitum
3411 2697 3425 2723 ,
3469 2665 3682 2725 accepta
3702 2665 3882 2710 essent

2297 2750 2559 2806 voluntati
2584 2751 2720 2819 ejus.
2743 2749 2850 2816 Qui
2875 2765 2997 2822 ergo
3044 2751 3330 2821 assignatis
3369 2747 3689 2820 temporibus
3725 2747 3882 2802 obla-

2299 2842 2466 2898 tiones
2481 2857 2612 2895 suas
2653 2840 2879 2910 faciunt,
2910 2841 3118 2910 accepti
3133 2851 3186 2896 et
3224 2841 3363 2894 beati
3405 2849 3571 2903 sunt;
3613 2855 3739 2893 nam
3788 2838 3883 2910 qui

2298 2940 2586 3003 sequuntur
2611 2931 2747 3004 leges
2765 2931 3005 2997 Domini,
3028 2948 3134 2987 non
3149 2929 3420 2986 aberrant.
3440 2929 3659 2985 Summo
3688 2930 3882 3000 quippe

2299 3024 2563 3087 sacerdoti
2617 3041 2719 3078 sua
2759 3026 2942 3079 munia
2982 3023 3178 3078 tributa
3207 3023 3371 3088 sunt;
3408 3035 3459 3077 et
3513 3021 3880 3076 sacerdotibus

624 3110 896 3182 pz-mcipue
930 3124 1061 3162 vero
1086 3109 1141 3162 in
1172 3108 1539 3172 Christianos,
1573 3109 1642 3164 ob
1669 3111 1860 3166 oculos
1913 3112 2187 3181 proponit.
2219 3132 2262 3191 α
2298 3118 2446 3172 locus
2474 3117 2722 3187 proprius
2747 3117 3048 3188 assignatus
3074 3125 3195 3179 est;
3224 3125 3274 3170 et
3314 3115 3492 3170 levitis
3505 3131 3606 3169 sua
3635 3113 3881 3168 ministe-

626 3200 834 3266 Quihus
859 3200 974 3253 haec
1032 3199 1385 3268 superaddit:
1421 3198 1656 3270 quuum
1688 3201 1850 3270 igitur
1889 3213 1988 3265 est,
2019 3211 2079 3255 ut
2128 3201 2190 3255 ab

622 3291 736 3360 ejus
766 3289 1032 3344 voluntate
1062 3306 1165 3343 non
1204 3289 1369 3343 simus
1431 3290 1752 3360 transfugce:
1793 3290 2026 3346 homines
2059 3292 2196 3345 stut-

627 3392 728 3445 tos,
753 3382 1076 3450 insipientes,
1109 3381 1297 3444 elatos,
1319 3390 1368 3434 et
1388 3380 1674 3452 gloriantes
1708 3382 1762 3437 in
1819 3383 2074 3436 sermonis
2110 3384 2194 3437 sui

622 3476 886 3548 iactantia
918 3473 1241 3543 offendamus
1280 3475 1476 3542 potius,
1508 3491 1663 3544 quam
1718 3473 2194 3529 Deum.Dominum

625 3566 809 3622 Jesum
841 3565 1130 3628 Christum,
1163 3566 1313 3634 cujus
1336 3566 1551 3635 sanguis
1580 3581 1675 3633 pro
1705 3565 1854 3619 nobis
1906 3565 2064 3640 datus
2094 3576 2192 3633 est,

628 3675 946 3714 veneremur.
983 3656 1308 3725 Prwpositos
1338 3666 1547 3710 nostros
1576 3672 1938 3721 revereamur;
1964 3649 2193 3712 seniores

629 3760 834 3806 nostros
878 3751 1222 3812 honoremus;
1253 3749 1466 3819 juvenes
1529 3748 1809 3802 doceamus
1859 3748 2194 3816 disciplinam

630 3841 834 3895 timoris
888 3841 1018 3903 Dei;
1069 3840 1223 3893 liberi
1290 3841 1459 3893 nostri
1509 3837 1716 3894 discant
1781 3839 1908 3910 quid
1960 3839 2204 3907 charitas,

628 3931 769 4001 apud
796 3930 962 3986 Deum
987 3931 1177 3998 possit.

700 4022 960 4078 Hortatur
983 4023 1179 4077 deinde
1197 4030 1420 4079 sanctus
1456 4023 1706 4079 Clemens
1754 4023 2092 4090 Corinthios,
2136 4032 2194 4078 ut

632 4115 917 4170 Dominum
948 4116 1197 4178 timeant,
1239 4122 1401 4185 atque
1431 4115 1486 4169 in
1530 4115 1649 4186 ejus
1682 4116 1926 4172 bonitate
1955 4125 2193 4188 sperent,

630 4219 742 4262 tum
769 4209 838 4262 ob
865 4208 1286 4263 resurrectionis
1311 4207 1765 4278 ﬁduciam,cujus
1790 4210 2040 4281 exempla
2090 4210 2194 4264 ali-

628 4309 762 4369 quot
790 4298 1017 4369 profert,
1041 4314 1071 4352 a
1095 4301 1262 4354 rebus
1291 4301 1632 4357 naturalibus
1665 4301 1856 4371 petita,
1884 4302 2195 4372 cujusmodi

628 4397 714 4444 est
742 4388 871 4442 illud
899 4389 1165 4459 phmnicis
1189 4390 1323 4461 (11),
1342 4398 1456 4464 tum
1482 4392 1552 4445 ob
1566 4389 1661 4446 Dei
1688 4392 1744 4446 in
1775 4393 2062 4462 promissis
2081 4408 2198 4449 ser-

2295 3210 2379 3264 ria
2405 3208 2753 3273 incumbunt;
2775 3207 2928 3263 homo
2947 3207 3116 3263 laicus
3133 3207 3408 3276 preceptis
3433 3205 3586 3260 laicis
3608 3204 3878 3259 constrin—

2294 3302 2456 3374 gitur.
2481 3299 2845 3371 Unusquisque
2865 3308 3112 3366 vestrum,
3139 3299 3356 3370 fratres,
3381 3300 3437 3353 in
3458 3314 3555 3352 suo
3576 3306 3724 3352 statu
3747 3312 3879 3368 gra-

2297 3396 2400 3452 tias
2443 3393 2553 3451 Deo
2605 3391 2818 3460 habeat,
2863 3394 2921 3447 in
2950 3391 3088 3446 bona
3131 3390 3450 3449 conscientia
3494 3387 3683 3459 degens
3707 3427 3725 3453 ,
3769 3403 3877 3441 non

2263 3485 2684 3557 «transgrediens
2727 3483 3097 3553 prwscriptam
3126 3482 3360 3537 muneris
3412 3479 3676 3550 regulam.
3743 3475 3876 3532 Non

2294 3577 2509 3647 ubique,
2542 3576 2757 3646 fratres,
2788 3575 3084 3644 offeruntur
3109 3572 3380 3642 sacriﬁcia
3397 3572 3576 3642 jugia,
3607 3568 3698 3624 sed
3740 3567 3880 3622 Hie-

2296 3669 2578 3739 rosolymis
2599 3677 2804 3724 tantum
2824 3666 2938 3740 (12)
2966 3676 3121 3738 atque
3148 3666 3262 3720 illic
3289 3682 3394 3721 non
3414 3665 3470 3720 in
3491 3663 3636 3721 omni
3664 3663 3781 3718 loco
3810 3663 3880 3732 ﬁt

2297 3761 2517 3827 oblatio,
2545 3759 2635 3815 sed
2665 3758 3070 3827 anteteinplum
3096 3756 3165 3811 ad
3198 3757 3388 3811 altare.

2366 3851 2617 3908 Ostendit
2667 3852 2828 3907 subin
2858 3857 3088 3905 sanctus
3121 3847 3376 3905 Clemens
3406 3887 3423 3916 ,
3476 3847 3648 3905 Deum
3688 3847 3874 3916 ipsum

2294 3942 2686 4000 ecclesiasticae
2735 3941 3060 3997 hierarcbiae
3128 3947 3412 3995 auctorem
3471 3953 3630 4005 esse;
3683 3934 3875 3991 Jesunt

2297 4037 2566 4094 Christum
2592 4054 2626 4091 a
2663 4036 2808 4100 Deo,
2857 4034 3181 4106 apostolosa
3224 4033 3355 4089 Iesu
3405 4031 3626 4089 Christo
3676 4033 3874 4087 missas

2299 4131 2502 4200 fuisse;
2538 4145 2625 4184 eos
2658 4128 2713 4182 in
2751 4125 2854 4196 ﬁde
2897 4141 2989 4196 per
3028 4125 3286 4197 Spiritum
3314 4134 3557 4180 sanctum
3587 4125 3878 4194 conﬁrma-

2298 4230 2400 4286 tos,
2431 4235 2648 4292 regnum
2674 4217 2768 4273 Dei
2795 4217 3141 4272 adseruurum
3167 4231 3280 4271 esse
3297 4215 3488 4286 ubique
3507 4231 3536 4269 a
3560 4214 3877 4281 muntiasse,

2298 4322 2452 4384 atque
2478 4311 2744 4380 primitias
2795 4324 3000 4374 eorum,
3030 4323 3160 4379 quos
3197 4307 3267 4361 ad
3297 4305 3458 4378 ﬁdem
3488 4314 3876 4373 converterant,

2299 4406 2355 4458 in
2392 4404 2660 4473 episcopos
2684 4411 2735 4456 et
2764 4399 3017 4456 diaconos
3043 4415 3247 4466 eorum,
3290 4399 3381 4470 qui
3415 4397 3670 4453 credituri
3695 4407 3875 4466 erant,

632 4480 825 4535 validis
865 4480 1046 4545 ﬁdem:
1079 4489 1133 4535 θῑ
1160 4480 1306 4550 quoa
1330 4482 1666 4552 ίῐηΡοδείῧίίθ
1691 4482 1762 4538 Sil
1793 4484 2195 4552 peccatoribus.
2225 4485 2276 4545 D
2303 4495 2656 4551 constituisse.
2693 4491 2873 4562 Neque
2899 4489 2997 4547 hoc
3012 4506 3243 4547 novum:
3293 4508 3325 4545 a
3349 4491 3694 4547 multis'enim
3742 4497 3881 4545 tent-

632 4571 750 4640 ejus
780 4572 970 4628 oculos
999 4572 1256 4643 eil‘ugere.
1288 4570 1467 4638 Addit,
1501 4588 1626 4627 eum
1672 4574 2086 4630 miserationum
2110 4574 2201 4630 ille

706 4814 780 4887 (9i
822 4813 951 4868 Duae
1005 4815 1087 4869 hie
1135 4814 1392 4887 mulieres
1437 4813 1745 4887 iﬂeroniana
1817 4815 2202 4887 persecutione

633 4883 889 4968 saeviente
906 4900 1080 4968 pas-sa:
1115 4883 1732 4968 creduntur._iluin_an.,
1790 4883 1909 4966 Act.
1952 4896 2199 4968 martyr},

635 4971 758 5044 pag.
789 4955 844 5017 2,
879 4965 970 5044 a‘ut
1001 4956 1112 5044 illa,
1137 4970 1257 5044 quae
1302 4957 1404 5008 sub
1418 4954 1735 5044 Domitiano
1787 4956 2030 5044 excitata
2073 4954 2199 5044 ﬁuit.

644 5024 970 5090 Fillemont.,
1005 5034 1138 5079 tom.
1172 5024 1233 5085 ll,
1262 5041 1384 5095 pag.
1414 5026 1501 5086 55,
1535 5034 1587 5078 et
1617 5035 1729 5079 not.
1787 5025 1816 5077 7
1840 5042 1936 5080 sur
1979 5024 2036 5080 S.
2071 5027 2200 5082 Clé-

633 5105 783 5150 ment
817 5110 966 5163 pape,
1004 5111 1125 5165 pag.
1157 5095 1262 5149 9.64
1292 5097 1428 5150 dans
1456 5095 1640 5150 l’Hist.
1665 5095 1847 5150 ecclés.

705 5167 817 5235 (10)
859 5164 1040 5219 Primo
1067 5164 1359 5234 igiturjain
1398 5167 1599 5220 saeculo
1651 5165 1882 5219 credidit
1931 5164 2199 5232 Ecclesia,

632 5237 839 5290 Christi
870 5237 1189 5306 sanguinem
1218 5251 1319 5306 pro
1343 5240 1512 5291 totius
1534 5236 1722 5289 mundi
1748 5236 1922 5291 salute
1968 5236 2199 5293 cll'usum

631 5322 772 5362 esse.

706 5377 815 5445 (11)
856 5374 1102 5442 Tacitus,
1127 5377 1220 5432 lib.
1245 5392 1298 5431 v1
1319 5376 1601 5430 Annalium
1631 5376 1900 5445 phmnicis
1917 5377 2201 5432 historiam

632 5450 767 5499 citra
789 5449 973 5516 jocum
997 5448 1613 5502 commemorat.Eadem
1640 5464 1669 5498 a
1694 5447 2052 5508 Tertulliani),
2082 5447 2198 5501 Lib.

633 5519 697 5570 de
728 5526 1004 5570 resurrect.
1057 5519 1253 5578 carnis,
1289 5535 1406 5585 cap.
1441 5519 1526 5582 12;
1560 5535 1588 5570 ει
1640 5520 1697 5572 ὃ.
1757 5517 2097 5586 Epiphanio,
2147 5522 2199 5572 in

633 5590 935 5648 Ancorata;
968 5590 1034 5641 ab
1063 5588 1322 5655 Origene,
1353 5589 1445 5642 lib.
1481 5606 1534 5641 tv
1582 5601 1762 5640 contra
1797 5587 2029 5651 Celsum;
2078 5605 2105 5642 a
2140 5589 2196 5644 S.

633 5658 835 5726 Cyrillo
871 5660 1142 5714 catcchcs.
1181 5662 1265 5720 18,
1301 5669 1653 5721 memoratur,
1688 5661 1822 5713 adeo
1854 5671 1908 5713 ut
1941 5661 2053 5714 hazc
2083 5666 2201 5728 opi-

641 5745 730 5779 mo
753 5730 1058 5782 conummis
1081 5739 1243 5789 esset,
1275 5737 1435 5797 atque
1468 5730 1611 5781 nulla
1638 5730 2019 5798 disquisitione
2043 5731 2200 5783 insti-

641 5805 752 5850 tuta
785 5814 847 5854 cx
874 5801 1228 5868 quorumdam
1262 5808 1468 5852 tantum
1496 5815 1672 5853 rerum
1707 5801 2032 5855 naturalium
2073 5819 2196 5870 gen-

2299 4587 2512 4650 poribus
2550 4587 2615 4643 de
2637 4586 2891 4657 episcopis
2919 4595 2968 4641 et
3003 4585 3242 4642 diaconis
3297 4586 3356 4640 in
3385 4584 3674 4656 Scriptura
3721 4601 3877 4639 men-

2302 4830 2478 4899 tilium
2499 4829 2831 4899 scriptorum
2857 4827 2960 4899 [ide
2984 4836 3223 4899 recepta.
3244 4827 3383 4899 Quia
3403 4842 3535 4883 vero
3559 4826 3744 4882 Graaca
3769 4845 3876 4886 vox

2302 4897 2496 4970 φοῖνιξ,
2520 4907 2577 4954 ut
2601 4897 2909 4970 observavit
2933 4897 3260 4970 Cotelerius,
3301 4897 3570 4970 Latine_et
3593 4900 3878 4968 unigenam

2303 4968 2468 5034 avem,
2487 4979 2540 5024 et
2559 4970 2793 5039 palmam
2818 4969 3111 5037 signiﬁcat,
3131 4969 3474 5039 locossacraa
3496 4968 3792 5039 scripturae
3821 4973 3877 5027 in

2301 5041 2502 5111 quibus
2543 5038 2720 5109 φοῖνιξ
2757 5039 2941 5111 Graece
2967 5039 3038 5111 de
3062 5039 3241 5107 palma
3270 5038 3471 5093 dicitur
3490 5079 3505 5102 ,
3535 5038 3604 5094 de
3624 5038 3758 5093 alite
3788 5042 3879 5096 in-

2301 5109 2688 5181 terpretantes,
2720 5111 2864 5179 quod
2891 5110 2957 5181 de
2988 5109 3374 5181 phmniceiave
3396 5119 3679 5174 narratur,
3705 5113 3875 5165 etiam

2305 5180 2715 5251 Scripturarum
2745 5180 3073 5235 auctoritate
3102 5180 3204 5233 niti
3236 5180 3398 5235 facile
3425 5181 3529 5234 sibi
3581 5197 3877 5250 persuase-

2301 5250 2442 5306 runt
2457 5251 2631 5317 sancti
2664 5250 2872 5304 Patres.

2375 5322 2486 5392 (1‘2)
2513 5322 2740 5394 Sanctus
2755 5319 3284 5394 Clernens,templum
3298 5320 3874 5394 Hierosolymitanum,

2302 5390 2416 5444 cum
2442 5390 2715 5460 epistolam
2745 5390 2903 5445 istam
2927 5390 3195 5455 scriberet,
3215 5391 3387 5444 adhuc
3418 5403 3676 5459 superstes
3709 5393 3878 5461 fuisse

2304 5465 2604 5531 signiﬁcare
2641 5461 2879 5524 videtur;
2913 5462 3031 5513 licet
3064 5461 3117 5512 id
3139 5463 3434 5515 necessario
3479 5477 3542 5515 ex
3567 5463 3679 5530 ejus
3705 5465 3874 5520 verbis

2303 5551 2405 5585 non
2457 5543 2824 5603 consequatur,
2872 5549 2990 5584 cum
3023 5541 3132 5584 tota
3167 5533 3279 5599 ejus
3323 5535 3496 5585 oratio
3545 5535 3874 5602 comparatio

2304 5614 2508 5657 tantum
2532 5603 2622 5658 sit.
2680 5603 2917 5655 Solemus
2950 5612 3125 5654 autem
3157 5603 3210 5654 in
3265 5605 3748 5670 comparationibus
3790 5622 3874 5660 res

2301 5676 2594 5747 praeteritas
2656 5684 2905 5747 tanquam
2959 5683 3238 5747 p't'trsentes
3300 5690 3605 5747 proponere.
3649 5674 3871 5747 Fleury,

2308 5745 2447 5799 Hist.
2472 5745 2620 5812 cccl.,
2653 5741 2783 5798 tum.
2818 5741 2857 5808 Ι,
2892 5752 2944 5797 in
2977 5743 3150 5799 Clem.
3187 5745 3279 5799 lib.
3302 5741 3371 5810 ii,
3412 5744 3437 5814 ᾗ
3469 5745 3554 5800 35.
