4054 6320
152 380 246 439 ιιι

1389 380 1727 440 ΡΙίΟΕΕἏΙΑ
1768 379 2070 438 VARIORU
2085 381 2150 436 id.

3298 389 3393 443 H2

149 503 342 555 tionem
400 500 598 567 factum
621 500 802 569 fuisse.
838 489 959 553 Mox
987 498 1359 554 contentiones
1390 499 1459 552 ob
1491 497 1722 552 Aaronis
1753 500 1798 555 Α
1825 495 1880 548 in
1928 494 2052 549 ovili
2095 494 2295 550 Christi
2340 515 2528 567 parvos
2575 511 2622 555 et
2668 501 2913 569 probatos
2946 503 3200 569 inveniri,
3231 522 3388 575 quam

147 592 520 648 sacerdotium
551 592 748 663 Moysis
769 599 927 647 aetate
954 597 1169 646 exortas
1205 588 1489 653 describit,
1534 596 1588 642 et
1616 587 1720 643 Co;

146 678 383 735 rintbios
406 679 612 749 injuste
641 680 959 750 episcopatu
1006 678 1307 749 privavisse
1336 694 1452 742 eos,
1506 679 1600 748 qui
1653 678 1720 732 ab

145 771 526 840 apostolorum
573 771 989 827 successoribus
1052 770 1337 826 constituti
1379 769 1616 832 fuerant,
1667 779 1720 824 et

145 874 375 916 munere
436 874 538 916 suo
588 861 867 932 inculpate
917 869 972 915 et
1014 862 1272 932 praeclare
1328 859 1714 930 fungebantur.

148 948 395 1006 Schisma
415 960 666 1013 vestrum.
691 952 889 1023 inquit,
915 953 1107 1008 multos
1141 953 1406 1024 pervertit;
1437 951 1632 1006 multos
1664 952 1720 1006 in

149 1043 314 1096 animi
343 1041 705 1111 dejectionem,
744 1043 938 1098 multos
988 1044 1044 1098 in
1096 1043 1506 1108 vacillationem,
1540 1060 1718 1099 onmes

147 1151 238 1189 nos
260 1137 316 1188 in
337 1136 611 1190 tristitiam
627 1135 868 1205 conjecit.
897 1136 1094 1206 Turpia
1121 1145 1266 1200 sunt,
1286 1135 1485 1202 dilecti,
1503 1145 1552 1192 et
1569 1137 1720 1192 valde

148 1227 345 1294 turpia,
372 1235 423 1281 et
455 1225 762 1282 Christiana
803 1228 1192 1282 conversatione
1231 1228 1467 1299 indigna,
1517 1228 1714 1292 audiri,

147 1318 514 1386 ﬁrmissimam
577 1327 628 1372 et
679 1317 952 1388 antiquam
990 1316 1382 1373 corinthiorum
1426 1318 1716 1374 Ecclesium

135 1420 358 1478 propter
387 1425 549 1462 unum
579 1419 670 1463 aut
689 1410 915 1464 alterum
938 1409 1199 1466 hominem
1228 1422 1412 1466 contra
1453 1412 1716 1483 presbyte-

147 1517 231 1557 ros
261 1501 569 1557 seditionem
593 1519 813 1558 movere.
849 1503 1017 1573 Atque
1070 1503 1115 1558 is
1157 1520 1335 1564 rumor
1365 1521 1466 1560 non
1510 1514 1716 1560 tantum

143 1595 212 1648 ad
250 1612 347 1649 nos
367 1597 619 1662 pervenit;
649 1596 740 1650 sed
763 1597 832 1650 ad
862 1612 948 1652 eos
964 1612 1183 1666 quoque,
1208 1597 1350 1667 quia
1373 1596 1522 1652 nobis
1555 1598 1718 1656 alieni

144 1695 267 1741 sunt
299 1688 477 1742 animo
508 1696 556 1741 et
585 1687 875 1752 sententia;
904 1687 1033 1743 adeo
1065 1699 1122 1742 ut
1146 1699 1359 1759 propter
1387 1699 1612 1745 vestram
1633 1693 1716 1746 in-

145 1780 470 1847 sipientiam,
492 1780 653 1835 etiam
682 1781 1022 1850 blasphemia:
1041 1790 1092 1836 et
1119 1783 1354 1855 convicia
1379 1785 1578 1839 nomini
1605 1784 1716 1840 υο-⁸

144 1871 272 1924 mini
303 1871 617 1940 inferantur.
651 1872 971 1941 Auferamus
999 1873 1161 1944 igitur
1183 1874 1420 1928 celeriter
1441 1873 1537 1929 hoc
1559 1892 1714 1930 scan-

140 1959 352 2027 dalum,
385 1972 436 2016 et
484 1961 710 2017 Domino
740 1963 1044 2019 accidamus
1072 1973 1120 2018 et
1147 1963 1479 2035 plangamus,
1503 1976 1712 2021 orantes

140 2066 264 2104 eum
310 2061 392 2115 ut,
424 2053 682 2122 propitius
719 2053 915 2122 factus,
949 2055 1313 2110 reconcilietur
1359 2056 1508 2112 nobis
1560 2068 1715 2129 atque

141 2141 200 2195 in
221 2143 472 2198 decoram
493 2154 541 2199 et
563 2153 770 2200 castam
789 2146 1015 2216 fraterni
1037 2148 1235 2202 amoris
1267 2148 1403 2202 viam
1432 2165 1525 2203 nos
1557 2147 1715 2202 redu-

139 2241 228 2284 cat
245 2241 299 2286 et
325 2233 586 2290 restituat.

211 2325 509 2382 Cbaritatis
533 2327 730 2384 deinde
760 2328 950 2386 laudes
971 2331 1336 2402 persequitur,
1364 2347 1484 2388 eam
1510 2331 1713 2403 Moysis

140 2413 418 2468 ad‘instar
445 2418 841 2475 commendans
860 2460 876 2483 ,
905 2421 998 2492 qui
1031 2436 1061 2477 e
1091 2422 1231 2477 libro
1260 2421 1384 2478 vitae
1412 2421 1583 2478 deleri
1617 2438 1713 2478 cu-

140 2504 328 2574 piebat
346 2543 362 2568 ,
393 2505 438 2561 si
469 2507 670 2578 populo
698 2523 799 2564 suo
825 2510 1040 2566 veniam
1064 2526 1176 2566 non
1201 2511 1583 2584 impetrasset;
1615 2515 1713 2569 do-

140 2605 372 2666 cetque,
419 2612 529 2667 qua
577 2599 794 2656 ratione
840 2599 984 2656 inter
1031 2601 1183 2673 ipsos
1239 2604 1448 2659 servari
1495 2608 1710 2676 possit;

139 2688 342 2759 quibus
377 2690 661 2758 gentilium
709 2691 955 2762 ipsorum
998 2693 1306 2764 exemplum
1357 2695 1709 2766 superaddit,

136 2779 236 2851 qui
287 2779 360 2836 ob
406 2780 688 2850 publicam
732 2782 1020 2849 utilitatem
1061 2790 1293 2842 mortem
1345 2794 1511 2858 atque
1561 2787 1711 2844 exsi-

137 2871 276 2924 lium
297 2869 536 2927 subiere.
560 2869 839 2928 Fraternas
860 2873 1022 2929 etiam
1046 2875 1400 2932 correctionis
1421 2876 1711 2934 utilitatem

136 2970 542 3016 commemorat
560 3001 580 3029 ,
609 2961 904 3034 subditque
929 2982 943 3018 :
988 2963 1090 3020 Vos
1129 2981 1283 3036 ergo,
1314 2967 1406 3037 qui
1433 2966 1711 3022 seditionis

134 3050 485 3121 {memnto
508 3054 754 3125 jecistis,
782 3056 981 3112 subditi
1005 3066 1171 3113 estote
1206 3057 1526 3130 presbyteris
1565 3071 1617 3115 et
1655 3060 1712 3113 in

1823 587 1991 640 altum
2021 589 2279 655 sapientes
2309 605 2334 642 ε
2365 605 2451 658 spe
2479 592 2626 647 illius
2657 593 2795 662 ejici.
2826 593 3044 648 Claudit
3065 594 3346 664 epistolam
3368 636 3390 666 ,

1822 675 1991 733 Deum
2021 693 2220 744 orans,
2255 687 2312 733 ut
2342 696 2437 750 per
2465 679 2527 736 D.
2564 680 2627 736 Ν.
2663 681 2714 737 J.
2746 682 3171 760 Christurqillis
3200 685 3289 742 det
3327 686 3392 742 ii-

1821 769 1941 826 dem
1965 810 1980 836 ,
2027 769 2279 828 timorem
2303 814 2318 839 ,
2369 789 2558 844 pacem
2581 814 2596 836 ,
2643 775 2960 843 patientiam
2986 817 3000 840 ,
3053 786 3391 851 eaaterasque

1823 862 2052 920 virtutes
2075 904 2091 929 ,
2126 866 2369 936 petitque
2400 874 2458 920 ut
2491 865 2819 932 Claudium,
2871 867 3149 938 Ephebum
3170 910 3184 935 ,
3229 869 3393 928 Vale-

1821 955 1962 1011 sium
1979 954 2677 1029 etFortunatum,epistolae
2702 959 2863 1030 hujus
2888 960 3220 1026 tabellarios,
3239 963 3390 1019 brevi

1821 1057 1873 1102 et
1903 1065 2029 1104 cum
2060 1051 2262 1122 gaudio
2292 1051 2607 1117 remittant,
2648 1061 2706 1106 ut
2745 1052 2908 1107 citius
2931 1094 2944 1117 ,
2983 1053 3195 1125 inquit,
3231 1063 3389 1125 opta-

1821 1140 1985 1195 bilem
2022 1141 2288 1212 nobisque
2326 1141 2851 1198 desideratissimam
2907 1158 3096 1214 pacem
3134 1160 3214 1199 rae
3254 1160 3389 1199 con-

1819 1231 2059 1287 cordiam
2089 1233 2435 1289 annuntient.

1995 1385 2242 1458 Analysis
2279 1387 2517 1458 epistola;
2549 1388 2794 1443 secunda:
2825 1388 2892 1444 Ι).
2926 1388 3211 1443 Clementis

2386 1457 2454 1510 ad
2486 1457 2807 1513 Corinthios.

1891 1589 1948 1645 In
1984 1591 2152 1646 altera
2177 1592 2242 1646 ad
2265 1591 2582 1651 Corinthios
2617 1595 2876 1665 epistola,
2903 1594 3006 1650 sibi
3033 1597 3385 1666 proposuisse

1817 1685 2033 1740 videtur
2071 1694 2297 1742 sanctus
2336 1685 2624 1752 Clemens,
2668 1696 2728 1743 ut
2762 1687 3082 1745 Corinthios
3117 1688 3184 1744 ad
3220 1689 3384 1744 vitam

1820 1791 2064 1847 ipsorum
2110 1780 2396 1834 vocatione
2439 1779 2658 1850 dignam
2699 1779 3002 1834 ducendam
3052 1781 3384 1836 hortaretur.

1818 1869 2134 1936 Quaresub
2167 1870 2345 1941 ipsum
2375 1871 2588 1924 initium
2623 1871 2819 1937 docet,
2863 1888 2959 1928 eos
3003 1873 3070 1929 de
3117 1873 3346 1928 Christo
3368 1913 3383 1937 ,

1815 1972 2076 2033 tanquam
2114 1963 2182 2019 de
2222 1963 2330 2018 Deo
2367 1964 2570 2020 sentire
2606 1979 2822 2035 sequum
2860 1980 3018 2030 esse,
3075 1972 3129 2021 et
3174 1976 3382 2036 quanta

1813 2053 1988 2110 eidem
2016 2054 2279 2121 debeant,
2309 2065 2470 2126 atque
2501 2072 2663 2126 quam
2695 2066 2879 2128 gratos
2918 2072 2979 2113 se
3011 2057 3090 2112 illi
3121 2057 3382 2114 exhibere

1814 2154 2100 2218 Oporteat,
2144 2147 2291 2219 quod
2333 2163 2429 2204 eos
2473 2149 2539 2202 ad
2593 2149 2865 2220 Evangelii
2913 2149 3088 2205 lucem
3130 2151 3339 2205 vocarit
3368 2195 3382 2217 ,

1814 2245 2027 2310 gratum
2077 2254 2207 2295 vero
2241 2239 2482 2295 animum
2530 2255 2640 2294 non
2691 2241 2862 2296 solam
2913 2241 3214 2296 divinitatis
3263 2243 3385 2312 ejus

1817 2329 2206 2400 professionem
2239 2330 2416 2401 palam
2449 2330 2661 2387 edendo
2690 2331 2908 2402 probari
2937 2332 3044 2397 ait,
3079 2331 3172 2387 sed
3201 2333 3385 2402 potius

1815 2431 2209 2494 praeceptorum
2239 2422 2360 2492 ejus
2388 2424 2530 2478 viam
2564 2422 2938 2495 ingrediendo.
2991 2421 3190 2477 Subdit
3212 2462 3228 2487 ,
3276 2423 3382 2477 ho-

1814 2513 1981 2571 minis
2015 2514 2180 2570 vitam
2212 2516 2268 2570 in
2297 2515 2407 2570 duo
2439 2523 2714 2586 tempora,
2745 2517 2862 2572 sive
2893 2514 3094 2572 saecula
3139 2515 3281 2570 inter
3323 2530 3386 2570 se

1814 2605 2031 2661 diversa
2059 2606 2290 2662 divisam
2316 2622 2438 2663 esse
2456 2648 2472 2673 ,
2498 2622 2738 2678 praesens
2777 2623 2943 2662 unum
2964 2647 2979 2672 ,
3024 2606 3265 2661 futurum
3306 2605 3388 2660 al-

1813 2706 2023 2764 terum,
2073 2712 2196 2770 quae
2243 2698 2508 2770 quasdam
2557 2698 2723 2755 veluti
2775 2698 3093 2755 inimicitias
3150 2697 3383 2754 invicem

1813 2782 2104 2860 exercent;
2133 2792 2287 2864 prius
2333 2793 2540 2854 scelera
2590 2800 2754 2863 atque
2791 2792 2996 2864 ﬂagitia
3040 2790 3383 2862 pnedieare;

1815 2885 2087 2954 posterius
2111 2884 2197 2940 bis
2229 2884 2485 2941 omnibus
2513 2884 2768 2940 nuntium
2799 2884 3075 2940 remittere
3101 2902 3116 2952 ;
3142 2897 3384 2955 praesens

1813 2975 2074 3031 saeculum
2103 2976 2438 3047 poenitentia:
2463 2976 2796 3033 destinatum
2819 3016 2834 3041 ,
2870 2985 3034 3047 atque
3070 2975 3170 3032 Dei
3204 2977 3298 3033 ira:
3329 2983 3385 3036 et

1814 3067 1984 3124 futuri
2029 3068 2217 3125 saeculi
2268 3068 2551 3141 suppliciis
2606 3068 2928 3140 eﬂugiendis
2979 3078 3167 3142 aptum
3217 3085 3382 3138 esse.

131 3147 497 3215 penitentiam
527 3149 862 3219 corripimini
882 3163 904 3205 :
935 3150 1122 3207 melius
1149 3151 1408 3222 siquidem
1450 3153 1592 3208 vobis
1631 3160 1709 3207 est
1734 3195 1778 3250 ϐ
1813 3159 1975 3230 cujus
2006 3159 2151 3218 diem
2181 3170 2343 3230 atque
2371 3169 2586 3228 tempus
2617 3160 2834 3225 penitus
2865 3163 3204 3226 ignoramus.

1580 3384 1926 3405 *-

1417 3531 1800 3624 CAPUT
1886 3476 2076 3623 ui.

951 3749 1013 3811 S.
1077 3747 1531 3812 CLEMENTIS
1564 3751 1885 3815 ROMANI
1915 3755 2182 3816 OPERA
2232 3755 2497 3818 DUBIA.

209 3916 580 3977 Armenes
637 3930 885 3978 UNICUS.
920 3949 994 3960 --
1028 3915 1198 3991 Quid
1237 3913 1310 3976 de
1346 3913 1589 3977 duabus
1651 3915 1990 3979 Clementis
2020 3917 2101 3978 ad
2131 3921 2410 3999 virgines
2455 3922 2744 4000 epistolis
2775 3924 2860 3985 sit
2883 3923 3295 3988 sentiendum.

202 4235 336 4304 Quis
359 4234 566 4303 primus
590 4233 688 4289 has
717 4231 969 4304 epistolas
997 4229 1267 4292 detexerit.
1290 4264 1360 4274 -—
1382 4234 1706 4305 Nuperrime

125 4343 184 4382 ν.
219 4327 291 4382 cl.
323 4323 568 4381 Joannes
603 4321 840 4380 Jacobus
897 4321 1234 4380 Wetstenius
1272 4324 1386 4395 (15)
1401 4323 1539 4383 duas
1567 4325 1703 4381 alias

128 4417 393 4490 produxit
423 4414 604 4471 sancti
634 4411 932 4470 Clementis
960 4411 1193 4470 Romani
1236 4415 1528 4485 epistolas,
1575 4416 1708 4472 hac-

125 4519 296 4565 tenus
341 4507 602 4563 omnibus
645 4506 950 4577 incOgnitas
970 4546 986 4572 ,
1015 4521 1156 4578 quas
1183 4508 1332 4563 velut
1362 4508 1610 4564 sinceras
1639 4507 1702 4564 D.

125 4599 433 4656 Clementis
466 4599 610 4655 fetus
637 4597 858 4671 agnovit
888 4597 960 4654 cl.
1008 4598 1207 4665 editor,
1255 4614 1318 4654 ac
1356 4615 1457 4671 pro
1497 4600 1706 4658 viribus

125 4691 312 4749 eidem
340 4703 592 4747 asserere
611 4697 696 4745 est
725 4705 1038 4761 aggressus.
1067 4689 1271 4746 Verum
1300 4691 1439 4748 duos
1467 4707 1577 4763 prae
1603 4707 1708 4747 caa-

125 4788 266 4840 teris
294 4784 447 4840 viros
477 4783 623 4838 haud
655 4783 958 4839 incelebres
987 4791 1184 4841 nactus
1211 4792 1297 4840 est
1326 4785 1702 4842 adversarios:

125 4874 370 4930 alterum
424 4875 646 4946 quidem
707 4875 1097 4932 Natbanaelem
1150 4875 1494 4932 Lardnerum
1526 4919 1543 4942 ,
1601 4878 1703 4946 qui

125 4981 277 5020 anno
312 4965 453 5021 i755
479 4966 919 5023 dissertationem
961 4965 1031 5022 60
1063 4968 1385 5039 paginarum
1418 4966 1561 5021 ill-8°
1592 4966 1704 5020 An-

126 5059 274 5128 glice
321 5056 556 5114 Londini
604 5058 815 5127 edidit;
863 5060 1222 5130 pluribusque
1271 5060 1328 5115 in
1373 5061 1703 5115 contrariam

125 5151 461 5206 sententiam
496 5150 745 5206 adductis
765 5192 780 5217 ,
814 5150 869 5205 in
899 5166 1019 5206 eam
1050 5151 1271 5207 tandem
1315 5152 1704 5223 cogitationem

127 5241 389 5306 devenit,
425 5243 526 5297 has
557 5242 818 5297 nimirum
845 5242 1106 5314 epistolas
1136 5243 1286 5298 circa
1314 5242 1556 5298 medium
1598 5257 1703 5298 sa:-

124 5336 239 5390 culi
267 5335 416 5390 tertii
435 5335 505 5390 ab
525 5333 783 5406 episcopo
799 5332 1095 5391 Orientalis
1116 5333 1375 5391 Ecclesiae
1392 5333 1562 5391 fuisse
1584 5348 1705 5406 per-

198 5585 218 5644 (
227 5584 313 5654 15)
353 5581 412 5637 In
450 5580 606 5636 Novo
640 5578 1204 5654 TestamentoGraaco
1228 5592 1352 5634 cum
1375 5576 1698 5654 lectionibus

119 5648 470 5708 variantibus
492 5693 508 5716 ,
536 5651 931 5706 commentario
959 5650 1204 5721 pleniore
1232 5666 1311 5721 ex;
1329 5648 1696 5721 scriptoribus

124 5725 416 5792 llebrazis,
458 5721 667 5779 Graecis
714 5728 768 5778 et
802 5719 1035 5784 Latinis,
1097 5719 1501 5776 Amstmlodami
1555 5719 1688 5773 1751

121 5796 287 5854 edito.

1815 4232 2053 4304 scriptas
2081 4232 2226 4304 (l4);
2253 4232 2484 4286 alterum
2527 4247 2653 4287 vero
2687 4230 3059 4289 liermannum
3107 4235 3382 4306 Venema,

1809 4324 1905 4395 qui
1936 4341 2081 4380 anno
2114 4325 2440 4394 insequente
2471 4323 2633 4391 1754,
2680 4323 2954 4398 Harlinga:
2997 4328 3235 4401 vulgatis
3275 4332 3381 4388 tri-

1811 4417 1914 4472 bus
1944 4416 2195 4487 epistolis
2215 4455 2230 4480 ,
2263 4414 2398 4472 viris
2427 4416 2752 4473 clarissimis
2781 4416 3183 4493 Wesselingio,
3215 4422 3382 4480 Hem-

1812 4507 2110 4574 sterhusio,
2144 4514 2200 4564 et
2231 4507 2632 4578 Cannegietero
2662 4507 2981 4580 inscriptis,
3011 4512 3234 4570 easdem
3263 4517 3384 4586 epi-

1812 4597 1984 4654 stolas
2032 4596 2403 4653 Clementinas
2448 4597 2833 4668 supposititias
2861 4614 2983 4656 esse
3017 4602 3165 4658 omni
3200 4605 3384 4662 studio

1810 4694 2094 4751 contendit
2127 4696 2419 4762 evincere;
2454 4695 2510 4749 in
2541 4694 2612 4750 iis
2641 4695 2786 4750 enim
2820 4695 2963 4751 inter
3006 4697 3112 4752 alia
3151 4697 3216 4755 D.
3248 4699 3382 4757 Hie-

1810 4785 2022 4856 ronymi
2054 4785 2253 4857 stylum
2281 4785 2386 4840 sibi
2412 4784 2724 4841 suboluisse
2749 4785 2928 4840 innuit
2953 4785 3162 4858 (l5).Et
3184 4806 3381 4862 quam-

1808 4877 1892 4933 vis
1918 4877 1986 4933 de
2017 4885 2238 4932 auctore
2267 4891 2331 4932 ac
2360 4887 2638 4947 tempore,
2680 4892 2790 4948 quo
2829 4877 3060 4945 vixerit,
3107 4880 3243 4936 nihil
3286 4883 3382 4939 de-

1808 4968 2000 5036 ﬁniat;
2040 4983 2165 5025 eum
2207 4978 2388 5024 tamen
2432 4968 2599 5025 fuisse
2632 4967 2996 5036 Orientalem,
3028 4987 3138 5028 non
3179 4972 3384 5029 Romae

1810 5076 1975 5125 num,
2016 5067 2070 5116 et
2107 5059 2339 5128 Origene
2377 5075 2594 5130 quoque
2610 5061 2989 5138 posteriorem
3027 5064 3209 5134 arguit
3241 5067 3377 5138 (l6).

1813 5151 2044 5222 Utrique
2078 5156 2261 5208 statim
2295 5150 2579 5222 respondit
2621 5149 2996 5218 Wetstenius,
3030 5153 3376 5226 iterumque,

1808 5258 1946 5314 quas
1973 5243 2148 5299 edidit
2170 5243 2451 5313 epistolas,
2481 5242 2656 5313 magis
2677 5243 2958 5315 magisque
2976 5243 3242 5301 Clementi
3266 5246 3380 5302 Ro-

1806 5349 1968 5390 mano
2014 5333 2354 5391 vindicavit:
2405 5333 2684 5389 Lardnero
2713 5335 2932 5404 quidem
2975 5337 3029 5390 in
3071 5336 3254 5394 Diario
3283 5341 3378 5394 lit-

1876 5577 1988 5646 (Η)
2028 5576 2391 5646 Lardner,_A
2439 5575 2780 5646 dissertation
2821 5590 2957 5642 upon
3002 5576 3082 5628 the
3119 5582 3215 5628 two
3244 5571 3374 5642 Epi.

1805 5644 1926 5701 stlcs
1963 5644 2197 5700 ascribed
2225 5657 2274 5698 to
2307 5644 2540 5702 Clement
2597 5647 2655 5712 of
2683 5645 2839 5697 Itnme
2863 5685 2874 5701 .
2913 5645 3002 5708 37,
3029 5647 3106 5700 54‘
3126 5654 3181 5700 et
3207 5647 3297 5702 57.

1878 5720 1987 5788 (lii)
2029 5717 2266 5771 Venema
2294 5757 2308 5779 ,
2341 5717 2500 5788 epist.
2537 5717 2604 5788 ᾖ,
2693 5716 2781 5778 ‘27,
2823 5714 2847 5783 ᾗ
2882 5716 2969 5768 89.

1875 5784 1986 5863 (l6)
2028 5788 2204 5854 idem,
2234 5803 2319 5857 ep.
2355 5784 2416 5853 '5,
2455 5786 2481 5857 §
2521 5787 2583 5840 l6
2612 5795 2664 5840 et
2695 5801 2868 5851 seqq“
2905 5800 3027 5856 pag.
3069 5784 3190 5838 ΠΩ.
