4046 6326
710 382 813 439 ηδ

1831 378 1919 433 ΑΙ)
1958 378 2016 434 8.
2052 372 2473 433 CLEMENTI?!
2511 376 2533 432 l
2569 374 2804 433 PAPAM

3808 377 3902 432 ιιι

703 494 906 553 terarlo
935 490 1139 551 Gallice
1165 492 1432 565 inscripto
1462 491 1822 565 Bibliothéque
1849 493 2122 547 raisonnée
2147 492 2194 563 (Ι
2206 492 2259 563 7)
2288 495 2335 555 Α
2361 492 2649 563 epistolam
2686 494 2918 564 primam
2947 490 3016 547 ad
3048 490 3403 561 Corinthios;
3434 491 3681 549 meminit
3720 500 3773 549 et
3819 509 3897 547 se-

706 585 957 641 Venema:
985 594 1163 641 autem
1184 624 1201 649 .
1246 585 1485 655 epistola
1513 599 1579 639 eo
1609 585 1729 655 ipso
1774 599 1919 639 anno
1956 584 2094 637 1754
2133 583 2265 637 Am-

694 675 1193 748 staslodamensihus
1220 675 1368 746 typis
1408 674 1730 744 consignata
1753 711 1770 738 ,
1813 688 1976 743 quam
2018 670 2263 742 epistolae

703 767 892 838 prima
919 764 1262 821 Venemiana:
1304 765 1589 837 apposuit.
1639 763 1941 821 Ulteriones
1990 762 2261 818 vindicias

705 872 806 927 pro
833 858 918 912 his
942 855 1301 912 Clementinis
1330 857 1578 927 epistolis
1606 855 1822 911 demum
1850 872 1905 911 v.
1933 870 1985 911 c.
2012 854 2261 912 Andreas

704 947 1019 1002 Gallandius
1051 946 1163 1017 (18)
1193 948 1461 1004 exaravit.
1508 946 1711 1022 Verum
1754 947 2091 1018 argumentis
2134 961 2259 1000 cum

706 1038 1019 1094 intrinsecis
1042 1048 1156 1093 tum
1183 1040 1503 1118 extrinsecis
1521 1038 1577 1093 in
1599 1046 1884 1109 utramque
1912 1046 2120 1109 partem
2142 1041 2264 1095 sine

706 1130 1025 1200 praeiudicio
1044 1132 1301 1202 expensis
1323 1147 1417 1187 eas
1440 1131 1669 1202 positive
1688 1131 1883 1186 dubias
1902 1146 2059 1199 esse;
2085 1145 2261 1201 neque

706 1222 911 1292 aliquid
942 1237 1043 1291 pro
1071 1224 1154 1278 vel
1182 1232 1374 1277 contra
1404 1223 1735 1278 authentiam
1767 1222 2082 1279 earumdem
2110 1232 2260 1278 certe

706 1314 871 1368 statui
902 1328 1091 1383 posse,
1123 1328 1246 1368 cum
1275 1330 1331 1369 v.
1361 1314 1440 1368 cl.
1462 1311 1583 1369 Joa.
1633 1312 1807 1369 Mansi
1838 1313 1950 1385 (19)
1982 1314 2257 1370 existimo.

777 1403 1153 1473 Argumentum
1184 1419 1280 1474 pro
1309 1404 1578 1459 authentia
1603 1401 1850 1472 primum.
1878 1434 1948 1446 --
1966 1406 2263 1476 Argumen-

707 1502 820 1549 tum
870 1496 1103 1564 primum
1148 1510 1246 1565 pro
1295 1495 1576 1551 authentia
1618 1495 1814 1550 harum
1858 1493 1921 1551 D.
1966 1495 2260 1553 Clementis

704 1586 1056 1655 epistolarum
1088 1593 1274 1656 petunt
1303 1586 1511 1658 praefati
1544 1594 1798 1642 auctores
1824 1601 1891 1643 ex
1930 1586 2260 1645 testimoniis

705 1684 1023 1734 sanctorum
1061 1675 1384 1747 Hieronymi
1421 1686 1473 1731 et
1510 1675 1837 1748 Epiphanii,
1874 1690 2109 1747 quorum
2148 1676 2260 1746 pri-

706 1784 831 1824 mus
865 1767 1029 1838 hujus
1064 1767 1363 1823 Clementis
1407 1768 1670 1839 epistolas
1700 1782 1730 1822 a
1772 1766 2043 1838 frequenti
2090 1766 2260 1837 virgi-

704 1860 893 1915 nitatis
915 1858 1380 1937 commendatione
1423 1858 1607 1914 laudat
1634 1858 1771 1931 (20),
1803 1842 1941 1914 alter
1979 1860 2281 1924 veroait,‘

707 1966 737 2005 a
766 1961 960 2007 sancto
1006 1951 1284 2007 Clemente
1320 1951 1572 2005 laudibus
1619 1950 1798 2006 efferri
1842 1949 2048 2014 Eliam,
2100 1948 2260 2004 Davi-

707 2043 831 2097 dem
877 2051 933 2097 et
977 2039 1298 2096 Samsonem
1330 2040 1465 2111 (2i).
1510 2040 1753 2111 Utraque
1792 2040 1909 2096 hac
1947 2040 2091 2094 sicut
2128 2054 2261 2095 nus-

708 2134 849 2205 piam
894 2134 947 2187 in
989 2132 1203 2187 duabus
1248 2132 1504 2202 leguntur
1540 2132 1777 2202 vulgatis
1816 2130 1926 2185 divi
1965 2130 2260 2185 Clementis

705 2227 774 2280 ad
805 2225 1117 2281 Corinthios
1146 2224 1429 2295 epistolis,
1478 2224 1555 2279 ita
1583 2224 1824 2279 vicissim
1868 2221 2155 2293 perspicue
2202 2222 2260 2276 in

706 2320 936 2381 utraque
964 2310 1068 2366 hac
1095 2317 1375 2381 apparent.

777 2400 1073 2456 Secundum
1103 2408 1493 2472 argumentum.
1517 2431 1588 2443 —
1614 2400 1868 2458 Secundo
1897 2402 2131 2472 probant
2164 2417 2262 2457 au-

708 2491 967 2546 thentiam
1000 2490 1466 2546 Clementinarum
1500 2507 1565 2545 ex
1598 2490 1978 2546 conformitate
2004 2493 2129 2564 styli
2164 2491 2261 2547 hac

708 2599 829 2637 rum
857 2583 1208 2653 epistolarum
1239 2597 1365 2637 cum
1397 2582 1611 2638 duabus
1640 2582 1706 2637 ad
1728 2582 2045 2639 Corinthios
2074 2582 2257 2640 datis:

706 2674 999 2730 observant
1023 2674 1229 2745 passlm
1259 2672 1479 2737 easdem
1505 2674 1825 2737 sententias,
1852 2672 2097 2729 eamdem
2124 2673 2262 2729 scri-

707 2764 906 2829 bendi,
935 2765 1292 2835 exemplaque
1318 2766 1374 2819 in
1414 2765 1651 2820 medium
1694 2764 2028 2835 producendi
2069 2772 2124 2820 et
2170 2780 2261 2819 ra-

710 2856 1009 2911 tiocinandi
1043 2855 1375 2911 methodum.
1418 2856 1499 2911 Ad
1541 2855 1657 2910 haec
1696 2870 1875 2910 mores
1895 2870 2023 2911 vere
2049 2863 2263 2927 aposto-

712 2949 804 3003 lici
831 2987 847 3013 ,
881 2947 1237 3017 simplicitas,
1269 2946 1563 3011 modestia,
1598 2946 1915 3017 frugalitas,
1950 2946 2262 3018 benignitas

707 3038 897 3092 eadem
932 3037 1155 3103 insunt,
1180 3044 1314 3103 etc.;
1342 3052 1451 3091 uno
1473 3027 1661 3100 verbo.
1689 3046 1980 3107 utrumque
2006 3037 2263 3108 epistola.

709 3146 827 3184 rum
861 3146 959 3201 par
1003 3132 1179 3205 vivam
1224 3131 1519 3188 Clementis
1564 3132 1855 3202 imaginem
1911 3131 2262 3199 referre,~ac

712 3229 921 3275 tantum
950 3237 1058 3276 non
1090 3224 1296 3293 spirare
1318 3224 1672 3277 arbitrantur.
1700 3222 1923 3278 Demum
1950 3224 2005 3277 in
2035 3232 2263 3291 utraque

711 3312 813 3365 hac
860 3312 1087 3382 epistola
1134 3314 1269 3367 nihil
1321 3328 1613 3369 occurrere
1662 3316 1971 3383 oppositum
2015 3314 2262 3368 moribus

713 3403 970 3459 Ecclesia:
1012 3405 1333 3461 Christiana:
1368 3406 1567 3477 prioris
1610 3406 1828 3471 smeuli,
1860 3422 1971 3477 quo
2011 3405 2264 3463 Clemens

709 3495 894 3549 floruit
915 3534 931 3559 ,
986 3492 1325 3552 Wetstenius
1345 3538 1360 3559 ,
1390 3498 1591 3567 aliique
1620 3497 1946 3567 persuadere
1971 3506 2260 3553 conantur.

782 3587 1100 3655 Argumenta
1130 3598 1314 3643 contra
1344 3574 1691 3644 authentiam.
1714 3588 1867 3642 -At
1897 3604 2030 3644 vero
2058 3588 2263 3644 criticis

712 3678 1102 3733 morosiorihus
1144 3680 1375 3734 arduum
1426 3680 1643 3735 videtur
1694 3680 2025 3746 admittere,
2076 3687 2129 3735 et
2164 3696 2263 3750 pro

710 3767 944 3821 sinceris
975 3782 1267 3836 agnoscere
1295 3769 1555 3838 epistolas
1587 3777 1698 3823 tota
1728 3770 1888 3841 plane
1917 3768 2262 3839 antiquitate,

709 3867 765 3913 et
807 3857 873 3911 ad
920 3858 1026 3911 hoc
1073 3874 1245 3927 usque
1290 3860 1547 3914 saeculum
1596 3862 1830 3931 ignotas.
1878 3860 2064 3931 Neque
2109 3860 2267 3915 facile

712 3948 1051 4013 concedunt,
1086 3947 1270 4002 divum
1300 3948 1684 4021 Hieronymum
1714 3966 2021 4007 sermonem
2057 3951 2124 4005 de
2155 3951 2267 4008 illis

710 4040 969 4095 habuisse
1018 4040 1073 4093 in
1124 4039 1429 4110 fragmento
1466 4054 1497 4093 a
1557 4038 1855 4100 Wetstenio
1904 4042 2134 4112 ejusque
2175 4058 2265 4117 se-

711 4132 1014 4186 ctatoribus
1046 4131 1345 4201 producto,
1396 4133 1539 4202 quod
1579 4130 1684 4187 hoc
1726 4140 2048 4203 argumento
2089 4132 2266 4188 evinci

714 4237 875 4290 posse
900 4222 1235 4276 existimant.
1280 4220 1636 4293 Hieronymus
1664 4224 1719 4278 in
1752 4224 1999 4293 catalogo
2032 4224 2107 4281 De
2142 4224 2265 4278 viris

713 4310 1005 4366 illustribus
1034 4310 1368 4367 Clementem
1398 4328 1508 4367 non
1536 4314 1761 4386 negligit
1780 4353 1796 4380 ,
1826 4315 2121 4386 laudatque
2144 4315 2266 4386 ejus

784 4487 1093 4562 (mrtem.
1128 4487 1189 4562 [1.
1221 4496 1374 4562 parte
1403 4506 1476 4551 ιι,
1508 4500 1612 4545 art.
1641 4492 1709 4552 8,
1741 4508 1863 4562 pag.
1899 4492 2021 4547 363.

787 4559 898 4628 (l8)
954 4558 1093 4613 Bibl.
1132 4557 1243 4613 Vet.
1273 4558 1386 4615 PP.
1433 4569 1563 4615 tom.
1600 4562 1653 4627 l,
1686 4557 2094 4633 in'pEolegom.,
2140 4579 2261 4637 pag.

714 4627 785 4683 20
814 4636 865 4681 et
895 4644 1045 4751 segq.
1771 4627 1787 4632 ’

955 4715 1094 4783 "om.
1126 4698 1143 4751 Ι
1168 4699 1530 4783 Concilmcol.
1556 4702 1655 4756 Md
1684 4708 1738 4783 et
1764 4715 1917 4783 seqq.

789 4768 901 4838 (20)
948 4768 1017 4839 lli
1058 4780 1177 4821 sunt
1206 4770 1444 4833 eunuchi,
1476 4787 1603 4839 quos
1628 4768 1893 4824 castravit
1908 4788 2010 4824 non
2042 4774 2268 4827 necessi-

720 4837 958 4909 tasised
988 4841 1227 4892 voluntas
1260 4852 1466 4906 propter
1489 4837 1704 4909 regnum
1745 4842 2013 4905 caelorum.
2049 4844 2132 4894 Ad
2174 4844 2266 4897 ltos

722 4917 771 4959 et
804 4905 1041 4961 Clemens
1081 4905 1345 4961 successor
1389 4905 1613 4975 apostoli
1650 4910 1827 4971 Petri,
1869 4910 2019 4979 cujus
2065 4911 2265 4966 Paulus

720 4980 987 5043 apostolus
1016 4979 1282 5035 meminit,
1309 4980 1484 5030 scribit
1505 4980 1775 5047 epistolas.
1808 4997 2110 5044 omnemque
2142 4998 2267 5048 pene

720 5064 1008 5117 sermonem
1052 5065 1203 5101 suum
1256 5048 1319 5100 de
1349 5050 1664 5116 virginitatis
1706 5061 1933 5117 puritate
1976 5055 2261 5107 contexuit.

722 5116 777 5169 ὃ.
814 5114 1059 5178 Ηίθτοη..
1097 5119 1187 5172 ιιι».
1226 5132 1240 5169 l
1270 5114 1449 5170 eontra
1478 5114 1833 5173 Iovinianum.

811 5186 901 5253 2i)
941 5184 1309 5261 Clemens‘ipse
1336 5189 1574 5261 omnibus
1600 5190 1720 5261 illos
1743 5189 2065 5261 (libionwos)
2100 5192 2265 5247 modis

610 5318 613 5321 _
719 5258 987 5328 redarguit
1014 5258 1079 5309 iis
1108 5258 1335 5328 epistolis
1366 5258 1732 5322 circularibus,
1755 5258 1879 5328 qua:
1909 5261 1963 5313 in
1991 5258 2267 5315 sacrosan-

718 5327 818 5401 ctis
836 5324 1389 5401 Ecclesiis__legnn_tur:
1410 5343 1483 5401 ea:
1518 5329 1703 5401 quibus
1738 5324 1973 5401 constat,
2016 5331 2161 5401 longe
2200 5332 2265 5384 ab

720 5397 964 5468 iis,_qute
986 5397 1037 5447 in
1058 5393 1369 5449 Circuitibus
1401 5398 1508 5451 illis
1529 5393 1731 5468 (Petri)
1771 5399 1866 5452 sub
1905 5401 2018 5467 ejus
2058 5393 2263 5455 nomine

718 5466 1014 5535 adulterina
1040 5476 1243 5518 exstant
1273 5509 1286 5529 ,
1317 5469 1462 5521 illius
1492 5470 1645 5535 ﬁdem
1674 5466 1735 5521 ac
1762 5466 2046 5523 sermonem
2076 5470 2265 5524 abhor-

718 5534 921 5607 ruisse_._
942 5533 1145 5607 Etenim
1171 5533 1515 5607 uirginitatem
1551 5540 1657 5605 ipse
1686 5539 1971 5605 (Clemens)
2004 5540 2182 5607 docet,
2212 5552 2261 5595 et

719 5604 808 5674 isti
838 5604 854 5671 (
878 5604 1166 5672 Ebionittr)
1204 5602 1476 5674 repudiarit
1504 5624 1522 5660 :
1548 5602 1636 5662 ille
1656 5608 1828 5662 Elian:
1851 5652 1865 5673 ,
1899 5602 2185 5671 Davidem,
2214 5621 2265 5663 et

721 5672 1025 5749 Samsonem
1053 5672 1327 5749 omnesque
1356 5679 1630 5749 prophetas
1660 5672 1985 5734 commendat
2002 5696 2023 5749 ;
2050 5697 2177 5749 quos
2208 5681 2263 5733 Iri

720 5742 1061 5801 detestantur.
1091 5742 1307 5817 Epipli.,
1326 5742 1459 5805 hair.
1477 5748 1563 5815 30,
1590 5748 1727 5826 $15,
1752 5749 1893 5821 Opp.
1928 5757 1965 5805 t.
1999 5742 2040 5817 Ι,
2137 5750 2257 5806 139.

2358 582 2554 637 cunde
2574 622 2590 647 ,
2622 598 2785 653 quam
2817 590 2996 637 tamen
3030 597 3141 637 non
3181 583 3252 637 ab
3287 583 3543 639 omnibus
3577 582 3790 638 admitti
3823 585 3896 639 af-

2361 669 2563 727 firmat.
2592 670 2846 729 Profecto
2874 686 2984 727 non
3014 659 3351 728 siluisset'et
3392 672 3637 742 geminas
3681 671 3898 737 alias,si

2360 768 2551 815 nosset
2578 760 2713 831 (22).
2740 762 2865 827 Quo
2884 776 3014 831 ergo
3045 763 3310 833 spectavit
3354 761 3411 815 in
3456 761 3769 816 testimonio
3814 762 3897 815 illa

2359 864 2427 904 ex
2457 850 2597 905 libro
2639 860 2823 907 contra
2842 850 3180 907 Iovinianum
3216 852 3512 923 producto}!
3541 852 3775 906 arbitror
3800 866 3895 921 pra

2358 940 2537 997 oculis
2588 942 2845 998 habuisse
2899 944 3187 1013 epistolam
3239 944 3307 997 ad
3360 942 3674 998 Corinthios
3716 957 3900 999 secun-

2358 1031 2519 1096 dam,
2548 1032 2603 1087 in
2636 1050 2743 1103 qua
2785 1033 2924 1089 forte
2971 1034 3039 1089 de
3076 1034 3392 1105 virginitate
3434 1034 3901 1105 prolixior,sermo

2359 1120 2701 1189 habebatur;
2744 1138 3053 1193 quanquam
3075 1126 3220 1180 enim
3256 1126 3303 1180 is
3331 1126 3495 1179 modo
3525 1140 3635 1179 non
3678 1125 3898 1194 legatur,

2358 1229 2467 1268 non
2496 1221 2581 1269 est
2610 1230 2710 1270 cur
2747 1216 3022 1287 quispiam
3067 1219 3335 1283 miretur;
3365 1232 3542 1287 neque
3585 1217 3732 1272 enim
3772 1217 3901 1273 inte-

2356 1322 2453 1379 gra
2475 1306 2561 1361 ad
2606 1321 2708 1361 nos
2736 1300 3027 1379 pervenit,
3068 1314 3128 1360 ut
3160 1308 3391 1363 eruditis
3428 1309 3685 1374 omnibus
3720 1308 3902 1377 explo-

2358 1409 2533 1455 ratum
2566 1408 2669 1455 est.
2696 1398 2805 1454 Nec
2834 1398 3065 1452 multum
3093 1396 3385 1469 Epiphanii
3412 1400 3784 1454 testimonium
3809 1414 3901 1453 nos

2356 1491 2560 1545 morari
2606 1490 2805 1557 debet;
2851 1490 3123 1561 siquidem
3164 1490 3298 1543 illud
3340 1492 3657 1561 expeditum
3710 1499 3794 1546 est
3839 1505 3901 1545 ex

2356 1574 2603 1649 epistolis
2620 1579 2939 1645 Clementis,
2962 1595 3083 1651 quae
3098 1588 3227 1636 tunc
3246 1580 3549 1651 legebantur
3568 1583 3627 1636 in
3640 1580 3901 1637 Ecclesiis.

2358 1670 2608 1728 Profecto
2635 1689 2702 1728 ex
2734 1674 3046 1729 testimonio
3075 1675 3250 1730 sancti
3279 1673 3594 1745 Hieronymi
3626 1676 3901 1739 discimus,

2361 1762 2538 1819 nullas
2560 1763 2695 1821 alias
2719 1762 3017 1819 Clementis
3046 1765 3308 1835 epistolas
3336 1773 3494 1821 aetate
3521 1766 3613 1822 illa
3648 1768 3700 1820 in
3732 1766 3907 1820 Eccle-

2360 1852 2441 1908 sia
2479 1853 2579 1923 legi
2616 1856 2970 1913 consuevisse
2993 1896 3008 1923 ,
3048 1856 3155 1911 nisi
3204 1857 3272 1911 ad
3305 1856 3622 1914 Corinthios
3650 1851 3903 1928 geminas.

2358 1942 2583 1998 Accedit
2608 1946 2776 2014 quod,
2798 1947 3122 2001 observante
3133 1963 3187 2002 v.
3210 1947 3283 2002 cl.
3317 1946 3594 2003 Lardnero
3621 1947 3757 2019 (23),
3783 1962 3906 2001 nen—

2359 2040 2444 2087 tra
2474 2034 2953 2093 Corinthiacarum
2984 2039 3215 2109 epistola
3246 2040 3457 2109 integra
3490 2039 3559 2093 ad
3590 2055 3691 2094 nos
3727 2054 3908 2109 perve-

2360 2124 2537 2191 nerit,
2567 2134 2732 2196 atque
2760 2126 2889 2182 inde
2923 2126 3085 2184 facile
3126 2128 3242 2184 ﬁeri
3282 2129 3494 2200 potuit,
3536 2138 3597 2185 ut
3638 2129 3907 2186 Samsonis

2358 2214 2563 2269 mentio
2590 2216 2732 2271 inter
2772 2232 2871 2283 ea,
2912 2232 3033 2289 qum
3074 2218 3131 2272 in
3164 2219 3356 2274 iisdem
3398 2219 3648 2289 epistolis
3685 2220 3898 2285 desunt,

2359 2306 2596 2361 maxime
2622 2322 2751 2363 vero
2774 2308 2834 2363 in
2853 2309 3112 2376 secunda,
3141 2315 3461 2366 occurrerit.

2428 2393 2511 2447 Αη
2528 2394 2658 2449 nihil
2683 2397 2913 2452 moribus
2927 2399 3087 2465 primi
3098 2399 3275 2453 seculi
3292 2400 3611 2452 contrarium
3636 2399 3909 2467 occurrat}

2357 2483 2588 2551 —Quod
2614 2502 2741 2543 vero
2761 2490 2837 2543 ait
2880 2486 3237 2554 Wetstenius,
3266 2492 3397 2545 nihil
3415 2494 3468 2545 in
3490 2501 3721 2561 utraque
3742 2494 3907 2547 littera

2360 2574 2463 2630 hac
2517 2592 2807 2635 occurrere
2839 2595 2869 2634 a
2900 2582 3146 2638 moribus
3188 2584 3365 2638 :etatis
3409 2584 3557 2639 illius
3592 2585 3905 2648 abhorrens,

2360 2682 2534 2736 usque
2564 2668 2698 2725 adeo
2734 2688 2921 2727 verum
2951 2673 3097 2731 haud
3146 2674 3359 2743 judicat
3404 2676 3810 2731 illustrissimus
3850 2673 3905 2727 Ι).

2360 2760 2533 2818 Mansi
2574 2763 2728 2837 (2b);
2759 2781 2826 2821 ex
2858 2782 3045 2822 earum
3068 2769 3210 2824 enim
3242 2769 3473 2824 lectione
3498 2769 3908 2839 deprehendisse

2361 2855 2663 2912 sibi'visus
2722 2866 2826 2924 est,
2886 2860 3072 2915 nescio
3094 2875 3215 2931 quae
3260 2862 3485 2932 vestigia
3529 2860 3907 2925 monachatus,

2360 2960 2557 3016 nempe
2582 2955 2759 3005 castus
2785 2949 3063 3004 hominum
3083 2989 3100 3015 ,
3132 2952 3469 3022 qui‘morum
3502 2952 3906 3007 sanctimoniam

2362 3038 2694 3107 singularem
2730 3040 3026 3111 elegerint,
3058 3044 3204 3113 quod
3236 3044 3566 3113 permaxime
3598 3046 3775 3099 elucet
3814 3044 3909 3098 illis

2288 3160 2330 3218 ο
2364 3132 2577 3186 verbis:
2606 3152 2625 3185 ι
2650 3130 2707 3185 ld
2740 3133 2883 3203 quod
2913 3150 3021 3189 non
3054 3136 3209 3191 decet
3238 3134 3444 3202 fideles,
3475 3136 3599 3191 illos
3626 3140 3905 3208 praecipue,

2363 3222 2455 3292 qui
2481 3222 2760 3291 elegerunt
2790 3223 3157 3277 sanctitatem.
3192 3241 3211 3276 s
3259 3223 3649 3277 Monacborum
3677 3232 3854 3278 autem
3880 3236 3907 3275 a

2362 3314 2639 3371 consortio
2665 3313 2904 3368 ﬁdelium
2939 3330 3192 3371 secessus
3218 3318 3490 3370 recentior
3526 3323 3630 3377 est,
3662 3330 3824 3385 quam
3860 3323 3907 3368 ut

2361 3416 2488 3455 cum
2529 3411 2688 3457 aetate
2724 3402 3028 3471 ,Clementis
3070 3406 3321 3477 componi
3363 3406 3535 3476 possit
3574 3404 3709 3475 (25).
3751 3406 3908 3460 Caele-

2362 3508 2483 3548 rum
2528 3494 2652 3565 styli
2684 3494 3009 3559 similitudo,
3059 3496 3451 3551 sententiarum
3490 3495 3773 3565 aequalitas
3810 3509 3906 3549 non

2362 3598 2576 3653 semper
2605 3585 2854 3640 eumdem
2886 3587 3082 3655 probat
3118 3588 3302 3657 operis
3340 3594 3638 3641 auctorem.
3677 3583 3906 3647 Tandem

2362 3676 2451 3729 vix
2494 3675 2774 3745 probabile
2816 3684 2920 3745 est,
2962 3676 3293 3734 Clementem
3348 3676 3654 3732 Romanum
3700 3674 3907 3747 Syriaco

2332 3770 2348 3787 ⁸
2363 3766 2673 3835 scripsisse.

2434 3856 2569 3913 Aliis
2599 3859 2825 3930 insuper
2860 3860 3195 3931 argumentis
3227 3860 3509 3916 Semlerus
3536 3860 3638 3916 has
3661 3859 3907 3931 epistolas

2362 3958 2659 4020 oppugnat,
2694 3950 2789 4006 sed
2818 3959 2939 4021 quae
2989 3953 3120 4006 mihi
3170 3952 3483 4022 praejudicia
3525 3952 3728 4022 potius.
3760 3965 3905 4021 quam

2363 4039 2605 4095 rationes
2632 4056 2753 4095 esse
2774 4040 3042 4095 videntur.
3064 4036 3215 4095 Talia
3247 4050 3394 4096 certe
3421 4050 3568 4105 sunt,
3598 4041 3742 4111 quod
3770 4041 3907 4110 lgna.

2364 4129 2476 4185 tius
2509 4130 2624 4202 (26)
2676 4132 2941 4188 Clementi
2984 4135 3332 4204 pudicitiam,
3386 4149 3496 4189 non
3535 4136 3905 4205 virginitatem,

2365 4225 2649 4288 concedat,
2674 4233 2729 4280 et
2757 4225 2900 4296 quod
2921 4227 3167 4281 doctrina
3202 4225 3268 4281 de
3294 4224 3565 4296 fugiendis
3591 4226 3905 4287 omnimodo,

2365 4317 2528 4373 etiam
2556 4316 2735 4387 quoad
2762 4317 2960 4383 locum,
2985 4318 3327 4383 mulieribus,
3364 4333 3473 4371 non
3504 4318 3678 4387 sapiat
3704 4318 3906 4389 genium

2440 4493 2552 4565 (22)
2588 4492 2658 4546 At
2678 4505 2821 4568 pace
2848 4488 3281 4568 adversariorum
3315 4489 3543 4545 dixerim
3564 4534 3578 4555 ,
3613 4492 3725 4568 hoc
3760 4511 3908 4568 πει..

2368 4563 2609 4619 mentum
2638 4563 2863 4615 nimium
2886 4564 3121 4629 probare
3141 4602 3156 4623 ,
3184 4570 3585 4625 consequenter
3613 4564 3748 4619 nihil
3793 4563 3905 4623 inde

2366 4634 2562 4705 evin‘c‘i.
2587 4630 2826 4685 Plurima
2847 4633 3249 4705 enitn_veteni_m
3278 4633 3603 4705 scriptorum
3634 4650 3796 4705 opera
3824 4639 3908 4692 abs

2368 4703 2430 4758 D.
2460 4702 2809 4777 ‘Hieronytno
2862 4702 2916 4753 in
2982 4699 3137 4777 Libro
3168 4700 3231 4777 tle
3267 4699 3728 4777 viris:_illust_ribus
3769 4708 3907 4777 prius

2364 4773 2567 4846 omissa
2598 4769 2800 4846 inaliis
2830 4780 3015 4846 postea
3049 4769 3519 4846 lucubrationibus
3542 4769 3905 4846 Hierony‘mia-

2366 4843 2454 4913 nis
2479 4841 2765 4913 enuptiata
2789 4842 3081 4913 observant
3107 4839 3207 4893 viri
3238 4842 3458 4913 eruditi.
3492 4840 3643 4913 Adde
3669 4839 3813 4913 quod
3843 4847 3898 4899 li-

2366 4912 2523 4965 brum
2569 4908 2646 4963 De
2669 4911 2793 4963 viris
2822 4908 3120 4963 illustribus
3151 4923 3295 4963 anno
3323 4910 3524 4965 Christi
3549 4910 3655 4967 592
3676 4908 3906 4970 absolve-

2365 4983 2469 5043 rit,
2501 4981 2842 5049 primumque
2872 4982 3239 5047 subsequente
3274 4995 3417 5034 anno
3449 4984 3613 5037 libros
3658 4986 3905 5040 adversus

2363 5049 2707 5104 Jovinianum
2756 5050 3057 5121 evulgarit,
3113 5052 3569 5119 quemadmodum
3625 5068 3693 5107 ex
3731 5057 3903 5111 eodem

2364 5129 2555 5174 sancto
2584 5121 2808 5176 doctore
2838 5127 3052 5173 constat

2462 5191 2551 5265 2.3)
2588 5192 2630 5265 ﬁ
2665 5191 2933 5265 dissertet.
2957 5204 3095 5265 upon
3118 5191 3316 5265 thetu'o
3339 5189 3533 5265 Epist”
3563 5207 3689 5265 pag.
3714 5194 3803 5250 24.

2462 5194 2551 5255 25)
2590 5194 2627 5241 Α
2665 5194 2933 5244 dissertat.
2957 5204 3095 5256 upon
3118 5194 3312 5245 thetu'o
3339 5194 3495 5260 Epist

2436 5194 2547 5331 £24)
2588 5258 2744 5331 Tom.
2780 5261 2799 5314 Ι
2826 5259 3203 5331 Conciliorum,
3236 5261 3342 5315 col.
3374 5260 3495 5315 157.

2434 5330 2545 5398 (25)
2585 5330 2771 5399 Neque
2820 5330 2933 5384 haec
2980 5333 3139 5386 crisis
3171 5340 3253 5387 sat
3288 5334 3441 5385 firmo
3492 5332 3744 5387 innititur
3787 5330 3903 5385 talo.

2366 5402 2495 5466 Quis
2525 5402 2662 5454 enim
2693 5403 2920 5471 ignorat,
2939 5400 3061 5471 jam
3079 5421 3108 5454 a
3136 5412 3358 5470 tempore
3380 5403 3735 5469 apostolorum
3760 5402 3905 5455 exsti-

2366 5474 2487 5523 tisse
2512 5470 2733 5534 ascetas,
2763 5472 2851 5540 qui
2884 5473 3016 5524 inter
3034 5470 3361 5526 Christianos
3384 5472 3615 5525 strictius
3638 5472 3902 5540 quoddam,

2365 5558 2426 5593 ac
2464 5543 2688 5594 severius
2718 5540 2835 5595 vita:
2864 5558 3022 5611 genus
3054 5544 3280 5611 amplexi
3310 5545 3470 5597 sunt?
3502 5540 3633 5597 Vide
3662 5540 3905 5597 Montiu—

2362 5612 2603 5675 conium,
2627 5614 2843 5667 dissert.
2870 5610 2947 5666 De
2976 5610 3214 5680 Philonis
3248 5612 3607 5680 Therapeutis.

2435 5682 2546 5751 (26)
2588 5683 2648 5739 S.
2675 5682 2935 5753 lgnatius,
2966 5678 3208 5753 Epistola
3242 5683 3310 5738 ad
3344 5678 3681 5752 Ριέὶιαάεριιη
3709 5698 3828 5757 cap.
3853 5682 3900 5739 ι.
