4046 6326
164 381 263 441 M5

1370 379 1711 437 ΡηοωΜιΑ
1750 378 2129 437 VARJORUM.

3302 382 3404 436 ησ

160 498 549 570 apostolicum,
575 497 668 551 sed
688 497 1071 551 monasticum.
1100 492 1335 549 Econtra
1379 494 1728 552 ’Wetstenius
1758 505 1802 558 Α
1829 495 2063 566 Paganis
2092 510 2245 550 sacra
2279 494 2573 566 praelegam
2605 502 2700 550 aut
2731 502 3027 566 exponant,
3070 497 3293 553 ludibrii
3324 499 3407 551 vi-

160 592 260 645 hoc
292 590 473 659 ipsum
517 598 893 658 argumentum
942 604 1039 657 pro
1077 586 1373 641 astruenda
1415 588 1728 659 γνησιότητι

158 682 400 743 adhibet,
436 683 525 751 qui
552 682 691 735 hanc
709 681 881 749 ipsam
908 680 1252 735 severitatem
1275 682 1329 735 in
1359 695 1526 736 causa
1552 682 1726 749 ponit,

157 786 255 825 cur
278 771 600 841 refrigerato
644 770 931 825 caelibatus
969 768 1557 839 studio,immissaque
1587 770 1731 824 inter

158 863 393 918 clericos
420 878 637 933 quoque
678 864 914 927 luxuria,
946 860 1137 916 tandiu
1167 862 1417 933 epistola:
1449 862 1555 917 ille
1594 862 1730 917 deli-

158 955 381 1009 tuerint.

225 1045 417 1100 Ambae
448 1046 530 1100 liae
558 1046 804 1115 epistola:
848 1049 1153 1115 argumenti
1200 1055 1328 1104 sunt
1361 1048 1586 1103 ascetici
1628 1062 1729 1101 nec

158 1139 415 1201 multum,
440 1140 584 1207 quod
616 1140 681 1194 ad
706 1139 989 1207 doctrina},
1012 1152 1106 1195 aut
1124 1140 1390 1205 historiae,
1425 1148 1518 1194 aut
1557 1140 1727 1195 disci-

158 1227 322 1295 plinae
380 1245 598 1299 quoque
646 1230 1034 1287 ecclesiastica:
1088 1231 1354 1285 rationem
1412 1232 1728 1285 accuratius

154 1305 567 1391 percipiendam
628 1337 958 1393 magnopere
1023 1322 1221 1387 facit,~
1262 1323 1725 1393 complectuntur.

156 1410 341 1467 Prima
370 1394 856 1471 continet'laudem
884 1417 1176 1481 castitatis,
1204 1417 1417 1473 scilicet
1442 1416 1729 1487 virginita-

156 1504 247 1569 tis,
287 1520 586 1575 veramque
618 1507 906 1572 rationem,
938 1524 1063 1563 cum
1104 1509 1305 1563 virtute
1341 1508 1725 1577 conjunctam;

157 1595 328 1651 altera
356 1598 601 1652 eamdem
624 1600 881 1671 pluribus
910 1577 1145 1654 illus’trat
1169 1600 1454 1671 exemplis,
1494 1599 1730 1653 maxime

156 1686 332 1757 ipsius
363 1691 628 1754 auctoris,
664 1692 1002 1761 aliorumque
1045 1691 1150 1761 ipsi
1183 1691 1466 1756 similium,
1494 1705 1728 1760 quorum

164 1776 281 1848 fuga
312 1786 365 1833 et
394 1780 722 1836 abstinentia
748 1796 777 1835 a
801 1781 1016 1837 feminis
1046 1797 1242 1853 magna
1265 1798 1395 1859 sane
1417 1791 1469 1837 et
1496 1780 1729 1838 sollicita

1835 588 1983 642 tandi
2014 603 2202 643 causa.

1904 676 2105 731 Earum
2136 678 2403 744 primitiva
2445 676 2956 749 (iugum—Venio
3004 681 3221 734 illarum
3268 682 3405 735 siin-

1833 769 1954 839 plex
2001 776 2084 824 est
2131 776 2185 823 et
2241 768 2443 833 fidelis,
2484 783 2660 838 neque
2693 776 2877 825 tamen
2912 770 3139 843 Syriaco
3161 768 3405 824 idiomati

1830 863 1905 916 ita
1945 863 2157 926 similis,
2191 869 2251 916 ut
2288 871 2381 916 aut
2422 865 2808 934 perspicuitas,
2840 871 2934 917 aut
2969 864 3164 934 linguae
3203 863 3409 918 Latine

1830 955 2265 1024 puritaslaboret
2298 972 2311 1007 :
2336 958 2482 1027 quod
2501 964 2682 1010 tamen
2706 957 2948 1029 magisin
2966 955 3135 1009 altera
3152 956 3402 1025 epistola,

1830 1049 2106 1102 nescimus
2130 1063 2240 1117 quo
2261 1064 2413 1112 casu,
2443 1049 2669 1116 factum,
2696 1058 2755 1104 ut
2793 1053 2863 1104 ad
2883 1050 3112 1103 verbum
3143 1047 3409 1100 translata

1830 1141 2032 1204 omnia,
2060 1136 2424 1195 Schmidi'anze
2445 1140 2745 1195 Bibliorum
2764 1138 3000 1195 vers‘ioni
3025 1146 3210 1193 essent
3234 1137 3409 1193 simil-

1830 1230 1992 1297 lima;
2031 1231 2177 1301 quod
2216 1241 2395 1287 tamen
2426 1234 2634 1289 crebris
2668 1233 2774 1286 illis
2807 1231 2875 1285 ad
2910 1230 3211 1300 Scriptura:
3235 1242 3409 1284 sacrae

1830 1322 1949 1377 loca
1979 1323 2340 1379 allusionibus
2371 1327 2557 1379 datum
2601 1324 2837 1379 videtur.
2888 1321 3178 1390 Caeterum,
3223 1320 3412 1376 Graece

1831 1414 2066 1485 scriptas
2087 1415 2344 1485 primitus
2365 1417 2511 1486 quod
2547 1417 2809 1486 epistolas
2848 1423 3001 1487 putat
3049 1412 3407 1476 Wetstenius,

1829 1524 1860 1564 e
1888 1507 2093 1563 Graecis
2123 1508 2423 1573 vocabulis,
2464 1525 2586 1579 qua:
2625 1509 2699 1563 ibi
2736 1510 2928 1563 crebra
2971 1509 3262 1578 leguntur;
3304 1490 3413 1560 La:

1830 1601 1942 1655 tine
1972 1600 2208 1671 scriptas
2244 1615 2345 1654 cur
2365 1601 2549 1657 dicere
2598 1618 2709 1657 non
2747 1600 3073 1674 possemus?
3102 1614 3227 1653 cum
3262 1597 3413 1652 Lati-

1830 1706 1962 1746 num
1984 1692 2313 1745 vocabulum
2336 1691 2529 1764 selige,
2554 1692 2815 1747 smculum
2847 1690 3007 1746 initio
3025 1690 3269 1760 epistolze
3300 1688 3416 1758 pri-

1832 1797 1933 1836 ma:
1963 1782 2355 1837 invenerimus.
2402 1781 2540 1836 Nam
2586 1782 2870 1853 complura
2901 1797 2932 1837 e
2963 1779 3153 1835 Graeco
3175 1780 3231 1834 in
3271 1778 3415 1833 hanc

165 1869 507 1936 lescribitur,
541 1873 692 1928 nullo
715 1883 772 1928 ut
793 1874 913 1929 loco
936 1884 1217 1929 morentur
1239 1882 1331 1930 aut
1360 1857 1727 1939 diversentur,
1760 1857 1802 1911 Β
1831 1873 2071 1943 linguam
2088 1873 2399 1937 transiisse,
2431 1874 2518 1929 vel
2540 1889 2603 1929 ex
2622 1872 2774 1928 Novo
2792 1871 3144 1928 Testamento
3168 1879 3411 1941 apparet.

164 1960 245 2014 .Ibi
275 1970 369 2015 aut
415 1963 554 2016 nulli
584 1963 710 2026 viri,
750 1972 845 2019 aut
867 1963 1067 2020 femina
1096 1967 1258 2020 unica
1298 1956 1405 2030 sit,
1424 1981 1597 2035 eaque
1626 1966 1733 2020 ab-

162 2053 412 2109 stinentia
435 2056 828 2125 prophetarum
851 2072 1002 2127 paene
1022 2060 1267 2114 omnium
1289 2054 1556 2129 exemplis
1574 2073 1731 2112 com~

164 2145 467 2203 meudatur.
520 2146 812 2205 Monentur
848 2150 1046 2215 etiam,
1080 2151 1150 2206 ad
1199 2166 1339 2221 quos
1395 2150 1610 2215 scribit,
1663 2164 1732 2205 ne

1834 1964 2098 2019 Exaratas
2115 1963 2337 2034 quidem
2362 1964 2598 2021 fortasse
2621 1966 2793 2022 fuisse
2816 1981 2925 2020 non
2949 1964 3109 2034 longe
3134 1978 3165 2017 a
3182 1962 3417 2018 Neronis

1831 2054 2005 2120 obitu,
2031 2054 2160 2110 dum
2192 2053 2438 2110 Ecclesia
2471 2055 2768 2127 tranquilla
2792 2070 2927 2129 pace
2958 2053 3256 2119 frueretur,
3285 2067 3417 2107 cen-

1834 2154 1918 2202 set
1941 2144 2265 2204 Gallandius
2296 2146 2433 2220 (27).

1460 2524 1853 2615 CAPUT
1914 2525 2084 2617 IV.

400 2756 509 2817 DE
546 2748 1109 2822 SUPPOSITITHS
1139 2760 1201 2820 S.
1235 2758 1691 2823 CLEMENTIS
1735 2758 2022 2820 NOMEN
2059 2754 2743 2820 PRAEFERENTIBUS
2796 2756 3175 2820 SCRIPTIS.

1742 2948 1812 2962 ﬂ

230 3091 441 3149 Praeter
485 3091 737 3147 laudatas
787 3090 1055 3149 hactenus
1100 3093 1383 3165 epistolas,
1429 3095 1599 3150 multa
1628 3090 1737 3150 alia
1761 3102 1808 3161 ο
1838 3094 2119 3165 explorata
2153 3101 2239 3149 est
2268 3092 2513 3164 epistola:
2541 3093 2709 3164 hujus
2758 3092 2993 3160 falsitas,
3026 3090 3171 3163 quod
3201 3108 3322 3148 eam
3353 3091 3416 3149 D.

163 3188 264 3243 sub
276 3187 577 3243 Clementis
589 3184 818 3241 Romani
836 3186 1055 3242 nomine
1071 3187 1533 3243 circumferuntur
1548 3203 1736 3259 opera:

164 3294 362 3349 nempe
385 3278 627 3349 quinque
658 3278 725 3332 ad
773 3276 1021 3333 diversos
1050 3279 1315 3348 epistolas,
1366 3281 1602 3336 bomilia:
1634 3298 1738 3337 no-

165 3379 494 3446 vemdecim,
525 3377 709 3434 decem
739 3372 863 3428 libri
890 3367 1343 3440 Recognitionum,
1368 3373 1494 3419 octo
1531 3360 1746 3415 Consti-

166 3472 436 3524 tutionum
465 3466 900 3538 apostolicarum,
944 3459 1191 3529 Liturgia
1236 3465 1290 3512 et
1330 3454 1573 3510 Canones
1612 3467 1741 3521 apo-

164 3564 463 3624 stolarum;
486 3576 606 3629 quae
631 3557 817 3612 omnia
848 3552 1062 3620 collegit
1098 3548 1336 3605 Joannes
1366 3545 1609 3614 Baptista
1638 3544 1742 3598 Οοο

162 3643 415 3707 telerius,
465 3640 726 3699 Sorbonae'
772 3644 985 3709 doctor,
1033 3652 1087 3700 et
1131 3647 1574 3704 adnotationibus
1616 3648 1742 3704 illu-

162 3744 340 3790 strata
360 3735 543 3793 Graece
567 3744 618 3794 et
639 3735 830 3794 Latine
857 3739 1001 3795 inter
1020 3737 1211 3796 Patres
1241 3740 1573 3810 apostolicos
1595 3757 1742 3799 anno

168 3828 304 3883 1672
339 3830 531 3885 edidit.

718 3932 1117 4025 ARTICULUS
1153 3968 1197 4025 ι.

304 4097 379 4137 ΒΕ
416 4097 643 4145 QUINQUE
683 4098 1270 4141 PSEUDO-CLEIENTINIS
1290 4100 1597 4143 ειηετοιιε.

233 4193 438 4249 Mirum
485 4201 569 4249 est
598 4195 731 4249 viris
769 4196 1110 4252 doctissimis
1154 4196 1451 4265 Turriano,
1505 4198 1666 4253 Binio
1687 4205 1743 4253 et

162 4287 500 4356 quibusdam
534 4287 654 4342 aliis
687 4288 743 4341 in
785 4294 950 4342 tantm
978 4289 1315 4345 eruditionis
1352 4290 1744 4346 ecclesiasticae

162 4380 283 4434 luce
320 4380 545 4449 probari
580 4382 823 4449 potuisse
854 4381 954 4436 has
982 4383 1223 4452 quinque
1262 4384 1523 4453 epistolas
1553 4384 1744 4439 decre-

1840 3187 2093 3243 Clemens
2125 3193 2247 3258 post
2281 3187 2591 3256 passionem
2624 3185 2769 3241 Petri
2792 3186 2858 3239 ad
2881 3184 3142 3240 Jacobum
3179 3186 3422 3241 scribere

1842 3279 2097 3350 ﬁngitur;
2125 3294 2288 3348 quem
2311 3286 2436 3332 ante
2458 3278 2681 3334 Petrum
2713 3279 2918 3333 obiisse
2948 3277 3271 3333 indubitatis
3301 3295 3420 3333 mon

1841 3370 2117 3425 numentis
2147 3378 2334 3424 notum
2359 3370 2613 3426 habetur.
2642 3370 2776 3424 Nam
2799 3368 3062 3424 Jacobum
3090 3385 3234 3425 anno
3262 3371 3421 3427 Chri-

1841 3462 1913 3519 sti
1940 3461 2010 3517 62
2063 3478 2095 3517 a
2124 3459 2327 3517 Iudaeis
2350 3463 2595 3518 occisum
2624 3478 2769 3527 esse,
2803 3478 2993 3519 omnes
3036 3464 3374 3520 conveniunt
3404 3486 3416 3521 :

1840 3551 2063 3607 Petrum
2098 3560 2277 3608 autem
2306 3552 2475 3624 aliqui
2504 3567 2649 3607 anno
2689 3553 2778 3617 65,
2812 3555 2997 3626 plures
3026 3570 3169 3609 anno
3197 3555 3287 3618 66,
3327 3558 3423 3612 alii

1843 3652 2022 3701 autem
2050 3644 2120 3702 68
2159 3654 2254 3702 aut
2283 3645 2373 3712 67,
2402 3646 2537 3701 nulli
2560 3662 2693 3703 sane
2716 3656 2843 3704 ante
2865 3649 2934 3705 65
2963 3654 3169 3704 annum
3198 3666 3421 3721 passum

1842 3736 2180 3793 existimant.

1914 3826 2165 3882 Secunda
2180 3828 2429 3886 eumdem
2460 3835 2707 3898 sanctum
2722 3828 2987 3887 Iacobum
3018 3820 3097 3888 de
3116 3847 3432 3889 sacramno

1845 3918 1938 3985 tis,
1964 3918 2212 3974 vestibus
2254 3927 2321 3999 etj
2350 3920 2500 3977 vasis
2538 3923 2712 3978 sacris
2755 3923 3186 3993 instruit;quod
3232 3936 3423 3979 verum

1843 4011 2178 4067 Clementem
2219 4010 2326 4066 sibi
2361 4025 2652 4083 arrogasse
2695 4014 2749 4067 in
2780 4015 3113 4084 apostolum,
3146 4016 3271 4085 quis
3302 4032 3423 4071 ονε-

1843 4102 1973 4158 dat?
2010 4100 2193 4157 Tertia
2218 4101 2364 4163 inter
2390 4105 2528 4157 alios
2553 4104 2716 4159 etiam
2749 4104 3089 4175 principibus
3120 4107 3420 4176 majoribus

1843 4204 1897 4252 et
1918 4193 2243 4258 minoribus,
2274 4209 2374 4250 ceu
2413 4196 2526 4266 jam
2556 4196 2775 4253 Christo
2811 4198 3139 4269 aggregatis,
3165 4198 3421 4254 inscribi-

1844 4296 1955 4352 tur,
2002 4284 2096 4359 qui
2147 4300 2263 4342 aevo
2311 4286 2609 4345 Clementis
2660 4291 2805 4345 inter
2848 4290 3032 4347 fideles
3085 4291 3263 4347 adhuc
3285 4295 3419 4349 nulli

1844 4389 2022 4434 erant.
2042 4379 2249 4447 Quarta
2267 4379 2334 4433 ad
2347 4377 2549 4434 Julium
2575 4387 2629 4435 et
2647 4378 2924 4435 Julianum
2946 4381 3245 4453 discipulos
3270 4384 3418 4451 data,

162 4470 300 4525 tales
332 4471 597 4525 Clementi
624 4469 870 4526 Romano
900 4471 1233 4543 suppositas.
1265 4474 1415 4529 Adeo
1437 4476 1581 4529 enim
1614 4491 1739 4545 per-
1773 4471 1813 4524 D
1840 4471 2250 4541 purificationes
2307 4486 2403 4527 seu
2444 4471 2755 4527 ablutiones
2796 4470 3059 4528 Judaieas
3107 4473 3320 4539 suadet,
3368 4487 3423 4531 et

162 4563 483 4633 spicacibus
511 4563 643 4617 viris
666 4563 937 4620 deformes
976 4565 1227 4620 videntur
1253 4567 1357 4621 hoc
1384 4567 1576 4623 saltem
1602 4577 1738 4623 tem-

163 4668 318 4723 pore,
366 4660 425 4707 ut
470 4654 619 4708 nulla
650 4662 787 4717 arte,
817 4655 965 4709 nulla
1008 4671 1253 4722 cerussa,
1288 4665 1383 4712 aut
1409 4660 1737 4730 purpurisso

163 4744 339 4799 fucari
368 4746 607 4813 possint.
633 4742 815 4799 Prima
844 4746 910 4799 ad
941 4744 1204 4803 Jacobum
1257 4747 1481 4805 fratrem
1520 4750 1738 4807 Domini

161 4863 173 4887 ι
196 4868 213 4889 .
236 4835 745 4906 Hierosolymorum
768 4838 1067 4894 antistitem
1089 4839 1237 4906 data,
1256 4858 1571 4913 quanquam
1602 4846 1739 4903 'satis

163 4927 413 4996 antiqua,
449 4926 649 4995 quippe
682 4927 798 4997 jam
828 4942 859 4982 a
903 4927 1101 4983 Ruﬁno
1144 4931 1332 4986 saeculi
1373 4935 1554 5003 quarti
1598 4938 1740 4992 scri-

163 5024 318 5086 ptore
352 5019 408 5072 in
438 5018 688 5072 Latinum
720 5022 1007 5086 translata,
1052 5029 1107 5077 et
1138 5026 1420 5082 nonnullis
1445 5028 1607 5083 etiam
1635 5045 1737 5084 an-

161 5109 334 5179 tiquis
373 5125 643 5165 canonum
676 5112 1117 5181 collectionibus,
1164 5117 1601 5190 nominatimque
1644 5134 1739 5175 co-

160 5199 303 5255 dicis
318 5216 351 5253 a
369 5199 665 5257 Paschasio
686 5202 977 5268 Quesnello
998 5206 1201 5278 vulgati
1222 5196 1544 5280 quibusdam
1561 5228 1741 5267 exem-

161 5292 411 5360 plaribus
444 5292 645 5345 inserta
678 5292 813 5362 (28),
838 5294 1026 5362 spuria
1048 5302 1231 5351 tamen
1255 5311 1285 5350 a
1312 5298 1591 5354 modernis
1624 5299 1737 5353 cri-

160 5382 287 5437 ticis
320 5384 745 5453 pameomnibus
768 5388 1108 5456 agnoscitur.
1140 5386 1269 5444 inde
1300 5400 1483 5446 autem
1513 5399 1665 5447 certa
1685 5400 1738 5447 et

228 5628 346 5709 (2D
382 5626 807 5709 ρέιιιέουῳιρ..
830 5631 1025 5709 tom.l,
1069 5634 1366 5709 prolegom.
1409 5602 1613 5709 t_,‘pag.
1642 5636 1733 5693 25.
1763 5619 1771 5623 ’

232 5695 354 5775 βε)
397 5695 562 5775 Unde
587 5699 785 5775 mirum
824 5718 931 5756 non
969 5695 1545 5775 est'hanc'epistolain
1562 5695 1739 5761 "anno

162 5768 279 5825 ιη
304 5785 335 5823 a
371 5771 605 5826 concilio
646 5768 863 5827 Valensi
888 5788 927 5840 ι,
961 5790 1171 5831 canone
1204 5768 1307 5842 16;
1337 5790 1401 5831 ac
1444 5776 1676 5835 subinde
1704 5795 1735 5834 a

1842 4579 1943 4634 pro
1975 4572 2123 4619 certo
2152 4564 2326 4635 ponit,
2371 4579 2517 4629 eum,
2556 4564 2650 4634 qui
2682 4563 2780 4619 bas
2815 4563 3060 4634 negligit,
3095 4579 3196 4619 nec
3229 4564 3297 4618 de
3336 4566 3421 4620 in-

1842 4666 1995 4713 terna
2024 4659 2218 4713 anima:
2247 4658 2489 4728 puritate
2516 4656 2780 4726 cogitare.
2808 4655 3010 4722 Quinta
3045 4657 3282 4727 denique
3310 4656 3421 4711 fra-

1841 4748 2020 4804 tribus
2042 4755 2096 4803 et
2120 4747 2513 4819 condiscipulis
2540 4746 2893 4817 Jerosolymae
2923 4760 3047 4799 cum
3073 4743 3283 4801 Jacobo
3322 4742 3421 4801 lia-4

1841 4840 2139 4896 bitantibus
2181 4840 2480 4909 inscripta,
2530 4844 2720 4892 narrat
2762 4836 3098 4892 Clementem
3152 4836 3417 4901 adfuisse,

1840 4930 1971 4986 dum
2022 4931 2264 4987 Ananias
2318 4938 2372 4985 et
2421 4929 2657 4999 Saphira
2707 4930 2970 4998 coniuges
3022 4941 3210 4983 coram
3258 4927 3424 4982 Petro

1840 5024 2039 5078 mortui
2070 5021 2446 5086 conciderunt,
2480 5019 2626 5091 quod
2649 5020 2852 5074 nullam
2885 5019 3419 5075 verisimilitudinem

1841 5116 2041 5172 habere
2069 5115 2287 5170 videtur
2315 5133 2329 5168 :
2355 5120 2409 5169 et
2446 5112 2572 5182 quis
2602 5110 2792 5167 credat
2826 5118 3082 5165 sanctum
3131 5109 3419 5181 (quemad-

1842 5205 2065 5260 modum
2110 5206 2169 5263 in
2216 5205 2319 5259 bac
2367 5204 2600 5283 epistola
2647 5202 2867 5273 legitur)
2903 5200 3182 5266 docuisse,
3232 5217 3419 5257 rerum

1841 5299 2086 5353 omnium
2118 5308 2465 5353 eammunem
2500 5311 2693 5361 usum,
2725 5295 3079 5367 ipsarumque
3118 5293 3259 5350 adeo
3283 5308 3421 5349 uxo-

1838 5389 2321 5462 rum,intercedere
2355 5389 2553 5445 debere
2566 5430 2585 5445 .

1840 5641 2065 5699 Nicolao
2090 5644 2133 5711 ι,
2169 5642 2378 5699 Joanne
2394 5641 2507 5713 Vill
2533 5638 2904 5713 pontiﬁcibus,
2922 5639 3157 5710 aliisque
3180 5639 3421 5698 nomine

1842 5714 2140 5773 Clementis
2166 5716 2338 5770 fuisse
2371 5712 2669 5769 laudatam.
