4054 6320
667 366 761 424 ιιι

1192 478 1581 535 ARTICULL’S
1633 480 1696 535 ll.

660 611 727 652 DE
791 609 1220 651 RECOGNITIONEI
1282 611 1487 658 LIBRIS,
1550 610 1802 650 LITURGIA
1849 609 2219 659 CLEMENTINA,

941 680 1027 720 ιιιι
1039 681 1188 729 ISQUE
1228 681 1287 722 ευ
1297 681 1614 722 PPOSITITHS
1653 681 1928 724 OPERIBUS.

730 757 984 814 Testatur
1005 757 1232 813 Photius
1270 759 1380 832 (29)
1411 759 1519 814 duo
1549 755 1825 815 volumina
1846 777 1879 815 τι
1903 776 1962 816 se
1988 765 2223 832 perlecta

660 848 851 913 fuisse,
881 843 1000 921 qua:
1030 851 1233 920 scripta
1263 850 1543 922 complura
1586 850 1688 905 sub
1720 852 1891 907 sancti
1930 852 2222 909 Clementis

660 943 882 998 nomine
903 943 1426 1013 complectebantur.
1458 941 1634 998 Priori
1674 943 1983 1013 apostolicae
2020 947 2224 1000 consli-

659 1036 897 1091 tutiones
920 1075 935 1099 ,
969 1050 1107 1106 opus
1148 1035 1289 1105 apud
1335 1036 1644 1091 universam
1674 1036 2052 1107 antiquitatem
2082 1039 2223 1093 cele-

658 1121 978 1188 berrimum,
1020 1123 1474 1186 continebantur:
1514 1125 1658 1194 quod
1701 1133 1883 1181 tamen
1939 1126 2219 1182 doctorum

657 1209 902 1265 virorum
947 1211 1156 1280 judicio
1190 1214 1349 1285 longe
1388 1222 1510 1283 post
1541 1214 1715 1269 sancti
1748 1215 1915 1285 hujus
1945 1216 2222 1271 Pontilicis

658 1311 899 1372 tempora
934 1305 1305 1375 conscriptum
1346 1304 1445 1360 fuit
1481 1306 1615 1376 (30),
1660 1307 1831 1361 altero
1861 1309 2035 1362 sancti
2078 1307 2222 1363 Petri

656 1407 746 1450 res
774 1402 959 1464 gestas,
986 1396 1214 1467 ejusque
1237 1414 1360 1454 cum
1388 1397 1608 1454 Simone
1639 1397 1792 1470 Mago
1826 1400 2095 1470 colloquia
2128 1403 2223 1456 de-

658 1485 996 1553 scribuntur,
1047 1494 1100 1542 et
1133 1504 1236 1558 qua
1290 1489 1500 1545 ratione
1548 1493 1722 1547 sancti
1767 1492 2061 1548 Clementis
2108 1493 2222 1563 ipse

657 1584 956 1645 parentem,
1001 1586 1163 1651 atque
1216 1582 1412 1638 fratres
1456 1598 1587 1638 suos
1634 1585 2026 1654 rccognoverit,
2078 1584 2222 1641 unde

655 1665 1080 1740 Recognitionum
1115 1671 1403 1743 appellatio
1423 1675 1747 1746 syntagmati
1775 1676 1904 1730 huic
1925 1674 2092 1730 indita
2114 1683 2217 1731 est.

656 1757 805 1814 Solet
851 1768 904 1814 et
933 1759 1157 1827 Itinera,
1188 1771 1282 1817 aut
1321 1761 1668 1817 Itinerarium
1717 1763 1802 1817 vel
1845 1762 2114 1820 Circuitus
2156 1765 2214 1822 S.

657 1847 825 1915 Petri,
871 1860 1035 1921 atque
1071 1853 1206 1905 Acta
1252 1851 1319 1905 Π.
1361 1851 1508 1906 Petri
1530 1852 1813 1922 appellari.
1850 1853 2026 1911 Fuere
2046 1866 2101 1912 et
2123 1859 2217 1928 qui

651 1957 792 2012 opus
842 1945 989 1999 istud
1017 1959 1140 1999 cum
1186 1946 1298 2011 illa,
1351 1963 1472 2018 qua:
1510 1949 1681 2004 fertur
1707 1949 1883 2004 sancti
1910 1948 2055 2004 Petri
2095 1966 2219 2006 cum

651 2035 882 2105 Apione,
917 2036 1286 2106 disputatione
1326 2037 1696 2095 confuderint.
1749 2041 1816 2093 At
1843 2040 2068 2096 Photius
2104 2042 2217 2112 (51)

649 2142 815 2197 opera
848 2126 960 2181 htcc
988 2127 1128 2184 inter
1164 2144 1222 2184 se
1251 2129 1467 2186 diversa
1498 2146 1620 2186 esse
1656 2133 1953 2187 contendit.

731 2217 970 2272 Veterum
998 2220 1216 2289 quidam
1238 2237 1322 2273 eos
1343 2230 1522 2275 sancto
1543 2220 1793 2276 Clementi
1827 2223 2136 2278 tribuerunt.
2152 2255 2220 2265 —

649 2309 912 2382 Origenes
931 2312 1041 2381 (52)
1064 2315 1233 2368 sancti
1259 2313 1552 2370 Clementis
1569 2316 1785 2371 nomine
1801 2317 1917 2371 loca
1936 2319 2219 2390 complura

649 2403 864 2468 recitat,
889 2420 1006 2474 qute
1026 2404 1185 2459 hodie
1214 2405 1268 2460 in
1304 2404 1731 2476 Recognitionum
1762 2409 1912 2465 libris
1946 2411 2215 2482 leguntur.

649 2495 881 2566 Origene
918 2495 1084 2566 igitur
1112 2511 1252 2567 Opus
1284 2497 1428 2553 istud
1456 2500 1738 2568 antiquius
1765 2510 1868 2565 est,
1907 2511 2069 2573 atque
2099 2505 2218 2573 ejus

647 2595 824 2651 aetate,
863 2595 923 2642 ut
977 2590 1382 2660 supposititium
1421 2591 1489 2645 ab
1523 2592 1795 2648 universis
1828 2609 1939 2649 non
1981 2595 2219 2650 habeba-

647 2691 758 2736 tur.
787 2683 930 2737 Idem
965 2698 1185 2753 quoque
1216 2694 1273 2736 ut
1303 2684 1478 2738 sancti
1502 2685 1795 2740 Clementis
1826 2684 2057 2742 Romani
2080 2692 2216 2745 scri-

647 2783 798 2844 ptum
831 2792 861 2829 a
896 2776 956 2831 D.
983 2775 1289 2847 Epiphanio
1316 2785 1369 2832 et
1395 2775 1589 2832 Rufino
1619 2778 1730 2849 {35)
1756 2779 2041 2847 laudatur;
2070 2791 2216 2836 uter-

645 2883 755 2938 que
785 2885 914 2924 vero
945 2871 1321 2939 conqueritur,
1355 2869 1424 2924 ab
1447 2869 1740 2936 hmrcticis,
1786 2870 2050 2927 Ebionitis
2080 2889 2215 2942 prae-

648 2960 859 3024 sertim,
894 2971 1209 3030 corruptum
1266 2970 1427 3032 atque
1475 2963 1857 3032 interpolatum
1904 2964 2093 3030 fuisse,
2126 2983 2216 3021 ero

646 3067 908 3122 roresque
959 3069 1090 3109 suos
1118 3055 1354 3127 undique
1397 3070 1491 3111 eos
1523 3055 1602 3110 illi
1656 3056 2002 3128 inspersisse.
2052 3058 2216 3115 Addit

646 3155 871 3203 sanctus
897 3145 1253 3217 Epiphanius,
1284 3147 1421 3202 nihil
1444 3151 1714 3219 integrum
1745 3149 1812 3205 ab
1835 3149 1941 3206 illis
1963 3152 2211 3207 relictum
2240 3164 2282 3221 ς

647 3239 836 3294 fuisse.
883 3237 1118 3294 Sanctus
1166 3240 1528 3312 Hieronymus
1562 3241 1676 3311 (54)
1709 3240 1944 3312 idipsum
1999 3241 2056 3297 S.
2089 3244 2209 3299 Cle-

645 3316 844 3385 mentis
889 3331 1110 3386 nomine
1142 3332 1350 3387 recitat.
1383 3331 1614 3387 Ruﬁnus
1644 3332 1755 3404 (55)
1775 3333 1842 3387 ad
1865 3335 2037 3389 sancti
2067 3333 2210 3388 Gau~

645 3422 814 3477 dentii
875 3437 1065 3491 preces
1101 3421 1292 3478 Latine
1334 3439 1474 3494 opus
1520 3423 1666 3479 istud
1722 3424 1979 3490 reddidit,
2036 3441 2211 3494 neque

644 3512 941 3582 quidquam
967 3527 995 3564 a
1027 3527 1084 3566 se
1112 3520 1383 3567 resectum
1417 3518 1613 3581 praeter
1639 3511 1755 3566 loca
1786 3513 2048 3569 nonnulla
2066 3514 2211 3570 vires

646 3620 797 3666 sitas,
825 3611 987 3674 atque
1010 3613 1228 3674 captum
1267 3605 1653 3675 exsuperantia
1678 3614 2086 3660 commemorat.
2112 3606 2210 3659 At-

648 3710 826 3750 tamen
861 3706 1055 3765 printer
1111 3694 1511 3761 Ebionitarum,
1555 3696 2020 3753 Eunemianorum
2073 3711 2211 3768 pra:—

647 3798 822 3851 terea,
849 3795 1010 3858 atque
1045 3787 1408 3858 complurium
1457 3788 1692 3843 aliorum
1729 3803 1966 3852 errores,
2013 3789 2101 3860 qui
2147 3787 2216 3842 ab

647 3878 894 3935 Ecclesia
950 3881 1195 3936 damnati
1246 3866 1509 3948 luere-eo
1547 3890 1832 3937 contentos
1873 3880 2215 3936 animadver-

646 3972 712 4027 tit
735 3971 868 4042 (se).

718 4064 1055 4133 Supposititii
1081 4074 1298 4120 tunt.—
1315 4063 1517 4122 Eadem
1543 4081 1672 4121 vero
1699 4065 1755 4120 in
1786 4065 1890 4122 hoc
1919 4078 2082 4136 opere
2112 4063 2214 4120 Eu-

716 4197 830 4265 (29)
867 4197 1066 4254 Codice
1087 4212 1234 4263 cxtn.
1265 4199 1319 4253 in
1344 4215 1441 4256 sua
1478 4199 1817 4255 Bibliotheca.

717 4271 832 4341 (50)
872 4269 1060 4341 invicti
1094 4272 1398 4339 argumenti
1429 4272 1549 4325 loco
1578 4277 1648 4326 sit
1686 4272 1747 4327 D.
1784 4270 2099 4341 Hieronymi
2132 4273 2210 4326 si-

644 4340 898 4402 lentium,
932 4340 1025 4408 qui
1059 4349 1119 4393 ut
1147 4341 1512 4408 peritissimus
1555 4341 1894 4410 antiquitatis
1941 4340 2212 4398 scrutator

647 4410 702 4465 in
766 4411 1013 4479 catalogo
1063 4411 1389 4479 scriptorum
1431 4411 1928 4466 ecclesiasticorum
1980 4415 2209 4467 mentio-

647 4495 769 4535 nem
803 4489 949 4534 certe
986 4496 1103 4533 eam
1130 4481 1425 4548 injecisset.
1455 4483 1499 4534 si
1525 4497 1580 4536 se
1600 4482 1814 4537 vivente
1870 4482 2210 4537 constitutio-

646 4566 745 4607 nes
765 4550 822 4604 D.
844 4550 1139 4606 Clementis
1156 4567 1351 4606 nomen
1373 4551 1717 4622 prail‘erentes
1734 4554 1786 4605 in
1801 4551 2206 4610 Catholicorum

646 4622 902 4677 manibus
946 4628 1174 4676 versata:
1216 4621 1462 4677 fuissent.
1506 4621 1644 4687 Quid
1673 4623 1816 4690 qoud
1861 4622 1998 4675 liber
2030 4623 2113 4674 hic
2143 4626 2210 4678 ab

646 4693 951 4762 apostolico
975 4693 1174 4747 satculo
1203 4692 1548 4747 abhorrentia
1565 4692 1996 4760 complectatur?
2017 4691 2210 4749 Petrus

643 4761 791 4817 enim
820 4761 1168 4816 Saturninum
1199 4771 1251 4817 et
1280 4762 1566 4816 Basilidem
1599 4761 1956 4816 absurdorum
1988 4762 2209 4831 dogma-

647 4841 762 4886 tum
806 4841 1058 4902 auctores
1099 4833 1249 4895 dicit,
1301 4834 1392 4901 qui
1445 4833 1836 4902 Petroitamen
1881 4837 2210 4902 posteriores

646 4910 818 4958 erant.
847 4901 965 4958 Lib.
1002 4918 1061 4966 ιι,
1093 4918 1142 4958 c.
1174 4905 1243 4957 ‘29
1276 4905 1591 4959 decernitur
1606 4901 1841 4956 decimas
1872 4912 1924 4956 et
1942 4902 2212 4971 primitias

645 4972 963 5045 pendendas
991 4973 1287 5045 episc0pis,
1316 4988 1454 5045 quas
1480 4972 1723 5044 proiecto
1762 4970 1993 5045 nascens
2023 4970 2211 5045 Eccle-

649 5042 1050 5114 siaignoravit.
1081 5042 1142 5114 L7.
1168 5060 1242 5107 vi,
1282 5042 1436 5114 cflS
1465 5042 1807 5114 baptismum
1831 5042 1899 5095 ab
1927 5043 2210 5114 hatreticis

646 5111 904 5184 collatum
952 5113 1135 5169 iterari
1170 5115 1381 5184 jubent.
1429 5113 1487 5169 in
1525 5111 1719 5169 octavo
1762 5111 2210 5184 Constitutionum

647 5183 787 5255 libro
816 5185 1126 5239 continetur
1171 5181 1344 5240 etiam
1381 5185 1598 5255 liturgia
1630 5197 1727 5255 seu
1762 5181 1951 5255 Missae,
1966 5182 2212 5236 dicenda

646 5254 1063 5336 ratio_a_capite
1104 5257 1310 5336 quinto
1338 5252 1727 5336 usquead-15.
1768 5253 1823 5306 in
1873 5252 1984 5336 line
2028 5260 2211 5336 autem

647 5323 897 5395 ejusdem
943 5321 1066 5380 libri
1104 5321 1158 5380 in
1185 5321 1808 5381 etlitiune'Conciliorutn
1853 5337 1903 5395 v.
1926 5322 2008 5395 cl.
2039 5321 2211 5395 Mansi

647 5391 755 5451 col.
801 5397 925 5461 595,
983 5405 1022 5451 t.
1056 5398 1094 5460 Ι,
1144 5398 1548 5466 subiunguntur
1590 5407 1846 5466 canones
1876 5391 1952 5466 84Δ
1990 5407 2092 5466 ceu
2119 5392 2214 5458 .ab

647 5468 913 5537 apostolis
946 5469 1162 5533 sanciti,
1198 5461 1260 5522 ac
1293 5483 1322 5520 a
1351 5461 1410 5521 Β.
1442 5467 1719 5522 Clemente
1747 5463 1978 5537 collecti.
2012 5461 2210 5519 Verum

649 5533 719 5592 de
749 5537 832 5593 bis
859 5539 964 5591 alio
991 5540 1109 5593 loco
1144 5550 1199 5594 et
1227 5547 1491 5607 tempore,
1523 5538 1577 5590 in
1607 5551 1714 5605 quo
1750 5548 1849 5588 nos
1872 5533 2212 5607 demonstra-

649 5614 805 5662 turos
831 5609 1177 5673 conﬁdimus,
1210 5604 1548 5678 scripta‘luee
1574 5604 1808 5677 primum
1832 5604 2030 5660 saeculo
2053 5604 2214 5659 tertio

649 5678 914 5745 adornata
943 5680 1131 5734 fuisse.

721 5749 834 5819 (51)
876 5749 1077 5805 Codice
1108 5752 1228 5807 H5.

721 5816 834 5895 (52)
873 5823 1154 5894 Urigcnes,
1177 5831 1225 5900 ¹ι.
1256 5837 1318 5875 ιιι
1342 5821 1630 5880 Comment.
1657 5820 1705 5873 in
1730 5816 1910 5875 Cenes.
1937 5833 2054 5888 cap.
2075 5831 2207 5894 uti,

1800 364 1882 418 AD
1925 365 1978 419 S.
2023 361 2438 419 ειΕιιεΝΤΕιι
2481 363 2502 417 1
2540 359 2766 418 ΡΑΡΑΜ

2254 486 2302 542 Α
2330 477 2462 533 sebii
2489 477 2603 550 (57)
2623 484 2781 533 aetate
2799 475 3135 549 legebantur,
3156 490 3278 532 cum
3309 490 3340 532 a
3365 483 3629 548 scriptore
3651 476 3756 533 isto
3783 492 3900 533 non

3793 361 3901 419 “8

2325 571 2447 626 ideo
2465 579 2674 626 tantum
2707 571 3005 642 rejiciatur,
3031 571 3173 642 quod
3191 580 3433 628 veterum
3455 571 3784 627 testimoniis
3803 569 3902 625 lir-

2323 669 2530 718 matum
2580 679 2691 720 non
2722 665 2814 728 sit,
2839 678 3029 720 verum
3057 663 3242 728 etiam,
3269 664 3416 734 quod
3440 663 3748 734 apostolicae
3767 661 3897 716 ﬁdei

2326 769 2576 808 normam
2633 769 2743 810 non
2781 764 3042 810 servaret.
3099 752 3378 824 Rejectum
3423 769 3639 824 quoque
3681 752 3781 807 luit
3829 751 3900 805 ab

2325 855 2548 903 auctore
2569 863 2871 920 synnpseos
2904 855 3080 905 sancti
3099 847 3384 904 Athanasii
3409 849 3522 918 (38)
3540 861 3733 902 nomen
3753 860 3897 915 prae-

2325 945 2567 1004 ferentis,
2590 959 2619 997 a
2637 941 2854 998 Gelasio
2873 941 3387 1014 papa(39).Sanctus
3405 939 3762 1010 Hieronymus
3781 938 3897 1006 (40)

2325 1049 2453 1090 vero
2471 1033 2561 1105 qui
2594 1033 2646 1088 id
2667 1033 2842 1090 sancti
2865 1033 3164 1090 Clementis
3181 1032 3400 1088 nomine
3421 1030 3628 1094 laudat,
3653 1029 3792 1084 idem
3812 1036 3900 1082 ta-

2325 1146 2447 1186 men
2476 1139 2735 1200 tanquam
2767 1128 3137 1199 apocryphum
3167 1126 3318 1197 rejici
3365 1132 3567 1180 monet.
3602 1124 3699 1201 Est
3743 1121 3897 1178 enim

2324 1221 2717 1278 commentitiis
2761 1220 3009 1277 historiis
3059 1219 3352 1284 refertum,
3409 1216 3615 1272 nullam
3644 1215 3900 1271 veritatis

2323 1314 2563 1382 speciem
2603 1312 2950 1369 habentibus.
2985 1311 3097 1367 [mo
3125 1319 3179 1366 et
3227 1310 3558 1382 blasphemas
3586 1322 3747 1363 voces
3778 1305 3900 1376 (41)

2325 1381 2384 1456 in
2406 1402 2500 1458 Dei
2524 1401 2744 1468 Filium,
2767 1412 2929 1474 atque
2949 1403 3163 1474 ineptiae
3188 1381 3444 1474 indignati,
3467 1415 3588 1472 quae
3614 1399 3717 1456 sub
3738 1405 3901 1452 tanto

2323 1495 2541 1550 nomine
2573 1496 2748 1550 lucem
2791 1494 3058 1550 viderent.
3118 1494 3317 1550 ibidem
3372 1500 3688 1549 occurrunt.
3741 1491 3900 1561 Opus

2321 1602 2453 1643 vero
2479 1585 2626 1642 istud
2649 1585 3052 1658 supposititium
3076 1600 3197 1641 esse
3222 1585 3310 1639 vel
3339 1584 3454 1654 ipsa
3490 1581 3740 1653 epistola,
3771 1596 3900 1650 qum

2323 1679 2377 1733 in
2403 1679 2525 1749 ejus
2555 1688 2899 1734 antecessum
2933 1678 3153 1747 legitur,
3189 1683 3511 1748 argumento
3533 1683 3650 1742 est;
3677 1673 3899 1729 nuntiat

2322 1772 2467 1826 enim
2497 1772 2670 1827 sancti
2699 1769 2848 1826 Petri
2871 1778 3100 1826 mortem
3123 1778 3316 1826 sancto
3342 1768 3550 1823 Iacobo
3581 1765 3922 1837 llierosolyo.

2323 1861 2530 1915 mitano
2555 1862 2817 1931 episcopo
2841 1859 2956 1932 (12)
2991 1861 3086 1930 qui
3131 1859 3382 1930 pluribus
3407 1857 3567 1912 annis
3595 1866 3722 1911 ante
3756 1869 3898 1926 apo-

2322 1954 2584 2008 stolorum
2616 1953 2912 2024 principem
2934 1952 3167 2008 obierat.
3186 1950 3431 2022 Epistula
3450 1949 3564 2004 haec
3585 1947 3762 2002 Photii
3778 1945 3898 2018 (43)

2321 2051 2478 2098 aetate
2505 2045 2558 2099 in
2591 2043 2846 2100 omnibus
2875 2042 3306 2113 Recognt'tionum
3336 2040 3741 2111 exemplaribus
3780 2053 3896 2094 non

2320 2137 2594 2191 exstabat.
2645 2134 2911 2191 Observat
2967 2141 3147 2189 autem
3177 2133 3318 2189 idem
3348 2132 3595 2197 criticus,
3628 2145 3748 2188 eam
3794 2129 3900 2184 ali-

2321 2227 2542 2297 quando
2578 2229 2753 2284 sancti
2784 2227 3109 2293 Clementis,
3148 2224 3603 2297 quemadmodum
3637 2223 3797 2278 hodie
3825 2236 3897 2278 ex

2323 2317 2506 2372 limini
2533 2319 2983 2388 interpretatione
3015 2318 3230 2389 legitur,
3266 2318 3402 2372 alias
3433 2332 3564 2373 vero
3590 2316 3764 2372 sancti
3800 2313 3899 2369 Pe-

2323 2415 2389 2467 tri
2415 2413 2635 2467 nomine
2668 2413 2988 2484 inscriptam
3019 2411 3210 2476 fuisse,
3243 2421 3405 2483 atque
3430 2411 3539 2466 duo
3570 2410 3684 2465 haec
3704 2423 3898 2465 exem-

2321 2504 2492 2577 plaria
2523 2513 2754 2560 eventus
2797 2511 2912 2558 toto
2945 2503 3085 2558 caelo
3111 2503 3357 2558 diversos
3398 2500 3900 2582 retulisseﬁonje—

2320 2607 2534 2652 cturam
2563 2611 2693 2653 vero
2725 2595 2853 2651 inde
2882 2595 3077 2659 sumit,
3107 2595 3245 2650 duas
3284 2595 3468 2664 Operis
3502 2594 3667 2664 hujus
3698 2592 3898 2648 editio-

2320 2705 2415 2745 nes
2449 2688 2683 2744 invicem
2714 2687 2871 2744 valde
2917 2687 3162 2743 diversas
3214 2687 3510 2752 exstitisse,
3563 2700 3728 2738 unam
3788 2683 3896 2740 sub

2319 2783 2492 2837 sancti
2523 2780 2691 2845 Petri,
2731 2781 2954 2834 alteram
2990 2780 3091 2834 sub
3127 2780 3303 2836 sancti
3330 2777 3625 2833 Clementis
3651 2777 3893 2841 nomine,

2317 2887 2494 2945 qutea
2544 2871 2740 2927 Rufino
2789 2871 3002 2926 reddita
3034 2870 3154 2925 fuit.
3206 2868 3316 2924 Nec
3381 2867 3894 2939 injuriatvidemus

2316 2965 2460 3019 enim
2490 2979 2575 3027 ea,
2610 2977 2729 3032 quat
2760 2971 2983 3019 sanctus
3006 2961 3342 3034 Epiphanius
3365 2968 3418 3017 et
3448 2968 3672 3016 sanctus
3698 2958 3895 3015 lliero-

2318 3072 2517 3126 nymus
2535 3070 2601 3111 ex
2630 3053 3091 3124 Recognitimiibus
3125 3053 3439 3118 laudarunt,
3464 3052 3516 3106 in
3542 3051 3634 3120 iis,
3658 3067 3784 3123 qua}
3803 3065 3895 3107 su-

2318 3154 2568 3218 persunt,
2617 3154 2712 3201 aut
2752 3147 2974 3218 penitus
3013 3161 3119 3202 non
3164 3153 3401 3211 exstare,
3451 3151 3544 3197 aut
3576 3144 3733 3216 longe
3782 3144 3894 3200 alia

2313 3243 2521 3296 ratione
2554 3239 2678 3309 legi.

2381 3330 2537 3384 Circa
2581 3331 2790 3384 tertium
2820 3328 3074 3384 malum
3119 3329 3301 3398 scripti
3334 3328 3585 3399 fucrs.——
3629 3328 3890 3399 Recogni-

2315 3424 2515 3478 tionum
2542 3423 2790 3478 auctoris
2816 3431 3029 3479 aetatem
3057 3430 3312 3476 accurate
3339 3422 3624 3493 designare
3654 3437 3764 3476 non
3795 3439 3893 3476 Va-

2313 3513 2522 3580 lemus;
2555 3523 2609 3569 at
2639 3513 2684 3567 si
2707 3528 2846 3584 opus
2890 3513 3035 3569 istud
3087 3512 3267 3581 idem,
3297 3521 3458 3584 atque
3512 3515 3687 3569 sancti
3739 3512 3889 3568 Petri

2315 3621 2438 3659 cum
2468 3605 2676 3676 Apione
2707 3606 3005 3676 disputatio
3029 3605 3188 3670 foret,
3218 3621 3338 3675 qua:
3371 3605 3471 3658 luit
3500 3605 3751 3662 Cotclcrii
3773 3605 3888 3675 (11)

2316 3705 2368 3750 et
2400 3695 2694 3766 insignium
2733 3697 3093 3768 quorumdam
3128 3697 3449 3753 criticorum
3488 3696 3779 3760 sententia,
3809 3696 3890 3760 ,ιιι-

2318 3800 2435 3845 tero
2492 3796 2701 3843 tantum
2755 3790 2953 3844 saeculo
2988 3800 3245 3854 exeunte,
3308 3798 3399 3843 aut
3457 3787 3617 3843 tertio
3664 3788 3888 3845 ineunte

2319 3879 2480 3949 paulo
2531 3887 2657 3934 ante
2707 3879 2995 3948 Origenem
3042 3879 3305 3946 scriptum
3345 3878 3516 3933 fuisse
3551 3878 3888 3932 censendum

2317 3979 2485 4030 esset.
2517 3971 2606 4026 Ait
2636 3973 2779 4028 enim
2812 3968 3079 4026 Eusebius
3117 3969 3229 4039 (15)
3264 3970 3407 4024 haud
3458 3969 3661 4024 dudum
3703 3970 3890 4036 spissa

2315 4062 2564 4132 quaedam
2607 4077 2775 4132 opera
2824 4062 3001 4122 sancti
3048 4061 3348 4117 Clementis
3393 4060 3617 4116 nomine
3672 4062 3887 4131 prolata

2314 4195 2600 4265 Philocal.,
2634 4206 2689 4254 et
2722 4199 2776 4254 in
2807 4214 2926 4269 cap.
2954 4213 3079 4253 xxvi
3118 4197 3312 4252 Matth.

2385 4270 2498 4340 (53)
2520 4270 2810 4340 Epiphan.,
2836 4266 3028 4324 hicres.
3049 4270 3136 4337 '50,
3159 4287 3215 4324 ιι.
3243 4270 3341 4335 l5;
3363 4266 3703 4336 Ruﬁnus,De
3723 4267 3886 4322 adub-

2317 4350 2474 4395 terat.
2503 4342 2625 4395 libr.
2673 4340 2936 4410 Origenis.

2386 4411 2499 4481 (54)
2542 4409 2882 4481 llierony‘nn,
2914 4411 2966 4464 in
2999 4409 3096 4478 Ep.
3131 4409 3415 4481 adiGalat.

2387 4480 2499 4550 (55)
2543 4481 2694 4544 Rufi,
2733 4480 2940 4550 prolog.
2974 4483 3028 4534 in
3068 4481 3159 4536 lib.
3187 4480 3455 4548 Recognit.

2381 4550 2492 4621 (56)
2536 4550 2698 4610 Idem,
2729 4550 2801 4604 De
2833 4552 3140 4612 adulterat.,
3176 4551 3264 4621 lib.
3289 4550 3441 4621 Orig.

2408 4623 2495 4685 57)
2537 4622 2759 4683 Euscb.,
2793 4622 2828 4675 Ι.
2866 4637 2947 4685 ιιι,
2973 4636 3022 4676 c.
3055 4623 3144 4687 38,
3173 4620 3246 4675 Η.
3278 4620 3344 4677 Ε.

2408 4629 2495 4685 57)
2537 4629 2759 4683 Euscb.,
2793 4629 2806 4673 ι

2385 4629 2496 4764 iss)
2537 4691 2814 4764 Pas-154-

2386 4760 2498 4831 (59)
2539 4761 2594 4814 1η
2621 4760 2853 4820 decreto.

2374 4835 2485 4906 (ιω)
2520 4833 2573 4906 l_n
2609 4831 2855 4906 Catalog.
2882 4845 2930 4882 c.
2965 4830 3050 4883 15.
3148 4899 3159 4906 _
3379 4905 3382 4906 ν
3432 4885 3662 4906 Ϋιψ-Μᾉ
3699 4880 3826 4906 mm,

2522 4885 2787 4971 llefertum
2805 4885 3096 4974 butemﬂeu
3120 4899 3235 4974 _hoc
3262 4905 3390 4974 opus
3410 4885 3884 4974 gb‘surdia‘nuugfs,

2303 4952 2802 5042 nail-si'neiplitriniis
2821 4952 3022 5030 ieiitrii
3046 4952 3368 5038 opinione'in
3400 4957 3605 5015 Filium
3637 4952 3882 5021 blasphe-

2304 5048 2422 5099 mis.
2457 5043 2705 5105 Pliotius,
2737 5043 2855 5098 cod.
2894 5056 3049 5099 cxui.

2386 5109 2499 5179 (42)
2532 5102 2730 5163 Nolunt
2755 5108 2848 5160 tibi
2869 5107 3028 5179 facio.
3057 5105 3294 5169 Domine,
3327 5109 3451 5176 quia
3482 5105 3663 5160 Simon
3687 5102 3881 5179 _Pet_r_tts

2312 5171 2405 5249 pre
2438 5171 2633 5249 pietate
2666 5180 2776 5249 pati
2807 5171 3002 5249 volens,
3027 5171 3520 5242 prwsentent'citam
3558 5173 3746 5246 ﬁnivit.
3777 5171 3881 5244 Ep.

2314 5247 2485 5306 Clem.
2515 5249 2580 5304 ad
2609 5247 2896 5315 Jacohvn.
2929 5247 2978 5301 1.

2388 5320 2499 5389 (45)
2541 5318 2788 5380 Photius,
2813 5316 2933 5375 cod.
2963 5317 3082 5389 1153

2387 5381 2499 5456 (Μ)
2537 5389 2862 5449 Cotelerius,
2903 5396 2940 5442 t.
2986 5388 3003 5441 l
3046 5386 3265 5440 Patrum
3296 5385 3544 5453 apostol.,
3596 5398 3715 5454 pag.
3748 5381 3884 5438 490.

2387 5462 2497 5531 (45)
2523 5461 2751 5526 Quidam
2782 5474 2936 5531 porro
2971 5459 3080 5531 alia
3108 5459 3266 5531 etiam
3295 5473 3451 5531 opera
3477 5456 3686 5531 proliata
3713 5465 3760 5531 et
3793 5471 3887 5531 co-

2316 5526 2488 5600 piosa'
2511 5531 2605 5584 sub
2653 5531 2766 5598 ejus
2795 5530 3000 5586 nomine
3042 5530 3152 5600 lteri
3191 5545 3252 5600 ac
3283 5527 3694 5600 nudiustertius
3719 5526 3770 5576 in
3802 5527 3890 5600 lu-

2326 5618 2435 5656 cem
2463 5597 2792 5669 protulerunt
2828 5615 2844 5680 ξ
2879 5610 3006 5680 puta
3059 5598 3208 5652 Petri
3226 5607 3281 5680 let
3307 5598 3522 5678 Apionis
3564 5597 3887 5662 disputatio-

2318 5689 2428 5736 nes,
2454 5689 2678 5742 quarunt
2704 5669 2840 5738 apud
2873 5670 3112 5739 antiquos
3145 5669 3291 5721 nulla
3317 5669 3526 5721 omnino
3551 5676 3721 5720 exstat
3741 5682 3889 5719 men-

2320 5745 2390 5796 tio
2411 5759 2428 5806 ;
2455 5743 2759 5812 nequeenim
2777 5741 2979 5794 sincera
3000 5751 3150 5794 rectw
3165 5737 3889 5812 ﬁdei‘abapostolistrqtlittz

2319 5824 2439 5868 nota
2465 5805 2568 5867 illis
2592 5827 2833 5881 expressa
2856 5813 3127 5881 reperitur.
3162 5805 3358 5866 Euseb.
3380 5810 3414 5866 l.
3437 5805 3520 5876 in,
3549 5825 3596 5866 c.
3618 5805 3872 5871 58:11.1“;-
