4046 6326
177 384 264 441 N9

171 596 456 652 ctebautur.
491 590 720 644 Photius
763 595 944 641 tamen
987 597 1150 653 Opera
1197 580 1311 634 hanc
1362 578 1593 632 invicem
1624 575 1707 629 di-

173 700 315 742 versa
344 683 510 737 fuisse
547 679 822 736 existimat
851 675 984 747 (46).
1016 673 1248 727 Exstant
1287 670 1342 722 in
1372 666 1706 737 Recognitio-

170 778 309 831 nibus
338 773 513 844 capita
556 769 808 826 undecim
840 767 908 822 de
965 765 1074 818 lato
1109 777 1175 818 ex
1207 775 1370 831 opere
1412 757 1648 828 quodam
1677 769 1708 808 a

172 868 460 923 Bardesane
498 863 646 918 circa
671 875 872 914 annum
917 856 1018 912 1⁸10
1055 853 1365 922 conscripto
1401 850 1589 921 petita.
1613 846 1710 902 Mi-

171 961 301 1016 nime
327 967 505 1014 tamen
533 953 660 1009 inde
693 949 1070 1017 consequitur,
1114 958 1238 1000 eum
1280 940 1709 1010 Recognitionum

172 1058 428 1105 auctorem
442 1059 585 1110 esse,
618 1056 740 1097 cum
777 1040 896 1109 ejus
934 1048 1148 1092 errores
1177 1032 1245 1088 de
1269 1031 1480 1086 duobus
1503 1027 1707 1098 princi—

171 1143 263 1213 piis
296 1137 538 1211 pluribus
587 1132 723 1189 locis
751 1128 948 1184 ibidem
983 1125 1306 1198 refutentur.
1356 1120 1538 1174 Satius
1583 1131 1711 1172 vero

169 1242 243 1289 est
269 1229 597 1291 existimare,
651 1237 775 1279 eum
828 1218 919 1289 qui
953 1232 1091 1287 opus
1119 1212 1265 1271 istud
1298 1208 1705 1280 conscripserit,

170 1338 340 1381 eorum
385 1327 633 1390 partem,
672 1328 793 1383 quae
829 1309 1178 1364 Bardesanes.
1218 1305 1287 1361 de
1328 1304 1437 1358 fato
1489 1302 1708 1366 dixerit,

170 1407 472 1472 inseruisse,
505 1404 648 1476 quod
671 1411 725 1457 et
757 1400 1020 1455 Eusebius
1055 1399 1110 1452 in
1143 1396 1258 1454 suis
1296 1392 1712 1464 Praeparationis

167 1501 475 1572 evangelica:
497 1492 950 1570 librispraastitit,
984 1489 1078 1543 ubi
1101 1486 1350 1543 eumdem
1383 1485 1566 1538 locum
1587 1481 1712 1552 legi-

169 1609 297 1656 mus,
327 1579 492 1662 quem
519 1586 951 1656 Recognitionum
975 1587 1166 1635 auctor
1201 1594 1232 1632 a
1260 1576 1568 1632 Bardesane
1597 1589 1711 1627 mu-

169 1692 305 1741 tuum
329 1686 635 1751 acceperat.

231 1795 291 1849 In
317 1802 441 1864 quot
471 1790 632 1845 libros
664 1797 829 1842 totum
863 1801 990 1855 opus
1037 1780 1376 1837 distributum
1430 1777 1519 1832 sit.
1567 1772 1708 1842 Quid

167 1888 223 1942 de
247 1887 335 1940 illo
384 1881 809 1939 sentiendum.——
830 1877 1016 1933 Refert
1039 1882 1229 1929 auctor
1252 1872 1412 1927 tertio
1453 1869 1702 1939 Recogni-

170 1981 350 2031 tionum
380 1975 543 2035 libro,
567 1987 625 2027 se
655 1970 839 2025 decem
865 1967 1000 2021 alios
1022 1964 1195 2020 sancti
1227 1962 1370 2018 Petri
1397 1975 1706 2016 sermonum

167 2069 482 2135 libros,quos
495 2062 755 2119 Caesarea:
770 2058 1052 2119 habuerat,
1080 2054 1146 2108 ad
1168 2059 1418 2109 sanctum
1439 2048 1707 2105 Iacobum

167 2160 389 2214 misisse.
421 2154 463 2209 Ii
503 2169 632 2208 vero
662 2164 969 2221 unquamne
994 2147 1048 2202 in
1088 2146 1281 2217 vulgus
1303 2143 1434 2198 editi
1469 2140 1709 2196 fuerint?

169 2248 465 2319 ignoramus
493 2262 506 2309 ;
547 2242 704 2297 hodie
734 2246 913 2293 autem
971 2236 1177 2291 nullum
1207 2248 1395 2290 eorum
1424 2230 1709 2301 vestigium

168 2343 419 2408 superest.
461 2330 850 2402 Recognitiones
887 2328 942 2382 in
975 2326 1161 2381 decem
1189 2326 1356 2380 libros
1407 2322 1713 2379 distributa:

168 2433 301 2481 sunt.
338 2423 518 2478 Priori
571 2419 846 2475 inducitur
875 2423 1101 2473 sanctus
1143 2414 1394 2469 Clemens
1443 2412 1711 2467 rationem

167 2530 401 2578 narrans,
443 2527 553 2582 qua
584 2508 759 2565 sancti
809 2507 1069 2561 Barnabae
1117 2502 1592 2574 praedicationibus
1645 2499 1709 2552 ad

168 2597 314 2662 ﬁdem
347 2606 655 2664 traductus,
685 2608 850 2670 atque
897 2599 951 2652 in
982 2613 1044 2653 ea
1077 2612 1106 2650 a
1129 2603 1318 2650 sancto
1351 2593 1508 2648 Petro
1552 2592 1713 2646 insti-

165 2705 304 2753 tutus
333 2696 520 2752 fuerit.
549 2693 696 2747 Alter
723 2689 898 2745 sancti
940 2686 1085 2742 Petri
1117 2700 1240 2741 cum
1283 2683 1506 2738 Simone
1556 2681 1714 2751 Mago

168 2804 459 2846 sermonem
491 2781 884 2854 complectitur.
918 2778 1103 2834 Tertio
1135 2778 1295 2834 iidem
1319 2777 1387 2831 de
1424 2782 1619 2831 natura
1645 2773 1714 2827 li-

168 2881 270 2936 beri
319 2878 534 2933 arbitrii
593 2875 1013 2945 colloquuntur,
1069 2886 1178 2942 quo
1239 2878 1462 2926 sanctus
1517 2867 1713 2922 Petrus

167 2976 480 3038 potestatem
510 2964 674 3020 animi
717 2963 890 3018 nostri
939 2976 1059 3017 esse
1090 2959 1301 3024 deﬁnit,
1325 2957 1548 3029 id,quod
1569 2957 1713 3022 libet,

167 3061 368 3131 agendi.
399 3058 662 3125 Quartus,
690 3043 812 3126 quae
841 3070 871 3108 a
896 3059 1085 3109 sancto
1112 3051 1270 3106 Petro
1299 3052 1352 3106 in
1377 3051 1569 3106 itinere
1594 3048 1719 3103 Tri-

1385 365 1720 424 ΡιιοοωυΑ
1759 359 2137 417 VARIORUM.

175 503 344 567 fuisse,
360 500 655 572 quaesancti
669 495 814 553 Petri
832 510 954 550 cum
979 491 1184 563 Apione
1209 489 1453 558 dialogos
1480 486 1715 554 comple-
1743 488 1789 544 Α
1817 481 2003 536 labore
2035 478 2358 532 levaremus.

3265 337 3362 392 120

2421 470 2586 525 Recte
2607 467 2672 522 de
2724 465 2790 519 iis
2831 453 3200 532 pronuntiavit
3222 450 3364 529 Pho-

1811 577 1921 630 tius
1955 571 2068 644 (47)
2091 569 2290 640 stylum
2322 574 2483 634 atque
2515 558 2876 617 eruditionem
2929 553 2984 606 in
3031 549 3109 602 iis.
3147 541 3368 612 conspi-

1809 679 1967 721 cuam
1995 662 2189 716 merito
2216 672 2341 713 esse
2364 647 2853 709 commendandam
2881 663 2896 710 ;
2922 648 3203 697 auctorem
3234 645 3367 686 vero

1811 757 2114 826 theologiae,
2142 762 2305 823 atque
2326 743 2715 806 ecclesiasticae
2754 735 3022 793 doctrinae
3076 725 3367 783 admodum

1809 849 2042 921 peritum
2072 860 2182 900 non
2219 820 2390 897 fuisse
2418 845 2472 895 et
2525 831 2846 889 fabellarum
2875 820 3249 880 inventoribus
3279 829 3371 868 ac-

1808 936 2162 996 censendum.

2317 993 2713 1054 ARTICULUS
2754 990 2839 1045 Ill.

1809 1096 1877 1134 ne
1897 1087 2251 1133 etsummis
2277 1072 2364 1126 ι-ςι·Δ
2383 1079 2675 1124 nonanus
2701 1076 2840 1116 Allis
2862 1067 3102 1114 scnirrts
3130 1061 3371 1105 surrosr-

2149 1157 2318 1198 TITUS
2346 1156 2468 1195 EIUS
2493 1149 2688 1190 NOHINE
2712 1141 3025 1187 INSCBIPTIS.

1881 1234 2217 1294 Clementinaa
2255 1230 2426 1285 sancti
2474 1223 2755 1280 Clementis
2804 1232 2990 1272 nomen
3017 1211 3154 1282 [uiso
3183 1204 3371 1276 prafe-

1808 1327 2249 1386 runt.-—Przcter
2276 1323 2460 1377 decem
2491 1312 2922 1386 Recognitionum
2952 1306 3121 1360 libros
3150 1302 3372 1356 exstant

1809 1420 1913 1478 sub
1940 1416 2114 1474 sancti
2141 1409 2434 1470 Clementis
2482 1407 2701 1461 nomine
2730 1414 2921 1456 novem
2954 1402 3009 1451 et
3043 1395 3228 1447 decem
3272 1387 3374 1442 ho?

1807 1511 1991 1571 milizc,
2012 1522 2134 1578 quae
2161 1505 2477 1575 plerumque
2505 1493 2856 1553 Clementinae
2880 1483 3137 1557 appellari
3170 1479 3368 1578 solent.

1808 1567 2093 1656 Existimat
2114 1567 2414 1654 Cbtelerius
2439 1589 2549 1660 (48)
2576 1601 2668 1643 eas
2690 1584 2911 1636 alteram
2941 1573 3190 1630 fortassis
3211 1567 3373 1621 Reco-

1809 1690 2103 1763 gnitionum
2124 1684 2418 1742 editionem
2457 1693 2578 1735 esse
2610 1671 2787 1730 sancti
2820 1666 2964 1722 Petri
3013 1675 3212 1718 nomen
3238 1674 3374 1727 pra:-

1815 1749 2266 1845 ferentemﬂllud
2296 1788 2425 1829 sane
2452 1773 2687 1828 constat,
2723 1759 3004 1829 complura
3044 1755 3099 1807 in
3142 1749 3372 1804 homiliis

1812 1875 1934 1929 istis
1965 1878 2197 1930 exstare,
2227 1880 2347 1935 qua:
2388 1862 2443 1916 in
2473 1850 2927 1927 Recognitionibus
2965 1847 3129 1902 etiam
3182 1843 3375 1911 legun-

1807 1964 2151 2030 tur,easdem
2165 1952 2749 2018 fabulas,eosdcmquc
2762 1947 2981 2000 errores
3003 1935 3261 2004 utrinque
3283 1947 3377 1986 oc-

1809 2043 2726 2120 currere;eamdemque’utriusque
2737 2036 2917 2107 operis
2931 2027 3374 2085 distributionem

1810 2149 2002 2207 videri.
2037 2145 2187 2216 Stylo
2205 2151 2332 2198 sunt
2350 2138 2506 2194 valde
2533 2133 2787 2204 eleganti,
2817 2127 3130 2198 prmbctque
3179 2126 3371 2174 auctor

1812 2240 2058 2313 plurima:
2085 2232 2409 2294 eruditionis
2460 2228 2773 2298 specimen;
2805 2214 3243 2276 commentitium
3289 2224 3382 2264 au-

1812 2342 1920 2390 tem
1946 2347 2006 2387 se
2039 2343 2182 2394 esse,
2214 2323 2402 2381 multis
2439 2314 2586 2375 notis
2612 2313 2813 2388 prodit.

1883 2422 2122 2492 Epitome
2137 2417 2304 2472 sancti
2329 2413 2473 2467 Petri
2499 2411 2616 2464 vita:
2639 2402 2968 2474 supposititia
2990 2413 3187 2469 quoque
3208 2402 3382 2448 est.—

1815 2514 1911 2570 Est
1931 2483 2102 2568 etiam
2132 2525 2162 2562 a
2192 2505 2460 2562 Cotelerio
2491 2499 2634 2556 edita
2649 2483 3383 2567 (t9)sanctiClementisliis-

1813 2605 1974 2668 toria,
1991 2616 2110 2672 qum
2134 2597 2374 2666 Epitome
2395 2591 2565 2647 sancti
2588 2586 2732 2641 Petri
2756 2585 2873 2636 vita
2889 2577 3221 2634 inscribitur.
3242 2571 3384 2624 Scri-

1815 2660 2081 2766 ptumhoc
2098 2690 2161 2744 ad
2177 2660 2424 2743 sanctum
2437 2680 2696 2736 Iacobum
2709 2668 3256 2739 Hierosolymitanum
3269 2660 3384 2730 epi—

1816 2800 2040 2858 scopum
2059 2783 2244 2839 datum
2259 2793 2379 2835 esse
2401 2775 2806 2846 tingitur,atque
2830 2770 3022 2835 praeter
3038 2774 3124 2813 res
3144 2773 3174 2810 a
3193 2761 3384 2810 sancto

1817 2846 1977 2935 Petro
2000 2882 2202 2948 gestas,
2239 2869 2414 2927 sancti
2433 2862 2726 2922 Clementis
2750 2859 2912 2913 etiam
2937 2853 3060 2908 vita:
3087 2846 3379 2902 historiam

1817 2942 2220 3040 complectitur.
2241 2961 2390 3020 Istud
2428 2972 2557 3013 vero
2588 2953 2722 3009 nihil
2769 2949 2874 3004 nisi
2926 2942 3380 3013 Recognitianum,

1819 3061 2299 3119 Clementinorum,
2315 3052 2572 3107 Actorum
2589 3042 2836 3113 martyrii
2857 3031 3034 3095 sancti
3056 3030 3376 3091 Clementis,

168 3153 268 3221 P0“
337 3151 646 3206 033331133“!
711 3152 966 3239 395991"?
1006 3151 1175 3239 486³⁸³
1230 3150 1380 3207 sum:
1437 3141 1714 3206 edisset“.
1745 3182 1788 3239 ο
1821 3161 1983 3222 atque
2033 3148 2276 3205 historiae
2324 3144 2390 3199 de
2446 3138 2701 3210 Ephraim
2769 3145 2983 3189 summa
3038 3133 3141 3179 cst.
3207 3122 3384 3191 llujus

1506 3235 1519 3239 -
1564 3232 1623 3239 μ-
2557 3231 2568 3239 ,
3084 3216 3191 3239 mm
3267 3228 3384 3239 “an

167 3248 218 3298 et
263 3243 526 3313 plurimos
574 3238 747 3296 sancti
805 3237 952 3294 Petri
1004 3236 1405 3291 liortationibus
1455 3235 1523 3289 ad
1556 3232 1717 3288 fidem

168 3333 442 3388 traductos
481 3329 672 3385 refert.
705 3327 942 3394 Quintus
983 3326 1342 3397 paraeneticus
1378 3340 1557 3381 sermo
1610 3333 1716 3389 est,

168 3441 270 3496 quo
322 3434 552 3481 sanctus
602 3421 802 3476 Petrus
833 3419 1175 3476 inscientiam
1209 3433 1305 3474 seu
1355 3417 1721 3488 ignorantiam

169 3527 509 3590 peccatorum
549 3514 795 3571 omnium
820 3513 1083 3584 originem
1113 3526 1253 3576 esse,
1285 3509 1553 3565 idolorum
1601 3509 1721 3562 cul-

169 3622 253 3668 tus
299 3612 616 3674 falsitatem,
671 3617 832 3678 atque
882 3605 977 3659 Dei
1036 3605 1304 3658 unitatem
1359 3603 1738 3657 demonstrat.‘

169 3705 324 3761 Sexto
353 3704 611 3774 baptismi
653 3701 1031 3756 necessitatem
1091 3695 1304 3769 probat,
1353 3696 1719 3766 explicatque,

170 3797 435 3867 quomodo
477 3796 548 3849 ad
575 3809 697 3848 eum
746 3806 1069 3847 accessurus
1107 3796 1456 3862 comparatus
1479 3804 1601 3844 esse
1627 3787 1724 3842 de-

167 3888 304 3944 beat.
386 3887 630 3959 Septimo
671 3895 896 3942 sanctus
952 3884 1203 3940 Clemens
1257 3882 1442 3935 varios
1496 3887 1733 3935 eventus

167 3987 368 4044 narrat,
399 3980 495 4049 qui
546 3979 704 4033 matri
735 3987 789 4034 et
836 3975 1097 4031 fratribus
1143 3973 1258 4028 suis
1287 3973 1650 4043 contigerunt.
1674 3979 1728 4026 et

168 4085 272 4141 quo
331 4081 493 4142 pacto
526 4071 581 4124 in
632 4086 727 4126 eos
773 4082 993 4123 rursum
1018 4068 1073 4121 in
1107 4063 1394 4120 Palaestina
1442 4062 1718 4117 inciderit.

172 4163 468 4234 Sequentes
498 4163 606 4218 duo
625 4161 824 4233 dialogi
855 4166 1003 4226 sunt,
1034 4157 1234 4229 quibus
1254 4163 1480 4212 sanctus
1507 4155 1725 4219 Petrus,

169 4252 378 4324 Aquila,
426 4253 665 4318 Nicetas,
695 4261 748 4309 et
779 4259 1002 4308 sanctus
1040 4249 1292 4306 Clemens
1328 4248 1446 4304 seni
1481 4247 1722 4309 cuidam,

170 4361 322 4414 quem
374 4345 552 4401 sancti
596 4343 890 4399 Clementis
916 4349 1122 4413 patrem
1145 4354 1269 4395 esse
1318 4346 1505 4409 postea
1557 4352 1728 4408 agno—

171 4434 718 4507 verunt,ostendunt,‘
746 4435 902 4490 fateri
948 4450 1048 4489 nos
1088 4432 1311 4488 omnino
1350 4430 1567 4495 debere,
1593 4447 1731 4483 cun-

1822 3216 2158 3300 collectionis
2201 3242 2392 3291 auctor
2417 3273 2431 3297 ,
2480 3231 2572 3301 qui
2641 3223 3033 3292 Metaphrastes
3082 3216 3192 3286 (50)
3264 3228 3386 3267 esse

1820 3334 2083 3398 creditur,
2119 3345 2204 3396 ea,
2245 3343 2366 3398 quae
2407 3325 2462 3378 in
2493 3319 2742 3389 scriptis;
2763 3313 2905 3367 unde
2935 3310 3049 3362 haec
3078 3305 3372 3373 excerpsit,

1824 3426 2153 3486 redundare,
2180 3430 2273 3475 aut
2297 3418 2433 3473 falsa
2479 3410 2896 3484 perniciosaque
2941 3415 3064 3457 esse
3117 3399 3219 3454 sibi
3269 3398 3387 3453 visa

1822 3512 1972 3583 sunt,
2030 3512 2349 3584 amputavit.

1893 3580 2018 3663 Alia
2047 3580 2383 3675 supposititia
2417 3597 2587 3651 sancti
2627 3592 2907 3648 Clementis
2944 3603 3130 3641 nomen
3180 3580 3377 3650 praefe-

1823 3702 1992 3759 rentia
2017 3699 2235 3762 scripta.
2259 3723 2328 3735 —-
2357 3690 2481 3748 Fuit
2515 3689 2628 3761 jam
2669 3701 2698 3739 a
2725 3682 2886 3739 nobis
2936 3677 3187 3749 superius
3221 3672 3391 3726 adn!»

1822 3803 2019 3858 latum,
2055 3787 2486 3859 Recognttionum
2537 3786 2815 3832 auctorem
2870 3771 3157 3830 alIirmare,
3202 3765 3388 3817 decem

1826 3887 2002 3944 sancti
2058 3881 2206 3937 Petri
2251 3866 2564 3934 sermonum
2588 3870 2850 3924 Caesareae
2879 3863 3190 3916 habitorum
3219 3856 3389 3908 libros

1826 3983 2016 4034 sancto
2040 3970 2247 4026 Iacobo
2276 3984 2306 4022 a
2336 3982 2394 4022 se
2429 3965 2624 4018 missos
2654 3960 2841 4014 fuisse.
2890 3954 3084 4008 Decem
3128 3950 3203 4002 illi
3249 3946 3390 4007 libri,

1829 4068 2030 4138 utjam
2067 4061 2236 4120 semel
2269 4056 2606 4117 monuimus,
2638 4053 2706 4105 ad
2734 4064 2836 4104 nos
2866 4061 2971 4100 non
2995 4044 3389 4113 pervenerunt;

1827 4128 2066 4214 attamen
2111 4150 2593 4228 pseudo-Clemens
2636 4156 2860 4214 operam
2907 4136 3076 4197 dedit,
3141 4138 3200 4184 ut
3255 4128 3405 4198 quid'

1827 4254 1933 4309 illis
1955 4222 2346 4308 contineretur,
2375 4242 2593 4312 penitus
2625 4235 3143 4302 nonignoraremus.
3174 4223 3252 4276 Ex
3273 4222 3389 4276 illis

1827 4347 2046 4419 quidam
2070 4344 2181 4417 (51)
2199 4341 2266 4398 de
2298 4337 2412 4396 veri
2430 4334 2710 4407 propheta:
2738 4329 2906 4392 notis,
2953 4332 3114 4393 atque
3141 4322 3206 4376 de
3258 4320 3392 4389 legis

1830 4416 2104 4497 intellectu
2132 4437 2342 4508 agebat.
2393 4429 2715 4486 Anastasius
2745 4424 2856 4495 (52)
2885 4420 3255 4476 Antiochenus
3282 4416 3394 4468 lau-

170 4541 252 4585 eta
304 4533 510 4586 divina:
545 4527 901 4585 Providentia:
947 4528 1196 4598 imperio,
1244 4541 1348 4580 non
1397 4539 1529 4580 casu
1592 4525 1718 4595 geri.

1833 4534 1925 4588 dat
1955 4538 2214 4601 praeterea
2255 4522 2428 4582 sancti
2482 4518 2778 4577 Clementis
2823 4513 3041 4569 nomine
3093 4509 3394 4564 orationem

173 4619 422 4676 Decimus
475 4634 540 4674 ac
581 4627 889 4690 postremus
939 4618 1080 4672 liber
1108 4617 1358 4687 dialogus
1387 4630 1605 4686 quoque
1649 4622 1736 4669 est

171 4712 307 4766 inter
353 4717 612 4766 sanctum
647 4711 998 4776 Clementem,
1028 4709 1386 4778 eumdemque
1423 4723 1608 4763 senem
1637 4707 1735 4761 'de

173 4798 295 4853 boni
341 4807 396 4854 et
436 4800 566 4854 mali
609 4809 824 4855 natura.
879 4800 959 4854 Ad
1014 4799 1172 4853 linem
1233 4800 1357 4854 libri
1411 4799 1477 4854 de
1515 4798 1736 4855 Simone

172 4888 322 4962 uago
348 4892 560 4946 mentio
607 4890 932 4955 instituitur,
962 4899 1123 4960 atque
1156 4890 1222 4944 de
1267 4905 1354 4954 ea,
1385 4905 1506 4960 qua:
1531 4891 1601 4944 ibi
1629 4889 1738 4945 fer—

173 4987 278 5048 tur,
307 4983 459 5037 senis
513 4981 675 5051 hujus
707 4981 762 5036 in
784 4981 1027 5053 Simonis
1050 4980 1186 5052 Magi
1216 4982 1421 5036 vultum
1451 4987 1738 5036 metamor-

171 5074 347 5144 phosi.
409 5073 540 5129 Haec
582 5082 732 5140 sunt,
773 5089 892 5144 qua;
945 5074 1012 5129 de
1066 5071 1250 5129 decem
1303 5072 1733 5143 Recognitionum

172 5162 325 5220 libris
349 5165 516 5220 hodie
545 5166 887 5221 exstantibus
911 5166 1206 5220 lectoribus
1235 5164 1425 5219 leviter
1447 5164 1738 5221 delibanda

171 5257 583 5327 proposuimus,
625 5265 686 5311 ut
736 5272 832 5312 eos
863 5257 1076 5311 lnutilia
1132 5256 1244 5312 fere
1282 5238 1484 5326 scripta
1526 5258 1738 5327 legendi

240 5389 355 5460 (46)
387 5390 643 5460 Photius,
679 5390 867 5444 codice
894 5402 1046 5442 cxm.

240 5458 355 5526 (47)
399 5458 548 5514 Loco
581 5462 765 5516 citato.

240 5525 357 5597 (48)
391 5530 662 5599 Coteler.,
691 5538 730 5584 t.
753 5529 791 5591 l,
825 5544 946 5599 pag.
977 5525 1099 5582 607.

243 5600 370 5667 (49)
400 5597 538 5652 Ibid.
585 5616 710 5667 pag.
739 5599 857 5653 655.

242 5669 361 5737 (50,
408 5668 524 5734 ld.,
556 5668 689 5721 ibid.

398 5737 518 5791 Lib.
555 5755 568 5791 ι
607 5737 983 5812 Ῑίεεοῃιιὶιξρςιη
1009 5755 1063 5790 n.

244 5807 357 5876 (52)
386 5813 604 5874 Anast,
638 5807 829 5878 quaest.
862 5808 950 5877 96,
981 5823 1101 5878 pag.
1140 5809 1260 5863 526.

1838 4597 2129 4696 quamdam
2192 4618 2255 4674 de
2280 4615 2645 4678 Providentia,
2703 4617 2857 4679 atque
2911 4605 2973 4658 de
3008 4602 3226 4672 justitia
3275 4597 3392 4651 Dei.

1839 4687 1967 4772 l-nde
1995 4729 2124 4770 vero
2157 4710 2392 4766 fortasse
2415 4707 2712 4777 fragmenta
2753 4717 2783 4754 a
2808 4696 3075 4754 Cotelerio
3105 4692 3250 4748 edita
3283 4687 3398 4759 (55)

1838 4809 2004 4879 petita
2040 4811 2188 4868 sunt,
2216 4802 2414 4872 quibus
2449 4795 2734 4852 Trinitatis
2766 4787 3082 4861 mysterium
3111 4783 3277 4854 probe
3304 4795 3397 4834 ex-

1839 4877 2090 4970 plicatur.
2122 4893 2346 4949 Veteres
2403 4887 2578 4944 sancti
2621 4877 2912 4940 Clementis
2957 4878 3163 4944 scripta
3210 4886 3396 4927 eorum

1840 4967 2197 5060 appellatione
2223 4995 2333 5040 non
2358 4978 2540 5060 addita
2592 4988 2734 5043 saepe
2775 4970 3086 5028 laudarunt,
3112 4967 3254 5018 inter
3296 4976 3400 5014 cae—

1839 5053 1987 5137 teros
2008 5083 2243 5135 sanctus
2265 5053 2497 5127 Basilius
2527 5066 2638 5139 (54)
2670 5054 3205 5136 pseudo-Dionysius
3235 5055 3400 5108 Areo-

1838 5167 2040 5237 pagita,
2077 5151 2709 5226 auctor‘disputationis
2764 5155 2958 5204 eontra
3012 5143 3204 5196 Arium
3257 5140 3400 5194 inter

1840 5230 2005 5330 opera
2042 5253 2216 5311 sancti
2249 5248 2555 5309 Athanasii,
2589 5241 2911 5299 Anastasius
2973 5235 3207 5296 Sinaita,
3240 5230 3394 5286 Nice-

1914 5388 2026 5458 (5'5)
2051 5385 2284 5442 Coteler.
2307 5424 2322 5449 ,
2357 5390 2474 5435 not.
2510 5377 2574 5433 ad
2603 5377 2743 5458 libz‘i
2775 5371 3081 5458 Recognit”
3115 5384 3172 5422 n.
3209 5365 3279 5420 ει
3306 5385 3319 5431 ;
3346 5375 3400 5420 et

1841 5442 1982 5514 inter
2003 5442 2278 5510 (estimon.
2309 5442 2556 5504 veterum
2587 5447 2653 5499 de
2683 5442 3011 5499 Clementin.

1912 5503 2312 5596 ξὲιῖῐὶᾁξίᾗῦὲ,
2335 5503 2428 5574 lib.
2447 5535 2463 5596 _t
2490 5517 2564 5596 De
2583 5516 2783 5596 Spiritu
2797 5520 3007 5596 sancto,
3023 5523 3150 5591 .cap.
3173 5503 3406 5596 2951mm

1936 5564 2001 5582 ,η
2059 5564 2291 5578 nam...”
2338 5564 2616 5574 μνη---
2808 5564 2841 5565 _
2962 5564 3006 5572 ,,

1842 5564 1987 5668 ηεξ..
2007 5564 2112 5668 ’De_
2124 5564 2702 5668 divin_.’nominibus'.r_c.
2713 5585 2770 5668 _6;
2786 5564 3113 5668 Anastasius.
3133 5579 3186 5668 in
3207 5564 3401 5642 Odegof

1843 5646 2436 5737 captvisﬁic—ephur.”
2459 5659 2500 5737 lt.‘
2520 5673 2580 5737 Ill
2594 5646 2767 5737 μία.)
2790 5668 2840 5706 c.
2861 5649 2946 5706 ll.
2976 5646 3256 5737 Xildendus
3272 5661 3394 5713 quo-

1841 5720 1946 5807 qub
1975 5720 2170 5800 Grabc,
2221 5720 2351 5786 ίοηι.
2373 5720 2433 5784 ιι’
2465 5727 2708 5821 ξρὶςίιερ.
2742 5720 2760 5792 ,⁷
2792 5738 2912 5793 pag.
2972 5720 3070 5774 189
3099 5725 3151 5772 et
3173 5731 3329 5785 scth
