4046 6326
637 374 730 429 151

1752 371 1837 425 AD
1878 370 1936 426 8.
1980 368 2398 428 CLEMENTEM
2437 370 2459 423 Ι
2496 368 2727 425 PAPAM

3753 371 3860 427 ιω

636 492 841 563 phorus
878 487 1156 557 Callistus,
1200 497 1368 559 atque
1411 490 1658 544 nonnulli
1695 491 1807 545 alii.
1865 489 1939 547 De
1969 489 2189 561 liturgia
2216 494 2265 551 Α
2293 489 2472 545 storis:
2511 489 2675 561 hujus
2724 487 3015 544 falsitatem
3046 484 3566 554 demonstrandam;
3610 498 3732 541 cum
3779 486 3859 541 le-

635 580 811 636 saneti
831 578 1147 640 Clementis.
1180 588 1342 651 atque
1368 580 1435 636 de
1464 580 1806 647 collectione,
1842 596 2005 651 quam
2028 582 2094 634 ab
2121 596 2189 636 eo

634 673 939 729 institutam
974 672 1177 737 ferunt,
1202 674 1375 731 sancti
1417 672 1563 731 Petri
1601 674 2021 740 revelationum,
2045 674 2189 733 idem

634 764 916 820 ferendum
955 770 1040 820 est
1064 765 1352 835 judicium.

1140 854 1537 912 ABTICULUS
1584 856 1675 914 IV.

840 958 906 999 DE
945 959 1103 1001 Αετιε
1142 962 1401 1001 ιλιιπιιιι
1438 962 1625 1003 SANCTI
1656 962 1973 1005 CLEIENTIS.

697 1038 829 1093 Acta
873 1040 1117 1112 martyrii
1145 1040 1324 1096 sancti
1352 1039 1650 1097 Clementis
1695 1048 1807 1094 tam
1851 1037 2191 1095 admirandis

629 1132 1037 1187 narrationibus
1066 1136 1183 1185 tota
1231 1126 1466 1185 conﬂata
1511 1137 1666 1195 sunt,
1710 1135 1773 1185 ut
1824 1144 1964 1201 aegre
1994 1127 2187 1201 legenti

626 1223 970 1293 supposititia
991 1221 1157 1278 videri
1174 1236 1281 1276 non
1301 1221 1530 1292 possint.
1553 1219 1820 1278 Constant
1843 1228 2188 1287 autemmera

626 1313 1019 1368 miraculorum
1040 1312 1352 1368 narratione
1372 1329 1392 1379 ;
1411 1326 1534 1382 quae
1553 1312 1679 1367 licet
1704 1311 1847 1384 style
1865 1310 2018 1367 valde
2037 1312 2187 1381 gravi

624 1406 936 1477 conscripta
962 1405 1055 1469 sit,
1078 1404 1296 1461 nativus
1324 1414 1506 1459 tamen
1534 1403 1626 1459 ille
1641 1402 1990 1473 antiquitatis
2009 1402 2187 1471 color,

623 1492 716 1562 qui
740 1490 794 1545 in
819 1493 1068 1562 genuinis
1093 1493 1211 1565 ejus
1237 1494 1412 1551 aetatis
1441 1492 1664 1565 scriptis
1712 1494 2044 1564 conspicuus
2078 1502 2188 1559 est,

629 1570 829 1640 ibidem
862 1598 972 1637 non
998 1591 1297 1653 spectatur.
1347 1580 1539 1637 Refert
1566 1582 1823 1653 primum,
1857 1580 2184 1645 Sisinnium,

622 1672 765 1743 quod
791 1672 1087 1742 ,Theodora
1132 1689 1267 1730 uxor
1295 1674 1657 1731 Christianam
1698 1674 2011 1745 religionem
2056 1688 2188 1746 pro-

623 1763 767 1821 fessa
782 1764 995 1830 fuisset,
1010 1765 1166 1821 valde
1182 1766 1538 1839 indignatum,
1556 1766 1842 1831 rationem,
1859 1780 1965 1835 qua
1983 1764 2181 1821 factum

2289 588 2411 637 ctor
2440 579 2596 637 facile
2622 580 2900 651 percipere
2928 577 3135 650 possit,
3179 576 3429 633 fabellam
3459 592 3686 647 sapere,
3734 593 3860 647 quae

2288 673 2358 731 de
2388 672 2629 728 Sisinnlo
2664 671 2993 729 referuntur.
3024 670 3160 738 Quis
3204 670 3349 727 enim
3389 670 3577 726 credat
3603 677 3760 725 aetate
3786 670 3858 723 it.-

2289 765 2375 829 la,
2404 778 2512 835 qua
2563 763 2757 834 pagani
2804 763 3241 819 Christianorum
3272 762 3442 818 cultui
3472 762 3706 817 vetando
3734 762 3857 833 plu-

2268 855 2489 912 'rimum
2516 854 2893 927 invigilabant,
2917 855 3180 911 ecclesias
3198 854 3361 926 vulgo
3381 854 3519 910 adeo
3542 861 3716 916 notas,
3740 862 3860 908 tan-

2289 955 2508 1018 tamque
2551 962 2645 1005 eas
2672 947 2941 1005 subeundi
2972 947 3247 1004 licentiam
3276 947 3482 1011 fuisse,
3516 952 3575 1000 ut
3627 945 3860 1018 paganis

2289 1038 2422 1109 ipsis
2471 1037 2653 1094 aditus
2695 1038 2765 1093 ad
2802 1052 2898 1094 eas
2929 1045 3167 1109 pateret,
3210 1045 3266 1093 et
3310 1036 3526 1093 Domini
3581 1034 3860 1091 ministris

2287 1131 2363 1184 nil
2406 1131 2838 1201 prohibentibus,
2867 1147 2991 1205 qua:
3035 1132 3092 1187 in
3134 1144 3418 1187 sacrorum
3465 1129 3860 1201 mysteriorum

2287 1223 2655 1282 celebratione
2703 1224 3050 1298 gerebantur,
3096 1224 3433 1294 perlustrare
3461 1220 3748 1276 valerent?
3791 1220 3860 1275 il-

2285 1314 2379 1370 lud
2407 1329 2625 1386 quoque
2662 1315 2973 1372 verosimile
3001 1330 3109 1370 non
3148 1312 3206 1368 fit
3229 1352 3244 1379 ,
3276 1309 3498 1384 Trajani
3526 1319 3687 1367 aetate
3717 1326 3860 1381 pras-

2285 1403 2487 1461 fectum
2530 1405 2702 1461 ullum
2734 1413 2883 1461 tanta
2922 1406 3150 1461 audacia
3182 1404 3386 1469 fuisse,
3418 1404 3514 1475 qui
3554 1403 3861 1459 seditiones

2284 1495 2342 1550 in
2391 1497 2525 1552 urbe
2557 1496 2645 1551 vel
2691 1504 2883 1553 contra
2923 1496 3269 1553 Christianos
3320 1496 3564 1551 excitare
3607 1492 3855 1548 auderet.

2285 1584 2366 1641 Ad
2397 1586 2509 1643 haec
2538 1600 2821 1643 sacrorum
2851 1584 3150 1642 oﬁciorum
3182 1572 3399 1643 comitis
3429 1584 3719 1656 appellatio
3745 1581 3859 1637 Pu-

2286 1673 2401 1732 blio
2427 1675 2631 1731 tributa
2676 1675 2850 1731 sancti
2901 1675 3199 1731 Clementis
3242 1690 3360 1730 aevo
3407 1674 3625 1744 cognita
3674 1672 3859 1727 adhuc

2287 1782 2397 1823 non
2418 1775 2571 1835 erat;
2606 1767 2702 1825 sed
2729 1767 3085 1823 Constantino
3114 1767 3346 1837 primum
3368 1765 3672 1835 imperante
3693 1778 3861 1818 usur-

622 1857 726 1912 hoc
741 1858 929 1913 ulcisci
959 1870 1164 1929 posset,
1192 1858 1545 1929 quaesivisse;
1572 1872 1696 1913 cum
1726 1872 1855 1913 vero
1897 1855 2182 1913 Theodora
2214 1844 2255 1903 Β
2286 1868 2468 1930 palam
2493 1857 2685 1925 fuisse,
2710 1873 2778 1913 ex
2802 1857 3031 1914 historia
3056 1856 3342 1914 discimus.
3372 1854 3561 1911 Fidem
3587 1855 3749 1908 etiam
3768 1869 3862 1909 su-

622 1944 855 2017 quadam
878 1946 967 2003 die
986 1948 1054 2006 ad
1079 1948 1366 2005 ecclesiam
1396 1948 1606 2013 ivisset,
1635 1946 1934 2024 Sisinnium
1966 1962 2183 2019 quoque

618 2050 686 2093 eo
714 2036 1078 2102 contendisse,
1110 2045 1166 2091 at
1192 2053 1289 2109 per
1316 2039 1478 2096 aliam
1505 2047 1717 2111 portam
1750 2039 2003 2105 subiisse,
2027 2046 2184 2107 ;cun-

619 2139 833 2201 ctaquc,
858 2130 1059 2201 qmein
1075 2128 1510 2188 Christianorum
1530 2132 1807 2204 mysteriis
1832 2132 2181 2203 gerebantur,

618 2220 838 2277 curiose
883 2210 1175 2277 admodum
1236 2221 1620 2291 perlustrasse.
1686 2218 1947 2277 Precibus
1997 2227 2179 2278 autem

616 2326 648 2366 a
670 2320 860 2368 sancto
879 2311 1155 2369 Clemente
1181 2312 1447 2383 absolutis
1463 2320 1518 2369 et
1542 2313 1741 2385 populo
1764 2313 1931 2369 Amen
1951 2329 2183 2385 respon-

616 2402 781 2462 dente
819 2401 1121 2466 Sisinaium
1157 2403 1495 2459 curiositatis
1543 2418 1658 2462 suae
1699 2416 1889 2474 pennas
1939 2403 2177 2469 dedisse,

614 2501 671 2553 ct
717 2496 922 2567 lingua,
956 2495 1291 2567 auribusque
1339 2494 1485 2552 illico
1539 2505 1758 2566 captum
1790 2494 1983 2551 fuisse.
2040 2494 2177 2549 Eum

618 2602 743 2643 vero
764 2594 875 2643 tam
902 2587 1097 2644 celeris
1127 2588 1355 2643 ultionis
1390 2596 1585 2643 eventu
1622 2588 1933 2659 perculsum
1974 2587 2182 2643 erroris

617 2676 702 2732 sm“
731 2676 1074 2747 penituisse,
1115 2685 1171 2734 et
1206 2692 1332 2734 cum
1382 2677 1657 2748 baptismo
1683 2678 1953 2748 corporis,
1984 2679 2178 2735 anima:

614 2784 833 2840 quoque
871 2770 1099 2827 salutem
1122 2776 1477 2826 consecutum
1502 2769 1690 2827 fuisse.
1733 2768 1988 2827 Publium
2030 2768 2173 2827 Tar-

614 2861 937 2931 quinianum
993 2876 1275 2918 sacrorum
1338 2862 1639 2919 ciliciorum
1698 2863 1990 2928 comitem,
2049 2877 2175 2917 cum

618 2949 987 3007 Christianam
1033 2952 1349 3024 religionem
1373 2960 1556 3009 tantos
1597 2953 1655 3009 in
1683 2952 1819 3009 urbe
1848 2967 2176 3025 progressus

615 3042 792 3098 tacere
819 3050 1085 3106 cerneret,
1139 3043 1268 3099 data
1314 3046 1593 3115 regionum
1615 3044 1890 3116 praefectis
1910 3045 2165 3115 pecunia,

614 3142 893 3189 auctorem
955 3136 1064 3190 illis
1085 3134 1256 3192 fuisse
1308 3143 1367 3192 ut
1422 3137 1478 3192 in
1522 3136 1870 3194 Christianos
1915 3137 2171 3208 populum
2199 3176 2241 3235 ο

611 3226 968 3281 concitarunt.
992 3224 1323 3285 Clementem
1363 3230 1528 3302 igitur
1556 3231 1791 3301 primum
1810 3230 1988 3286 adorti
2014 3239 2165 3297 sunt,

612 3335 735 3376 emn
766 3318 835 3375 de
872 3321 1178 3391 sacrilegio,
1211 3321 1279 3378 de
1306 3322 1604 3393 impietate,
1649 3329 1814 3394 atque
1857 3322 1926 3379 de
1955 3323 2172 3381 violatis

614 3411 981 3483 Augustorum
1026 3413 1223 3469 edictis
1251 3421 1591 3470 accusantes.
1644 3414 1915 3486 Traianus
1946 3413 2029 3472 his
2050 3431 2172 3471 om-

615 3503 778 3559 nibus
832 3518 863 3557 a
893 3502 1211 3561 Mamertino
1259 3506 1415 3563 urbis
1459 3505 1718 3577 praefecto
1768 3507 2009 3579 acceptis
2042 3521 2173 3561 san-

614 3590 761 3652 ctum
818 3594 1133 3654 Pontiﬁcem
1187 3598 1244 3654 in
1290 3598 1690 3655 Chersonesum
1750 3600 1893 3669 ultra
1942 3599 2172 3656 Pontum

615 3687 885 3744 Euxinum
912 3689 1187 3762 relegavit.
1228 3688 1435 3749 invenit
1458 3706 1585 3747 vero
1612 3692 1685 3747 ibi
1702 3692 1846 3748 ultro
1863 3692 1975 3748 duo
2002 3692 2174 3748 millia

613 3777 1048 3835 Christianon
1072 3779 1182 3850 jam
1210 3780 1303 3835 diu
1326 3780 1396 3835 ad
1419 3779 1663 3836 cadendi
1715 3782 2003 3837 marmoris
2034 3797 2174 3853 opus

617 3872 1024 3926 damnatorum.
1071 3868 1213 3926 Inter
1237 3874 1471 3926 maxima
1510 3878 1689 3925 autem
1711 3872 1904 3926 borum
1937 3871 2173 3928 ﬁdelium

614 3960 959 4016 incommoda
982 3959 1115 4015 illud
1169 3970 1306 4024 erat,
1336 3960 1481 4032 quod
1509 3971 1663 4017 sexto
1686 3962 1940 4018 milliaria
1975 3977 2172 4033 aquam

614 4049 858 4105 humeris
881 4049 998 4105 suis
1021 4048 1308 4119 deportare
1357 4050 1637 4107 deberent.
1698 4048 1947 4107 Pontifex
1994 4060 2171 4107 autem

610 4156 805 4197 eorum
878 4140 1228 4197 miseratione
1279 4148 1500 4208 tactus,
1550 4156 1674 4197 cum
1708 4143 1832 4212 agni
1887 4143 2172 4212 cujusdam

614 4232 803 4297 ductu,
847 4232 940 4288 ubi
969 4230 1092 4287 fons
1119 4240 1285 4297 esset,
1317 4232 1683 4304 cognovisset,
1716 4248 1859 4296 eam,
1890 4242 1947 4287 ut
1973 4232 2173 4290 effode-

613 4331 761 4391 rent,
786 4322 1112 4379 Christianis
1163 4324 1423 4379 ostendit.
1475 4323 1684 4390 Quibus
1704 4323 2069 4395 nequidquam
2093 4324 2171 4378 la-

613 4414 936 4471 borantibus
971 4423 1195 4470 sanctus
1234 4415 1486 4472 Clemens
1521 4431 1643 4471 eum
1692 4415 1871 4470 locum
1923 4416 2037 4487 ipse
2064 4414 2169 4470 levi

2282 1953 2465 2020 perat,
2503 1956 2753 2005 sanctum
2801 1947 3133 2005 Clementem
3186 1948 3333 2013 illos,
3379 1947 3474 2018 qui
3506 1946 3571 2001 ad
3623 1953 3858 2000 mortem

2282 2056 2407 2097 eum
2442 2041 2878 2113 conquirebant,
2917 2057 3073 2099 canes
3109 2041 3165 2094 in
3194 2040 3430 2096 homines
3464 2040 3721 2093 latrantes
3756 2053 3861 2092 vo-

2282 2134 2533 2201 cavisse;
2578 2131 2726 2204 quod
2776 2140 2959 2189 tamen
2988 2133 3057 2189 ab
3087 2146 3154 2190 eo
3183 2128 3598 2204 pronuntiatum
3631 2129 3689 2185 in
3728 2127 3858 2199 ejus

2281 2224 2419 2279 actis
2440 2224 2691 2296 legimus.
3529 2228 3536 2235 '

2350 2313 2546 2387 Ingens
2593 2314 3035 2372 Christianorum
3061 2313 3122 2380 in
3164 2312 3569 2371 Chersonesum
3594 2311 3857 2382 deporta-

2277 2414 2459 2462 torum
2513 2422 2777 2467 numerus
2830 2407 2936 2465 sub
2977 2406 3154 2462 sancti
3202 2404 3499 2461 Clementis
3555 2403 3857 2458 adventum

2280 2507 2605 2571 argumento
2623 2500 2785 2555 etiam
2807 2506 2890 2555 est
2925 2498 3122 2557 horum
3154 2505 3404 2555 actorum
3438 2494 3714 2551 falsitatis.
3749 2491 3861 2547 Ne-

2277 2607 2385 2663 que
2420 2592 2569 2648 enim
2615 2600 2849 2663 tempus,
2894 2607 3005 2663 qun
3032 2591 3164 2646 illuc
3209 2588 3488 2661 deportari
3533 2588 3853 2658 potuerint,

2289 2685 2671 2754 perspicimus.
2728 2684 2941 2741 Etenim
2965 2684 3022 2743 si
3046 2684 3151 2741 sub
3200 2682 3513 2739 Domitiano
3555 2680 3856 2736 damnatos

2276 2774 2548 2840 dicamus,
2574 2776 2764 2846 reponi
2802 2782 3002 2849 potest,
3032 2790 3129 2833 eos
3183 2775 3354 2830 altero
3401 2772 3625 2844 Traiani
3675 2784 3853 2834 anno.

2276 2882 2387 2938 quo
2416 2878 2640 2925 sanctus
2667 2866 2923 2924 Clemens
2944 2882 3011 2925 eo
3040 2866 3316 2937 relegatus
3338 2864 3533 2929 fertur,
3575 2864 3689 2918 illic
3724 2876 3854 2916 am-

2276 2961 2421 3031 plius
2449 2974 2560 3014 non
2580 2961 2894 3025 exstitisse;
2943 2973 3065 3014 cum
3088 2956 3268 3015 Nerva
3298 2957 3594 3012 Domitiani
3621 2971 3847 3012 succes-

2276 3064 2370 3106 sor
2389 3056 2445 3105 et
2474 3050 2755 3119 proximus
2781 3048 3006 3118 Trajani
3023 3046 3281 3105 decessor
3315 3048 3429 3119 (55)
3456 3062 3647 3106 omnes
3676 3061 3707 3102 a
3732 3045 3849 3103 Do-

2277 3141 2505 3199 mitiano
2550 3140 2821 3212 relegatos
2866 3148 2978 3195 tam
3012 3140 3393 3205 Christianos,
3422 3154 3586 3211 quam
3616 3138 3852 3196 alterius

2274 3232 2653 3304 cujuscunque
2682 3232 2900 3305 generis
2925 3233 3285 3297 revocaverit,
3341 3230 3617 3301 quomodo
3664 3232 3850 3286 sancti

2271 3325 2500 3383 Joannis
2541 3328 2791 3399 exemplo
2830 3326 3110 3383 docemur.
3135 3324 3241 3383 Sed
3270 3340 3447 3397 neque
3475 3324 3579 3381 sub
3614 3322 3851 3393 Trajani

2274 3418 2491 3491 imperii
2516 3420 2799 3478 exordium
2826 3420 2903 3475 illi
2924 3419 3166 3475 damnati
3200 3418 3371 3483 fuere,
3396 3432 3521 3473 cum
3555 3416 3603 3475 is
3626 3416 3851 3472 decimo

2273 3518 2487 3568 tantum
2516 3512 2733 3583 imperii
2755 3512 2843 3570 sui
2878 3527 3023 3567 anno
3053 3512 3385 3583 quaestiones
3406 3510 3463 3569 in
3492 3508 3850 3565 Christianos

2273 3605 2474 3663 habere
2496 3604 2747 3674 cmperit,
2766 3602 3225 3675 quemadmodum
3240 3603 3310 3660 ab
3326 3600 3562 3659 Eusebio
3580 3601 3636 3656 in
3664 3598 3853 3657 Chro-

2273 3699 2401 3754 nico
2421 3696 2701 3752 docemur.

2340 3787 2562 3845 Fabulis
2586 3802 2803 3858 quoque
2824 3794 2906 3845 est
2928 3786 3418 3851 annumerandum.
3441 3783 3586 3857 quod
3614 3783 3671 3840 in
3700 3782 3857 3840 acsis

2272 3880 2395 3936 istis
2417 3878 2670 3944 refertur,
2698 3880 2840 3933 intra
2863 3877 2991 3933 anni
3032 3878 3197 3935 unius
3224 3876 3462 3948 spatium
3494 3875 3853 3947 septuaginta

2270 3970 2536 4028 ecclesias
2584 3970 2641 4026 in
2690 3968 3041 4025 Chersoneso
3092 3967 3345 4023 conditas
3390 3966 3583 4022 fuisse.
3650 3963 3855 4037 Neque

2270 4062 2415 4117 enim
2441 4042 2876 4116 insciolCzesare
2922 4058 3171 4114 construi
3201 4058 3527 4129 potuissent.
3577 4054 3737 4122 Quod
3798 4056 3855 4114 si

2272 4151 2545 4221 Trajanus
2571 4149 2627 4207 id
2682 4152 2963 4213 rescisset,
3004 4164 3129 4204 cum
3163 4147 3491 4203 Christianis
3535 4154 3683 4202 esset
3708 4146 3853 4201 'ini-

2270 4246 2468 4317 quior,
2512 4241 2659 4315 quod
2698 4258 2833 4299 sane
2866 4252 2986 4313 acta
3024 4241 3140 4297 haec
3168 4242 3387 4297 sincera
3415 4254 3539 4296 esse
3563 4237 3850 4297 affirman-

2269 4342 2353 4393 tes
2377 4334 2654 4391 fateantur
2686 4348 2913 4390 necesse
2939 4342 3044 4398 est,
3077 4348 3175 4389 eas
3205 4339 3356 4389 tanto
3381 4346 3612 4387 numero
3660 4328 3849 4387 adifi-

2272 4428 2388 4484 cari
2417 4442 2618 4498 passus
2643 4440 2754 4481 non
2786 4425 2998 4481 fuisset.
3049 4423 3312 4490 Accedity
3348 4433 3688 4497 compertum
3736 4438 3850 4481 nos

613 4507 725 4560 ictu
774 4506 1069 4577 percussit,
1108 4516 1163 4563 et
1188 4507 1310 4563 fons
1337 4508 1482 4563 illico
1522 4507 1741 4563 exsiliit.
1798 4506 1880 4563 Ad
1925 4506 2171 4563 miraculi
2202 4516 2246 4573 ι)
2274 4518 2497 4582 habere,
2525 4516 2869 4574 Christianos
2901 4517 2968 4571 ad
2998 4499 3384 4577 tertiitantum
3405 4514 3590 4570 saeculi
3617 4514 3848 4570 initium

612 4597 779 4667 hujus
803 4597 1004 4652 famam
1026 4606 1140 4654 tota
1168 4600 1444 4669 provincia
1474 4607 1815 4665 accurrente,
1844 4602 2170 4669 cunctisque

614 4690 679 4744 ad
723 4689 882 4746 fidem
913 4690 1180 4746 traductis
1211 4698 1265 4746 et
1294 4692 1579 4761 baptizatis
1600 4692 1742 4747 intra
1769 4692 1897 4746 anni
1931 4692 2182 4762 spatium.

612 4781 955 4853 septuaginta
999 4782 1246 4837 ecclesia:
1276 4791 1626 4857 constructae,
1660 4785 1802 4841 idola
1826 4784 2007 4839 omnia
2036 4798 2170 4839 con-

611 4871 823 4937 fracta,
886 4872 1082 4943 templa
1139 4873 1579 4943 circumjacentis
1653 4875 1892 4947 regionis
1950 4876 2167 4940 diruta,

610 4978 913 5034 omnesque
945 4965 1052 5018 luci
1078 4979 1251 5036 usque
1304 4965 1373 5019 ad
1420 4973 1662 5021 trecenta
1691 4965 1943 5020 milliaria
1973 4966 2028 5021 in
2059 4966 2170 5020 cir-

612 5060 765 5115 cuitu
791 5061 1001 5117 concisi
1030 5059 1199 5117 fuere.
1254 5060 1527 5132 Trajanus
1554 5076 1705 5125 vero,
1742 5069 1801 5117 ut
1846 5070 2057 5117 tantum
2088 5060 2166 5118 rei

610 5149 935 5207 Christianae
990 5166 1336 5221 progressum
1386 5152 1638 5215 sisteret,
1679 5150 2009 5208 Clementem
2068 5166 2168 5207 an-

611 5241 779 5294 chora
810 5239 874 5295 ad
919 5240 1118 5295 collum
1152 5239 1312 5310 ligata
1336 5239 1391 5294 in
1420 5256 1570 5297 mare
1595 5240 1835 5312 demergi
1865 5239 2163 5296 mandavit.

611 5333 681 5385 At
708 5330 844 5386 mari
868 5344 1041 5400 usque
1069 5330 1135 5384 ad
1166 5331 1345 5385 locum
1368 5371 1382 5395 ,
1408 5346 1516 5401 quo
1546 5331 1826 5386 Pontificis
1855 5346 2055 5402 corpus
2076 5330 2166 5402 ja-

610 5422 801 5487 cebat,
852 5423 1167 5489 recedente,
1217 5422 1351 5478 illud
1406 5424 1614 5478 tumulo
1658 5438 1823 5478 saxeo
1866 5422 1921 5478 in
1964 5423 2168 5495 templo

610 5513 844 5584 quodam
866 5527 1172 5570 marmoreo
1190 5515 1471 5570 conditum
1503 5514 1799 5571 Christiani
1824 5514 2162 5571 invenerunt.

680 5605 1057 5671 Multaautem
1087 5606 1475 5677 disquisitione
1504 5621 1644 5677 opus
1694 5622 1803 5663 non
1833 5617 1915 5663 est
1935 5645 1951 5674 ,
1983 5606 2051 5662 ad
2081 5607 2165 5662 hi-

679 5763 789 5833 (3‘5)
825 5766 938 5830 Dio,
966 5766 1104 5819 libro
1126 5781 1316 5829 uvm,
1347 5782 1465 5836 pag.
1498 5764 1616 5818 769.

2270 4609 2556 4675 ecclesias,
2601 4606 2669 4663 ad
2725 4622 2864 4680 quas
2904 4608 3082 4679 palam
3126 4606 3511 4673 convenirent,
3553 4604 3847 4665 habuisse.

2271 4698 2620 4755 Auﬁdianus.
2649 4712 2875 4768 praeses,
2928 4696 3023 4767 qui
3062 4711 3092 4751 a
3117 4694 3357 4765 Trajano
3411 4696 3481 4751 ad
3509 4692 3850 4752 Christiana:

2272 4789 2490 4860 pietatis
2508 4797 2856 4858 augmentum
2889 4786 3286 4859 prohibendum
3326 4787 3383 4842 in
3427 4784 3846 4841 Chersonesum

2272 4882 2476 4939 missus
2508 4881 2699 4946 fertur,
2732 4881 2906 4938 solius
2962 4880 3139 4936 sancti
3167 4878 3467 4935 Clementis
3497 4886 3671 4934 morte
3698 4892 3847 4935 cou-

2271 4981 2457 5030 tentus
2479 4989 2589 5030 non
2620 4972 2834 5036 fuisset,
2865 4971 2960 5027 sed
2989 4987 3113 5027 eum
3138 4986 3239 5042 pro
3263 4986 3362 5027 sua
3393 4970 3449 5025 in
3470 4969 3601 5025 deos
3629 4969 3850 5039 pietate

2270 5081 2479 5136 suoque
2503 5065 2559 5121 in
2578 5064 2811 5121 Caesaris
2837 5063 2993 5133 jussa
3018 5063 3283 5133 obsequio
3310 5061 3752 5134 quamplurimas
3771 5076 3847 5119 ει

2270 5158 2567 5213 rebellibus
2597 5155 2706 5212 illis
2734 5155 2967 5211 Caesaris
3016 5154 3291 5210 mandatis
3323 5167 3515 5224 parere
3548 5153 3847 5206 renuenti-

2268 5248 2392 5313 bus,
2424 5248 2802 5319 idolorumque
2844 5247 3028 5303 cultus
3056 5244 3330 5311 hostibus,
3367 5244 3604 5315 plectere
3644 5244 3847 5317 utique

2266 5338 2561 5394 debuisset.

2338 5430 2495 5497 Quod
2531 5430 2597 5484 de
2629 5432 2861 5484 miritico
2893 5427 2987 5482 illo
3026 5430 3175 5483 fonte
3201 5437 3323 5481 acta
3354 5435 3460 5482 ista
3500 5439 3840 5496 memorant,

2265 5521 2360 5592 qui
2388 5520 2453 5574 ad
2479 5521 2653 5576 sancti
2692 5519 2989 5576 Clemvntis
3018 5536 3209 5591 preces
3258 5520 3555 5585 emanavit,
3605 5533 3842 5591 praeter.

2265 5612 2502 5671 eundum
2534 5610 2692 5667 nobis
2713 5627 2835 5668 esse
2854 5626 3180 5679 censemus;
3212 5610 3439 5685 singulae
3456 5610 3605 5669 enim
3634 5628 3840 5669 narra-
