4054 6320
212 380 312 438 I53

1438 382 1774 441 PRO(EMIA
1812 382 2193 443 VANORUM.

3354 382 3461 442 158

209 496 374 551 tionis
398 486 568 566 hujus
602 504 791 568 partes
843 512 906 554 se
938 496 1087 568 ipsas
1133 494 1393 553 falsitatis
1454 504 1775 569 coarguunt.
1808 502 1855 558 Α
1880 495 2140 552 Clementi
2164 507 2323 549 sacra
2344 458 2715 550 adtrlamlllia
2730 507 2992 565 passuum
3011 494 3455 564 recederelQul-

207 585 353 641 ldem
386 589 737 645 sentiendum
762 596 847 645 est
874 587 941 645 de
967 589 1060 654 iis,
1101 604 1221 660 quae
1255 595 1375 643 acta
1409 589 1511 644 ista
1550 588 1778 655 addunt,

204 692 332 732 cum
358 679 618 750 discipuli
649 680 839 753 paucis
865 687 989 751 post
1021 680 1197 736 sancti
1252 679 1548 736 Clementis
1578 687 1782 750 marty-

204 768 350 821 rium
382 768 578 827 diebus
609 769 679 823 ad
710 770 911 833 locum,
943 782 1051 840 quo
1085 770 1176 825 ille
1196 769 1252 825 in
1299 784 1470 839 aquas
1498 769 1783 825 demersus
1810 816 1815 820 .

204 860 410 927 fuerat,
440 862 828 929 accessissent,
866 863 1046 919 tribus
1083 864 1292 919 scilicet
1314 878 1345 917 a
1376 862 1561 918 littore
1582 863 1782 917 millia-

204 951 364 1008 ribus
391 968 541 1008 mare
572 955 894 1019 recessisse,
950 960 1115 1025 atque
1169 968 1266 1009 eos
1308 954 1483 1009 sancti
1524 953 1782 1025 martyris

204 1046 470 1116 reliquias
519 1048 733 1101 tumulo
783 1047 996 1120 lapideo
1046 1048 1311 1110 conditas.
1352 1048 1409 1102 in
1471 1062 1782 1105 marmoreo

202 1135 414 1206 templo
441 1136 740 1193 invenisse.
771 1137 874 1202 Qui
903 1137 1047 1192 enim
1080 1136 1197 1193 fieri
1226 1143 1436 1207 posset,
1456 1144 1516 1191 ut
1541 1152 1629 1193 res
1644 1136 1782 1193 adeo

204 1224 548 1283 admiranda:
603 1228 871 1283 universae
902 1228 1213 1298 antiquitati
1248 1228 1470 1297 ignotae,
1518 1234 1682 1299 atque
1712 1228 1783 1285 ab

202 1317 467 1374 omnibus
514 1318 902 1376 ecclesiastica:
966 1319 1209 1375 historiae
1275 1318 1641 1390 scriptoribus
1700 1320 1780 1373 al-

203 1407 422 1464 tissim‘o
474 1409 693 1465 silentio
742 1410 966 1481 sepulta:
1018 1409 1264 1465 fuerint?
1295 1408 1439 1465 haud
1490 1409 1785 1466 dimtemur

202 1499 450 1570 quidem,
482 1501 604 1571 ejus
634 1498 714 1556 rei
739 1502 795 1557 in
823 1502 1091 1574 opusculo
1108 1501 1348 1573 quodam
1380 1501 1496 1573 (56)
1518 1501 1779 1574 prraim

200 1590 499 1648 Chersonis
525 1592 783 1663 episcopo
810 1594 1017 1649 tributo
1041 1593 1376 1651 mentionem
1408 1594 1553 1650 ﬁeri:
1587 1591 1777 1649 verum

202 1682 470 1752 scriptum
488 1683 621 1738 illud
645 1684 863 1741 levioris
882 1684 1140 1755 ponderis
1161 1700 1284 1741 esse
1299 1684 1534 1741 videtur.
1556 1685 1633 1740 Ea
1658 1686 1779 1756 ipso

198 1774 353 1830 enim
416 1776 561 1846 stylo
617 1776 1033 1848 dignoscimus,
1079 1776 1213 1833 illud
1256 1775 1430 1833 Graeci
1490 1778 1775 1847 cujusdam

1842 589 1851 592 “
1880 587 1984 643 bus
2016 588 2257 643 universi
2308 594 2628 657 reposuere,
2660 586 2778 643 hac
2804 586 2911 645 sibi
2936 586 3206 645 hactenus
3229 588 3455 655 incom-

1880 690 2035 754 perta
2065 681 2238 738 fuisse
2274 679 2413 753 (57).

1950 774 2249 830 Obscurior
2276 783 2558 844 praeterea,
2583 781 2681 829 aut
2705 772 2891 844 potius
2928 779 3191 843 tanquam
3223 788 3455 845 apocry-

1880 866 1989 938 pha
2016 874 2071 922 et
2101 866 2475 921 eommentitia
2510 880 2546 921 a
2586 864 2651 923 D.
2680 865 2934 937 Gregorii
2963 863 3034 920 If.
3071 880 3248 943 usque
3292 873 3456 936 aetate

1881 960 2110 1017 historia
2137 959 2255 1015 haec
2278 959 2465 1015 habita
2502 958 2641 1027 fuit;
2672 972 2797 1014 cum
2829 964 3022 1013 sancto
3064 956 3295 1028 Eulogio
3336 956 3453 1028 epi-

1881 1067 2049 1123 scopo
2107 1051 2479 1108 Alexandrino
2548 1059 2856 1122 martyrum
2908 1056 3030 1107 acta
3074 1048 3158 1103 'ah
3217 1046 3456 1104 Eusebio

1878 1140 2216 1197 Caesareensi
2247 1139 2769 1210 collectaexpetenti
2798 1137 3049 1193 Pontifex
3074 1136 3165 1193 ille
3190 1135 3451 1193 doctissi-

1880 1247 2003 1287 mus
2047 1230 2432 1301 responderit:
2465 1248 2483 1282 (
2510 1228 2716 1287 Praeter
2758 1230 2875 1294 illa,
2924 1241 3047 1298 qua:
3096 1228 3153 1281 in
3206 1225 3463 1297 ejusdem'

1880 1323 2098 1379 Eusebii
2129 1321 2283 1377 libris
2312 1321 2381 1376 de
2410 1320 2939 1377 Gestis'sanctorum
2979 1326 3281 1391 martyrum
3312 1334 3451 1373 con-

1878 1410 2144 1473 tinentur,
2174 1409 2323 1463 nulla
2352 1408 2409 1464 in
2440 1409 2679 1463 Archivo
2734 1408 2901 1477 hujus
2950 1417 3155 1464 nostra:
3193 1407 3455 1464 Ecclesia

1879 1502 1962 1557 vel
1995 1502 2051 1556 in
2103 1500 2364 1557 Romanae
2411 1500 2566 1556 urbis
2617 1499 2971 1558 bibliothecis
3017 1514 3143 1555 esse
3196 1499 3459 1569 cognovi,

1880 1593 1985 1647 nisi
2016 1606 2191 1663 pauca
2213 1591 2466 1663 quaedam
2500 1591 2557 1647 in
2584 1591 2754 1647 unius
2782 1590 2994 1646 codicis
3032 1591 3312 1647 volumine
3336 1592 3455 1663 col-

1880 1684 2040 1739 lecta.
2061 1683 2172 1741 Nos
2194 1691 2375 1739 autem
2405 1698 2558 1756 pene
2580 1683 2825 1737 omnium
2851 1690 3149 1753 martyrum
3175 1680 3457 1738 distinctis

1881 1789 1978 1844 per
2005 1774 2123 1831 dies
2156 1774 2405 1846 singulos
2433 1773 2788 1846 passionibus
2818 1773 3051 1829 collecta
3095 1772 3152 1827 in
3206 1786 3318 1827 uno
3360 1786 3457 1827 co-

197 1862 373 1918 medii
420 1864 519 1919 aevi
549 1880 686 1936 opus
717 1879 858 1921 esse.
918 1864 1184 1921 Eumdem
1213 1882 1388 1937 aque,
1435 1882 1498 1924 ac
1527 1866 1773 1922 actorum
1806 1859 1849 1913 Β
1878 1865 1999 1921 dice
2030 1868 2251 1922 nomina
2287 1866 2579 1931 habemus,
2612 1874 2778 1937 atque
2802 1864 3147 1937 quotidianis
3172 1863 3366 1921 diebus
3396 1865 3457 1919 in

197 1956 449 2026 martyrii
467 1956 643 2012 sancti
660 1956 959 2015 Clementis
978 1968 1260 2014 auctorem
1286 1959 1499 2016 fabellis
1511 1958 1777 2015 delectari

197 2045 331 2101 inde
358 2046 734 2118 intelligimus,
764 2048 911 2119 quod
940 2049 1154 2120 singula
1190 2050 1260 2105 ab
1298 2042 1375 2107 'eo
1408 2050 1580 2107 relata
1624 2067 1656 2108 a
1684 2067 1778 2108 ve-

198 2138 306 2195 teri
328 2140 564 2211 quodam
586 2140 847 2211 episcopo
876 2139 1245 2198 Constantino
1274 2142 1547 2214 appellato
1566 2184 1581 2209 ,
1612 2143 1775 2214 cujus

196 2239 325 2286 acta
352 2246 384 2285 a
407 2230 671 2286 Bollando
718 2230 862 2287 edita
894 2240 1055 2300 sunt,
1083 2231 1209 2288 falsi
1244 2234 1670 2305 redarguantur.
1722 2234 1775 2289 Is

193 2323 343 2381 enim
383 2337 509 2378 cum
556 2324 705 2377 circa
739 2337 942 2377 annum
976 2323 1083 2379 850
1122 2322 1464 2381 Chersonem
1492 2324 1772 2396 profectus

194 2423 367 2482 esset,
391 2415 601 2471 incolas
635 2415 925 2486 diligenter
960 2414 1274 2471 sciscitatus
1293 2423 1399 2482 est,
1424 2425 1774 2473 constaretne

197 2504 326 2568 sibi,
344 2518 465 2575 qua:
494 2503 801 2569 ferebatur,
837 2501 1005 2570 fama,
1034 2505 1215 2559 sancti
1245 2503 1546 2562 Clementis
1569 2522 1773 2578 corpus

193 2606 505 2652 marmoreo
527 2590 886 2653 monumento
928 2596 987 2653 in
1032 2598 1236 2670 templo
1283 2600 1352 2656 ab
1382 2600 1591 2671 angelis
1639 2614 1775 2655 con-

193 2685 313 2743 dito
342 2695 624 2761 repertum
656 2690 849 2758 fuisse,
878 2696 936 2747 et
976 2703 1131 2748 mare
1160 2693 1457 2765 quotannis
1473 2692 1563 2749 die
1577 2697 1768 2748 saneto

1880 1970 2069 2011 eorum
2122 1958 2471 2014 veneratione
2530 1957 2820 2013 Missarum
2882 1955 3153 2013 solemnia
3219 1957 3453 2027 agimus.

1880 2046 1999 2102 Non
2044 2058 2227 2104 tamen
2275 2052 2331 2104 in
2358 2049 2550 2107 eodem
2596 2049 2898 2113 volumine,
2926 2047 3077 2119 quis,
3111 2047 3349 2119 qualiter
3372 2048 3449 2104 sit

1880 2154 2077 2210 passus
2106 2138 2402 2205 indicatur,
2433 2139 2531 2195 sed
2580 2138 2961 2195 tantummodo
3019 2154 3242 2202 nomen,
3277 2138 3456 2206 locus,

1846 2236 1933 2286 'et
1964 2231 2082 2287 dies
2104 2231 2378 2302 passionis
2411 2229 2655 2301 ponitur.
2693 2249 2713 2284 ι
2752 2229 2878 2285 Haec
2902 2243 3035 2286 sane
3062 2237 3290 2286 sanctus
3319 2226 3458 2284 Gne-

1882 2324 2070 2394 gorius
2120 2322 2233 2394 (58)
2282 2322 2593 2393 scripturus
2644 2338 2757 2377 non
2819 2322 3035 2386 fuisset,
3065 2322 3114 2376 si
3158 2330 3303 2385 acta,
3333 2334 3457 2392 qua:

1878 2416 2041 2471 hodie
2077 2416 2180 2472 sub
2210 2416 2385 2472 sancti
2415 2406 2713 2471 Clementis
2743 2414 3243 2490 nomineexstant,
3269 2412 3455 2471 novis-

1879 2518 1983 2574 set,
2015 2508 2109 2564 ubi
2137 2524 2249 2564 non
2280 2508 2402 2564 dies
2433 2508 2599 2564 modo
2628 2516 2683 2563 et
2712 2509 2870 2564 locus
2904 2506 3184 2577 passionis
3215 2506 3336 2577 ejus
3382 2506 3458 2561 le-

1879 2600 2048 2673 gitur,
2077 2598 2174 2656 sed
2204 2599 2490 2671 complura
2520 2599 2650 2665 alia,
2683 2616 2807 2671 qua:
2856 2600 3006 2657 circa
3064 2600 3186 2672 ejus
3221 2606 3453 2655 mortem

1879 2707 2131 2760 evenere,
2165 2693 2484 2767 singillatim
2513 2693 2922 2750 describuntur.

1516 3016 1902 3110 CAPUT
2003 3021 2121 3112 V.

1198 3207 1619 3273 DOCTRINA-
1647 3208 1934 3275 SANCTI
1963 3209 2450 3273 CLEMENTIS.

1778 3377 1841 3392 “

756 3472 1154 3531 ARTICULUS
1181 3475 1223 3533 l.

193 3579 645 3624 .IIIVATIOHES
670 3580 994 3622 θος-Αγιοε
1014 3584 1066 3621 IN
1086 3582 1196 3621 DIVI
1235 3581 1535 3624 CLEIIN‘I'IS
1569 3582 1773 3623 8018111

669 3651 960 3693 ειηετοιλε
996 3652 1277 3694 ϐεηυιιυιε.

410 3748 439 3820 §
470 3748 512 3805 1.
546 3748 627 3804 De
658 3759 847 3804 sancta
875 3749 1152 3819 Scriptura
1171 3757 1221 3804 et
1253 3748 1560 3806 traditione.

264 3838 347 3895 Ex
378 3843 554 3910 prima
593 3842 701 3896 divi
738 3841 1036 3901 Clementis
1092 3842 1160 3897 ad
1200 3840 1515 3897 Corinthios
1546 3842 1775 3912 epistola

193 3935 553 3990 utilissimum
604 3936 846 3991 eruimus
896 3936 950 3990 in
1001 3935 1237 3990 favorem
1260 3946 1543 3991 sacrarum
1573 3935 1775 3989 littera-

193 4041 317 4081 rum
376 4028 791 4095 testimonium;
829 4028 928 4083 bas
979 4028 1253 4098 siquidem
1305 4028 1545 4098 Spiritus
1592 4029 1768 4083 sancti

193 4120 419 4175 oracula
441 4128 634 4176 vocat:
662 4120 976 4191 Diligenter,
999 4121 1195 4191 legitur
1218 4121 1316 4185 ibi,
1353 4122 1595 4189 inspicite
1628 4120 1775 4175 Scri-

194 4222 406 4281 ptaras.
439 4210 675 4281 Spiritus
720 4213 895 4265 sancti
944 4229 1067 4266 veru
1122 4212 1340 4267 oracula
1362 4199 1389 4264 1:
1418 4212 1528 4275 Τὰς
1557 4211 1775 4282 ἀληθεῖς

196 4302 386 4372 ῥήσεις
418 4300 731 4371 Πνεύματος
748 4300 841 4356 τοῦ
873 4300 1031 4371 ἁγίου
1061 4301 1196 4372 (59).
1222 4302 1310 4356 Ait
1336 4300 1503 4357 etiam
1549 4312 1775 4357 sanctus

192 4390 487 4448 Pontifex:
522 4391 707 4447 Nostis
748 4393 912 4457 enim,
944 4401 995 4447 et
1042 4393 1202 4462 probe
1255 4394 1422 4448 nostis
1470 4391 1774 4462 Scripturas

194 4500 405 4545 sacras,
440 4482 660 4548 dilecti,
719 4493 768 4539 et
817 4485 1022 4553 penitus
1072 4486 1128 4539 in
1184 4484 1365 4540 divina
1421 4486 1651 4557 eloquia,
1693 4483 1776 4540 Τὰ

194 4575 353 4643 λόγια.
400 4575 495 4627 τοῦ
540 4574 697 4641 Θεοῦ,
732 4576 1143 4645 introspexistis.
1176 4576 1319 4644 Quid
1360 4580 1538 4649 aptius
1568 4576 1637 4633 ad
1671 4575 1771 4633 SS.

197 4666 605 4739 Scripturarum
644 4684 767 4723 cum
802 4668 1212 4739 inspirationem
1234 4710 1251 4734 ,
1287 4677 1401 4723 tum
1431 4669 1773 4724 tlivinitatem

194 4756 661 4828 comprObandam
684 4758 924 4830 proferri
954 4760 1173 4830 potest?
1201 4758 1317 4814 Non
1366 4759 1542 4816 solum
1589 4766 1773 4813 autem

1798 3477 1844 3539 C
1879 3492 2021 3541 mus,
2066 3476 2164 3533 sed
2209 3475 2461 3535 eumdem
2520 3483 2775 3531 sanctum
2827 3462 3138 3549 pontiﬁcem
3190 3483 3452 3547 tanquam

1876 3578 2069 3626 testem
2118 3585 2229 3625 non
2284 3568 2748 3624 contemnendum
2802 3568 3117 3638 apostolica:
3134 3566 3455 3640 Evangelia-

1874 3675 1997 3716 rum
2028 3661 2257 3731 originis
2281 3674 2407 3714 cum
2438 3660 2562 3715 viro
2604 3660 2931 3716 doctissimo
2960 3659 3076 3731 (60)
3099 3670 3291 3716 contra
3320 3658 3455 3717 Fre-

1878 3758 2057 3806 retum
2089 3750 2200 3823 (61)
2236 3752 2293 3805 in
2333 3751 2508 3806 aciem
2526 3750 2922 3823 producimus;
2955 3753 3010 3805 in
3042 3759 3277 3823 utraque
3305 3756 3452 3809 enim

1873 3859 1974 3900 sua
2017 3844 2247 3913 epistola
2279 3844 2463 3900 verbis
2508 3844 2970 3916 evangelistarum
3003 3847 3318 3914 frequenter
3345 3847 3455 3901 uti-

1874 3944 1983 3991 tur.
2014 3935 2273 4001 Quinimo
2308 3951 2377 3990 ex
2422 3936 2596 4005 ipsius
2640 3935 2863 4005 scriptis
2900 3935 3281 3989 demonstrare
3316 3952 3455 4007 pos-

1875 4043 2066 4083 sumus
2082 4034 2273 4082 contra
2300 4018 2561 4097 antiquos
2580 4033 2635 4081 et
2662 4026 3001 4081 recentiores
3024 4026 3451 4086 bibliomachos.

1875 4135 1985 4173 non
2016 4133 2220 4189 paucos
2251 4128 2456 4175 sancta:
2487 4116 2791 4189 Scriptum
2816 4118 2989 4174 libros
3034 4118 3240 4174 habere
3262 4127 3456 4173 aucto-

1874 4212 2092 4267 ritatem
2118 4212 2466 4267 canonicam.
2499 4210 2782 4280 Siquidem
2813 4210 2891 4264 ait
2923 4209 3231 4277 :Pracipue
3261 4226 3456 4265 memo-

1877 4320 1959 4357 res
1991 4319 2289 4359 sermonum
2314 4301 2529 4355 Domini
2554 4302 2709 4365 Jesu,
2732 4317 2863 4371 quos
2897 4302 3103 4355 locutus
3150 4308 3229 4353 est
3260 4299 3453 4354 docens

1875 4395 2333 4451 mansuetudinem
2375 4404 2426 4449 et
2455 4395 2924 4466 mquanimitatem.
2960 4392 3049 4448 Sic
3098 4394 3237 4447 enim
3266 4392 3403 4446 dixit
3432 4409 3455 4449 :

1881 4504 1901 4540 ί
1933 4486 2113 4542 Estote
2151 4485 2535 4549 misericordes,
2582 4493 2641 4539 ut
2693 4483 3117 4538 misericordiam
3174 4499 3460 4553 consequa-

1876 4579 2044 4643 mini;
2075 4576 2347 4642 dimittite,
2380 4585 2441 4630 ut
2471 4575 2777 4631 dimittatur
2811 4574 2953 4629 nobis
2982 4571 3117 4644 (62).
3146 4593 3165 4626 ι
3210 4574 3253 4627 E
3298 4574 3456 4632 libris

1875 4670 2161 4726 canonicis
2194 4669 2265 4724 ad
2292 4668 2586 4742 Evangelia
2617 4667 2853 4726 Matthaai
2885 4682 2950 4721 ac
2980 4666 3142 4722 Lucae
3181 4667 3451 4737 respexit.

1876 4766 1942 4821 Et
1968 4766 2098 4821 dum
2128 4763 2259 4819 dicit
2288 4763 2469 4834 capite
2488 4760 2733 4818 secundo
2776 4760 2978 4832 prioris
3010 4758 3257 4830 epistola:
3283 4779 3296 4814 :
3326 4757 3459 4829 0mg

199 4850 304 4906 SS.
324 4853 629 4907 litterarum
649 4828 989 4908 divinitatem
1007 4868 1075 4908 ex
1095 4851 1221 4907 divo
1238 4849 1516 4908 Clemente
1538 4848 1774 4908 ostendi-
1804 4828 1848 4884 Β
1878 4876 1971 4914 ηε.
1999 4867 2180 4913 autem
2229 4828 2422 4912 humili
2466 4856 2646 4910 animo
2695 4828 2883 4919 era—tis,
2924 4828 3233 4911 nullatenus
3272 4828 3459 4921 αηρενς

276 5028 384 5101 ltiti)
416 5028 575 5101 Tom.
608 5029 626 5083 l
656 5028 893 5101 Operum
924 5028 1200 5094 Cotelerii,
1237 5045 1360 5101 pag.
1391 5028 1516 5101 s15.

276 5100 385 5180 (57.)
434 5098 570 5153 Acta
617 5098 789 5154 sancti
843 5098 1181 5154 Constantini
1213 5098 1355 5171 apud
1406 5098 1679 5165 Bolland.,
1733 5100 1767 5157 9

195 5166 737 5318 Ἲὲἑιὶῖελςι-ςερτὲ
763 5239 985 5318 M.,_lib.
1009 5255 1106 5318 vin
1133 5238 1391 5318 Epistol.,
1409 5240 1706 5297 indictione
1724 5258 1765 5307 I,

196 5310 427 5377 epistola
462 5308 553 5372 ‘39,
582 5308 665 5363 Ad
689 5310 972 5378 Eulogium
1000 5308 1294 5367 Alexandr.

195 5380 382 5503 4⁵(59)
415 5379 475 5435 S.
525 5380 779 5438 Clemens
810 5381 992 5446 Rom.,
1028 5398 1115 5454 ep.
1152 5382 1291 5437 ιω
1334 5380 1611 5449 Corinth.,
1639 5397 1762 5454 cap.

274 5518 385 5590 (60)
414 5518 752 5592 Yincentius
796 5520 1080 5578 Fassinius
1131 5522 1186 5575 in
1217 5522 1359 5576 libro
1390 5522 1654 5592 singulari
1686 5522 1782 5577 ad-

202 5606 390 5665 versus
408 5590 800 5665 Freretumpe
815 5594 1108 5655 apostolica
1127 5590 1535 5664 Evangeliorunt
1556 5593 1777 5665 origine,

200 5658 420 5715 Liburni
453 5662 607 5715 edito
635 5662 795 5726 i775,
820 5664 980 5719 in-4‘.

267 5732 382 5807 (ϐυ
416 5731 729 5807 L‘Examen
760 5735 981 5806 critique
1011 5734 1101 5790 des
1132 5735 1445 5807 apologistes
1474 5733 1535 5790 dc
1566 5735 1617 5789 la
1656 5734 1776 5789 reli-

193 5820 309 5866 ctos
333 5805 665 5865 chretienns.

1946 5033 2060 5106 (62)
2091 5032 2157 5088 Ι).
2193 5030 2487 5106 (ζιεειιιθιιει
2511 5044 2612 5106 ep._
2644 5030 2670 5085 l
2708 5029 2776 5085 ad
2812 5028 2945 5106 Cor.
2971 5043 3157 5106 ,_cap_._
3178 5028 3247 5083 15
3267 5047 3293 5106 _:
3336 5029 3460 5106 Μςι-

1873 5097 2394 5189 ἒεεέῑίμεειξημένοι
2414 5097 2729 5189 ςεῶνὶδγων
2747 5097 2843 5189 “ei
2872 5097 3459 5189 Evenisset???

1872 5167 2100 5246 ἑλάληέε
2130 5167 2393 5246 διδάἱτκων
2411 5167 2708 5246 ὲπιςίκερςιν
2726 5172 2820 5246 stati.
2852 5167 3251 5246 uanpobuplav.
3272 5167 3461 5246 φῦτῳς

1872 5246 1982 5319 γὰρ
2013 5238 2181 5319 ἐῖιζτεν·
2221 5244 2477 5319 Ἐᾉειεΐτεζ
2501 5243 2588 5297 ἵνα
2614 5238 2894 5319 ὲλεηθῇτὲ,
2923 5238 3133 5319 amisss,
3164 5240 3251 5319 ξνα
3270 5238 3461 5319 ἐφεθῇ

1875 5308 2022 5382 ὗμῖν·
2058 5317 2135 5379 ὡς
2165 5317 2390 5377 ποιεῖτε,
2420 5312 2565 5367 οὕτω
2594 5308 2951 5382 mmmam
2978 5312 3128 5382 pva-
3162 5308 3458 5382 (inhibete,

1870 5378 2016 5441 οὕτω
2060 5378 2347 5457 δοθήσεται
2386 5386 2533 5457 ὑμῖν
2565 5384 2656 5457 ὡςᾼ
2670 5378 2906 5455 κρἱύετε,
2942 5378 3110 5457 οὗτοι)-
3137 5378 3460 5457 κριθήςεῖτιι

1887 5459 2035 5529 ῥμῐν·
2070 5456 2146 5521 ὼς
2170 5450 2572 5529 ᾑρηστεύέσθε.)
2600 5450 2783 5529 of)th
2808 5450 3277 5529 χρησςτενέῆήσεται

1883 5520 1939 5598 ᾤ’
1975 5520 2509 5599 μέτρφᾟεξρεῖςερ,
2532 5527 2593 5579 ὲν
2627 5520 3250 5599 δείέτῷἶὶιέτρηβήεεται
3306 5520 3457 5599 ὑμῖν.

1883 5590 2043 5655 Conl'.
2070 5590 2429 5663 Luc.'vt,'56,
2451 5596 2520 5652 38
2541 5614 2556 5662 ;
2580 5604 2635 5649 et
2663 5590 2977 5663 Matthfvtt',
3012 5590 3270 5663 [τυρῷ
3299 5590 3458 5663 plura

1883 5670 1989 5725 alia
2038 5670 2180 5730 loca,
2230 5683 2353 5740 quae
2399 5662 2456 5722 in
2510 5666 2751 5740 secunda
2783 5662 3082 5722 Clementis
3129 5662 3361 5734 epistola
3388 5675 3457 5722 es

1881 5740 2233 5813 evangelistis
2248 5736 2434 5796 'relata
2457 5736 2893 5810 conspiciuntur.
