4046 6326
1381 335 1720 399 PROCEMIA
1757 333 2144 397 VARIORUII.

3283 334 3384 391 162

164 454 415 513 hostibus
473 453 704 511 ﬁdenter
761 452 962 522 obiecit
982 451 1136 524 (99).
1199 450 1259 508 In
1314 453 1551 508 secunda
1606 452 1721 522 epi-
1749 457 1789 512 Α
1819 451 2009 506 sentire
2023 449 2085 503 de
2113 464 2146 502 π
2173 457 2297 501 κτα
2317 445 2576 511 salute,et
2598 443 2665 500 de
2690 444 2804 511 illo,
2828 442 3089 516 quihujus
3104 444 3292 500 salutis
3309 458 3386 501 est

164 541 300 596 stola
321 540 472 610 (100)
502 549 691 596 auctor
727 541 831 597 iste
861 555 962 614 nos
996 540 1178 604 docet,
1220 547 1284 594 ut
1320 542 1622 596 sentiamus
1652 540 1720 595 de

160 630 288 687 Iesu
314 631 541 687 Christo
571 639 824 700 tanquam
855 630 922 686 de
942 630 1070 693 Deo,
1094 638 1147 685 et
1172 637 1426 700 tanquam
1453 630 1520 684 de
1536 630 1720 698 judice

159 727 408 776 vivorum
455 731 510 776 et
557 728 891 774 mortuorum
943 739 958 775 :
995 718 1237 781 Fratres,
1292 721 1367 772 ait
1417 719 1529 786 ipse
1565 720 1719 774 initio

163 813 306 866 illius
327 812 593 882 epistolas,
623 811 701 863 ita
731 813 919 864 sentire
941 827 1033 864 nos
1061 819 1259 877 oportet
1287 809 1348 862 de
1363 808 1490 864 Iesu
1511 809 1718 865 Christo

165 913 412 974 (utiquam
441 903 505 958 de
544 903 652 957 Deo
680 903 774 974 (ὡς
801 903 925 973 περὶ
958 901 1136 972 Θεοῦ),
1182 912 1431 971 tanquam
1463 901 1526 954 de
1544 902 1720 969 judice

164 996 389 1047 uicorum
416 1002 464 1048 et
493 1001 813 1046 mortuorum
832 999 996 1055 ,'—-et
1024 1006 1250 1045 numero
1277 989 1365 1054 36,
1391 1006 1477 1060 ep.
1495 991 1519 1043 l
1539 1000 1718 1058 aperte

164 1085 290 1138 dicit
315 1083 504 1138 Jesum
536 1083 813 1137 Christum
844 1096 872 1134 a
902 1080 1013 1137 Deo
1036 1097 1157 1136 esse
1176 1080 1455 1134 secundum
1485 1095 1717 1134 carnem:

175 1172 259 1238 Ἐξ
284 1171 452 1228 αὑτοῦ
479 1173 508 1225 6
534 1172 734 1243 Κύριος
774 1168 976 1241 Ἰησοῦς
1001 1169 1062 1222 τὸ
1088 1170 1228 1224 κατὰ
1263 1169 1459 1240 σάρκα..

229 1263 427 1319 Nescio
461 1278 530 1316 an
565 1263 788 1332 clarius,
810 1260 980 1332 possit
1007 1259 1130 1328 quis
1171 1259 1237 1312 de
1278 1259 1556 1314 divinitate
1589 1265 1718 1314 tesu

164 1353 361 1409 Christi
415 1353 787 1408 testimonium
837 1351 1103 1421 proferre.
1157 1347 1424 1418 Expresse
1452 1350 1580 1410 alibi
1624 1352 1722 1405 de-

166 1444 348 1506 clarat,
376 1440 561 1498 Iesum
589 1441 870 1497 Christum
913 1441 1156 1508 spiritum
1182 1440 1372 1504 fuisse,
1401 1440 1716 1509 priusquam

166 1549 287 1590 caro
333 1535 489 1589 ﬁeret
528 1553 541 1589 :
580 1532 736 1589 Iesus
793 1529 1034 1587 Christus
1079 1531 1156 1600 (i)
1193 1530 1551 1612 Dominum...
1599 1547 1718 1585 eum

166 1626 384 1692 primum
435 1633 568 1676 esset
623 1622 843 1690 spiritus
897 1636 1019 1674 caro
1068 1620 1242 1688 {actus
1268 1630 1345 1675 est
1369 1620 1469 1697 (ἢ).
1502 1619 1581 1675 Ex
1610 1637 1718 1692 quo

1820 553 2028 598 auctor.
2058 541 2222 597 Docet
2240 541 2465 611 insuper
2480 539 2578 594 nOs
2598 554 2846 609 peccare,
2873 540 2920 593 si
2949 539 3204 594 nescimus
3252 539 3385 595 unde

1816 642 1867 688 et
1893 632 2149 703 quomodo
2171 632 2338 686 vocati
2357 646 2558 692 sumus,
2580 639 2630 684 et
2658 646 2690 682 ιι
2710 645 2830 699 quo,
2856 639 2902 681 et
2929 629 2983 681 in
3005 645 3151 697 queat
3172 627 3384 693 locum;

1816 732 1866 777 et
1894 732 2090 792 quanta
2117 723 2369 777 sustinuit
2408 720 2565 776 Jesus
2605 719 2849 774 Christus
2887 720 3001 787 pati
3027 731 3238 788 propter
3267 736 3382 775 nos.

1817 809 1897 864 En
1927 812 2158 866 maxima
2190 811 2624 880 beneﬁcia,‘quae
2656 825 2684 864 a
2715 809 2901 864 divino
2934 809 3036 864 hoc
3073 807 3370 872 Salvatore,

1816 909 1877 955 ut
1901 900 2066 954 tradit
2095 908 2320 956 sanctus
2342 900 2615 966 Clemens,
2643 901 2975 969 recepimus!
3004 899 3194 953 Lucem
3224 900 3373 954 nobis

1818 993 2040 1062 largitus
2059 1000 2137 1046 est
2157 1006 2175 1043 :
2201 984 2449 1060 tanquam
2478 1002 2629 1059 pater
2648 992 2787 1060 ﬁlios
2808 1008 2900 1045 nos
2928 991 3205 1060 appellavit
3218 1006 3238 1055 ;
3255 1007 3378 1060 pen

1814 1093 1993 1137 euntes
2046 1099 2140 1137 nos
2167 1084 2409 1138 servavit.
2437 1079 2724 1136 Miseratus
2746 1092 2821 1136 est
2863 1099 2978 1148 nos,
3016 1093 3065 1136 et
3089 1082 3369 1137 visceribus

1815 1181 2124 1235 commotus,
2160 1171 2334 1226 salvos
2346 1171 2488 1238 fecit,
2516 1186 2632 1225 cum
2653 1174 2705 1225 in
2725 1171 2870 1226 nobis
2893 1172 3113 1226 multum
3141 1189 3371 1227 errorem

1819 1279 1880 1317 ac
1909 1263 2179 1317 interitum
2209 1272 2492 1332 spectasset
2516 1279 2536 1326 ;
2559 1279 2652 1316 nec
2695 1263 2884 1317 habere
2921 1281 3013 1317 nos
3042 1263 3208 1318 ullam
3244 1280 3387 1333 spem

1818 1351 2032 1419 salutis,
2061 1353 2166 1406 nisi
2196 1369 2334 1416 eam,
2379 1369 2494 1422 qua:
2540 1352 2604 1405 ab
2649 1354 2785 1420 ipso.
2821 1353 3040 1406 Vocavit
3081 1355 3218 1407 enim
3267 1371 3388 1418 nos,

1816 1443 1906 1512 qui
1960 1460 2061 1496 non
2106 1460 2339 1508 eramus,
2386 1453 2434 1498 et
2485 1444 2668 1510 uoluit,
2721 1460 2753 1496 a
2788 1444 2951 1513 nihilo
2985 1461 3095 1497 esse
3133 1462 3246 1499 nos.
3277 1444 3381 1498 Hie-

1818 1541 2004 1602 aperte
2020 1534 2188 1588 tradit
2218 1534 2494 1598 Clemens,
2524 1519 3028 1604 quodAugustinus
3056 1545 3240 1605 postea
3266 1535 3372 1589 fre-

1817 1639 1995 1691 quens
2021 1623 2230 1688 docuit,
2271 1634 2493 1681 vocatos
2519 1640 2617 1680 nos
2648 1639 2678 1678 a
2705 1623 2837 1688 Deo,
2867 1639 2992 1680 cum
3026 1628 3175 1680 nulla
3201 1627 3254 1680 in
3277 1641 3383 1681 no-

167 1696 444 1767 deducitur
482 1710 742 1763 adversus
780 1706 1043 1777 quosdam
1074 1714 1385 1762 nostrorum
1411 1696 1715 1777 temporum
1750 1787 1755 1788 γ
1822 1712 1905 1767 bis
1937 1715 2151 1778 merita,
2185 1713 2296 1768 imo
2333 1722 2386 1782 et
2417 1715 2584 1772 multa
2614 1715 2876 1771 demerita
2907 1720 3301 1788 conspexisset.

165 1803 410 1872 Arianos,
445 1799 640 1854 Filium
668 1798 761 1855 Dei
790 1798 1070 1855 exstitisse
1097 1807 1220 1854 ante
1262 1813 1420 1854 suam
1465 1799 1719 1854 incaruao
1749 1787 1791 1842 Β
1888 1801 2108 1857 Miseria
2123 1805 2346 1858 hominis
2365 1815 2491 1861 ante
2505 1806 2940 1862 incarnationem.
2971 1787 3244 1863 -——.7Verba
3269 1810 3386 1865 haec

167 1896 383 1949 tionem.

231 1955 496 2054 lieneﬁcia
529 1983 682 2039 Verbi
725 1984 990 2036 iucarnati
1019 1980 1164 2034 circa
1201 1979 1454 2035 homines.
1478 2006 1548 2021 -ο
1571 1979 1721 2038 Nihil

168 2074 443 2128 movendis
484 2073 679 2129 animis
731 2072 912 2142 aptius
958 2069 1064 2126 dici
1097 2077 1278 2138 potest
1326 2070 1414 2133 iis,
1449 2086 1571 2140 quae
1610 2079 1722 2126 tra-

167 2163 240 2218 dit
266 2172 487 2220 sanctus
515 2161 764 2217 Clemens
794 2160 849 2214 in
873 2171 1103 2228 utraque
1123 2160 1348 2229 epistola
1381 2162 1523 2214 circa
1550 2161 1718 2216 bene-

171 2249 300 2317 ﬁcia,
332 2272 476 2328 .qua:
523 2271 622 2324 pro
671 2251 982 2308 hominibus
1025 2266 1092 2304 ex
1151 2251 1522 2306 incarnatione
1556 2248 1718 2307 Verbi

169 2353 288 2401 sunt
331 2353 646 2400 consecuta.
677 2343 768 2398 Ait
794 2343 938 2397 enim
991 2340 1044 2395 in
1089 2342 1297 2411 prima,
1336 2357 1434 2396 nos
1485 2342 1540 2396 in
1588 2342 1718 2398 Iesu

167 2437 378 2493 Christo
409 2437 649 2493 salutare
675 2443 923 2490 nostrum
963 2433 1337 2500 adinrcnisse;
1379 2435 1556 2504 ipsum
1596 2452 1720 2491 esse

167 2530 484 2583 oblationum
521 2538 823 2582 nostrarum
869 2542 1166 2595 supremum
1190 2525 1526 2595 Ponti/iectu;
1567 2528 1719 2605 inﬁr-

169 2621 359 2675 mitatis
388 2628 700 2674 nostrwesse
711 2628 992 2688 patronum
1018 2628 1065 2671 et
1095 2619 1462 2684 “uitiatorem
1487 2618 1583 2688 (5).
1614 2618 1720 2673 Per

171 2713 314 2775 hunc,
346 2712 523 2782 pergit
554 2719 778 2766 sanctus
803 2711 909 2765 iste
946 2708 1210 2779 pontifex,
1234 2711 1288 2764 in
1324 2711 1570 2764 caelorum
1603 2713 1720 2764 alti-

171 2803 364 2856 tudines
390 2802 568 2856 oculos
589 2801 904 2869 deﬁgemus;
933 2817 1024 2870 per
1058 2800 1192 2855 hunc
1237 2801 1636 2855 immaculatum
1668 2811 1718 2857 et

171 2915 458 2966 supremum
501 2897 646 2953 illius
702 2898 903 2951 vultum
966 2897 1391 2967 speculabimur,‘
1438 2914 1530 2968 per
1581 2899 1715 2952 hunc

171 2990 299 3043 oculi
330 2989 504 3044 cordis
530 2973 698 3042 nostri
729 2989 898 3056 aperti
929 2996 1080 3051 sunt;
1110 3004 1202 3057 per
1233 2988 1368 3043 hunc
1393 2989 1641 3058 insipiens
1667 2998 1716 3043 et

171 3081 442 3134 obscurata
478 3097 617 3142 mens
650 3090 831 3132 nostra
882 3080 935 3131 in
982 3078 1348 3134 admirabilem
1393 3079 1505 3148 ejus
1551 3080 1717 3134 lucem

171 3172 474 3238 repullulat;
501 3186 592 3239 per
620 3169 755 3223 hunc
785 3170 944 3224 voluit
971 3170 1249 3236 Dominus,
1282 3179 1340 3223 ut
1369 3171 1719 3226 immortalem

170 3260 505 3328 cognitionem
527 3271 880 3330 gustaremus.
905 3259 1006 3326 Qui
1027 3276 1142 3312 cum
1173 3261 1243 3313 sit
1275 3259 1446 3330 (addit
1477 3262 1720 3332 insuper)

171 3351 409 3418 splendor
451 3351 743 3418 majestatis
789 3351 922 3419 ejus,
965 3359 1111 3404 tanto
1153 3351 1327 3419 major
1368 3361 1447 3405 est
1482 3352 1719 3421 angelis,

173 3449 356 3509 quanto
385 3440 725 3495 excellentius
765 3455 949 3494 nomen
986 3439 1206 3494 sortitus
1248 3448 1345 3494 est.
1378 3438 1534 3504 Quod
1563 3440 1722 3511 quasi

174 3529 235 3583 de
261 3531 423 3585 verbo
449 3531 520 3585 ad
552 3529 773 3585 verbum
807 3545 872 3584 ex
886 3527 1125 3599 Epistola
1153 3529 1222 3583 ad
1253 3529 1508 3585 ilebrwos
1534 3547 1723 3586 excer-

175 3631 315 3692 ptum
356 3631 466 3688 est,
527 3608 582 3677 in
611 3639 715 3693 qua
748 3622 1040 3691 Apostolus
1089 3623 1279 3678 iisdem
1321 3623 1490 3677 ferme
1542 3624 1724 3678 verbis

175 3713 396 3783 elogium
426 3712 555 3768 Jesu
594 3713 796 3768 Christi
843 3711 1109 3783 eﬂ‘ormat.
1156 3711 1295 3766 Hinc
1339 3711 1604 3767 Eusebius
1644 3711 1722 3784 (4)

177 3803 418 3870 advertit,
475 3805 531 3859 in
576 3805 749 3876 prima
795 3804 897 3857 hac
939 3804 1114 3857 sancti
1163 3803 1457 3858 Clementis
1492 3803 1723 3873 epistola

177 3893 344 3949 haberi
388 3896 672 3950 nonnullas
721 3895 1002 3949 sententias
1035 3893 1288 3961 Epistula:
1329 3894 1435 3948 divi
1465 3893 1625 3948 Pauli
1655 3891 1723 3947 ad

180 3983 418 4041 Ilebrceos
445 3995 498 4040 et
525 3985 829 4057 quandoque
843 3986 1000 4040 etiam
1031 3987 1294 4054 expositas
1325 3985 1505 4038 iisdem
1535 3985 1722 4051 verbis,

177 4077 348 4147 quibus
374 4079 548 4131 utitur
573 4077 853 4141 Apostolus
886 4091 904 4129 :
932 4075 1069 4146 quod
1099 4074 1306 4146 quidem
1335 4076 1580 4141 ostendit,
1601 4092 1727 4146 per-

178 4177 246 4238 git
276 4168 561 4237 Eusebius,
580 4161 872 4239 Epistdlam
895 4171 963 4223 ad
997 4168 1244 4222 Hebrwos
1271 4185 1594 4239 nequaquam
1615 4186 1726 4224 esse

178 4278 294 4329 opus
336 4279 535 4324 recens,
565 4271 613 4316 e!
645 4263 768 4330 jure
808 4262 1089 4332 meritoque
1133 4260 1256 4316 aliis
1304 4260 1460 4315 istius
1501 4262 1726 4330 apostoli

175 4352 397 4419 epistolis
431 4351 668 4422 adjungi.

1817 1893 2047 1949 miriﬁce
2101 1895 2397 1951 ostendunt
2449 1898 2741 1953 maximam
2808 1899 3050 1954 hominis
3105 1901 3388 1957 miseriam

1818 1991 1946 2038 ante
1979 1983 2437 2048 incarnationem,
2486 1997 2918 2058 extremamque,
2964 2005 3071 2060 qua
3103 1991 3388 2046 detineba-

1815 2078 1931 2138 tur,
1963 2075 2347 2132 necessitatem
2367 2077 2710 2135 medicinalis
2727 2081 2914 2152 gratia:
2945 2083 3249 2138 Salvatoris
3274 2084 3387 2153 (5);

1817 2165 1986 2219 tradit
2011 2167 2178 2220 etiam
2205 2168 2371 2236 paulo
2413 2169 2662 2234 inferius,
2711 2154 2939 2241 gentiles
2965 2182 3090 2230 ante
3135 2177 3389 2230 incarna—

1816 2255 2021 2310 tionem
2072 2255 2202 2323 Jesu
2253 2257 2457 2312 Christi
2517 2258 2594 2312 ita
2624 2267 2805 2315 mente
2854 2269 3044 2332 captos
3098 2262 3292 2329 fuisse,
3329 2273 3390 2318 ut

1818 2346 2110 2403 adorarent
2158 2348 2389 2416 lapides,
2434 2349 2650 2419 lignum,
2699 2368 2910 2417 aurum,
2955 2365 3248 2423 argentum,
3286 2365 3388 2410 at»

1814 2454 1914 2509 que
1946 2453 2039 2499 tes,
2073 2455 2229 2506 opera
2265 2440 2569 2507 hominum;
2605 2444 2830 2512 insuper
2869 2445 3016 2513 quod
3050 2454 3160 2499 tota
3194 2461 3385 2514 eorum

1819 2529 1925 2582 vita
1953 2528 2034 2581 nil
2061 2529 2210 2582 aliud
2237 2544 2353 2583 erat
2394 2547 2552 2601 quam
2596 2550 2737 2587 mors
2769 2547 2786 2586 :
2813 2542 2863 2588 et
2896 2534 3142 2599 tenebris,
3171 2544 3220 2589 et
3249 2538 3386 2589 cali-

1818 2619 1935 2689 gine
1967 2621 2400 2685 obvolvebantur;
2429 2623 2573 2692 quod
2611 2609 2852 2680 Eccléia
2888 2626 3075 2695 paucis
3103 2631 3390 2683 constabat

1821 2709 2094 2776 ﬁdelibus,
2126 2726 2189 2763 ac
2219 2713 2421 2780 populo
2453 2713 2899 2770 circumdabatur
2936 2715 3169 2784 ingrato,
3199 2725 3251 2772 et
3294 2719 3391 2772 be-

1819 2800 2132 2856 neﬁciorum
2166 2801 2260 2858 Dei
2293 2803 2620 2860 immemori.
2656 2805 2788 2871 Qua:
2834 2806 3055 2876 quidem
3097 2809 3164 2862 de
3214 2810 3389 2864 idolo-

1818 2902 1938 2947 rum
1973 2893 2275 2948 cultoribus
2330 2893 2687 2966 intelligenda
2719 2904 2882 2964 sunt;
2910 2897 3114 2970 quippe
3146 2907 3275 2954 ante
3303 2901 3391 2954 in-

1819 2984 2196 3038 carnationem
2263 2984 2333 3039 ad
2392 2984 2690 3042 Ecclesiam
2762 3002 2872 3042 non
2939 2989 3281 3058 spectabant,
3333 3000 3391 3047 et

1823 3071 1988 3127 Deum
2020 3074 2362 3144 ignorabant.
2392 3074 2543 3142 Quod
2568 3075 2700 3130 dicit
2731 3076 3086 3149 (Scriptura),
3119 3081 3194 3134 ait
3231 3079 3391 3137 Pater

1823 3165 1924 3221 iste
1948 3165 2048 3234 (6),
2091 3166 2294 3232 laetare,
2330 3184 2445 3238 qua!
2483 3185 2587 3223 non
2629 3171 2802 3238 paris,
2845 3186 2938 3224 nos
2971 3169 3107 3223 dixit
3138 3186 3157 3224 :
3182 3171 3398 3226 Sterilis

1819 3257 2004 3327 quippe
2033 3267 2146 3310 erat
2172 3257 2414 3313 Ecclesia
2448 3270 2653 3324 nostra,
2683 3269 2961 3330 antequam
2984 3259 3100 3313 dati
3131 3271 3301 3314 essent
3333 3264 3398 3316 li-

1823 3346 1950 3402 beri.
1975 3347 2147 3418 lgitur
2177 3348 2368 3406 inferri
2408 3349 2618 3420 nequit,
2667 3359 2792 3404 ante
2819 3349 3252 3406 incarnationem
3297 3367 3394 3404 ne-

1820 3437 2021 3493 minem
2055 3440 2266 3509 justum
2324 3440 2587 3496 adfuisse.
2639 3438 2727 3495 Sic
2770 3450 2820 3494 et
2858 3439 3123 3504 Christus,
3177 3441 3395 3512 egregie

1821 3531 2100 3584 concludit
2148 3533 2284 3600 ipse,
2330 3533 2494 3585 uoluit
2521 3548 2727 3588 servare
2776 3536 3070 3601 pereuntia,
3108 3543 3158 3587 et
3201 3537 3395 3589 multos

1821 3621 2064 3682 servavit,
2103 3619 2229 3673 dum
2277 3622 2437 3688 venit,
2478 3620 2702 3692 dumque
2724 3638 2818 3675 nos
2847 3621 2966 3688 jam
3001 3632 3274 3690 pereuntes
3304 3639 3394 3677 vo-

1820 3710 1955 3762 cavit
1977 3709 2080 3780 (7).

1889 3800 2341 3857 Animadvertere
2369 3800 2465 3856 hic
2512 3809 2724 3873 Oportet
2769 3816 2894 3854 cum
2933 3808 3124 3856 nostro
3155 3801 3249 3872 pio
3288 3817 3394 3858 au-

1822 3903 1992 3957 ctore,
2035 3894 2234 3949 debere
2265 3909 2368 3950 nos
2395 3910 2575 3959 veros,
2621 3908 3024 3965 germanosque
3065 3894 3203 3964 grati
3223 3895 3392 3951 animi

1824 3999 2024 4038 sensus
2055 4000 2184 4055 erga
2233 3982 2572 4040 Salvatorem
2602 3986 2868 4042 enutrirc.
2896 3983 3275 4054 Conﬁtebintur
3297 4001 3396 4039 au-

1823 4085 1928 4129 tem
1959 4076 2112 4130 illum
2137 4076 2402 4147 faciendo,
2429 4094 2545 4146 quae
2575 4078 2724 4143 dicit,
2748 4088 2797 4132 et
2823 4078 3078 4131 mandata
3115 4079 3259 4131 illius
3290 4096 3392 4133 non

1823 4168 2108 4235 spernendo
2129 4184 2149 4232 ,°
2171 4184 2263 4224 nec
2304 4170 2476 4223 solum
2500 4168 2655 4223 labiis
2685 4185 2802 4222 eum
2838 4168 3168 4232 honorando,
3207 4168 3299 4223 sed
3326 4184 3394 4224 ea:

1827 4268 1934 4313 toto
1964 4259 2138 4322 corde,
2165 4275 2230 4315 ex
2257 4269 2370 4314 tota
2393 4269 2577 4314 ments.
2607 4258 2728 4313 Non
2763 4259 2918 4313 modo
2951 4259 3133 4329 igitur.
3166 4260 3241 4313 ait
3261 4275 3358 4315 san
3380 4291 3392 4300 -

1825 4360 1947 4407 ctus
1977 4353 2066 4407 hic
2109 4352 2352 4422 pontifex
2398 4351 2500 4425 (8),
2547 4353 2719 4422 ipsum
2742 4369 2978 4407 uocemus
3004 4351 3308 4419 Dominum,
3337 4353 3393 4406 id

241 4443 294 4498 In
346 4445 586 4502 secunda
623 4443 850 4513 epistola
898 4458 1007 4497 non
1053 4445 1236 4500 minus
1274 4451 1429 4516 urget
1478 4443 1723 4516 ingentes
1756 4465 1800 4521 ι)
1827 4443 1964 4496 enim
1993 4460 2097 4498 non
2122 4443 2347 4498 salsabit
2368 4460 2473 4499 nos
2497 4459 2517 4506 ;
2543 4444 2632 4498 sed
2662 4445 2718 4498 in
2748 4443 2992 4514 operibus
3024 4445 3198 4514 ipsum
3221 4448 3391 4513 conﬁ-

179 4535 434 4594 utilitates
478 4535 890 4591 incarnationis.
940 4531 1097 4589 Vetat
1143 4537 1318 4606 primo
1355 4536 1478 4592 loco
1504 4535 1726 4591 humilia

240 4691 346 4759 (99)
383 4691 692 4748 Notandum
735 4693 823 4747 hic
873 4692 1046 4746 obiter
1089 4693 1411 4761 gravissimo
1459 4692 1511 4746 in
1541 4707 1728 4748 errore

179 4764 374 4816 versari
421 4762 688 4823 Photium,
730 4764 857 4815 dum
907 4777 1150 4816 asserere
1197 4778 1303 4815 non
1336 4763 1626 4825 erubescit,
1673 4763 1726 4816 in

182 4842 359 4886 sancto
375 4833 653 4888 Clemente
669 4834 803 4886 nihil
821 4829 1120 4884 adinveniri
1134 4831 1201 4884 ad
1218 4831 1516 4886 Salvatoris
1532 4833 1724 4885 divini-

181 4909 334 4972 tatem
372 4903 851 4972 comprobandum.
907 4903 982 4954 Ita
1021 4916 1467 4972 sanequunquam
1513 4902 1728 4956 locutus

183 4966 381 5036 luisset,
416 4974 462 5026 si
491 4966 649 5027 iet-ba
684 4972 1018 5031 attendisset,
1052 4971 1212 5024 modo
1237 4986 1266 5023 a
1291 4966 1446 5024 nobis
1474 4972 1728 5031 allata,in

181 5040 365 5110 quibus
386 5053 609 5097 sanctus
632 5040 878 5095 Pontifex
904 5049 1157 5109 tanquam
1201 5048 1406 5094 certum
1442 5050 1728 5108 ratumque

183 5113 475 5186 constituit,
506 5113 558 5166 in
581 5110 707 5186 Iesu
732 5110 964 5186 Christo
998 5125 1104 5163 una
1130 5111 1291 5164 simul
1319 5125 1444 5164 cum
1477 5110 1729 5186 humani-

183 5185 284 5233 tate
312 5181 645 5236 divinitatem
669 5181 990 5234 inhabitare.

249 5250 389 5386 (100)
425 5250 670 5321 Epistula
696 5251 751 5314 2,
775 5266 894 5320 cap.
926 5250 978 5304 1.

273 5321 322 5386 i)
360 5322 518 5381 lbid.,
544 5337 666 5386 cap.
697 5322 748 5375 9.

273 5321 322 5389 ι)
360 5322 518 5381 lbid..
544 5337 666 5390 cap.
697 5322 748 5375 9.

247 5386 318 5460 (2)
360 5391 472 5444 Hoc
493 5403 596 5455 est,
613 5386 750 5444 'cum
775 5397 921 5443 esset
946 5389 1103 5460 Deus.
1137 5386 1373 5458 Spiritus
1399 5392 1540 5444 enim
1565 5405 1730 5444 voca-

185 5459 375 5531 bulum-
388 5475 528 5530 sape
552 5461 691 5531 apud
729 5461 982 5531 antiquos
1001 5459 1237 5531 divinam
1256 5469 1730 5531 naturam‘sqnare

185 5520 488 5599 praefatione
514 5520 750 5599 generali
778 5531 830 5581 in
861 5520 1463 5599 novissimamhoperum
1494 5527 1552 5584 S.
1579 5520 1731 5584 Hila-

188 5597 245 5652 rii
273 5598 472 5656 Pictav.
501 5597 791 5654 editionem
820 5614 972 5654 num.
1002 5598 1072 5652 62
1091 5605 1146 5652 et
1177 5597 1246 5650 65
1272 5600 1518 5666 pluribus
1545 5614 1732 5655 exem-

188 5670 282 5731 plis
327 5671 754 5725 demonstratum
795 5676 877 5724 est
925 5684 956 5721 a
985 5668 1272 5722 Coutantio
1323 5676 1545 5733 nostro;
1587 5669 1731 5725 unde

188 5737 307 5792 illud
324 5740 608 5813 Augustini
633 5742 791 5812 epist.
820 5739 941 5806 ΗΟ,
975 5754 1031 5806 n.
1061 5737 1149 5805 ll,
1179 5736 1248 5793 ad
1265 5735 1557 5795 Clementis
1578 5754 1730 5794 men-

1833 4546 2038 4593 teamur
2055 4554 2075 4604 ;
2108 4539 2163 4592 in
2190 4537 2454 4609 diligendo
2476 4539 2575 4593 alii
2601 4539 2760 4603 alios,
2785 4540 2841 4593 in
2871 4555 2974 4594 non
3017 4537 3391 4604 adulter-endo,

1825 4699 1932 4746 tem
1951 4692 2124 4761 magis
2135 4691 2597 4761 accommodatum
2610 4689 2997 4746 exscrihimus:
3027 4690 3250 4744 Verbum
3268 4709 3394 4748 caro

1826 4763 2024 4832 factum
2053 4760 2151 4826 est,
2183 4771 2231 4815 et
2271 4760 2523 4814 habitavit
2565 4763 2618 4813 in
2651 4761 2835 4822 nobis;
2865 4762 3066 4814 reddite
3110 4763 3288 4828 vicem,
3342 4774 3393 4816 et

1825 4833 2081 4956 e‘q’tcimini
2112 4833 2340 4899 Spiritus
2379 4841 2427 4886 et
2453 4832 2684 4884 habitate
2719 4833 2773 4883 in
2798 4832 2890 4885 illo
2911 4848 2928 4883 :
2958 4832 3114 4900 quasi
3160 4833 3389 4896 diceret,

1881 4902 2058 4955 erbum
2089 4918 2212 4955 cum
2247 4911 2392 4955 esset
2422 4902 2670 4956 sniritus.
2705 4917 2800 4954 seu
2837 4900 3000 4956 Deus.
3037 4918 3161 4954 caro
3194 4903 3389 4956 factum

1881 4902 2058 4955 erbum
2089 4918 2212 4955 cum
2247 4911 2392 4955 esset
2422 4902 2670 4970 spiritus,
2705 4917 2811 4971 seu,
2837 4900 3000 4962 Deus,
3037 4918 3161 4954 caro
3193 4903 3394 4971 factum

1826 4984 1924 5035 est,
1957 4978 2205 5024 naturam
2247 4971 2595 5040 suscipiendo
2621 4970 2948 5036 humanam;
2979 4970 3390 5035 redditecicem,

1825 5051 1880 5096 et
1907 5043 1999 5109 qui
2030 5056 2158 5094 caro
2190 5043 2344 5103 estis,
2377 5042 2636 5110 eﬂicimini
2683 5041 2915 5109 quodam
2948 5040 3108 5094 modo
3161 5040 3392 5109 Spiritus

1827 5127 1891 5166 ac
1932 5114 2092 5175 Deus,
2132 5120 2380 5165 naturam
2420 5109 2700 5165 induendo
2751 5110 3023 5173 divinam,
3067 5120 3118 5165 et
3160 5113 3396 5166 habitata

1828 5184 1883 5235 in
1917 5183 2063 5248 Deo.)

1902 5253 1978 5321 ('5)
2021 5253 2270 5306 Salutare
2297 5261 2535 5312 nostrum
2559 5250 2850 5321 invenimus
2881 5247 3066 5303 Iesum
3099 5247 3390 5314 Christum,

1830 5319 2140 5390 Pontiﬁcem
2154 5324 2473 5376 oblutionum
2492 5319 2812 5383 nostrarum,
2842 5321 3169 5387 inﬁrmitatis
3196 5331 3393 5373 nostri?

1829 5402 2110 5461 patronum
2133 5402 2182 5446 et
2204 5395 2599 5462 auxiliatorem.
2636 5390 2883 5462 Epist._|_
2908 5391 3108 5456 Clem.,
3142 5405 3264 5462 cap.
3296 5390 3388 5446 36.

1901 5463 1978 5525 (4)
2019 5463 2136 5516 Lib.
2171 5478 2228 5516 ιιι
2266 5461 2408 5516 Hist.
2432 5462 2639 5524 eccles.,
2667 5475 2789 5531 cap.
2821 5460 2910 5517 38.

1925 5531 1978 5596 5)
2015 5531 2184 5602 Epist.
2212 5532 2267 5594 2,
2293 5547 2414 5602 cap.
2442 5531 2500 5602 Al.

1925 5605 1978 5674 6)
2016 5601 2183 5674 Epist.
2205 5602 2260 5674 ἓ,
2433 5600 2488 5657 2.

1929 5669 1980 5743 7)
2019 5669 2189 5728 Clem.
2225 5669 2404 5743 Boni,
2436 5687 2522 5740 ep.
2552 5669 2616 5743 3,
2648 5684 2767 5741 cap.
2799 5669 2855 5743 ἦ.

1901 5676 1980 5815 ες
2019 5676 2189 5812 $23;
2215 5676 2600 5812 ἔέῒαῗηοξὲῖέ
