4046 6326
634 360 737 416 165

1747 361 1835 415 ΔΙ)
1879 360 1935 415 S.
1978 355 2395 415 CLEMENTI?“
2434 357 2453 411 l
2489 358 2715 413 PAPAM

3726 359 3839 412 164

634 494 791 549 neque
820 476 1154 561 obtrectando
1182 477 1419 540 intieem,
1449 492 1611 546 neque
1638 475 1966 540 wmulando;
1987 473 2075 529 sed
2101 475 2176 527 οἱα
2206 478 2248 536 Α
2278 490 2431 543 quam
2461 482 2693 539 cunctos,
2715 473 2800 543 qui
2833 487 3061 541 unquam
3085 472 3217 561 justi
3236 471 3464 540 fuerunt,
3488 471 3835 540 justiﬂcavit.

631 570 789 625 vendo
820 572 872 625 in
904 570 1245 634 continentia,
1283 566 1667 631 misericordia,
1698 576 1747 622 et
1790 568 2041 631 bonitate,
2069 575 2175 620 etc.

634 662 710 731 (9)
746 661 871 715 Ha’c
926 660 1121 731 agendo
1163 670 1493 726 acceptorum
1524 657 1887 726 beneﬁciorum
1929 672 2175 710 memores

628 757 821 806 erimus
850 768 981 817 vere,
1014 751 1168 806 sicuti
1199 750 1521 805 Christianos
1554 747 1717 803 debet.

666 841 849 897 'Jesus
898 842 1139 897 Christus
1172 858 1270 895 non
1319 842 1419 909 fuit
1458 841 1610 893 homo
1655 839 2035 907 phantasticus,
2086 840 2174 895 sed

628 947 796 996 verus,
826 933 1059 1004 quamvis
1090 941 1395 1000 non'purus.
1418 960 1490 972 —-
1514 930 1573 984 In
1604 931 1778 1000 prima
1815 944 1913 985 sua
1937 932 2174 1000 epistola

628 1030 848 1079 sanctus
874 1023 1123 1078 Clemens
1152 1021 1281 1077 Jesu
1308 1021 1527 1076 Christo
1557 1035 1798 1084 carnem,
1828 1021 2171 1090 sanguinem,

625 1121 679 1169 et
729 1114 963 1168 animam
1011 1112 1297 1169 manifeste
1343 1111 1610 1167 attribuit.
1670 1110 1736 1164 In
1779 1111 2053 1177 charitate,
2084 1112 2172 1166 in-

623 1205 740 1274 quit
764 1205 898 1272 (10),
928 1205 1209 1272 assumpsit
1237 1220 1329 1257 nos
1360 1202 1617 1257 Dominus
1638 1201 1775 1256 Deus
1798 1211 1971 1257 noster
1997 1220 2061 1257 ea:
2086 1221 2172 1260 vo-

625 1294 824 1347 luntate
852 1294 969 1357 Dei,
1000 1294 1305 1364 sanguinem
1333 1296 1485 1347 suum
1522 1306 1615 1355 pro
1649 1291 1795 1347 nobis
1849 1293 2089 1360 tradidit,
2122 1303 2171 1348 et

623 1401 830 1437 carnem
879 1401 971 1455 pro
1009 1402 1165 1441 carne
1210 1394 1411 1449 nostra,
1440 1395 1489 1438 et
1520 1385 1749 1438 animam
1775 1399 1869 1452 pro
1897 1387 2169 1441 animabus

622 1477 833 1530 nostris.

691 1566 931 1620 Christus
984 1584 1077 1636 pro
1129 1565 1368 1622 omnibus
1418 1575 1675 1621 mortuus.
1712 1596 1781 1606 —
1838 1564 2167 1641 Sanguinem

617 1655 819 1711 Christi
851 1673 952 1726 pro
980 1659 1150 1713 totius
1180 1656 1365 1713 mundi
1397 1659 1573 1713 salute
1602 1656 1831 1713 eﬁ‘usum
1866 1674 2008 1726 esse,
2036 1662 2166 1730 quin

2280 562 2511 617 Sanctus
2526 562 2685 617 Pater
2702 562 2865 616 tradit
2881 561 2970 615 hic
2987 560 3314 630 eonjunctim
3332 565 3575 631 egregias
3599 568 3708 617 tres
3730 576 3836 616 ve-

2276 654 2493 720 ritates;
2538 655 2712 724 primo
2759 661 2999 708 nostram
3042 651 3383 707 vocationem
3415 651 3481 705 ad
3520 650 3676 706 ﬁdem
3705 668 3838 708 esse

2276 745 2567 815 gratuitam
2609 759 2671 797 ex
2708 752 2861 814 parte
2899 743 3013 806 Dei,
3043 757 3166 797 cum
3192 744 3261 799 sit
3296 741 3519 799 effectus
3555 742 3709 797 bona:
3730 759 3837 797 vo-

2274 837 2499 892 luntatis
2529 852 2660 899 suae,
2690 850 2753 890 ac
2782 834 3169 890 misericordia:
3190 849 3315 905 erga
3344 848 3444 890 nos
3474 852 3489 888 :
3531 836 3638 887 Kal.
3667 837 3835 905 ἡμεῖς

2272 924 2363 981 οὖν
2392 928 2477 981 διὰ
2505 926 2800 998 θελήματος
2827 926 2989 978 αὑτοῦ
3018 924 3321 995 κληθέντες.

2341 1017 2593 1074 Secundo
2628 1032 2817 1073 omnes
2856 1025 3083 1072 conatus
3113 1017 3403 1083 humanos,
3434 1025 3487 1073 et
3517 1017 3634 1087 ipsa
3658 1018 3834 1071 etiam

2272 1108 2486 1178 pietatis
2525 1124 2710 1177 opera,
2746 1109 2791 1161 si
2824 1106 2878 1160 in
2903 1122 2961 1162 se
2992 1107 3125 1175 ipsis
3152 1113 3485 1177 spectentur,
3500 1115 3553 1161 et
3574 1107 3835 1177 seiuncta

2271 1215 2300 1253 a
2338 1201 2459 1265 ﬁde,
2484 1216 2580 1271 per
2603 1214 2763 1270 quam
2794 1198 3161 1263 viviﬁcantur,
3202 1211 3542 1268 nequaquam
3577 1197 3836 1253 sufﬁcere

2269 1292 2336 1346 ad
2389 1292 2828 1361 justiﬁcationem
2880 1289 3340 1360 promerendam:
3384 1291 3458 1343 Ub
3507 1289 3571 1342 δι’
3616 1288 3835 1343 ἑαυτῶν

2266 1383 2634 1455 δικαιούμεθα,
2664 1383 2779 1436 οὐδὲ
2807 1381 2890 1435 διὰ
2917 1382 3016 1451 τῆς
3046 1382 3319 1453 ἡμετέρας
3348 1382 3556 1451 σοφίας,
3612 1382 3645 1453 ἦ
3701 1398 3837 1435 συν-

2267 1472 2450 1537 έσεως,
2491 1473 2523 1544 ἢ
2562 1472 2863 1535 εὐσεϐείας,
2903 1470 2937 1542 ἢ
2997 1470 3167 1542 ἔργων
3215 1464 3289 1523 ὧν
3347 1469 3831 1543 κατειργασάμεθα

2265 1565 2322 1618 ὲν
2351 1565 2580 1635 ὁσιότητι
2610 1566 2851 1637 καρδίας.

2336 1652 2518 1708 Tertio
2544 1668 2641 1723 per
2671 1654 2825 1708 ﬁdem
2857 1668 2954 1709 nos
2982 1652 3158 1724 justus
3191 1651 3348 1719 eﬁlci,
3390 1663 3443 1710 et
3473 1653 3631 1709 ﬁdem
3676 1654 3833 1708 hanc

618 1748 687 1801 ab
719 1748 820 1802 hac
858 1750 1031 1819 gratia
1062 1750 1371 1804 mortalium
1393 1749 1537 1805 ullus
1565 1748 1890 1819 excipiatur,
1942 1760 2164 1807 sanetus
2199 1814 2232 1819 _
2266 1744 2412 1799 01ηῠὶ
2470 1751 2713 1813 tempore
2770 1744 2838 1799 ad
2898 1745 3130 1800 sallliem
3194 1746 3559 1801 neceSSal‘iam
3614 1745 3829 1812 ἰώδεα

617 1839 707 1894 hic
738 1814 977 1909 pontifex
1021 1842 1221 1896 diserte
1260 1841 1488 1895 afﬁrmat
1528 1814 2053 1911 (il):-Fi:risoculis,
2086 1860 2163 1897 re-

2268 1830 2465 1900 quippe
2496 1845 2592 1901 per
2620 1830 2759 1885 hanc
2790 1830 2931 1886 Deus
2964 1831 3282 1900 justiﬁcavit
3321 1841 3548 1889 cunctos
3592 1835 3684 1904 qui
3716 1851 3834 1889 un-

616 1931 895 1997 spiciamus
926 1933 978 1984 in
1010 1932 1313 1999 sanguinem
1344 1930 1562 1995 Christi,
1593 1947 1981 2002 cernamusque,
2010 1950 2167 2003 quem

615 2022 874 2090 pretiosus
901 2024 970 2075 sit
991 2022 1108 2089 ejus
1130 2022 1366 2092 sanguis,
1396 2022 1486 2091 qui
1512 2032 1721 2091 propter
1750 2032 1987 2076 nostram
2016 2025 2167 2078 salu-

616 2123 716 2166 tem
741 2114 937 2181 effusus
968 2116 1063 2168 toti
1097 2112 1290 2167 mundo
1316 2115 1632 2181 paenitentia
1658 2115 1887 2185 gratiam
1914 2116 2115 2168 attulit.

680 2203 834 2261 Jesus
905 2204 1143 2259 Christus
1189 2204 1357 2273 judeJ;
1414 2206 1644 2261 vivorum
1702 2214 1754 2261 et
1814 2214 2159 2261 mortuorum.

608 2292 905 2352 uEternitas
934 2296 1309 2363 suppliciorum
1340 2304 1388 2349 et
1418 2297 1769 2364 praemiorum.
1822 2295 2073 2352 Meritum
2112 2307 2163 2353 et

612 2385 891 2439 necessitas
926 2384 1177 2441 bonarum
1217 2388 1503 2444 actionum.
1532 2416 1603 2428 -—
1632 2385 1865 2443 Sanctus
1911 2387 2161 2447 Clemens

610 2473 797 2533 Jesmn
834 2475 1115 2532 Christum
1155 2478 1387 2547 appellat
1414 2493 1629 2548 quoque
1651 2477 1881 2547 judicem
1931 2480 2161 2534 uiuorum

608 2577 657 2619 et
678 2577 1001 2620 mortuorum
1024 2566 1157 2637 (12),
1186 2567 1314 2638 item
1360 2581 1643 2638 poenarum
1673 2569 2023 2623 aeternitatem
2051 2570 2161 2624 cla-

610 2657 831 2712 rissimo
877 2635 1189 2713 testimonio
1212 2635 1506 2722 'afﬁr—mat,
1547 2658 1674 2713 dum
1722 2658 1788 2713 ad
1845 2658 2159 2719 Corinthios

609 2746 801 2803 scribit
826 2746 937 2819 (l3)
966 2761 981 2798 :
1006 2746 1281 2802 Facientes
1308 2750 1447 2802 enim
1477 2746 1677 2803 Christi
1704 2748 2042 2815 uoluntatem,
2073 2767 2158 2805 re-

607 2842 778 2912 quiem
821 2839 1151 2893 inveniemus.
1181 2839 1278 2893 Sin
1314 2840 1485 2893 minus
1514 2853 1533 2892 :
1556 2840 1686 2893 nihil
1713 2856 1805 2895 nos
1848 2840 1913 2893 ab
1966 2850 2159 2897 (eterna

608 2930 864 3001 supplicio
890 2929 1090 2998 eripiet,
1125 2929 1172 2982 si
1194 2927 1450 2983 mandata
1480 2930 1627 2985 illius
1654 2940 2045 2987 contemnamus
2066 2947 2155 2997 ;...

606 3020 736 3092 quid
766 3018 908 3074 vobis
941 3018 1181 3075 videtur?
1213 3021 1302 3091 qui
1330 3020 1733 3091 incorruptionis
1765 3032 2023 3078 certamen
2042 3041 2158 3079 cor-

2267 1936 2427 1992 quam
2453 1919 2587 1991 justi
2619 1920 2835 1976 fuerunt
2865 1938 2879 1977 :
2948 1922 3109 1974 Ἀλλὰ
3136 1921 3221 1974 διὰ
3248 1923 3347 1992 τῆς
3375 1923 3626 1987 πίστεως,
3654 1924 3719 1977 δι’
3748 1919 3831 1995 ἦς

2268 2011 2471 2073 πάντας
2481 2010 2575 2063 τοῦ
2589 2012 2666 2065 ἀπ
2681 2010 2885 2073 ἀἰῶνος
2896 2011 2923 2063 ὁ
2937 2011 3325 2083 παντοκράτωρ
3344 2011 3473 2076 Θεὸς
3485 2013 3829 2071 ἐδικαίωσεν.

2334 2116 2630 2175 Fatendum
2662 2119 3014 2177 nihilominus
3043 2126 3147 2186 est,
3182 2120 3237 2175 in
3282 2120 3445 2176 allato
3486 2129 3632 2178 textu
3675 2139 3828 2179 non-

2265 2210 2413 2265 nulla
2438 2209 2600 2266 verba
2630 2209 2839 2274 haberi,
2873 2224 2991 2281 qua
3019 2220 3241 2281 possent
3283 2210 3539 2267 lectorem
3587 2213 3823 2281 morari,

2265 2302 2370 2358 nisi
2402 2300 2641 2372 perfecte
2664 2300 2857 2357 calleat
2894 2316 3023 2357 vera
3054 2300 3231 2358 sancti
3276 2302 3571 2361 Clementis
3611 2305 3828 2377 princi-

2264 2394 2372 2466 pia.
2409 2391 2535 2452 Haec
2583 2401 2764 2448 autem
2807 2392 2974 2448 verba
3022 2392 3167 2448 haud
3204 2393 3279 2448 ita
3313 2396 3601 2465 perspicua
3644 2405 3827 2464 sunt,

2261 2501 2381 2557 quae
2423 2493 2771 2554 sequuntur:
2806 2481 3000 2549 Opera,
3052 2500 3170 2553 qua
3215 2485 3270 2538 in
3312 2486 3484 2540 cordis
3533 2488 3828 2543 sanctitate

2262 2573 2343 2643 (ὲν
2361 2572 2703 2648 ὀσίοτητιτῆς
2718 2573 2961 2649 καρδίας)
2988 2574 3191 2639 operati
3218 2574 3431 2627 sumus!
3478 2573 3556 2633 Ex
3611 2574 3823 2645 quibus

2260 2664 2463 2720 inferre
2491 2661 2613 2733 quis
2637 2667 2833 2732 potest,
2865 2669 3113 2716 sanctum
3153 2661 3299 2717 hunc
3345 2663 3651 2731 pontiﬁcem
3680 2666 3823 2736 reji-

2260 2770 2384 2812 cere
2426 2753 2676 2808 meritum
2718 2751 2985 2807 bonorum
3031 2765 3277 2822 Operum.
3321 2751 3599 2810 Immerito
3628 2764 3821 2810 autem

2259 2848 2399 2903 hanc
2425 2844 2715 2900 illationem
2745 2843 2869 2919 quis
2897 2842 3119 2899 inferret
3144 2860 3159 2910 ;
3190 2852 3243 2898 et
3274 2843 3375 2899 hoc
3390 2852 3534 2901 esset
3562 2846 3823 2902 recedere

2260 2950 2292 2989 a
2321 2940 2500 2989 mente
2530 2933 2703 2988 sancti
2736 2930 3038 2996 Pontiﬁcis,
3074 2932 3164 3003 qui
3214 2948 3324 2988 non
3366 2934 3421 2988 in
3444 2949 3553 2990 uno
3599 2935 3718 2992 loco
3740 2945 3823 2993 et

2258 3022 2512 3077 meritum
2560 3030 2613 3077 et
2641 3021 3018 3077 necessitatem
3046 3022 3308 3078 bonorum
3336 3037 3557 3095 Operum
3589 3024 3820 3083 fatetur.

606 3112 825 3182 ruperis,
850 3109 976 3181 quid
1015 3113 1283 3180 patietur:
1311 3112 1387 3167 De
1414 3114 1479 3168 iis
1504 3115 1660 3179 enim,
1690 3115 1778 3185 qui
1804 3116 2035 3187 σεθίιιιηη
2056 3134 2158 3171 non
2184 3132 2227 3193 ο
2262 3106 2401 3174 Quid
2432 3108 2591 3178 igitur
2616 3107 2887 3174 faciemus,
2909 3108 3147 3178 fratres?
3182 3121 3404 3167 sanctus
3444 3113 3520 3168 sit
3560 3113 3648 3171 ille
3687 3126 3822 3185 post

605 3208 956 3263 seruauerunt,
1005 3200 1134 3255 ait:
1196 3199 1394 3255 Vermis
1448 3216 1627 3255 eorum
1705 3219 1807 3256 non
1869 3205 2159 3276 exstingue-

608 3300 695 3344 tur
725 3291 789 3345 η.
822 3288 1008 3359 Itaque
1036 3290 1228 3359 fratres
1252 3292 1373 3355 mei,
1405 3291 1535 3346 alibi
1557 3292 1750 3348 scribit
1777 3292 1912 3365 (id),
1943 3296 2157 3351 omnino

606 3400 669 3438 ne
692 3382 1013 3446 sacillemus,
1036 3382 1125 3437 sed
1152 3394 1418 3452 sperantes
1443 3385 1815 3450 sustineamus,
1848 3395 1905 3439 ut
1938 3396 1989 3441 et
2018 3403 2159 3442 mer-

605 3474 781 3529 cedem
829 3484 1176 3544 reportemus.
1212 3472 1413 3529 Fidelis
1460 3475 1601 3529 enim
1626 3484 1724 3540 est,
1763 3477 1854 3548 qui
1893 3477 2158 3546 pollicitus

603 3575 701 3630 est,
742 3580 797 3621 se
822 3565 1093 3637 unicuique
1122 3565 1495 3620 retributurum
1524 3582 1738 3635 operum
1767 3568 2154 3626 retributiones.

606 3655 667 3712 Si
695 3672 815 3727 ergo
845 3656 1117 3725 fecerimus
1162 3656 1428 3725 justitiam
1460 3673 1640 3712 coram
1686 3657 1817 3724 Deo,
1844 3660 1901 3714 in
1940 3675 2157 3730 regnum

604 3745 972 3817 ingrediantur,
998 3754 1048 3799 et
1074 3745 1384 3813 accipiemus
1411 3746 1804 3815 promissiones,
1856 3765 1985 3819 quas
2012 3768 2032 3802 ε
2061 3768 2159 3805 auo

603 3837 680 3891 ris
718 3853 821 3892 non
872 3853 933 3891 us
955 3836 1093 3903 linit,
1120 3852 1210 3892 nec
1234 3837 1414 3893 oculus
1442 3837 1589 3902 vidit.
1619 3856 1833 3911 quisque
1853 3840 1907 3895 in
1939 3857 2029 3897 cor
2059 3842 2155 3899 ho-

602 3929 759 3982 minis
797 3944 901 3984 non
937 3928 1279 3985 ascenderunt
1307 3930 1373 3985 ¹³.
1411 3948 1431 3984 s

673 4019 851 4076 Verba
896 4020 1100 4077 faciens
1138 4030 1360 4077 sanctus
1388 4021 1639 4081 Clemens
1669 4022 1737 4081 de
1772 4026 1962 4096 gratiis
2017 4044 2155 4099 quas

601 4117 812 4167 veteres
856 4111 1181 4183 patriarcha:
1218 4113 1500 4169 consecuti
1549 4122 1698 4179 sunt,
1749 4126 1935 4187 aperte
1973 4118 2153 4188 docet,

602 4199 703 4257 has
729 4215 919 4256 omnes
946 4198 1115 4256 Deum
1146 4201 1317 4271 gratis
1360 4202 1611 4274 largitum
1635 4204 1827 4271 fuisse,
1858 4216 1914 4263 et
1960 4208 2154 4267 horum

600 4290 840 4347 virorum
904 4292 1134 4357 meritis,
1192 4306 1256 4347 ac
1308 4293 1469 4350 bonis
1522 4296 1781 4365 operibus
1824 4299 1991 4355 tribui
2046 4318 2155 4358 non

602 4396 778 4453 posse.
815 4380 867 4436 Ii
891 4396 1009 4453 ergo
1042 4398 1237 4448 omnes,
1277 4382 1460 4441 aitille
1489 4386 1620 4458 (15),
1645 4388 1867 4457 gloriam
1896 4400 1946 4445 et
1967 4394 2155 4461 ampli—

2260 3200 2423 3255 allata
2445 3200 2695 3270 superius
2720 3199 2882 3256 verba
2907 3200 3049 3270 (i7);
3076 3201 3394 3257 cessabimus
3450 3219 3484 3258 a
3513 3203 3660 3260 bonis
3691 3221 3821 3275 ope-

2259 3293 2426 3358 ribus,
2450 3301 2501 3347 et
2529 3291 2837 3347 charitatem
2878 3291 3330 3363 derelinquemus?
3360 3293 3676 3367 Neutiquam
3715 3296 3821 3353 hoc

2258 3402 2292 3440 α
2319 3383 2465 3439 nobis
2494 3382 2612 3453 ﬁeri
2632 3384 2901 3453 permittat
2930 3382 3218 3449 Dominus;
3254 3383 3344 3439 sed
3370 3400 3487 3439 cum
3541 3386 3819 3458 diligentia

2258 3484 2308 3529 et
2347 3474 2625 3528 alacritate
2664 3473 2967 3541 festinemus
2999 3490 3146 3528 omne
3185 3489 3313 3543 opus
3336 3475 3707 3545 'perﬁcere.....
3735 3480 3823 3533 ui-

2257 3564 2494 3629 deamus,
2524 3563 2662 3633 quod
2682 3564 2737 3616 in
2768 3563 2915 3617 bonis
2939 3563 3180 3632 operibus
3209 3566 3384 3620 ornati
3407 3566 3603 3636 fuerint
3632 3584 3819 3624 omnes

2248 3656 2405 3727 justi.
2426 3654 2495 3709 Et
2517 3657 2626 3725 ipse
2643 3670 2764 3726 ergo
2785 3653 3065 3720 Dominus,
3095 3672 3211 3709 cum
3238 3674 3292 3712 se
3311 3656 3549 3728 operibus
3573 3659 3822 3717 decoras-

2256 3756 2353 3812 set,
2383 3748 2592 3816 gavisus
2632 3754 2730 3801 est.
2770 3744 3033 3800 Habentes
3069 3747 3245 3817 itaque
3272 3747 3367 3802 hoc
3398 3751 3685 3819 exemplar,
3710 3751 3819 3805 im-

2255 3835 2397 3907 pigre
2427 3833 2496 3887 ad
2517 3833 2834 3889 voluntatem
2859 3833 2973 3903 ejus
3006 3831 3349 3898 accedamus;
3373 3850 3437 3889 ea:
3472 3837 3593 3891 totis
3615 3836 3817 3893 viribus

2256 3926 2450 3981 nostris
2504 3938 2774 3993 operemur
2817 3936 2945 3991 opus
2988 3920 3227 3985 iustitia.
3276 3920 3344 3977 Et
3370 3924 3559 3995 paucis
3589 3925 3820 3997 interie-

2253 4019 2378 4084 ctis,
2415 4018 2495 4075 sic
2522 4017 2797 4074 concludit
2827 4019 2939 4091 (18)
2966 4037 2979 4075 :
3008 4018 3225 4088 Oportet
3241 4034 3365 4090 ergo
3391 4034 3484 4073 nos
3514 4017 3582 4073 ad
3610 4018 3816 4076 bonum

2254 4109 2558 4167 faciendum
2596 4120 2834 4181 prompto
2862 4111 3037 4165 animo
3059 4125 3170 4165 esse
3195 4124 3214 4164 :
3243 4124 3309 4187 gs:
3328 4109 3423 4165 hoc
3464 4109 3601 4165 enim
3633 4111 3819 4167 omnia

2254 4209 2515 4256 constant.
2567 4199 2843 4257 Sufficiunt
2891 4202 3027 4269 haec,
3075 4210 3135 4257 ut
3174 4198 3428 4258 omnibus
3482 4200 3816 4270 innotescat,

2253 4294 2384 4367 quid
2412 4301 2637 4351 sanctus
2667 4292 2917 4351 Clemens
2942 4296 3176 4352 senserit
3209 4294 3277 4351 de
3320 4293 3516 4352 merito
3542 4299 3597 4350 et
3619 4308 3817 4350 neces.

2257 4388 2419 4444 sitate
2456 4386 2723 4442 bonorum
2768 4399 3018 4458 operum.
3065 4386 3337 4443 Caeterum
3384 4385 3606 4457 quando
3649 4386 3813 4455 dicit,

603 4473 834 4528 tudinem
862 4475 1122 4529 consecuti
1150 4484 1291 4541 sunt,
1322 4492 1425 4531 non
1454 4492 1548 4546 per
1574 4494 1629 4533 se
1670 4480 1832 4548 ipsos,
1865 4490 1958 4537 aut
1998 4500 2153 4553 opera
2184 4470 2228 4527 D
2256 4494 2357 4536 nos
2386 4494 2481 4550 per
2504 4478 2648 4533 bona
2675 4493 2841 4548 opera
2878 4493 2987 4535 non
3032 4479 3219 4535 venire
3247 4477 3314 4534 ad
3337 4476 3812 4551 justiﬁeationem,

599 4581 719 4628 sua,
750 4573 843 4619 aut
860 4564 1039 4634 justas
1068 4568 1315 4631 actiones,
1354 4585 1485 4638 quas
1508 4568 1761 4636 fecerunt,
1798 4571 1886 4627 sed
1926 4589 2019 4643 per
2060 4592 2152 4632 υο-

602 4656 854 4710 luntatem
899 4656 1031 4725 ejus.
1083 4655 1162 4713 Ex
1209 4658 1408 4729 quibus
1456 4661 1755 4731 pmmissis
1805 4662 1945 4720 hanc
1989 4665 2153 4724 infert

601 4748 899 4803 illationem
945 4748 1059 4820 (ιε)
1089 4766 1101 4804 :
1155 4746 1224 4803 Et
1254 4767 1348 4805 nos
1378 4751 1541 4821 igitur
1578 4766 1642 4805 ea:
1676 4753 1941 4811 uoluntate
1984 4758 2153 4827 illius,

600 4840 721 4895 scil.
758 4838 871 4900 Dei,
892 4839 946 4893 in
964 4839 1171 4895 Christo
1196 4840 1323 4894 Jesu
1350 4844 1537 4908 uocati,
1571 4860 1673 4898 non
1701 4859 1791 4913 per
1811 4850 2150 4918 nosmetipsos

594 4930 728 4999 justi
778 4930 1056 4998 efficimur;
1096 4947 1253 5001 neque
1281 4947 1371 4999 per
1395 4934 1708 5003 sapientiam
1756 4945 2009 5004 nostram,
2059 4949 2149 4994 aut

600 5019 1013 5089 intelligentiam,
1042 5028 1134 5073 aut
1159 5021 1419 5089 pietatem,
1467 5033 1561 5076 aut
1592 5038 1768 5093 opera,
1813 5041 1928 5095 qua:
1956 5027 2008 5082 in
2034 5044 2152 5083 cor-

598 5109 681 5164 dis
726 5110 1002 5165 sanctitate
1045 5112 1247 5180 operati
1299 5129 1510 5179 sumus;
1557 5114 1646 5169 sed
1695 5131 1787 5185 per
1834 5116 2013 5184 ﬁdem,
2059 5135 2151 5190 per

2255 4571 2311 4627 id
2340 4571 2503 4627 unice
2531 4569 2787 4636 intendit,
2814 4570 2959 4626 bona
2983 4568 3217 4641 pietatis
3253 4584 3420 4641 opera
3463 4570 3518 4626 in
3567 4584 3630 4627 se
3674 4570 3816 4643 ipsis

2252 4671 2499 4734 accepta,
2530 4669 2586 4718 et
2615 4660 2739 4717 ﬁdei
2780 4661 2975 4733 spiritu
3006 4660 3293 4727 destituta,
3342 4663 3506 4719 sicuti
3555 4666 3815 4735 superius

2253 4751 2510 4815 diximus,
2560 4751 2775 4823 Operari
2801 4767 2909 4807 non
2958 4766 3119 4822 posse
3165 4763 3407 4809 nostram
3456 4753 3814 4825 iustiﬁcatio-

2252 4859 2397 4909 nem,
2435 4851 2489 4900 et
2520 4860 2587 4899 ex
2633 4844 2747 4899 sola
2797 4842 2920 4908 ﬁde,
2952 4858 3059 4915 qua
3103 4858 3269 4915 opera
3312 4853 3499 4902 nostra
3532 4846 3815 4903 viviﬁcan-

2258 4944 2367 4997 tur.
2419 4934 2669 4990 eﬁ'ectum
2715 4934 2859 4990 hunc
2909 4949 3071 5007 posse
3111 4936 3433 5007 exspectari.
3488 4936 3601 4993 Hoc
3650 4948 3817 5011 pacto

2257 5036 2477 5083 sanctus
2522 5025 2769 5083 Pontifex
2797 5026 2927 5082 satis
2966 5042 3233 5098 superque
3276 5029 3593 5100 comprobat
3633 5032 3817 5088 excel-

2256 5118 2503 5201 lentiam.
2536 5128 2590 5174 et
2618 5118 2910 5174 efﬁcaciam
2935 5117 3058 5174 ﬁdei
3083 5116 3427 5175 Christiana.

668 5262 713 5293 ’⁸
746 5260 870 5316 lsai.
924 5277 1070 5320 ml.
1116 5264 1210 5319 ει.
1285 5265 1329 5297 ⁸⁸
1358 5263 1481 5322 lsai.
1516 5257 1663 5337 LXtY,
1717 5270 1772 5338 ις
1802 5270 1909 5329 ειέΙ
1941 5272 2068 5331 Cor.
2090 5275 2176 5345 in,
2223 5277 2279 5334 9.

673 5439 771 5518 fit)“
818 5439 989 5518 Clem.
1017 5439 1199 5518 norm,
1229 5443 1475 5518 epist.72,
1508 5461 1627 5518 cap.
1651 5448 1704 5503 4.

671 5512 778 5582 (10)
820 5512 987 5576 idem,
1010 5528 1095 5579 ep.
1131 5514 1181 5576 ί,
1211 5512 1328 5582 cap.
1355 5517 1444 5573 49.

823 5582 984 5653 idem,
1012 5582 1162 5653 ibid,
1192 5598 1311 5653 cap.
1340 5586 1390 5640 7.

669 5651 779 5716 (l‘Zl
823 5651 989 5720 Epist.
1022 5652 1076 5713 2,
1104 5668 1223 5719 cap.
1261 5651 1312 5708 ⁷1.

672 5722 780 5787 (l3)
822 5721 979 5787 Ibid,
1009 5738 1126 5792 cap.
1166 5723 1196 5778 6
1224 5732 1272 5778 et
1309 5724 1357 5778 7.

2325 5456 2436 5527 (η)
2474 5454 2644 5527 Epist.
2668 5458 2722 5518 2,
2754 5472 2873 5527 cap.
2902 5461 2983 5515 ll.

2324 5526 2435 5597 (l5)
2474 5526 2645 5597 Epist.
2673 5529 2724 5590 1,
2750 5526 2868 5597 cap.
2896 5531 2983 5584 52.

2324 5596 2436 5663 (ιδ)
2476 5596 2609 5649 Ibid.

2325 5666 2371 5737 (t
2387 5665 2438 5737 7)
2477 5665 2634 5737 lbid.,
2666 5682 2784 5737 cap.
2810 5668 2897 5721 53.

2324 5735 2435 5805 us)
2476 5735 2637 5793 1m.
2666 5735 2785 5809 cap.
2820 5739 2906 5793 si.
