4054 6320
168 306 277 364 165

602 419 631 491 5
673 421 761 477 lli.
806 419 879 475 De
921 421 1319 476 resurrectione.

243 511 573 572 Resurrectio
602 517 798 571 carnis.
828 545 897 556 --
918 513 993 571 De
1019 513 1421 571 resurrectione
1453 530 1747 586 corporum

166 606 455 677 expressis
499 608 750 665 terminis
800 606 1047 677 loquitur
1091 612 1317 661 sanctus
1354 604 1630 661 Clemens.
1678 603 1750 660 Ut

168 699 457 766 possimus
493 699 654 754 facile
690 697 906 754 veritati
935 696 1065 751 huic
1084 694 1242 750 fidem
1268 702 1552 767 praestare,
1578 694 1751 749 utitur

166 798 401 847 sanctus
458 791 545 845 hic
600 789 845 861 pontifex
883 791 939 845 in
980 788 1212 858 epistola
1258 790 1433 860 prima
1468 786 1748 858 aliquibus

167 886 659 951 similitudinibus,
696 899 820 956 quae
866 876 1104 939 humiles
1132 890 1281 948 sunt,
1309 890 1364 936 et
1396 882 1578 935 minus
1608 880 1751 950 peri-

165 984 358 1053 torum
389 984 609 1047 captum
652 989 763 1031 non
808 982 1088 1044 superant.
1130 970 1317 1027 Primo
1348 969 1403 1025 id
1446 969 1642 1040 probat
1680 983 1747 1024 ex

167 1068 291 1139 ipsa
314 1069 718 1125 resurrectione
743 1065 1064 1129 Salvatoris,
1094 1079 1158 1119 ac
1178 1063 1313 1120 dicit
1340 1061 1529 1118 Jesum
1581 1062 1747 1129 Chri-

169 1165 321 1215 stum
339 1161 647 1218 ostendisse
677 1159 833 1215 nobis
858 1159 911 1212 in
931 1173 1032 1214 sua
1055 1156 1460 1233 resurrectione
1479 1154 1749 1225 primitias

166 1252 601 1309 resurrectionis
647 1258 871 1307 nostras.
909 1249 1166 1305 Secundo
1214 1249 1412 1318 probat
1439 1248 1545 1303 hoc
1583 1248 1747 1303 ducta

167 1347 407 1417 paritate
437 1362 467 1401 a
503 1352 669 1400 nocte
696 1352 752 1400 et
780 1343 869 1399 die
896 1342 1004 1401 sibi
1043 1341 1278 1397 invicem
1322 1341 1747 1397 succedentibus

169 1437 323 1509 (i9);
353 1438 515 1494 tertio
540 1453 606 1493 ex
638 1435 959 1507 quotidiana
987 1433 1347 1506 experientia,
1386 1447 1499 1505 qua
1524 1433 1748 1503 conspi-

165 1528 352 1583 cimus
382 1527 556 1592 arida,
589 1536 644 1583 et
672 1524 820 1594 nuda
854 1524 1064 1581 semina
1093 1524 1149 1580 in
1179 1530 1384 1581 terram
1413 1524 1584 1595 jacta,
1631 1538 1747 1578 ma-

166 1635 277 1691 gna
304 1619 659 1691 providentiae
686 1617 903 1674 Domini
930 1616 1133 1673 virtute
1162 1630 1481 1687 exsurgere,
1525 1628 1592 1670 ac
1628 1613 1748 1669 fru-

165 1716 322 1764 ctum
350 1707 613 1779 proferre.

239 1796 517 1853 Fabulosa
543 1797 771 1852 historia
801 1793 1360 1863 phanicis.—¥Quarto
1379 1801 1447 1850 ex
1491 1793 1743 1851 fabulosa

165 1887 406 1943 historia
436 1887 708 1957 pbmnicis
736 1885 871 1957 (S0).
890 1886 951 1939 in
965 1884 1502 1949 orientalibusiocis,
1531 1885 1745 1941 scilicet

163 1980 222 2035 in
245 1980 661 2043 Arabia,tradit
677 1988 905 2035 sanctus
934 1978 1211 2045 Clemens,
1230 1986 1315 2035 est
1334 1979 1451 2037 avis
1472 1979 1601 2044 ista,
1622 1993 1743 2050 quae

160 2077 399 2124 vocatur
414 2070 662 2139 phtrnix,
694 2085 813 2142 quae
836 2069 1135 2141 singularis
1161 2077 1216 2125 et
1244 2070 1480 2143 unigena
1499 2070 1743 2128 existens

160 2177 344 2218 annos
361 2163 492 2217 vivit
516 2162 867 2233 quingentos.
892 2160 1029 2218 Cum
1051 2162 1164 2234 iam
1192 2171 1369 2219 morte
1397 2162 1743 2220 dissolvenda

158 2262 272 2319 est,
305 2254 544 2309 loculum
590 2254 693 2310 sibi
725 2254 948 2310 conﬁcit
989 2266 1020 2311 e
1047 2255 1230 2320 thure,
1276 2255 1499 2327 myrrha
1529 2261 1584 2311 et
1614 2255 1745 2312 reli-

158 2346 292 2416 quis
315 2346 672 2406 aromatibus.
702 2362 865 2418 quem
897 2347 1140 2403 loculum
1188 2348 1458 2418 completo
1498 2354 1752 2419 tempore

160 2436 471 2509 ingreditur
500 2444 563 2492 et
577 2436 716 2493 obit.
742 2435 821 2491 Ex
853 2452 1022 2493 carne
1064 2438 1186 2508 eius
1210 2437 1513 2509 putrefacta
1538 2438 1742 2497 vermis

159 2530 415 2586 nascitur
437 2529 686 2599 quidam,
715 2528 812 2599 qui
840 2529 1099 2586 animalis
1121 2528 1370 2585 defuncti
1392 2528 1625 2586 humore
1644 2546 1757 2585 nu-.

156 2624 330 2678 tritus
354 2621 669 2692 plumesclt,
698 2629 753 2677 et
772 2620 878 2676 alia
904 2620 1133 2693 pbmnix
1164 2622 1409 2678 omnium
1445 2622 1620 2681 oculis
1640 2638 1741 2696 ap-

159 2723 343 2787 paret.
400 2713 708 2769 Nonnullas
749 2713 885 2767 alias
916 2713 1088 2769 miras
1115 2712 1564 2769 circumstantias
1596 2713 1743 2769 reci-

159 2811 247 2858 tat
272 2803 341 2858 de
372 2803 624 2873 phoenice
658 2809 887 2859 sanctus
906 2799 1183 2867 Clemens,
1206 2816 1329 2871 quae
1364 2800 1531 2857 sicuti
1579 2800 1751 2858 modo.

159 2898 345 2954 allatas
392 2896 782 2951 commentitia:
838 2900 988 2951 sunt.
1051 2891 1264 2949 Erravit
1290 2907 1433 2965 ergo,
1466 2891 1739 2958 Pontifex,

160 2989 295 3046 dum
350 2989 665 3059 hujusmodi
705 2986 953 3043 historiae
993 2987 1210 3058 plenam
1257 2986 1418 3043 [idem
1457 2984 1736 3053 adhibuit;

156 3088 426 3137 cancrum
456 3080 659 3135 erravit
687 3086 813 3135 cum
854 3080 1137 3150 plerisque
1189 3077 1611 3149 spectatissimis
1640 3092 1742 3133 au-

156 3168 414 3226 ctoribus
431 3170 678 3233 vetustis,
697 3167 1026 3225 Christianis
1037 3183 1271 3241 nequeas
1297 3166 1740 3241 gentilibusf’ﬂ).

234 3258 442 3326 Quinto
484 3257 703 3314 tandem
742 3265 967 3314 sanctus
999 3255 1251 3312 Pontifex
1276 3255 1471 3327 probat
1498 3270 1746 3321 resurre-

154 3352 400 3410 ctionem
435 3358 772 3407 mortuorum
809 3351 878 3407 iis
914 3350 1213 3421 Scriptura:
1258 3348 1417 3414 locis,
1449 3348 1507 3409 in
1544 3347 1745 3419 quibus

156 3458 347 3501 sermo
369 3450 463 3499 est
485 3442 553 3497 de
580 3442 683 3497 hac
705 3441 952 3506 veritate,
983 3442 1162 3511 iisque
1180 3440 1356 3496 utitur
1377 3439 1658 3511 aptissime
1676 3436 1744 3499 ad

156 3536 327 3593 Mem
353 3543 410 3591 et
435 3549 586 3605 spem
613 3549 777 3604 super
812 3533 962 3589 hunc
996 3532 1287 3589 articulum
1316 3532 1373 3587 in
1410 3526 1568 3589 nobis
1596 3522 1745 3586 caci;-

156 3626 415 3684 tandum.
433 3625 594 3692 Deus,
614 3625 704 3697 qui
726 3641 789 3681 ne
804 3624 1119 3679 mentiamur
1137 3624 1403 3694 praecepit,
1427 3623 1643 3695 egregie
1664 3626 1743 3678 ait

159 3720 257 3776 ille
282 3718 421 3791 (22),
444 3718 609 3773 multo
636 3717 808 3788 magis
827 3732 935 3775 non
959 3716 1229 3772 mentitur.
1251 3714 1403 3770 Nihil
1430 3716 1616 3785 quippe
1636 3714 1745 3770 Deo

159 3810 509 3879 impossibile,
535 3794 885 3882 praeterquam
918 3808 1150 3882 mentiri.
1184 3805 1551 3865 Exsuscitetur
1570 3809 1747 3879 itaque

158 3900 220 3953 in
248 3898 400 3953 nobis
422 3879 554 3967 ﬁdes
575 3897 713 3967 ejus,
740 3879 1020 3954 concludit
1040 3898 1180 3969 ipse,
1208 3905 1266 3955 et
1286 3899 1572 3969 cogitemus
1608 3898 1747 3969 quod

158 3990 473 4058 miaipsi
514 3991 803 4061 propinqua
848 3998 977 4047 smt.
1026 3988 1093 4044 In
1139 3989 1294 4046 uerbo
1344 3990 1747 4063 magniﬁcentia

160 4096 277 4135 suc
301 4079 800 4145 constituitomnia,
834 4088 885 4135 et
918 4080 973 4135 in
1003 4078 1156 4135 verbo
1178 4088 1347 4149 potest
1375 4081 1473 4135 illa
1501 4090 1751 4137 evertere.

161 4170 302 4226 Cum
328 4171 515 4235 soluit,
552 4177 708 4240 atque
748 4180 809 4224 ut
855 4170 1042 4234 coluit,
1082 4170 1261 4226 omnia
1305 4170 1537 4225 condidit
1585 4170 1743 4243 (25):

161 4277 328 4329 neque
354 4261 637 4332 quidquam
674 4255 740 4315 ab
765 4278 825 4316 eo
851 4260 1113 4318 decretum
1139 4261 1426 4331 prceteribit
1452 4276 1473 4317 :
1503 4262 1747 4318 uniuersa

161 4368 347 4405 coram
380 4353 492 4420 ipso
528 4361 669 4417 sunt,
712 4352 943 4424 nihilque
981 4353 1258 4408 comitium
1302 4354 1418 4423 ejus
1455 4353 1601 4410 latet.
1633 4354 1748 4411 Hac

1404 302 1746 372 PROGIMIA
1782 302 2163 364 YARlORUM.

1773 425 1819 483 Α
1845 424 2015 479 altera
2043 440 2174 481 vero
2203 426 2549 496 omnipotens
2578 433 2683 492 est,
2706 434 2765 483 ut
2794 442 2916 499 qua:
2960 429 3233 500 promisit,
3259 430 3441 489 adim-

3336 308 3439 367 ιεθ

1848 516 1994 586 pleat
2022 534 2037 573 :
2070 533 2202 590 ergo
2226 518 2432 591 absque
2482 519 2593 574 ulla
2635 525 3010 579 controversia
3055 538 3287 595 corpora
3328 540 3441 581 no-

1848 615 1963 663 stra
2005 619 2312 683 resurgent.
2362 611 2762 685 Argumentum
2811 614 2936 680 hoc,
2983 615 3161 670 dicam
3212 616 3435 685 iterum,

1849 702 2116 773 cujusque
2138 704 2404 760 increduli
2440 706 2807 777 pervicaciam
2833 717 3129 778 expugnat.

1920 793 1987 849 In
1997 796 2211 866 propria
2222 813 2380 851 carne
2392 800 2586 852 mortui
2600 797 3025 869 resurgent.--In
3040 800 3279 855 secunda
3297 817 3437 858 vero

1846 886 1961 958 (2b)
1990 886 2219 957 epistola
2242 900 2500 957 expresse
2522 889 2740 954 asserit,
2773 888 2917 957 quod
2948 888 3004 942 in
3028 890 3246 960 propria
3271 907 3437 949 carne

1850 987 2039 1033 nostra
2063 994 2433 1051 resurgemus,
2453 982 2676 1051 proprio
2697 989 2887 1036 nostro
2908 995 3139 1051 corpore
3164 982 3435 1039 bonorum

1846 1083 2077 1139 operum
2105 1071 2410 1125 mercedem
2434 1070 2780 1142 recipiemus.
2809 1069 2923 1125 Nos
2957 1072 3011 1125 in
3039 1072 3138 1126 hac
3166 1078 3345 1138 carne,
3377 1075 3439 1130 tv

1846 1158 2019 1229 ταύτῃ
2060 1160 2127 1229 τῇ
2172 1158 2364 1231 σαρκί.
2395 1159 2681 1213 mercedem
2728 1160 3057 1227 recipiemus.
3114 1159 3335 1215 Summa
3377 1162 3437 1217 in

1846 1265 2015 1323 parvo
2044 1248 2149 1304 hoc
2187 1257 2335 1307 textu
2367 1250 2617 1320 praecisio
2645 1251 2939 1320 reperitur,
2980 1257 3035 1305 et
3083 1251 3217 1305 nulli
3263 1248 3430 1324 tergi;

1848 1340 2145 1396 versationi
2177 1339 2333 1395 locus
2372 1346 2640 1396 remanet.

2157 1428 2185 1501 ς
2221 1428 2310 1484 iV.
2344 1429 2423 1484 De
2452 1426 2748 1484 hierarchia
2772 1430 3150 1485 ecclesiastica.

1917 1518 2159 1575 Plurima
2179 1519 2324 1576 haud
2352 1520 2489 1577 levis
2508 1522 2768 1576 momenti
2784 1520 2950 1576 tradit
2963 1528 3215 1577 vetustus
3228 1520 3317 1576 hic
3329 1520 3440 1576 Pa-

1844 1614 2087 1669 tercirca
2106 1613 2540 1670 ecclesiasticum
2566 1613 2836 1675 ordinem.
2894 1612 3078 1669 Primo
3106 1614 3222 1667 vult
3249 1614 3437 1671 omnia

1849 1704 1907 1759 in
1934 1704 2179 1761 Ecclesia
2229 1704 2482 1759 ordinate
2527 1703 2667 1759 ﬁeri.
2699 1701 2926 1768 Cuncta,
2966 1704 3148 1774 inquit
3176 1703 3268 1759 ille
3295 1704 3438 1776 (25),

1845 1797 2031 1853 ordine
2061 1795 2308 1852 debemus
2330 1796 2526 1866 facere,
2558 1811 2677 1865 quce
2709 1812 2803 1849 nos
2838 1795 3100 1863 Dominus
3118 1796 3287 1865 jussit
3314 1813 3438 1867 per—

1844 1904 2038 1960 agere:
2069 1890 2283 1943 statutis
2326 1886 2646 1958 temporibus
2677 1887 2966 1941 oblationes
3009 1895 3059 1941 et
3102 1888 3271 1957 oﬂicia
3316 1903 3432 1957 per-

1843 1982 1954 2051 ﬁci,
2000 1997 2177 2051 neque
2210 1989 2397 2034 temere
2426 1979 2503 2034 vel
2534 1978 2836 2033 inordinate
2884 1980 3002 2048 fieri
3053 1981 3318 2049 praeepit,
3343 1980 3437 2035 sed

1842 2074 2121 2143 praeﬁnitis
2149 2070 2469 2140 ternporibus
2496 2078 2548 2124 et
2573 2069 2716 2127 horis
2740 2085 2757 2123 :
2780 2068 2869 2123 ubi
2895 2072 3056 2124 etiam
3087 2080 3139 2125 et
3182 2088 3215 2125 a
3244 2070 3436 2142 quibus

1843 2163 2097 2234 celebrari
2123 2165 2253 2229 vult,
2287 2163 2397 2233 ipse
2437 2177 2537 2217 sua
2563 2160 3007 2216 excellentissima
3038 2161 3306 2217 voluntate
3343 2162 3440 2217 do-

1843 2256 2035 2327 finivit,
2062 2265 2121 2310 ut
2151 2273 2280 2327 pure
2306 2265 2371 2329 et,
2398 2262 2576 2321 sancte
2622 2258 2801 2308 omnia
2828 2252 2973 2321 facta
3003 2254 3058 2310 in
3087 2254 3434 2324 beneplacito,

1843 2338 2057 2419 accepta
2096 2357 2269 2404 essent
2308 2348 2567 2403 uoluntati
2608 2347 2747 2417 ejus.
2793 2346 3019 2418 Semper
3046 2348 3214 2419 igitur
3243 2347 3299 2403 in
3330 2346 3440 2402 an

1842 2438 2007 2495 clesia
2061 2454 2161 2510 pro
2210 2438 2579 2495 celebratione
2630 2438 2801 2495 divini
2843 2437 3105 2494 sacrificii
3159 2439 3437 2509 assignata

1842 2529 2069 2587 fuerunt
2098 2529 2238 2594 loca,
2267 2538 2513 2600 tempora
2544 2545 2609 2587 ac
2637 2545 2904 2601 personae.

1914 2619 2089 2694 Magis
2115 2628 2297 2677 autem
2336 2621 2531 2693 instat,
2567 2622 2749 2693 quoad
2777 2620 3204 2678 ecclesiasticam
3236 2617 3440 2675 subor-

1842 2710 2176 2768 dinationem
2201 2728 2216 2766 :
2249 2708 2469 2781 summa
2498 2710 2697 2782 quippe
2723 2709 3009 2774 sacerdoti,
3050 2711 3125 2764 ait
3173 2708 3264 2765 ille
3293 2709 3434 2781 (26),

1842 2819 1941 2858 sua
1969 2804 2153 2857 munia
2191 2800 2399 2878 tributa
2444 2810 2590 2869 sunt,
2638 2811 2688 2857 et
2735 2800 3094 2857 sacerdotibus
3128 2800 3271 2855 locus
3308 2815 3435 2869 pro—

1839 2895 1987 2965 prius
2011 2895 2317 2964 assignatus
2345 2902 2445 2959 est,
2476 2900 2526 2948 et
2559 2894 2732 2949 lenitis
2776 2910 2875 2948 sua
2906 2893 3202 2947 ministeria
3227 2894 3437 2945 incum.

1842 2989 2006 3051 bunt;
2030 2985 2184 3041 homo
2216 2985 2404 3052 laicus,
2425 2984 2609 3049 λαῑκδς
2641 2984 2946 3056 ἄνθρωπος,
2976 2984 3251 3053 praeceptis
3281 2982 3436 3037 laicis

1846 3076 2243 3149 constringitur.
2273 3074 2351 3132 Ex
2380 3077 2582 3147 quibus
2628 3076 2905 3132 concludit
2944 3074 3057 3147 (27)
3085 3092 3100 3129 :
3139 3072 3437 3144 Unusquis-

1843 3184 1943 3241 que
1969 3176 2219 3233 cestrum.
2249 3167 2467 3237 fratres,
2490 3168 2545 3222 in
2569 3176 2715 3221 statu
2737 3183 2833 3221 suo
2859 3167 3061 3238 gratias
3086 3164 3195 3220 Deo
3216 3164 3434 3230 habent,

1844 3259 1901 3314 in
1932 3258 2068 3327 bona
2098 3260 2419 3317 conscientia
2456 3260 2667 3330 degens,
2698 3275 2803 3313 non
2853 3256 3242 3329 transgrediens
3294 3271 3434 3323 pra:-

1845 3350 2099 3421 scriptam
2130 3351 2362 3406 muneris
2387 3352 2472 3406 sui
2494 3349 2749 3421 regulam,
2778 3348 2833 3403 in
2864 3348 3151 3403 honestate.
3178 3346 3435 3404 Conside-

1845 3457 2019 3498 remus
2061 3458 2172 3507 eos,
2198 3440 2383 3496 habet
2413 3437 2544 3509 ipse
2587 3437 2719 3492 alibi
2759 3436 2896 3508 (28),
2926 3435 3017 3508 qui
3080 3432 3175 3489 sub
3211 3433 3437 3491 ducibus
3510 3483 3514 3488 .

1844 3535 2041 3591 nostris
2086 3540 2305 3599 merent,
2336 3546 2498 3602 quam
2535 3529 2798 3594 ordinate,
2820 3544 2989 3599 quam
3010 3536 3242 3590 strenue,
3272 3540 3433 3597 want

1845 3627 2103 3685 submisse
2124 3614 2386 3695 imperata
2402 3619 2781 3700 exsequantur.
2806 3618 2931 3674 Non
2949 3634 3127 3673 omnes
3147 3625 3269 3671 sunt
3293 3632 3436 3686 prte-

1846 3719 1990 3790 fecti,
2016 3733 2177 3789 neque
2223 3715 2442 3779 tribuni,
2490 3728 2652 3783 neque
2691 3709 3042 3775 centuriones,
3067 3724 3229 3778 neque
3275 3707 3434 3778 quin-

1845 3812 2099 3886 quaginta
2126 3810 2356 3866 militum
2374 3806 2632 3878 prcefecti,
2670 3820 2833 3875 neque
2860 3802 3283 3873 consequentium
3305 3816 3434 3872 gra-

1846 3896 2044 3968 duum;
2077 3900 2166 3958 sed
2190 3899 2549 3970 unusquisque
2591 3897 2648 3951 in
2681 3911 2776 3950 suo
2810 3892 2992 3949 ordine
3029 3892 3093 3946 ab
3120 3893 3435 3961 imperatore

1845 4006 1895 4051 et
1917 3992 2140 4049 ducibus
2167 3988 2426 4047 mandata
2455 3988 2679 4059 peragit.
2722 3984 2863 4042 Hinc
2895 3983 3223 4053 conjicimus
3250 3976 3433 4055 qualis

1846 4093 1993 4144 esset
2021 4084 2215 4157 primis
2258 4081 2520 4138 Ecclesia;
2552 4078 2891 4150 temporibus
2926 4074 3328 4141 subordinatio,
3368 4075 3429 4132 in

1846 4175 2154 4243 ministerio
2205 4180 2261 4231 et
2302 4170 2715 4245 ecclesiasticis
2746 4168 3138 4239 dignitatibus;
3181 4164 3428 4238 episcopi

1846 4270 2057 4328 scilicet
2085 4266 2397 4325 eminebant
2432 4278 2598 4335 super
2644 4261 2921 4333 simplices
2965 4258 3299 4324 sacerdotes,
3327 4272 3427 4315 sa-

1847 4358 2097 4416 cerdotes
2120 4370 2255 4415 vero
2300 4342 2466 4427 super
2490 4353 2775 4419 diaconos,
2813 4361 2867 4409 et
2904 4351 3204 4425 generatim
3234 4348 3426 4407 clerici

164 4443 645 4511 doctrina,veritas
699 4444 768 4499 de
793 4460 901 4516 qua
925 4444 1158 4516 agimus,
1184 4460 1304 4502 mea
1341 4446 1598 4517 opinione
1628 4447 1747 4529 evi-
1778 4472 1824 4529 Β
1849 4460 2013 4517 super
2041 4446 2234 4511 laicos.

163 4536 487 4593 (iustissime
522 4536 873 4607 comprobata
918 4545 1025 4595 est.
1070 4537 1417 4611 impossibile
1458 4548 1545 4596 est
1582 4525 1746 4611 hujus

164 4628 474 4700 argumenti
500 4628 609 4684 vim
635 4643 743 4683 non
772 4630 1006 4697 sentire;
1038 4628 1183 4685 Deus
1209 4629 1266 4685 in
1294 4627 1594 4701 Scripturis
1630 4634 1748 4689 suis

163 4735 459 4793 corporum
494 4722 950 4777 resurrectionem
979 4720 1242 4791 spondet;
1276 4720 1372 4778 sed
1413 4721 1558 4779 Deus
1595 4716 1749 4780 men-

163 4812 261 4869 tiri
289 4812 500 4883 nequit,
530 4814 659 4884 quia
694 4813 811 4885 ipse
839 4811 1055 4868 Veritas
1091 4820 1177 4869 est
1212 4827 1278 4868 ex
1308 4827 1417 4869 una
1444 4821 1638 4885 parte;
1680 4831 1749 4877 ex

239 5006 352 5079 (19)
392 5004 516 5060 Dies
546 5014 595 5060 et
615 5005 909 5079 nos:_no_bis
952 5005 1386 5079 resurrectionem
1415 5004 1694 5079 declarant
1721 5024 1744 5065 ,-

165 5074 498 5131 cubat'nox?
529 5077 765 5145 exsurgit
792 5075 901 5135 dies
922 5090 939 5136 ;
967 5074 1078 5128 dies
1102 5076 1256 5130 abit?
1281 5090 1386 5145 nos:
1406 5075 1635 5145 aduenit.
1652 5077 1743 5130 Υἱὲ

165 5148 385 5201 minus
413 5144 587 5217 fruges
610 5159 629 5217 ξ
654 5144 935 5200 seminatio
962 5145 1117 5217 grani
1148 5144 1406 5217 quomodo
1430 5146 1546 5217 ﬁat.
1591 5144 1743 5200 Exiit

168 5218 476 5279 seminator,
505 5215 572 5270 'et
603 5216 732 5284 jecit
775 5231 947 5268 semen
985 5215 1039 5285 in
1095 5226 1311 5285 terram,
1348 5215 1615 5285 jactisque
1660 5234 1743 5271 se-

169 5286 417 5350 minibus,
454 5302 570 5356 quar
622 5286 778 5356 arida
812 5296 864 5339 et
909 5284 1054 5356 nuda
1093 5284 1389 5350 ceciderunt
1426 5286 1478 5339 in
1521 5284 1740 5356 terram,

165 5354 561 5433 dissolvuntur;
597 5354 783 5433 deinde
805 5373 869 5409 ea
902 5370 968 5409 ea:
988 5355 1358 5433 dissolutione,
1392 5372 1587 5426 magna
1631 5355 1741 5433 Dq—

168 5428 298 5481 mini
324 5426 666 5495 providentia
691 5436 922 5494 potestas
974 5427 1291 5495 resuscitgt:
1341 5436 1496 5495 atque
1534 5441 1599 5478 ex
1637 5426 1742 5480 uno

167 5493 398 5568 fructum
430 5498 668 5568 pluribus
695 5493 918 5568 auctum
945 5495 1165 5565 profert.
1198 5493 1371 5567 Epist.
1400 5493 1454 5561 1,
1484 5510 1611 5567 cap.
1648 5498 1740 5554 24.

180 5566 826 5651 'l29lL9l9--°“P-9.5-
919 5636 965 5651 ..
1216 5566 1255 5648 ,ί
1720 5638 1733 5651 .

208 5636 714 5764 [φηᾝιιεῐηοηῃ
762 5644 894 5692 tom.
919 5636 985 5700 II,
1034 5635 1311 5691 Memoires
1338 5652 1472 5705 pour
1504 5637 1668 5719 serpir
1709 5638 1742 5691 ὰ

164 5710 201 5765 l‘
261 5720 444 5764 sstasre
482 5708 646 5764 ecclls
681 5748 695 5775 ,
738 5721 857 5781 pag.
908 5708 1029 5773 H7,
1076 5708 1354 5772 observat,
1384 5707 1442 5761 S.
1477 5707 1739 5779 Cyrillum

1919 4537 2109 4595 Missio
2137 4537 2495 4611 apostolorum
2524 4546 2575 4593 et
2595 4536 2976 4607 episcoporum,
3006 4535 3097 4607 qui
3122 4536 3175 4590 in
3193 4535 3428 4606 [illorum

1838 4630 2022 4719 locum
2044 4630 2252 4700 suﬂ'ecti
2277 4638 2419 4685 sunt.
2446 4658 2517 4671 —-
2541 4627 2809 4697 Quoniam
2832 4627 2904 4682 de
2937 4627 3310 4684 ecclesiastico
3332 4642 3427 4683 or-

1846 4717 1975 4776 dine
2020 4719 2314 4791 loquimur,
2368 4718 2423 4774 id
2469 4719 2525 4774 in
2576 4719 2811 4775 medium
2856 4717 3050 4773 afferre
3097 4733 3422 4790 possumus,

1846 4810 1993 4881 quod
2021 4811 2181 4867 docet
2224 4817 2455 4869 sanctus
2480 4809 2734 4890 Clemens
2760 4810 2908 4871 circa
2939 4793 3255 4866 missionem
3286 4823 3424 4880 apo-

1847 5007 2403 5082 Hierosolymitanum
2451 5010 2597 5082 inter
2637 5017 2864 5082 caeteros
2904 5008 3008 5082 hoc
3036 5022 3217 5082 pnsum
3250 5004 3423 5082 fuisse

1847 5080 1958 5159 divi
1979 5077 2275 5159 Clementis
2309 5082 2469 5159 l_oco;_
2494 5079 2708 5159 absque
2732 5086 2819 5159 eo,
2853 5078 2997 5159 quod
3034 5077 3423 5159 illnm_erro_ris

1847 5152 2128 5221 insimulet
2156 5168 2168 5204 :
2194 5146 2839 5221 quodquidem'peregit
2866 5146 2919 5201 in
2953 5164 3052 5204 sua
3079 5146 3300 5203 Cathes.
3330 5146 3420 5203 i8.

1939 5221 2031 5286 22)
2065 5218 2239 5290 Epist.
2274 5222 2297 5276 1
2336 5218 2739 5290 Clementicap.
2763 5218 2853 5276 27.

1939 5292 2030 5352 23)
2060 5286 2283 5357 Quando
2314 5292 2422 5345 vult
2449 5299 2498 5344 et
2521 5286 2774 5355 quomodo
2802 5289 2930 5355 uult,
2960 5288 3137 5342 omnia
3166 5286 3342 5355 facies.

1939 5361 2031 5431 24)
2066 5362 2237 5431 Epist.
2264 5361 2319 5431 2,
2347 5376 2466 5430 cap.
2498 5360 2553 5431 9.

1941 5428 2032 5497 25)
2063 5428 2235 5500 Epist.
2268 5428 2321 5495 1,
2347 5428 2468 5501 cap.
2493 5430 2583 5485 10.

1939 5502 2031 5572 26)
2063 5502 2197 5572 ibid.

1937 5570 2029 5640 27)
2058 5571 2221 5635 lbid-.,
2246 5586 2367 5640 cap.
2390 5570 2482 5624 si.

1939 5575 2029 5714 27;
2058 5575 2221 5652 Ibid,
2246 5586 2367 5640 cap.
2390 5575 2482 5624 si.

1939 5642 2008 5697 28
2064 5641 2225 5711 lbid.,
2251 5656 2372 5713 cap.
2409 5640 2499 5696 57.

1915 5430 1936 5716 Ξ
