4070 6316
665 352 758 406 i7!
1767 342 1857 397 AD
1899 345 1955 399 S.
1994 340 2233 396 CLEME

2331 340 2417 394 ΕΜ
2457 339 2475 393 l
2515 339 2744 395 ΡΑΡΑΜ

3805 342 3910 396 ΓΗ.

664 474 862 523 secula
897 474 1046 522 certo
1067 476 1309 536 tempore
1341 464 1394 517 in
1425 461 1654 534 publicis
1683 462 2041 516 conventibus
2071 461 2230 515 Chri-
2257 466 2304 520 Α
2332 457 2568 513 Joannes
2607 457 2890 528 apostolus
2921 466 2975 511 ct
2997 457 3332 525 evangelista
3352 495 3370 521 ,
3415 456 3652 510 dilectus
3696 454 3907 508 Christi

663 565 968 618 stianorum‘
993 561 1134 613 lecta
1158 551 1346 619 fuerit,
1382 562 1543 626 prout
1568 570 1631 608 ex
1662 553 1920 624 Dionysio
1942 552 2232 609 Corinthio

663 658 887 710 enarrat
941 647 1248 715 Eusebius,
1285 655 1340 702 et
1368 661 1470 703 suo
1513 645 1691 700 adhuc
1731 652 1976 714 tempore
2029 644 2232 698 factum

661 761 788 801 esse
816 742 1370 812 divusﬂieronymus
1397 745 1629 794 testatur
1655 756 1668 792 :
1702 737 2024 806 spectabant
2040 751 2233 805 nempe

661 837 933 892 Corinthii
965 835 1107 889 hanc
1143 832 1432 903 epistolam
1463 839 1721 900 tanquam
1750 827 2108 883 fortissimum
2135 841 2233 881 an-

663 931 899 986 tidotum
945 927 1203 981 adversus
1252 924 1463 977 futuras
1507 920 1834 986 seditiones;
1861 917 2233 988 deprehende-

662 1025 795 1080 bant
825 1025 980 1095 plura
1000 1024 1062 1077 in
1101 1038 1164 1077 ea
1205 1035 1374 1077 sacra:
1413 1019 1713 1088 Scriptura:
1750 1017 1869 1070 loca
1903 1014 2106 1070 clarius
2132 1029 2230 1068 ex—

663 1120 866 1192 posita,
899 1126 954 1173 et
985 1117 1227 1171 moribus
1269 1113 1626 1169 emendandis
1669 1111 1900 1166 feliciter
1938 1109 2180 1164 adhibita
2213 1126 2226 1162 :

661 1211 1014 1268 inveniebant
1064 1208 1396 1278 apostolicas
1437 1204 1759 1259 traditiones
1800 1218 1830 1255 a
1873 1199 2231 1256 celeberrimo

661 1304 1031 1375 apostolorum
1054 1301 1323 1370 discipulo
1349 1298 1451 1354 sibi
1481 1296 1855 1365 conscriptas;
1887 1293 2136 1364 legebant
2173 1292 2234 1346 in

656 1397 849 1453 eadem
881 1398 1029 1466 leges
1057 1393 1360 1463 disciplinae
1396 1386 1511 1459 jam
1553 1389 1622 1442 ab
1662 1402 1790 1449 aevo
1820 1384 2118 1456 apostolico
2145 1383 2231 1436 in-

659 1489 978 1556 troductas;
1027 1497 1188 1557 atque
1227 1493 1311 1542 sat
1347 1484 1493 1539 clare
1524 1498 1590 1536 ex
1619 1480 1807 1537 eadem
1837 1477 2099 1532 Romana:
2128 1475 2232 1530 Ec-

658 1585 842 1638 (διεξίω
895 1598 1060 1652 supra
1107 1589 1333 1635 caeteras
1373 1576 1702 1647 colligebant
1751 1570 2228 1644 principalitatem.

657 1677 769 1731 Cur
797 1675 940 1730 enim
975 1672 1214 1728 Ecclesia
1244 1669 1525 1725 Corinthia
1550 1667 1622 1720 ad
1651 1665 1951 1720 Romanam
1983 1660 2229 1730 confugit

657 1762 988 1835 Eeclesiam;
1018 1765 1124 1821 nisi
1158 1764 1210 1818 in
1238 1762 1340 1816 hac
1369 1761 1485 1832 ipsa
1513 1757 1768 1830 superius
1801 1753 2074 1825 quoddam
2104 1765 2227 1805 ma-

656 1860 959 1931 gisterium,
984 1864 1077 1912 aut
1107 1853 1515 1912 eminentiorem
1537 1849 1826 1921 quamdam
1852 1845 2228 1901 auctoritatem

653 1949 1004 2021 agnovisset?
1047 1948 1237 2002 Nonne
1279 1945 1506 2000 aderant
1534 1941 1845 2011 complures
1892 1939 2051 2008 longe
2091 1935 2229 1989 viei-

656 2043 846 2098 niorcs
891 2039 1151 2096 Ecclesiae
1190 2039 1395 2110 pariter
1436 2035 1505 2091 ab
1533 2033 1795 2105 apostolis
1837 2030 2115 2092 fundatas,
2160 2025 2257 2081 ad

655 2150 795 2206 quas
827 2133 1120 2205 confugere
1146 2134 1303 2203 longe
1335 2130 1550 2185 facilius
1575 2127 1857 2198 potuisset,
1891 2124 1937 2178 si
1973 2121 2231 2192 agnovis~

655 2237 738 2283 set
766 2231 817 2281 in
849 2227 930 2283 eis
955 2225 1217 2296 aequalem
1245 2223 1469 2277 omnino
1506 2234 1628 2296 eum
1651 2216 1895 2271 Romana
1933 2213 2231 2268 auctorita-

654 2319 805 2374 tem?
852 2294 1041 2373 Nonne
1081 2317 1173 2372 illo
1207 2325 1482 2385 tempore,
1507 2294 1625 2382 'quo
1654 2309 1900 2364 Ecclesia
1941 2304 2226 2362 Corinthia

657 2412 726 2468 ad
758 2411 1056 2464 Romanam
1094 2397 1359 2476 confugit,
1401 2403 1469 2457 ad
1498 2401 1713 2472 imperii
1759 2399 1970 2452 clavum
2005 2396 2229 2452 sedebat

655 2486 1022 2565 Domitianus,
1057 2513 1394 2571 persequens
1423 2494 1723 2551 crudeliter
1749 2491 2095 2547 Christianos
2115 2529 2132 2564 ,
2170 2489 2225 2543 in

655 2597 792 2653 urbe
821 2591 1066 2649 Romana
1097 2590 1442 2662 potissimum
1483 2586 1772 2640 dominans
1799 2590 1850 2636 et
1880 2580 2226 2635 Christianos

655 2689 857 2744 ibidem
879 2686 1186 2756 exagitans,
1217 2690 1276 2737 ut
1297 2698 1364 2736 ex
1395 2679 1628 2734 Eusebio
1656 2675 1955 2734 discimus?
1975 2673 2087 2727 Cur
2103 2686 2226 2727 cum

652 2790 808 2835 tanto
858 2775 1101 2851 periculo
1141 2775 1271 2830 illuc
1311 2774 1517 2844 legatos
1564 2776 1657 2822 aut
1699 2768 1889 2822 saltem
1940 2764 2229 2835 epismlam

654 2873 846 2936 mittit,
886 2869 991 2925 nisi
1013 2867 1308 2924 Eeclesiam
1340 2863 1662 2926 Romanam,
1695 2858 2027 2928 reliquarum
2057 2853 2230 2923 magi-

653 2974 826 3021 stram
863 2964 1062 3018 fuisset
1114 2953 1626 3014 venerata?Nonne
1675 2950 1778 3004 hoc
1825 2949 1943 3017 ipso
1973 2953 2230 3015 tempore

653 3056 922 3112 ﬂorebant
967 3053 1105 3108 varii
1159 3050 1339 3128 adhuc
1387 3045 1675 3117 apostolici
1738 3042 1875 3105 viri,
1935 3045 1989 3094 et
2042 3038 2228 3109 plures

653 3147 865 3204 Christi
895 3156 949 3201 et
972 3126 1339 3215 apostolorum
1368 3135 1671 3209 discipuli?
1700 3134 1764 3188 ad
1797 3146 1935 3203 quos
1965 3132 2125 3199 longe
2147 3126 2227 3181 fa-

653 3239 815 3294 cilius
855 3237 1121 3308 potuisset
1151 3230 1448 3287 accedere?
1477 3245 1576 3283 cur
1603 3228 1671 3281 ab
1703 3225 1852 3280 hisce
1899 3237 2009 3277 non
2051 3220 2232 3290 potius

653 3329 921 3386 auxilium
951 3323 1123 3396 petit?
1165 3321 1273 3377 nisi
1317 3321 1399 3376 vel
1426 3319 1480 3373 lii
1512 3317 1617 3388 ipsi
1646 3332 1676 3370 a
1705 3313 1956 3368 Romana
1987 3308 2229 3365 Ecclesia

656 3419 949 3493 quamdam
987 3411 1402 3497 dependentiam
1455 3408 1687 3464 fuissent
1732 3404 2003 3478 professi;
2050 3414 2253 3458 nonne.

659 3515 756 3570 ille
785 3513 921 3584 ipse,
948 3493 1193 3579 iniquem
1240 3505 1556 3560 fundaverat
1583 3516 1738 3557 suam
1775 3497 2078 3552 Ecclesium
2111 3493 2233 3548 Sal-

653 3614 815 3660 vator
844 3606 1032 3657 noster
1057 3597 1217 3654 Jesus
1248 3596 1520 3656 Christus,
1563 3590 1742 3663 quoad
1764 3602 2054 3660 personam
2072 3599 2230 3641 suam

650 3697 764 3768 jam
814 3693 1105 3749 defunctus
1138 3695 1270 3743 erat
1324 3701 1446 3741 cum
1496 3685 1624 3739 divo
1669 3678 1839 3737 Paulo
1891 3681 2253 3736 zelosissimo-

653 3787 893 3859 gentium
947 3781 1188 3857 apostolo
1207 3781 1231 3835 τ
1252 3787 1305 3834 et
1337 3778 1692 3834 nihilominus
1721 3776 1790 3829 ab
1817 3774 2007 3830 eadem
2039 3772 2261 3827 Eccle-..

569 3902 578 3917 ν
655 3879 762 3943 sia,
812 3877 868 3935 in
903 3889 1008 3945 qua
1041 3871 1244 3927 crudeli
1290 3869 1669 3939 persecutione
1709 3866 1878 3936 vitam
1931 3870 2231 3935 posuerant

654 3957 818 4025 ambo
849 3964 1103 4038 apostoli,
1136 3959 1438 4017 subsidium
1461 3969 1515 4015 et
1549 3959 1960 4015 instructionem
1987 3965 2233 4026 tempore

656 4059 947 4123 seditionis
972 4062 1025 4111 et
1066 4054 1430 4109 contentionis
1499 4052 1641 4106 inter
1692 4052 1841 4120 ipsos
1883 4049 2231 4104 Christianos

657 4160 861 4210 exorta:
887 4155 1020 4221 petit
1051 4147 1294 4202 Ecclesia
1333 4144 1649 4200 Corinthia!
1688 4152 1740 4198 et
1778 4158 1876 4197 cur
1909 4141 2040 4195 illud
2066 4181 2079 4204 ,
2122 4140 2229 4196 nisi

657 4244 716 4299 in
743 4244 859 4314 ipsa
878 4242 1119 4295 Ecclesia
1149 4238 1394 4294 Romana
1434 4242 1759 4308 potestatem
1802 4234 1912 4289 divi
1958 4231 2105 4288 Petri
2135 4233 2230 4287 ad-

656 4338 768 4395 huc
809 4345 923 4389 tum
952 4335 1136 4404 vigere
1166 4328 1446 4388 novisset?
1467 4337 1521 4385 et
1550 4329 1791 4392 demum,
1828 4327 1994 4390 unde,
2021 4339 2227 4395 quaeso,

658 4438 849 4486 tantus
897 4427 1026 4483 huic
1068 4425 1310 4496 epistola:
1351 4422 1816 4496 Clementis,_aut
1858 4416 2229 4474 Romanorum

2334 552 2639 622 discipulus
2663 590 2678 613 ,
2710 551 2802 619 qui
2835 549 2917 619 (ut
2944 550 3132 618 plirasi
3165 547 3424 602 Ecclesite
3455 548 3669 617 loquar)
3707 547 3911 614 ﬂuenta

2335 642 2607 712 Evangelii
2634 642 2698 695 de
2727 643 2838 707 ipso
2863 659 3018 695 sacro
3055 640 3318 694 Dominici
3341 641 3566 709 pectoris
3597 638 3740 706 fonte
3761 647 3912 706 pota-

2333 736 2440 798 vit,
2485 735 2578 803 qui
2625 748 2790 803 perm
2819 740 3057 786 testante
3081 732 3204 786 divo
3237 716 3570 802 Hieronymo
3609 729 3721 798 (38)
3763 737 3912 781 totas

2332 825 2475 880 Asia:
2517 825 2797 890 fundavit,
2847 824 3100 894 rexitque
3129 821 3411 877 Ecclesias
3446 841 3459 875 :
3494 820 3680 873 Romae
3726 828 3914 872 autem

2329 916 2442 987 jam
2473 917 2734 987 martyrio
2771 914 3005 969 affectos
3032 930 3156 969 esse
3184 914 3341 968 divos
3375 912 3654 982 apostolos
3683 909 3911 964 Petrum

2333 1018 2386 1064 et
2416 1007 2681 1074 Paulum,
2714 1009 2767 1062 id
2804 1016 2953 1063 certe
2983 1007 3285 1061 Ecclesium
3315 1005 3653 1060 Corinthiam
3686 1003 3914 1056 minime

2331 1101 2554 1154 latebat.
2600 1099 2667 1153 Et
2703 1099 3062 1154 nihilominus
3101 1113 3208 1151 non
3247 1096 3574 1168 legationem
3615 1094 3680 1165 ad
3721 1092 3914 1146 divum

2330 1189 2618 1256 Joannem,
2650 1193 2745 1246 sed
2772 1191 2837 1246 ad
2862 1190 3162 1245 Ecclesiam
3181 1189 3483 1243 Romanam
3501 1194 3554 1240 et
3576 1186 3644 1239 ad
3660 1182 3916 1253 ejusdem

2331 1282 2626 1339 Praesulem
2653 1284 2931 1339 destinant
2953 1282 3240 1336 Corinthii.
3272 1280 3408 1346 Quis
3437 1295 3505 1333 ex
3533 1277 3636 1332 hoc
3663 1291 3772 1342 non
3798 1275 3919 1328 col-

2333 1375 2486 1444 ligat,
2516 1373 2833 1429 Corinthios
2874 1373 3060 1427 divum
3101 1372 3444 1426 Clementem
3479 1384 3578 1423 ceu
3605 1367 3778 1421 totius
3809 1364 3918 1419 Ec—

2332 1466 2516 1523 clesia:
2543 1474 2727 1536 caput,
2754 1472 2807 1519 et
2846 1465 3087 1519 omnium
3116 1462 3559 1517 Christianorum
3615 1467 3827 1530 patrem
3858 1466 3920 1509 et

2333 1559 2613 1614 doctorem
2645 1557 2818 1612 fuisse
2850 1557 3181 1611 veneratos?
3201 1565 3255 1610 et
3275 1571 3375 1626 per
3406 1555 3548 1609 hanc
3569 1557 3742 1622 ipsam
3775 1552 3830 1605 in
3850 1565 3918 1604 re

2333 1652 2504 1706 ardua
2534 1651 2843 1705 cessionem
2880 1665 2942 1703 ac
2971 1648 3360 1711 obedientiam,
3395 1647 3486 1700 ubi
3512 1647 3663 1700 zelus
3694 1643 3920 1698 invidiae

2329 1743 2440 1812 jam
2485 1750 2771 1797 exarserat
2804 1750 2953 1801 ante,
3000 1741 3173 1794 fuisse
3225 1737 3549 1801 confessos,
3613 1734 3760 1806 quod
3807 1733 3918 1804 ipsi

2263 1813 2304 1868 Β
2334 1836 2460 1891 divo
2491 1834 2745 1890 Clementi
2771 1835 2825 1887 in
2853 1835 3003 1888 beato
3058 1831 3214 1885 Petro
3261 1829 3549 1899 pascendi,
3602 1837 3666 1881 et-
3700 1827 3921 1896 regendi

2335 1927 2502 1999 (quod
2536 1925 2841 1996 spiritualia
2872 1924 3087 1993 attinet)
3119 1933 3167 1976 et
3197 1920 3524 1992 gubernandi
3562 1917 3921 1972 uniuersalem

2333 2018 2626 2074 Ecclesium
2651 2018 2804 2087 plena
2830 2026 3058 2086 potestas
3089 2018 3157 2069 sit
3185 2014 3426 2070 tradita?
3457 2034 3474 2064 ι
3498 2011 3779 2065 Hactenus
3799 2010 3923 2063 cla-

2332 2112 2588 2168 rissimus
2617 2108 2906 2165 Fuldensis
2957 2108 3260 2178 theologus.

2886 2215 3284 2274 ARTICULUS
3325 2215 3389 2270 11.

2749 2327 3182 2369 οιιδειινδτιοκεε
3222 2319 3487 2364 ΙΙΟΒΛιΕδ.

2336 2408 2363 2482 §
2402 2407 2442 2464 l.
2480 2407 2556 2462 De
2579 2407 2909 2482 humilitate,_
2928 2415 2978 2458 et
3003 2403 3282 2482 charitate,
3319 2403 3546 2472 vitioque
3567 2399 3731 2453 eidem
3759 2414 3924 2468 oppo-

2860 2477 2985 2541 sito,
3017 2474 3373 2530 azmulatione.

2406 2570 2721 2626 Humilltas.
2750 2566 3063 2636 Exemplum
3101 2565 3420 2619 humilitatis
3472 2564 3526 2617 in
3564 2572 3751 2616 sancta
3785 2561 3924 2614 Per-

2331 2680 2463 2719 sona
2487 2661 2804 2718 Saluatoris.
2835 2689 2905 2699 —-
2939 2658 3131 2725 Quoad
3162 2658 3426 2711 moralem
3455 2657 3632 2711 sancti
3662 2655 3923 2710 Clemen-

2333 2756 2406 2810 tis
2438 2755 2778 2817 doetrinam,
2810 2769 2879 2808 en
2917 2752 3229 2822 pulchriora
3262 2752 3380 2804 loca
3401 2790 3415 2812 ,
3449 2765 3571 2819 qua
3604 2765 3668 2802 ex
3700 2749 3927 2802 duabus

2332 2848 2582 2920 epistolis
2599 2854 2854 2915 excerpta
2878 2860 2996 2899 eam
3017 2843 3336 2914 respiciunt.
3359 2829 3626 2920 Loquitur
3653 2840 3834 2909 primo
3851 2842 3926 2894 de

2281 2948 2283 2950 ’
2332 2940 2643 2995 humilitate
2672 2937 3023 3000 Christiana,
3059 2936 3289 3003 ejusque
3326 2936 3536 3004 praxim
3571 2941 3795 2987 sanctus
3829 2932 3926 2985 hic

2339 3027 2584 3098 pontifex
2635 3027 2884 3081 fidelibus
2930 3025 3310 3088 commendat;
3349 3025 3569 3078 exhibet
3605 3024 3924 3093 exemplum

2333 3120 2618 3190 ipsiusmet
2643 3116 2772 3173 Jesu
2799 3117 3040 3180 Christi,
3069 3117 3136 3171 de
3163 3132 3271 3185 quo
3298 3116 3411 3171 haec
3435 3117 3600 3170 habet
3622 3116 3732 3184 (59)
3758 3114 3928 3169 :Sce-

2336 3221 2515 3283 ptrum
2538 3212 2835 3281 majestatis
2855 3210 2972 3274 Dei,
3000 3209 3258 3263 Dominus
3275 3219 3450 3263 noster
3470 3209 3627 3262 Iesus
3646 3207 3922 3270 Christus,

2336 3322 2441 3359 non
2475 3306 2610 3360 venit
2655 3306 2708 3358 in
2738 3304 3005 3373 jactantia
3039 3303 3361 3372 arrogantia:
3385 3342 3399 3365 ,
3449 3318 3609 3371 neque
3636 3301 3922 3369 superbiat,

2336 3413 2455 3451 cum
2478 3406 2660 3465 potens
2684 3397 2755 3449 sit
2797 3397 2932 3459 ;sed
2987 3395 3042 3447 in
3093 3395 3421 3458 humilitate,
3472 3393 3922 3463 quemadmodum

2336 3487 2570 3558 Spiritus
2605 3481 2820 3541 sanctus
2855 3486 2918 3540 de
2945 3487 3058 3554 ipso
3103 3486 3306 3539 locutus
3347 3494 3446 3539 est.
3480 3485 3748 3554 Deinceps
3790 3494 3926 3555 post

2336 3579 2570 3634 adducta
2603 3579 2691 3632 illa
2723 3578 3002 3648 prephetae
3030 3575 3184 3630 Isaiae
3211 3578 3329 3631 loca
3355 3617 3366 3640 ,
3400 3579 3452 3630 in
3480 3578 3679 3648 quibus
3706 3578 3771 3631 de
3800 3586 3927 3630 tor-

2335 3671 2536 3726 mentis
2568 3678 2621 3725 et
2652 3671 3055 3740 abjectionihus
3101 3667 3404 3725 Salvatoris
3445 3677 3529 3723 est
3573 3682 3801 3731 sermo;
3843 3669 3924 3722 ita

2335 3764 2647 3822 concludit.
2690 3766 2757 3819 ad
2796 3763 3110 3819 Corinthios
3165 3778 3478 3816 sermonem
3539 3771 3919 3833 convertens:

2333 3855 2584 3922 Cernitis,
2612 3858 2712 3911 viri
2743 3857 2912 3921 chari,
2947 3857 3084 3928 quod
3114 3858 3382 3925 exemplar
3413 3856 3561 3910 nobis
3591 3855 3774 3908 datitm
3805 3857 3877 3908 sit
3897 3860 3924 3913 Ρ

2332 3965 2457 4003 nam
2496 3951 2543 4004 si
2572 3949 2832 4005 Dominus
2878 3949 3007 4004 adeo
3036 3950 3306 4003 humiliter
3344 3966 3398 4003 se
3432 3950 3632 4018 gessit,
3686 3949 3813 4017 quid
3842 3950 3927 4017 [a-

2333 4041 2529 4094 ciemus
2559 4057 2675 4105 nos,
2709 4042 2798 4110 qui
2817 4041 2910 4094 sub
2929 4042 3119 4111 jugum
3143 4041 3337 4111 gratia:
3367 4040 3480 4108 ejus
3512 4052 3605 4108 per
3638 4039 3812 4107 ipsum
3837 4055 3924 4094 oe-

2332 4134 2548 4188 nimus?

2403 4223 2528 4276 Alia
2550 4223 2788 4292 exempla
2812 4223 3132 4276 humilitatis
3167 4223 3222 4276 in
3253 4221 3578 4290 patriarchis
3609 4230 3660 4275 et
3694 4223 3927 4290 prophe-

2333 4317 2422 4371 tis.
2449 4347 2517 4355 -—
2540 4315 2670 4369 Post
2699 4315 2940 4368 divinum
2966 4315 3070 4369 hoc
3101 4314 3445 4377 humilitatis,
3481 4313 3923 4382 abjectionisquc

2333 4407 2643 4477 exemplar,
2683 4415 2909 4461 sanctus
2957 4405 3206 4461 Pontifex
3245 4405 3405 4461 nobis
3435 4408 3504 4460 ob
3533 4406 3723 4459 oculos
3765 4406 3924 4474 ponit

658 4521 904 4584 effectus,
938 4526 997 4574 ut
1029 4519 1084 4572 in
1115 4515 1356 4572 Ecclesia
1382 4514 1668 4571 Corinthia
1697 4513 2079 4568 contentiones
2109 4509 2231 4569 ces-

2338 4500 2636 4570 perfectam
2700 4489 3090 4553 humilitatem?
3137 4507 3454 4551 sanctorum
3524 4497 3923 4565 prophetarum

660 4620 803 4677 sent,
834 4611 1119 4668 seditionis
1144 4610 1286 4679 ignis
1313 4608 1709 4678 exstinguatur,
1742 4619 1846 4676 pax
1876 4604 2066 4659 redeat
2089 4604 2112 4657 ?
2137 4617 2236 4658 cur

659 4705 770 4760 divi
792 4702 1086 4759 Clementis
1104 4699 1332 4770 epistola
1360 4706 1510 4753 tanta
1540 4698 1891 4754 veneratione
1913 4694 2231 4765 suscipitur,

662 4805 726 4854 ut
751 4795 1078 4868 quantocius
1099 4793 1282 4847 cuncti
1312 4790 1486 4847 eidem
1515 4789 1815 4845 ob'ediant?
1848 4803 1948 4843 cur
1976 4795 2128 4841 tanta
2155 4786 2236 4841 ei-

662 4889 785 4945 dem
815 4885 1075 4940 tribuitur
1097 4882 1418 4943 reverentia,
1458 4887 1517 4934 ut
1548 4885 1669 4950 post
1694 4879 1851 4949 plura
1881 4875 2080 4932 saecula
2109 4888 2229 4929 eam

662 4980 718 5034 in
742 4976 1099 5032 conventibus
1124 4973 1356 5044 publicis
1385 4972 1589 5041 legant,
1617 4970 1722 5025 nisi
1751 4969 1937 5023 divum
1977 4967 2232 5022 Clemen-

661 5073 772 5126 rem
804 5085 903 5124 ceu
926 5067 1100 5122 sancti
1130 5064 1276 5120 Petri
1307 5063 1676 5134 apostolorum
1711 5059 1984 5129 Principis
2010 5072 2233 5114 succes-

662 5177 843 5218 sorem
888 5160 1123 5217 fuissent
1161 5157 1444 5220 venerati,
1494 5154 1600 5209 nisi
1638 5167 1751 5224 prae
1793 5152 2020 5222 reliquis
2067 5149 2233 5212 etiam

663 5252 1032 5312 sanctissimis
1057 5250 1192 5305 viris
1222 5236 1485 5318 majorem
1528 5246 1819 5317 quamdam
1850 5243 2232 5298 auctoritatem

663 5350 841 5403 eidem
882 5343 1243 5399 tribuissent?
1283 5341 1395 5395 Hoc
1437 5342 1558 5410 ipso
1601 5354 1734 5394 sane
1764 5346 2046 5407 tempore,
2077 5342 2137 5389 ut
2166 5350 2234 5389 ex

665 5436 903 5500 Eusebio
950 5436 1248 5499 discimus,
1304 5432 1515 5487 vivebat
1584 5430 1764 5485 adhuc
1821 5427 2024 5501 Ephesi
2073 5428 2235 5482 divus

732 5600 786 5631 '"
817 5597 952 5653 Gen.
1005 5612 1162 5657 xviii.
1195 5596 1283 5652 27.
1361 5595 1403 5625 "
1434 5594 1536 5649 Job
1563 5609 1673 5656 xiv,
1703 5593 1759 5648 4.
1836 5591 1881 5623 ³⁸
1907 5589 2077 5645 Exod.
2101 5602 2180 5656 ιιι,
2202 5588 2287 5644 “-

743 5735 853 5804 (38)
897 5733 960 5788 D.
997 5733 1306 5803 llicronym.
1339 5729 1625 5804 De'script.
1656 5727 1840 5785 cccles.
1875 5728 1929 5782 in
1959 5726 2234 5796 Catalogo.

745 5809 854 5878 ίῦυ)
898 5805 1066 5876 Epist.
1106 5805 1164 5869 i,‘
1190 5819 1309 5873 cap.
1345 5803 1436 5858 ili.

2339 4590 2486 4655 Elim,
2506 4587 2746 4645 Elisaeiet
2769 4589 3089 4644 Ezechielis.
3121 4588 3354 4641 Abrahae
3371 4588 3732 4641 humilitatem
3766 4604 3924 4642 eom—

2337 4685 2559 4740 niendat
2604 4684 2716 4755 (40)
2768 4681 2824 4736 in
2872 4682 2996 4738 istis
3040 4680 3289 4751 ejusdem
3321 4680 3648 4750 patriarcha:
3678 4681 3862 4734 verbis
3904 4697 3923 4739 :

2337 4778 2449 4850 Ego
2482 4787 2659 4832 autem
2707 4793 2824 4830 sum
2865 4785 3007 4829 terra
3045 4785 3095 4828 et
3145 4775 3277 4828 cinis
3309 4776 3387 4842 ’3;
3421 4774 3778 4828 humilitatem
3816 4769 3926 4828 Job

2339 4874 2394 4929 in
2437 4871 2724 4927 verissima
2779 4869 2902 4936 hac,
2956 4885 3122 4940 quam
3161 4869 3358 4933 tradit,
3402 4869 3636 4922 veritate
3684 4886 3696 4921 :
3749 4865 3926 4922 Nemo

2337 4962 2563 5018 mundus
2593 4981 2626 5016 a
2658 4961 2810 5016 sorde
2830 5003 2845 5026 ,
2875 4971 2922 5015 et
2948 4962 2994 5015 si
3027 4962 3182 5015 unius
3208 4961 3312 5014 diei
3341 4961 3410 5015 sit
3437 4961 3543 5013 vita
3570 4959 3683 5028 ejus
3715 4961 3792 5026 ”;
3821 4961 3926 5014 hu-

2339 5055 2625 5110 militatem
2657 5053 2859 5124 Moysis
2898 5054 2952 5107 in
2997 5053 3282 5108 aversione
3303 5092 3320 5116 ,
3347 5066 3508 5130 quam
3539 5049 3650 5103 Deo
3682 5058 3926 5105 testatus

2340 5157 2448 5210 est,
2485 5164 2513 5202 a
2548 5145 2813 5203 sumendo
2841 5146 3108 5216 regimine
3149 5146 3335 5216 populi
3376 5143 3665 5198 lsraelitici
3701 5144 3786 5199 '°:
3823 5145 3926 5197 huc

2343 5243 2629 5297 militatem
2663 5238 2922 5304 Davidis,
2955 5255 3077 5310 qua:
3107 5240 3343 5292 maxime
3373 5237 3426 5291 in
3451 5236 3663 5307 psalmo
3697 5250 3728 5289 ι.
3760 5252 3925 5306 repe-

2340 5336 2504 5401 ritur,
2531 5334 2624 5389 ubi
2658 5349 2821 5388 verus
2854 5334 2942 5387 hic
2995 5333 3268 5404 pmnitcns
3315 5331 3678 5386 humilitatem
3735 5330 3926 5384 cordis

2344 5428 2427 5481 sui
2458 5425 2770 5480 manifestat
2795 5422 2926 5494 (ll).

2423 5717 2534 5790 (40)
2572 5715 2731 5790 μήὸ.)
2765 5731 2886 5784 cap.
2928 5713 3015 5790 l7”.

2419 5784 2531 5857 (ii)
2572 5788 2668 5854 Ep.
2705 5787 2756 5852 ‘l,
2788 5801 2906 5850 cap.
2945 5784 3030 5839 i8.
