4046 6326
158 396 260 451 175

1399 389 1739 449 PROGJMIA
1780 387 2161 446 VARIORUM.

3310 400 3410 454 1Ὶῦ

227 510 476 565 Pulchra:
508 516 778 565 sententia:
811 509 873 564 de
901 509 1214 565 humilitate.
1239 541 1308 550 -—
1338 509 1723 579 Splendidissi-

1838 504 2132 558 schismata
2175 523 2364 561 eorum
2412 525 2581 566 causa
2620 511 2850 566 excitari
2900 512 3404 582 deprehenderunt.

149 600 259 651 niis
289 599 440 654 hisce
471 598 798 654 humilitatis
818 599 1143 653 Christiana:
1176 599 1442 668 exetnplis
1485 597 1730 666 adjungit

147 700 380 746 sanctus
410 689 666 746 Clemens
693 692 984 746 nonnullas
1013 691 1206 747 breves
1252 691 1556 746 sententias
1583 690 1730 743 circa

149 779 301 832 hanc
325 778 575 838 eamdem
599 783 872 836 virtutem.
905 780 1048 835 Laus
1080 791 1286 845 nostra,
1314 781 1510 850 inquit,
1535 781 1589 832 in
1623 777 1728 831 Deo

150 872 246 930 sit.
274 882 325 926 et
367 888 472 927 non
503 889 537 926 ι
575 873 731 928 nobis
773 875 900 944 ipsis
926 870 1060 946 (42).
1109 873 1348 939 Etenim,
1396 872 1545 927 addit
1576 873 1727 942 ipse,

157 961 301 1038 Deus
320 964 430 1017 odit
447 980 532 1018 eos
578 965 668 1035 qui
683 965 982 1032 semetipsos
1005 965 1314 1033 prtedicant.
1352 963 1729 1022 Testimonium

152 1056 278 1107 Doni
307 1056 475 1124 operis
505 1058 676 1110 nostri
708 1055 773 1110 ab
799 1057 923 1109 aliis
947 1054 1213 1109 tribuatur
1242 1055 1420 1122 nobis,
1443 1056 1601 1126 sicuti
1637 1069 1730 1108 ea:-

153 1145 378 1199 hibitum
405 1156 482 1200 est
513 1146 767 1200 Patribus
816 1147 1032 1202 nostris.
1069 1145 1387 1209 Temeritas,
1420 1146 1729 1216 arrogantia

151 1250 202 1291 et
241 1240 492 1304 audacia,
538 1241 830 1296 ntaledictis
871 1258 903 1295 a
952 1240 1092 1305 Deo;
1137 1243 1429 1296 moderatio
1466 1252 1640 1295 autem
1680 1252 1728 1295 et

154 1329 434 1384 humilitas
458 1342 505 1384 et
535 1328 875 1384 mansuetudo
893 1330 1032 1400 apud
1060 1330 1206 1395 illos,
1242 1335 1339 1402 qui.
1371 1350 1403 1383 a
1438 1331 1544 1385 Deo
1580 1316 1730 1384 b'ene-

151 1420 286 1474 dicti
316 1430 439 1494 sunt
482 1463 495 1476 .
541 1461 554 1474 .
602 1462 613 1475 .
662 1419 1056 1492 Unusquisque,
1085 1422 1247 1478 habet
1279 1423 1409 1476 alibi
1437 1423 1580 1493 (l5).
1604 1437 1731 1497 pro-

107 1525 118 1533 ·
153 1509 301 1564 trimo
320 1527 414 1563 suo
443 1508 762 1578 subjiciatur
803 1550 815 1563 .
862 1547 878 1564 .
919 1547 934 1563 .
977 1509 1192 1564 humilis
1217 1526 1319 1562 non
1346 1509 1446 1563 sibi
1489 1512 1729 1565 testimo-

153 1601 305 1653 nium
330 1600 488 1670 ferat,
513 1599 603 1654 sed
635 1600 795 1662 sinat,
822 1609 879 1652 ut
910 1597 1046 1654 alter
1074 1599 1175 1669 ipsi
1193 1597 1458 1668 perhibeat
1493 1601 1730 1656 testimo-

153 1692 303 1743 nium
334 1706 353 1743 :
375 1691 463 1760 qui
480 1708 634 1745 carne
654 1701 830 1745 castus
857 1699 955 1756 est,
978 1707 1039 1744 ne
1061 1691 1360 1758 insolescat,
1379 1695 1544 1766 sciens
1561 1690 1728 1747 alium

152 1798 290 1843 esse,
321 1784 409 1852 qui
433 1783 481 1836 ei
502 1783 880 1837 continentiam
901 1782 1088 1838 donat.
1116 1781 1430 1853 Reputemus
1449 1802 1593 1855 ergo,
1617 1786 1729 1856 fra-
1757 1784 1772 1856 ;

153 1884 285 1936 tres,
315 1889 380 1927 ea:
415 1891 520 1944 qua
549 1875 774 1931 materia
797 1875 959 1929 creati
983 1876 1188 1940 simus;
1212 1876 1338 1950 qui,
1387 1887 1436 1930 et
1459 1875 1639 1947 quales
1671 1879 1724 1932 in

151 1966 408 2019 mundum
441 1966 663 2037 ingressi
686 1968 873 2031 simus,
906 1951 1210 2038 tanquam'e
1232 1968 1469 2038 sepulcro
1490 1977 1540 2024 et
1581 1979 1725 2024 tene-

148 2057 294 2122 bris;
343 2068 530 2112 auctor
551 2051 600 2113 et
626 2059 799 2127 opifex
840 2069 1015 2114 noster
1047 2060 1103 2114 in
1147 2059 1401 2114 mundum
1437 2077 1591 2115 suum
1632 2079 1724 2117 nos

149 2148 470 2214 introduxit,
503 2152 839 2219 prcparatis,
875 2160 1156 2222 antequam
1189 2168 1542 2219 nasceremur,
1571 2152 1724 2208 bene-

151 2239 312 2307 factis
342 2241 476 2295 suis.
505 2239 586 2296 Sit
620 2242 813 2312 aliquis
844 2243 1037 2312 ﬁdelis.
1063 2244 1332 2312 sitpotens
1354 2245 1410 2298 in
1423 2245 1726 2300 enarranda

146 2330 447 2399 cognitione
487 2372 501 2386 .
543 2373 555 2387 .
603 2374 615 2387 .
661 2342 806 2386 tanto
830 2333 1079 2386 humilior
1100 2349 1212 2388 esse
1230 2331 1398 2397 debet,
1428 2351 1530 2404 quo
1553 2336 1727 2405 major

141 2436 262 2474 esse
296 2422 500 2476 videtur
527 2424 677 2497 (ﬂ);
705 2425 829 2496 quia
849 2464 864 2490 ,
897 2433 954 2479 ut
985 2425 1092 2480 alio
1118 2426 1240 2481 loco
1261 2425 1394 2480 dicit
1451 2423 1562 2498 (45)
1582 2466 1597 2489 ,
1623 2444 1726 2495 quo

143 2513 345 2581 majori
395 2516 687 2584 cognitione
731 2516 877 2587 digni
917 2533 1096 2572 sumus
1139 2517 1344 2584 habiti,
1392 2533 1451 2573 eo
1491 2519 1724 2586 periculo

143 2605 380 2674 graviori
405 2607 617 2661 obnoxii
641 2624 841 2664 sumus.

222 2694 302 2749 De
322 2697 603 2755 charitate.
628 2697 975 2757 Characteres
1031 2702 1331 2758 charitatis.
1366 2731 1436 2744 -——
1465 2702 1620 2770 Quod
1655 2704 1725 2760 de

141 2785 418 2841 charitate
448 2787 606 2844 docet
637 2799 861 2846 sanctus
885 2789 1156 2857 Pontifex,
1190 2802 1243 2848 et
1269 2794 1333 2849 ad
1361 2795 1614 2864 pietatem
1645 2794 1724 2848 al-

142 2877 294 2939 licit.
327 2888 382 2933 et
413 2894 632 2934 omnem
673 2891 918 2937 nostram
953 2892 1295 2953 promeretur
1342 2885 1718 2942 attentionem.

145 2969 358 3026 Divinas
396 2972 560 3042 hujus
585 2974 805 3030 virtutis
836 2977 1185 3034 characteres
1212 2987 1340 3032 sunt
1371 2988 1668 3049 sequentes
1703 3001 1717 3037 :

142 3059 402 3117 Charitas
433 3081 526 3118 nos
552 3064 659 3119 Deo
688 3067 1006 3138 agglutinat,
1056 3087 1074 3119 ι
1115 3071 1347 3123 charitas
1389 3071 1552 3139 operit
1582 3073 1721 3127 mul-

1836 589 2091 652 Dicamus
2121 600 2282 654 etiam
2307 639 2320 663 ,
2373 616 2564 654 omnes
2598 602 2880 658 ministros
2923 603 3136 657 Domini
3175 604 3408 673 idipsum

1833 688 1888 740 in
1919 687 2113 742 iisdem
2138 689 2573 747 circumstantiis
2606 709 2868 766 peragere
2891 696 3125 762 debere;
3159 697 3411 771 ﬁdelibus

1831 777 1974 831 enim
2006 780 2245 848 praebere
2268 791 2526 837 tenentur
2549 785 2797 855 exempla
2828 788 3133 850 cbaritatis,
3170 805 3292 856 igua:
3311 806 3413 860 pu-

1833 871 2051 925 rissima
2086 873 2177 934 sit.
2210 881 2263 927 et
2290 876 2576 930 commoda
2614 892 2723 931 non
2755 889 2982 948 quaerat.
3026 879 3107 935 Ne
3129 893 3413 953 vereantur

1832 963 1993 1032 igitur
2021 962 2074 1016 id
2103 965 2303 1033 agendo
2332 968 2634 1021 necessaria
2669 971 2912 1024 amittere
2943 987 2960 1021 :
3001 972 3106 1037 Qui
3145 973 3284 1026 enim
3315 964 3415 1026 hoc

1834 1055 2083 1117 fecerit...
2120 1057 2424 1125 peraptim‘e
2453 1039 2526 1113 ait
2551 1070 2775 1118 sanctus
2805 1055 3052 1118 Pontifex
3069 1064 3204 1136 (48),
3238 1067 3411 1119 omnis

1833 1146 1975 1200 locus
1996 1164 2113 1202 eum
2143 1150 2388 1219 suscipiet
2418 1165 2437 1205 :
2467 1149 2682 1209 Domini
2706 1156 2845 1209 enim
2875 1168 2952 1211 est
2976 1168 3134 1223 terra,
3167 1169 3215 1213 et
3238 1146 3412 1229 pleni-

1832 1239 1956 1292 tudo
1979 1240 2112 1308 ejus.
3268 1247 3271 1250 i

1905 1328 1973 1387 Ut
1996 1332 2251 1388 ostendat
2278 1343 2503 1392 sanctus
2528 1336 2812 1405 Clemens,
2861 1341 3207 1412 impossibile
3240 1346 3413 1400 haud-

1831 1435 2105 1490 quaquam
2135 1437 2282 1488 esse,
2315 1426 2460 1494 quod
2492 1427 2748 1496 superius
2777 1429 2986 1494 docuit,
3010 1434 3258 1502 exempla
3288 1449 3412 1504 pro-

1833 1510 1934 1567 fert
1970 1514 2238 1580 gentium,
2273 1530 2336 1570 ac
2378 1527 2587 1584 narrat,
2620 1520 2824 1575 multos
2851 1538 3007 1592 reges
3034 1538 3098 1576 ac
3133 1525 3410 1595 principes

1829 1602 2108 1660 exstitisse
2132 1620 2196 1659 ex
2242 1607 2523 1673 gentibus,
2559 1610 2652 1680 qui
2682 1627 2742 1666 se
2779 1613 2931 1682 ipsos
2973 1617 3134 1669 morti
3168 1616 3410 1672 tradide-

1832 1701 1994 1757 runt,
2029 1704 2087 1749 ut
2127 1695 2276 1751 cives
2305 1712 2405 1752 suo
2431 1700 2704 1770 sanguine
2751 1697 3070 1759 liberarent.
3116 1705 3204 1759 Ait
3256 1706 3412 1762 insu-

1831 1799 1928 1854 per
1959 1785 2071 1858 (49)
2102 1806 2130 1840 :.
2151 1785 2347 1844 Multos
2379 1791 2515 1846 inter
2550 1808 2643 1846 nos
2671 1791 3007 1863 cognovimus
3027 1836 3042 1859 ,
3089 1798 3178 1866 qui
3208 1799 3410 1866 seipsos

1829 1879 1886 1932 in
1919 1879 2128 1933 vincula
2150 1880 2515 1950 conjecerunt,
2550 1870 2612 1937 ut
2634 1886 2768 1939 alios
2795 1876 3130 1944 redimerem.
3163 1887 3326 1943 Multi
3356 1908 3412 1946 se

1828 1971 1967 2039 ipsos
1993 1970 2046 2025 in
2071 1973 2372 2028 servitutem
2401 1969 2658 2030 dederunt
2683 2016 2699 2041 ,
2746 1986 2815 2032 et-
2841 1989 3050 2049 accepto
3078 1982 3244 2049 pretio
3286 1987 3371 2036 sui
3392 2026 3406 2047 ,

1829 2061 1963 2115 alios
1984 2062 2246 2143 cibgrunt.
2266 2062 2492 2135 Egregia
2521 2064 2634 2119 haec
2658 2067 2912 2136 perlecta:
2931 2069 3217 2128 charitatis
3233 2089 3412 2128 exem-

1827 2152 1914 2222 pla
1945 2169 2053 2223 pra:
2070 2142 2251 2210 oculis
2280 2154 2515 2210 habeant
2543 2143 2804 2213 Ecclesiae
2830 2160 3092 2228 ministri,
3117 2178 3183 2219 ac
3207 2174 3410 2222 attenta

1826 2245 2191 2303 considerent.

1899 2335 1976 2391 De
1997 2337 2359 2394 temulatione.
2404 2337 2639 2408 Eﬂectus
2675 2342 3053 2400 mmulationis.
3086 2377 3156 2387 —
3187 2345 3410 2404 Tertius

1826 2429 2092 2484 articulus
2128 2429 2310 2500 quoad
2345 2444 2563 2494 mores,
2593 2445 2756 2501 quem
2801 2434 2857 2488 in
2904 2446 3099 2493 sancto
3126 2437 3413 2497 Clemente

1827 2520 2085 2576 observat
2119 2521 2188 2577 cl.
2219 2520 2494 2578 Marechal
2519 2521 2583 2579 0.
2610 2523 2667 2578 S.
2696 2517 2781 2590 8.,
2808 2534 2891 2581 est
2922 2529 3072 2582 circa
3101 2523 3364 2586 invidiam
3390 2573 3407 2598 ,

1823 2624 1924 2664 seu
1957 2610 2382 2668 aemulationem.
2434 2607 2786 2671 Demonsu'at
2831 2615 3176 2684 Corinthiis,
3222 2611 3366 2692 quod
3391 2663 3408 2685 .

1827 2709 2118 2774 postquam
2155 2703 2286 2758 huic
2311 2705 2556 2775 passioni
2591 2722 2651 2762 se
2681 2716 2797 2764 toto
2837 2711 3022 2766 animo
3043 2712 3370 2770 dediderunt
3390 2755 3409 2780 ,

1825 2792 2016 2861 procul
2060 2793 2206 2848 absit
2228 2789 2446 2865 justitia
2470 2803 2524 2851 et
2559 2812 2666 2866 pax
2705 2816 2716 2852 :
2753 2793 3126 2870 Unusquisque
3167 2804 3408 2859 timorem

1824 2872 1924 2939 Dei
1948 2884 2162 2951 deserit,
2196 2897 2244 2942 et
2269 2888 2324 2942 in
2354 2888 2459 2958 fide
2488 2890 2634 2945 illius
2666 2896 2878 2948 cazcutit
2898 2933 2915 2960 ,
2951 2912 3043 2950 nec
3068 2897 3124 2950 in
3148 2898 3409 2954 institutis

1822 2988 2202 3050 praeceptorum
2223 2982 2339 3051 ejus
2363 2982 2635 3056 ambulat,
2662 3000 2752 3039 nec
2786 2983 2997 3042 Christo
3019 2987 3260 3044 decenter
3285 3007 3412 3050 con-

1824 3083 2092 3138 versatur;
2123 3074 2214 3128 sed
2243 3077 2597 3147 unusquisque
2627 3078 2911 3134 secundum
2934 3096 3126 3149 pravas
3147 3066 3410 3153 cupidita-

143 3153 429 3208 titudntem
459 3155 791 3238 peccatorum
813 3159 855 3190 "
882 3174 898 3211 :
922 3161 1154 3214 charitas
1180 3163 1356 3214 omnia
1386 3162 1576 3216 tolerat
1603 3163 1670 3227 ",
1697 3183 1716 3216 ι
1749 3184 1790 3243 C
1827 3173 1899 3219 tes
1943 3182 2069 3220 suas
2126 3168 2342 3223 incedit.
2404 3166 2612 3225 Deinde
2670 3170 2936 3227 nonnulla
2990 3189 3057 3229 ex
3103 3173 3409 3248 Scriptut‘is

140 3247 327 3300 omnia
354 3264 516 3323 atquo;
529 3249 630 3317 fert
653 3251 825 3304 animo
849 3267 867 3315 ;
895 3253 947 3306 in
973 3252 1229 3308 charitate
1250 3255 1380 3309 nihil
1423 3256 1720 3325 sordidum,

144 3337 287 3389 nihil
312 3337 592 3405 superbum
614 3379 629 3404 ,
672 3340 906 3395 videlicet
939 3343 1348 3399 moderationem
1392 3345 1446 3399 in
1477 3347 1720 3403 omnibus

139 3438 343 3489 servat,
373 3413 606 3484 ch'aritas
640 3432 868 3486 schisma
899 3451 1001 3487 non
1034 3435 1216 3501 habet,
1249 3437 1486 3493 cltaritas
1513 3440 1723 3496 seditio-

138 3536 258 3572 nem
289 3536 394 3572 non
428 3522 674 3586 concitat,
703 3524 935 3578 charitas
967 3527 1144 3579 omnia
1165 3527 1293 3595 facit
1323 3529 1376 3582 in
1394 3533 1676 3587 concordia
1699 3548 1720 3588 :

137 3615 194 3666 in
227 3613 489 3667 charitate
513 3632 689 3670 omnes
722 3615 817 3670 Dei
839 3619 989 3672 electi
1020 3621 1235 3688 perfecti
1262 3632 1406 3678 sunt.
1442 3625 1570 3682 Sine
1593 3628 1719 3684 cha-

138 3704 304 3758 ritate
332 3705 462 3758 nihil
494 3718 758 3774 acceptum
785 3718 864 3762 est
895 3708 1000 3763 Deo
1031 3709 1168 3781 (lli).

215 3794 596 3852 Pulcherrima
628 3799 754 3853 huic
785 3801 1074 3857 charitatis
1103 3804 1299 3874 elogio,
1330 3807 1578 3877 ejusdem
1607 3811 1720 3866 vir-

135 3888 278 3941 tutis
318 3889 628 3960 exemplum
673 3891 824 3945 addit
871 3901 1111 3951 sanctus'
1139 3894 1429 3966 Pontifex,
1476 3901 1719 3974 illudque

132 3980 606 4035 considerandum
644 3985 896 4053 pr0ponit
930 3986 983 4040 in
1023 3987 1239 4059 Moyse,
1287 3994 1380 4062 qui
1429 3995 1558 4050 olim
1588 4013 1717 4055 suas

134 4071 206 4124 ad
247 4069 422 4124 Deum
458 4069 596 4125 fudit
624 4088 816 4144 preces
836 4114 850 4139 ,
891 4082 949 4130 ut
980 4089 1071 4132 aut
1103 4079 1402 4138 dimitteret
1431 4097 1715 4157 peccatum

133 4163 326 4232 populi
359 4161 476 4228 sui,
505 4171 598 4217 aut
639 4165 842 4220 deleret
878 4183 999 4222 eum
1036 4169 1103 4224 de
1145 4171 1286 4228 libro
1317 4176 1615 4236 viventium
1647 4182 1712 4239 ⁸³.

137 4253 275 4316 Quis
318 4269 440 4322 ergo
481 4253 616 4307 inter
657 4271 744 4310 vos
787 4260 1113 4325 generosus?
1168 4265 1446 4321 concludit
1489 4279 1715 4329 sanctus

132 4344 396 4399 Clemens
425 4345 558 4417 (47),
572 4349 688 4416 quis
715 4349 1055 4406 misericors?
1075 4355 1191 4425 quis
1211 4355 1468 4414 charitate
1488 4362 1671 4430 plenus
1690 4368 1716 4421 Ρ

130 4435 284 4488 dicat
316 4451 334 4485 .·
369 4437 431 4490 Si
464 4449 675 4507 propter
714 4457 793 4494 me
820 4441 1008 4497 seditio
1044 4455 1163 4499 orta
1188 4457 1264 4500 est
1286 4460 1369 4512 ,et
1410 4452 1708 4523 discordia,

1824 3260 2069 3330 exempla
2100 3260 2285 3325 all‘ert,
2316 3261 2514 3330 quibus
2540 3276 2756 3317 morum
2785 3263 3408 3336 depravationem'omni

1823 3358 2071 3422 tempore
2102 3353 2156 3406 in
2189 3353 2503 3408 hominibus
2523 3354 2805 3411 inductam
2830 3358 3077 3412 ostendit
3105 3374 3170 3415 ex
3204 3359 3309 3415 hoc
3335 3363 3411 3417 vi-

1823 3445 1901 3498 tio
1929 3464 1941 3500 :
1978 3445 2130 3512 Quod
2150 3457 2362 3514 propter
2386 3447 2801 3514 cumulationem,
2835 3450 2911 3504 ait
2943 3450 3032 3505 hic
3054 3460 3279 3507 sanctus
3301 3451 3408 3509 Pa-

1821 3546 1904 3592 ter
1936 3537 2072 3608 (50),
2101 3538 2516 3607 fratricidium“
2537 3543 2876 3596 commissum
2893 3543 2964 3597 sit
2992 3556 3203 3614 propter
3234 3563 3405 3600 temu-

1823 3626 2072 3681 lationem
2092 3625 2255 3680 Pater
2275 3638 2453 3683 noster
2470 3623 2639 3684 Iacob
2684 3648 2716 3684 a
2753 3631 2890 3699 facie
2913 3631 3101 3701 fratris
3133 3633 3278 3688 Esau
3304 3653 3405 3689 aur

1825 3719 1958 3789 fugit
1980 3720 2048 3783 ";
2074 3719 2345 3775 temulatio
2372 3722 2566 3791 effecit,
2599 3733 2656 3777 ut
2675 3721 2874 3794 Ioseph
2904 3725 2973 3780 ad
2997 3737 3216 3782 mortem
3242 3745 3406 3800 usque

1819 3814 2228 3878 persecutionem
2250 3815 2531 3869 sustineret
2564 3816 2610 3848 ⁸⁸
2631 3826 2679 3871 et
2715 3817 2769 3870 in
2802 3819 3104 3874 servitutem
3135 3820 3408 3878 addicere-

1825 3915 1928 3960 tur.
1983 3903 2287 3960 eEmulatio
2344 3905 2577 3978 Moysem
2628 3926 2661 3961 a
2718 3909 2854 3978 facie
2905 3909 3204 3968 Pharaonis
3265 3916 3403 3986 regis

1831 3995 2052 4069 Αἴθρη)ιὶ
2082 3997 2259 4068 fugere
2291 3999 2541 4068 compulit
2609 4016 2728 4055 cum
2795 4003 3102 4074 popularem
3132 4006 3286 4059 s'uum
3314 4009 3404 4062 di-

1820 4099 2017 4144 centem
2043 4089 2249 4145 audiret
2275 4105 2293 4144 :
2327 4090 2458 4157 Quis
2496 4101 2543 4145 te
2572 4095 2848 4147 constituit
2877 4096 3165 4165 principem
3189 4106 3238 4151 et
3249 4097 3405 4166 judi.

1820 4198 1927 4236 cem
1956 4197 2110 4251 super
2132 4185 2266 4238 nos.’
2290 4183 2525 4254 nunquid
2558 4193 2612 4236 tu
2635 4186 2709 4240 vis
2746 4202 2826 4240 me
2855 4189 3118 4256 occidere,
3149 4190 3403 4260 quemad-

1826 4269 2041 4323 modum
2071 4271 2311 4325 occidisti
2333 4272 2444 4324 heri
2462 4269 2533 4323 [Ε
2538 4274 2777 4340 gyptium
2799 4273 2886 4327 "‘l
2916 4272 3144 4342 Propter
3179 4272 3401 4327 aemula-

1825 4360 2014 4413 tionem
2038 4361 2216 4414 Aaron
2239 4371 2288 4414 et
2326 4359 2504 4415 Maria
2531 4362 2572 4393 ³⁸
2593 4374 2745 4417 extra
2767 4374 2944 4418 castra
2965 4365 3222 4435 segregati
3248 4366 3402 4419 habi-

1818 4457 2025 4502 tarunt.
2061 4445 2364 4504 Emulatio
2387 4449 2601 4506 Dathan
2632 4461 2682 4505 et
2719 4454 2919 4508 Abiron
2952 4455 2995 4487 "
3033 4458 3173 4511 vivos
3214 4459 3282 4511 ad
3319 4459 3423 4512 in-l

129 4535 186 4579 et
236 4527 550 4593 schismata,
579 4527 811 4594 discedo,
852 4534 979 4587 abeo
1051 4552 1357 4608 quocunque
1399 4542 1710 4612 volueritis;
1746 4527 1790 4582 θ
1819 4540 1959 4610 feros
1990 4543 2238 4606 detrusit,
2262 4543 2400 4612 quod
2429 4559 2548 4597 cum
2578 4543 2763 4616 Moyse
2788 4545 2884 4600 Dei
2918 4547 3123 4616 famulo
3148 4549 3403 4606 seditione

131 4625 186 4667 et
226 4614 366 4683 facio
417 4613 752 4687 quaaplebe
776 4623 1138 4690 mandantur;
1166 4629 1336 4683 solum
1358 4634 1488 4688 ovile
1516 4637 1716 4694 Christi
1815 4639 2204 4698 contenderent.
2265 4636 2343 4692 Οὺ
2387 4640 2782 4695 mutilationem
2826 4641 3000 4696 Παυὶά
3047 4661 3150 4698 non
3195 4655 3401 4701 ιαηιωη

131 4710 192 4761 in
219 4723 346 4776 pace
373 4708 546 4780 degat,
577 4728 698 4766 cum
721 4717 1021 4773 constitutis
1050 4721 1389 4792 presbyteris.
1422 4725 1548 4783 Hzec
1581 4746 1712 4789 sane
1813 4735 2120 4806 alienigenis
2150 4734 2375 4797 invisus,
2409 4733 2499 4788 sed
2532 4735 2694 4788 etiam
2731 4752 2762 4788 a
2799 4734 2936 4792 Saul
2979 4755 3095 4809 rege
3148 4739 3323 4796 Israel
3354 4742 3399 4776 ⁵⁸

129 4806 219 4853 est
250 4798 496 4868 perfecta
525 4801 800 4872 Charitas,
830 4823 952 4877 quae
1001 4812 1154 4866 nullo
1189 4815 1416 4883 privata:
1458 4820 1712 4879 utilitatis
1813 4830 1919 4898 fuit
1961 4798 2200 4882 vexatus.
2256 4824 2359 4880 Sed
2410 4835 2465 4879 ut
2508 4838 2683 4881 vetera
2729 4828 2968 4896 exempla
3006 4798 3395 4902 relinquamus,

130 4891 325 4946 studio
376 4892 628 4963 ducitur;
660 4897 889 4969 ejusque
927 4899 1154 4959 ductum
1180 4910 1354 4962 secuti
1402 4920 1530 4966 sunt
1573 4929 1712 4970 non-

130 4982 276 5037 nulli
337 4985 511 5040 sancti
567 4987 849 5059 episcopi,
902 4993 1123 5063 quando
1174 4997 1587 5069 dissensiones,
1647 5021 1711 5062 ac

1814 4921 2166 4992 prosequitur
2184 4925 2410 4973 Sanctus
2424 4916 2674 4974 Pontifex
2694 4919 2828 4989 (al),
2845 4922 3114 4977 veniamus
3130 4926 3199 4978 ad
3212 4930 3395 4995 proxi-

1818 5032 1928 5068 mos
1966 5013 2212 5076 athletas,
2237 5021 2286 5066 et
2317 5011 2702 5089 sa’culi‘noslrt'
2729 5029 2980 5084 generosa
3005 5019 3244 5087 exempla
3273 5037 3397 5088 pro-

210 5184 611 5289 2.’.."°;.‘:39‘
636 5188 936 5289 ¹.¹ἷθὲςτ;,ἶ.νν
961 5193 1013 5289 {3:
1063 5195 1137 5289 .³.²
1168 5195 1483 5289 ¹⁶Ξ9¹ξςὲἓυν
1517 5205 1575 5258 ⁴·
1652 5207 1698 5289 ."

1826 5213 1917 5289 ραι,
1945 5227 2127 5275 xxxu,
2155 5211 2262 5289 5g;
2324 5210 2370 5243 “
2392 5209 2531 5289 Cen.
2554 5211 2770 5274 mss.
2849 5212 2894 5247 ³³
2924 5211 3060 5272 Gen.
3093 5231 3268 5289 sunt,
3299 5208 3389 5280 Il.

131 5257 183 5290 ³⁸
209 5254 350 5312 Gen.
380 5254 614 5316 xxxv";
659 5260 713 5293 ⁴⁷
748 5254 932 5320 Exod.
969 5279 1032 5332 tl,
1061 5266 1151 5326 M.
1227 5269 1273 5302 ³⁸
1296 5254 1598 5348 Num."xii,
1639 5281 1690 5336 4.

205 5480 319 5553 με)
358 5480 470 5553 Ερε
497 5483 550 5546 ί.
581 5497 699 5553 cap-
735 5486 821 5543 50.

202 5550 317 5624 ua)
357 5550 520 5624 tua.
546 5550 667 5624 cap:
700 5555 786 5611 ss.

198 5621 314 5695 tu)
355 5621 519 5695 tuo.
553 5621 655 5695 ca‘p
706 5626 792 5682 ιε.

221 5691 315 5758 s5)
351 5691 521 5763 lbid.,
541 5691 662 5763 cap.
687 5696 774 5752 tt.

224 5763 314 5837 46)
348 5762 511 5831 lbid.,
546 5762 666 5835 cap.
696 5767 784 5824 49.

1793 5279 1842 5311 ³⁸
1872 5279 2035 5337 Nunt.
2065 5299 2176 5355 xvt,
2196 5285 2286 5339 53.
2361 5288 2407 5316 ⁴⁰
2441 5284 2616 5359 llleg.
2649 5303 2806 5358 xvm,
2831 5296 2885 5348 8.

1886 5497 1997 5566 (i7)
2041 5495 2215 5566 Epist.
2251 5495 2303 5558 Ι.
2330 5509 2452 5565 cap.
2478 5494 2568 5552 54.

1886 5502 1997 5635 (i7)
2041 5502 2215 5566 Epist.
2251 5502 2303 5558 Ι.
2330 5509 2410 5565 ca]

1885 5569 1975 5637 (48
2028 5565 2130 5637 ld.,
2161 5565 2292 5620 ibid.
2373 5582 2410 5637 ν·

1885 5636 1998 5702 (49)
2028 5636 2186 5698 lbid.,
2211 5651 2332 5706 cap.
2366 5636 2457 5706 5,5.

1907 5709 1973 5762 50
2032 5707 2194 5778 lbid.,
2225 5721 2348 5778 cap.

1907 5709 1973 5762 50
2032 5708 2194 5771 lbid.,
2225 5721 2348 5778 cap.
2381 5708 2434 5761 ι.

1883 5708 1997 5852 ἶῦί)
2033 5777 2204 5850 Epist.
2232 5778 2283 5843 l,
2312 5795 2360 5832 c.
2391 5777 2440 5832 5.
