4070 6316
683 293 788 348 175

1788 289 1880 343 AD
1921 288 1982 350 Β.
2023 286 2449 345 ειΕΜεΝτει
2488 289 2508 345 l
2547 288 2781 347 PAPAM

3836 295 3934 353 Πσ

676 422 952 477 ponamus.
988 402 1210 472 Propter
1232 402 1623 456 aemulationem
1650 411 1698 456 et
1728 402 2005 466 invidiam,
2030 405 2120 471 qui
2156 402 2256 456 Ec-
2285 409 2331 466 Α
2360 407 2611 472 thalinm,
2646 409 2847 478 quibus
2881 423 3001 462 eam
3050 411 3478 467 maculavimusi
3528 410 3663 477 Nos,
3711 415 3816 468 nisi
3844 414 3932 470 ba-

675 500 850 554 clesite
871 507 1020 551 erant
1051 495 1232 566 ﬁdeles
1264 502 1312 548 et
1335 495 1656 562 justissima:
1693 495 1953 548 columna:
1973 536 1988 557 ,
2015 498 2086 548 ad
2114 501 2255 546 mor-

677 602 778 646 tem
807 606 968 660 usque
998 589 1240 643 acerbam
1262 587 1672 656 persecutionem
1711 588 1859 656 passi
1897 596 2040 641 sunt.
2075 584 2256 639 Pona-

675 697 792 734 mus
835 671 1151 734 nobis-ante
1199 677 1379 731 oculos
1433 686 1644 731 sanctos
1684 677 1980 745 apostolos.
2027 675 2254 745 Propter

677 773 1065 828 cumulationem
1089 771 1325 840 iniquam
1350 769 1538 823 Petrus
1569 786 1671 823 non
1701 779 1982 824 unum.aut
2002 769 2249 835 alterum,

675 865 765 918 sed
793 863 966 932 plures
991 861 1196 915 labores
1219 859 1458 922 sustulit,
1490 867 1645 930 atque
1675 860 1754 911 ita
1778 860 2096 929 martyrium
2126 874 2252 928 pas-

671 974 761 1009 sus
791 959 845 1009 in
871 955 1103 1010 debitum
1124 954 1310 1024 gloria'
1341 950 1512 1005 locum
1546 951 1803 1006 ascendit.
1838 949 2061 1018 Propter
2091 967 2252 1004 temu-

673 1049 918 1102 lationem
965 1045 1173 1100 Paulus
1216 1044 1483 1114 patientia:
1529 1043 1804 1112 praemium
1844 1043 2100 1104 obtinuit,
2129 1059 2246 1096 cum

669 1151 881 1195 catenas
910 1141 1095 1207 septies
1118 1145 1405 1207 portasset,
1438 1139 1760 1204 vapulasset,
1784 1135 2052 1202 lapidatus
2081 1145 2247 1189 esset:

669 1247 840 1300 prarco
870 1230 1043 1299 factus
1069 1228 1124 1281 in
1149 1226 1358 1281 Oriente
1404 1269 1417 1280 .
1467 1270 1478 1278 .
1524 1267 1537 1280 .
1583 1233 1747 1278 totum
1781 1225 2031 1279 mundum
2055 1227 2246 1281 docens

655 1324 950 1392 justitiam,
991 1329 1039 1374 et
1071 1319 1138 1374 ad
1175 1317 1472 1374 Occidentis
1505 1320 1788 1370 terminum
1815 1317 2040 1380 ueniens,
2069 1327 2118 1370 et
2149 1317 2244 1370 sub

613 1415 620 1423 ’
661 1416 985 1487 principibus
1017 1415 1334 1484 martyrium
1357 1426 1567 1481 passus,
1594 1411 1671 1462 ita
1702 1427 1729 1464 e
1752 1409 1943 1463 mundo
1974 1394 2252 1480 migravit,

662 1519 815 1581 atque
841 1509 892 1561 in
907 1506 1077 1561 locum
1090 1513 1330 1559 sanctum
1352 1502 1503 1560 abiit.
1518 1497 1788 1571 pa'tientiaz
1804 1518 2051 1573 magnum
2064 1519 2241 1557 exem-

658 1603 778 1673 plar
809 1600 1007 1670 factus.
1061 1598 1241 1653 Locus
1279 1597 1383 1651 iste
1428 1601 1637 1648 attenta
1684 1594 2124 1650 consideratione
2158 1596 2242 1649 di-

658 1709 798 1765 gnus
825 1700 910 1749 est
929 1709 943 1758 ;
965 1691 1140 1763 primo
1159 1689 1303 1744 enim
1323 1702 1666 1759 expressum,
1686 1696 1739 1741 et
1757 1687 1901 1740 omni
1924 1689 2241 1758 exceptione

2353 500 2550 566 ptisma
2599 516 2788 568 purum
2826 511 2874 553 et
2925 503 3327 557 immaculatum
3370 505 3785 573 servarerimus,
3833 525 3932 576 qua

2356 591 2675 659 conﬁdentia
2698 592 3015 647 intrabimus
3043 595 3097 647 in
3125 597 3322 664 regiam
3350 594 3447 649 Dei
3506 595 3650 666 (5‘)?

2425 681 2469 734 Α
2501 683 2736 736 terribili
2799 683 2898 736 hac
2946 683 3192 749 veritate,
3247 700 3369 754 qua:
3414 686 3697 741 evidenter
3741 691 3934 756 probat

2353 771 2737 826 necessitatem
2797 764 3181 842 perseverandi
3240 773 3295 826 in
3341 773 3656 832 Christiana
3694 778 3929 846 justitia,

2352 871 2569 934 sumpta
2594 865 2887 919 occasione
2915 866 3169 921 stimulos
3197 866 3356 922 nobis
3386 867 3556 931 addit,
3576 875 3637 922 ut
3654 879 3933 924 certamen

2351 956 2602 1011 ineamus
2644 972 2768 1011 cum
2815 957 3064 1012 hostibus
3110 966 3312 1012 nostra:
3361 960 3576 1014 salutis.
3613 959 3727 1016 Nos
3769 964 3934 1033 igitur

2349 1057 2629 1113 certemus,
2664 1049 2740 1101 ait
2787 1049 2877 1104 ille
2907 1050 3043 1121 (55),
3075 1058 3132 1102 ut
3177 1066 3353 1104 omnes
3394 1067 3646 1106 coronam
3691 1063 3930 1124 reports-

2349 1157 2534 1207 mus,..
2566 1151 2616 1194 et
2647 1143 2694 1195 si
2722 1159 2827 1196 non
2872 1158 3149 1211 possumus
3198 1158 3374 1198 omnes
3417 1146 3686 1206 coronari,
3740 1145 3935 1201 kaltem

2344 1247 2504 1301 prope
2523 1247 2774 1285 coronam
2802 1233 2987 1286 simus.
3014 1233 3294 1287 Postrema
3321 1236 3431 1288 htec
3448 1236 3610 1289 verba
3635 1239 3929 1291 maximam

2347 1324 2540 1380 aderre
2581 1325 2781 1379 debent
2823 1327 3257 1380 consolationem
3289 1327 3356 1382 iis
3385 1329 3531 1382 haud
3581 1331 3713 1383 satis
3760 1330 3931 1386 ﬁrmis

2342 1417 2696 1479 Christianis,
2723 1417 2816 1487 qui
2849 1417 3142 1486 perfectam
3174 1428 3453 1488 nequeunt
3483 1421 3550 1475 de
3585 1421 3930 1476 vehementi-

2345 1509 2449 1563 bus
2473 1507 2825 1578 passionibus
2849 1508 3137 1568 ,victoriam
3169 1518 3469 1580 reportare,
3503 1511 3628 1566 licet
3657 1514 3814 1567 omni
3835 1527 3929 1567 co-

2343 1607 2476 1653 natu
2503 1600 2557 1653 in
2583 1598 2635 1652 id
2657 1598 2904 1654 tendant.

2417 1691 2548 1746 Post
2573 1692 2708 1744 hanc
2743 1693 2905 1746 vitam
2939 1692 3144 1746 nullum
3171 1693 3487 1762 paenitentia:
3517 1701 3736 1762 tempus.
3759 1723 3834 1733 -—
3856 1692 3928 1748 Ut

657 1788 836 1856 majus
866 1784 1110 1841 continet
1134 1780 1512 1838 testimonium
1552 1778 1798 1850 martyrii
1826 1778 2058 1834 duorum
2085 1781 2236 1849 priu-
2269 1759 2310 1820 Β
2340 1793 2521 1838 autem
2561 1783 2833 1838 efficacius
2865 1783 2930 1844 ad
2961 1784 3064 1838 hoc
3103 1791 3378 1839 certamen
3413 1799 3515 1838 nos
3540 1795 3778 1846 moveat,
3811 1793 3928 1837 tra-

655 1870 838 1949 cipum
867 1874 1259 1947 apostolorum,
1290 1870 1391 1926 SS.
1424 1886 1502 1925 sc.
1531 1868 1674 1924 Petri
1701 1876 1754 1923 et
1785 1869 1958 1941 Pauli.
1983 1870 2237 1925 Secundo

656 1967 861 2032 tradit,
896 1976 1229 2038 postrexmim
1266 1963 1412 2018 hunc
1457 1962 1764 2031 apostolum
1798 1960 1866 2015 ad
1900 1961 2035 2018 lines
2064 1976 2237 2032 usque

655 2059 970 2115 Occidentis
997 2057 1305 2128 migrasse;
1336 2053 1536 2126 quibus
1566 2051 1777 2116 verbis,
1811 2062 1870 2106 ut
1894 2053 2262 2127 animadver-v-

653 2153 720 2206 tit
744 2151 912 2211 abbas
945 2148 1164 2220 Fleury,
1188 2155 1243 2203 et
1267 2154 1391 2217 post
1421 2161 1543 2201 eum
1574 2144 2067 2200 reverendissimus
2093 2144 2234 2200 Ceil-

653 2247 775 2309 lier,
801 2241 1075 2314 designari
1113 2228 1299 2312 posset
1328 2242 1503 2294 sancti
1542 2237 1712 2313 hujus
1756 2235 1984 2306 apostoli
2031 2237 2134 2290 iter
2176 2238 2234 2292 in

651 2336 991 2408 Hispaniam.
1030 2331 1104 2389 De
1135 2333 1239 2386 hoc
1284 2337 1463 2385 autem
1504 2328 1774 2399 judicium
1817 2328 1960 2398 apud
2009 2329 2233 2385 criticos

648 2440 799 2487 esto:
842 2430 894 2483 id
931 2427 1077 2483 enim
1123 2424 1461 2496 perpendere
1515 2423 1570 2477 in
1613 2424 1777 2495 linem
1823 2423 1984 2478 nobis
2034 2423 2142 2478 isto
2177 2424 2232 2478 in

649 2508 812 2593 opere
844 2519 1184 2595 propositum
1220 2531 1326 2570 non
1358 2511 1555 2569 tendit.
1871 2589 1873 2592 ι

900 2611 925 2682 §
959 2610 1024 2672 li,
1058 2608 1136 2664 De
1166 2608 1346 2678 olﬁciis
1377 2605 1824 2670 Christianorum,
1871 2614 1979 2662 etc.

721 2704 794 2759 De
843 2703 1035 2759 sa'culo
1066 2701 1314 2772 prtesenti
1349 2707 1398 2753 et
1449 2687 1651 2768 futuro.
1693 2697 2031 2770 Contemptus
2075 2698 2230 2768 hujus

646 2797 852 2860 strculi,
885 2806 932 2849 et
962 2811 1113 2848 amor
1144 2792 1335 2862 futuri.
1369 2787 1491 2844 Non
1512 2805 1788 2858 possumus
1821 2788 2095 2866 amborum
2119 2807 2231 2844 esse

648 2888 826 2943 amici.
850 2918 919 2928 —
945 2887 1022 2940 En
1048 2886 1229 2955 aliqua
1265 2889 1382 2937 toea
1407 2884 1460 2936 in
1495 2882 1736 2938 secunda
1769 2882 1998 2952 epistola
2025 2883 2091 2936 ad
2117 2880 2228 2937 Co-

642 2982 900 3044 rinthios,
935 2994 1055 3048 qua:
1086 2976 1152 3030 ad
1185 2991 1366 3030 mores
1399 2975 1697 3045 pertinent.
1731 2973 1936 3028 Auctor
1961 2973 2050 3030 hic
2091 2974 2225 3029 bor-

641 3083 791 3130 tatur
817 3054 1156 3131 Corinthios,
1207 3076 1267 3122 ut
1311 3074 1530 3121 terrena
1572 3067 1756 3120 omnia
1797 3065 2120 3135 despiciant,
2172 3073 2227 3121 et

641 3165 885 3220 coelestia
903 3159 1244 3218 solummodo
1260 3158 1650 3227 concupiscant
1670 3175 1683 3222 ;
1702 3157 2228 3226 validissima,quam

641 3258 819 3316 alie-rt,
847 3255 1010 3315 ratio,
1044 3262 1101 3305 ut
1126 3252 1249 3305 illos
1274 3249 1339 3303 ad
1367 3249 1419 3303 id
1449 3250 1818 3322 peragendum
1851 3255 2221 3312 moveat,est:

638 3351 765 3420 quia
798 3348 923 3401 dum
952 3347 1048 3399 illa
1085 3342 1350 3412 possidere
1379 3342 1807 3408 concupiscimus
1843 3342 2085 3413 (terrena
2116 3343 2226 3397 sci.

642 3438 1116 3512 licet),excidimus
1143 3453 1176 3488 η
1212 3436 1296 3488 eia
1326 3433 1480 3504 justa
1519 3432 1663 3504 (52);
1702 3433 1828 3487 inde
1860 3447 1990 3486 vero
2035 3432 2218 3496 infert,

642 3533 788 3602 quod.
820 3545 1051 3597 prwsens
1082 3527 1333 3581 sa'culum
1354 3534 1404 3578 et
1434 3523 1674 3592 futurum
1708 3532 1829 3576 sunt
1860 3521 1964 3575 duo
1991 3523 2221 3588 inimici;

639 3623 765 3692 quia
795 3617 1045 3674 sa’culum
1094 3633 1324 3684 prazsens
1362 3613 1619 3682 praedicat
1653 3612 1996 3679 adulterium,
2036 3631 2222 3668 corru-

636 3715 853 3784 ptelam,
912 3709 1192 3764 avaritiam
1223 3717 1272 3761 et
1317 3705 1598 3775 (multem;
1644 3705 1882 3773 futurum
1929 3721 2057 3761 vero
2101 3707 2218 3760 istis

652 3804 943 3857 renuntiat.
990 3800 1159 3853 Porro
1191 3799 1286 3852 hoc
1323 3798 1575 3852 sa'culum
1609 3808 1658 3850 et
1687 3796 1925 3866 futurum
1963 3806 2085 3851 sunt
2112 3798 2217 3852 duo

637 3895 905 3949 inimici...
936 3892 1059 3946 Non
1088 3908 1208 3961 ergo
1233 3906 1532 3953 possumus,
1565 3889 1841 3943 concludit
1863 3883 1998 3959 ipse,
2035 3891 2217 3943 ambo-

635 4005 754 4041 rum
782 3987 940 4040 amici
982 4002 1114 4038 esse.
1157 3983 1372 4050 Oportet
1405 3991 1600 4043 autem,
1633 3990 1690 4033 ut
1721 3981 2062 4035 valedicentes
2111 3983 2212 4050 illi,

635 4081 730 4134 hoc
760 4090 975 4133 utamur
1007 4076 1139 4147 (55).
1175 4074 1394 4129 Veritas
1445 4074 1561 4127 haec
1620 4074 1755 4127 satis
1812 4074 1966 4126 firma
2017 4085 2099 4129 est
2149 4089 2214 4130 ac

632 4171 986 4242 gravissima;
1039 4174 1092 4221 et
1146 4168 1190 4222 si
1237 4164 1652 4235 probationibus
1702 4165 1990 4233 indigeret,
2042 4181 2212 4220 unum

632 4264 903 4319 suiliceret
960 4260 1014 4313 in
1060 4256 1295 4312 medium
1327 4253 1519 4312 all'erre
1553 4253 1852 4308 Salvatoris
1887 4256 2206 4309 oraculum:

634 4337 804 4409 Nemo
838 4361 1005 4422 potest
1034 4348 1239 4401 duobus
1268 4346 1495 4401 dominis
1528 4348 1719 4400 servire
1743 4347 1807 4401 δ’.
1839 4346 2028 4412 Quoad
2058 4348 2201 4400 futu-

2339 1875 2439 1940 dit,
2471 1874 2618 1945 quod
2645 1874 2788 1930 Deus
2817 1875 3081 1931 concedat
3101 1877 3262 1930 nobis
3293 1877 3608 1944 temporalis
3641 1875 3807 1944 hujus
3837 1877 3927 1928 vi-

2336 1972 2404 2020 ta:
2437 1975 2672 2035 tempus,
2726 1972 2786 2019 nl.
2825 1966 3144 2034 paenitentia
3193 1965 3478 2020 ducamur.
3525 1963 3736 2034 Quippe
3784 1973 3929 2033 post-

2335 2073 2493 2128 quam
2521 2073 2548 2110 e
2571 2056 2765 2110 mundo
2789 2059 3068 2121 exibimus,
3103 2057 3177 2110 ait
3219 2057 3334 2126 ipse
3361 2056 3496 2126 (56),
3543 2073 3648 2109 non
3691 2057 3923 2124 amplius

2334 2165 2614 2218 possumus
2639 2148 2715 2202 ibi
2734 2149 2994 2218 confiteri,
3022 2158 3112 2200 aut
3141 2149 3501 2217 paenitentiam
3532 2148 3712 2201 adhuc
3744 2163 3922 2217 agere.

2336 2237 2466 2291 Vult
2494 2249 2645 2308 ergo,
2679 2245 2738 2291 ut
2775 2236 3019 2308 quandiu
3045 2237 3097 2290 id
3124 2237 3284 2291 nobis
3309 2235 3452 2290 Deus
3480 2236 3757 2300 tribuerit,
3786 2238 3924 2290 totis

2322 2328 2546 2390 viribus
2602 2344 2865 2386 conemur
2903 2328 3080 2383 nostri
3129 2328 3384 2398 baptismi
3430 2328 3749 2381 munditiem
3798 2342 3924 2383 ser-

2333 2435 2490 2487 vare,
2543 2430 2638 2476 aut
2697 2421 2942 2476 maculas
2997 2435 3093 2490 per
3148 2428 3372 2490 peccata
3425 2420 3682 2477 inductas
3733 2422 3924 2476 deter—

2332 2528 2479 2583 gere.

2304 2608 2351 2672 ’ν
2403 2602 2845 2660 Christianorum
2904 2602 3078 2658 oﬂicia
3137 2610 3364 2659 sanctus
3412 2601 3664 2656 Pontifex
3723 2604 3924 2672 paucis
3969 2597 3978 2604 ’

2331 2671 2651 2769 complexus
2677 2705 2762 2751 est
2786 2696 2992 2759 omnia,
3015 2697 3144 2749 dum
3171 2695 3245 2748 ait
3272 2693 3699 2763 Corinthiosque
3729 2695 3920 2748 admo-

2331 2797 2424 2846 net
2457 2790 2593 2860 (57),
2616 2798 2674 2841 ut
2717 2787 3003 2840 Dominum
3061 2785 3242 2840 Jesum
3284 2785 3555 2844 Christum
3584 2798 3916 2853 venerentur,

2327 2884 2638 2953 prwpositos
2691 2893 3041 2944 revereantur,
3097 2882 3324 2934 seniores
3370 2879 3641 2943 honorent,
3690 2879 3919 2948 juvenes

2335 2975 2562 3028 doceant
2592 2972 2936 3041 disciplinam
2965 2972 3171 3025 timoris
3200 2971 3298 3024 Dei
3324 2984 3339 3028 :
3368 2986 3557 3025 uxores
3589 2988 3713 3024 suas
3742 2971 3814 3022 ad
3859 2970 3917 3023 id

2331 3065 2469 3136 quod
2500 3064 2691 3117 bonum
2730 3074 2806 3116 est
2834 3063 3123 3124 inducant;
3155 3061 3407 3115 amabiles
3436 3063 3700 3115 castitatis
3738 3079 3916 3115 mores

2333 3155 2632 3218 ostendant,
2662 3139 2956 3222 simplicem
2985 3171 3044 3206 ac
3067 3155 3324 3207 sinceram
3348 3153 3764 3206 mansuetudinis
3798 3169 3916 3205 sua:

2330 3249 2649 3303 voluntatem
2696 3246 3070 3307 demonstrent,
3123 3245 3532 3298 moderationem
3573 3245 3762 3315 linguru
3796 3262 3917 3299 sua:

2330 3343 2539 3397 silentio
2573 3341 2910 3408 manifestam
2951 3339 3184 3407 faciant;
3232 3337 3542 3391 cltaritatem
3584 3355 3736 3390 suam
3803 3355 3914 3391 non

2329 3433 2610 3488 secundum
2661 3432 2824 3486 animi
2863 3430 3274 3499 ,propensiones,’
3306 3429 3396 3482 Sed
3448 3430 3689 3484 omnibus
3733 3429 3912 3483 Deum

2326 3536 2508 3579 sancte
2549 3523 2850 3578 timentibus
2889 3522 3142 3591 atqualem
3184 3521 3472 3589 prcebeant.
3509 3521 3681 3575 Liberi
3733 3524 3914 3577 nostri

2322 3619 2620 3689 disciplina:
2669 3616 2870 3672 Christi
2900 3618 3178 3683 participes
3225 3618 3362 3680 sint,
3394 3614 3602 3668 discant
3652 3621 3776 3685 qul
3807 3618 3914 3669 ltu-

2321 3712 2524 3766 militas
2554 3708 2693 3778 apud
2723 3709 2890 3762 Deum
2923 3709 3118 3768 ualeat,
3153 3706 3278 3776 quid
3303 3718 3453 3759 casta
3493 3706 3726 3760 charitas
3758 3708 3909 3777 apud

2320 3806 2488 3860 Deum
2509 3805 2694 3874 possit,
2725 3803 2982 3873 quomodo
3018 3803 3176 3854 timor
3193 3802 3307 3870 ejus
3337 3799 3597 3870 (Domini)
3625 3799 3790 3868 bonus
3823 3813 3909 3856 est

2319 3916 2381 3953 ac
2420 3913 2641 3967 magnus
2667 3904 2714 3950 et
2739 3911 2949 3948 servans
2990 3910 3165 3946 omnes
3212 3893 3301 3963 qui
3326 3892 3381 3945 in
3404 3892 3516 3960 ipso
3539 3903 3816 3947 versantur
3846 3896 3904 3949 in

2315 4007 2452 4062 pm
2477 4001 2663 4044 ἠδ’ίῶ
2845 4053 3241 4110 ARTICULUS
3274 4053 3361 4110 tu.

2455 4171 2521 4208 nu
2553 4167 2783 4206 ERRATIS
2806 4165 2964 4223 vultis
2992 4165 3092 4201 νει
3124 4164 3306 4202 rusus
3339 4164 3385 4202 s.
3421 4163 3747 4205 CLEIENTIS.

2386 4247 2527 4313 Quid
2576 4243 2796 4297 Pltotius
2843 4243 2898 4293 in
2931 4240 3050 4293 diro
3097 4237 3361 4293 Clemente
3413 4239 3787 4308 reprehendat.
3826 4272 3900 4282 —

2314 4339 2440 4393 Tria
2474 4339 2526 4391 in
2570 4337 2737 4407 priori
2784 4335 2850 4387 ad
2885 4332 3202 4386 Corinthios
3233 4332 3460 4401 epistola
3491 4330 3718 4386 Photius
3777 4334 3897 4404 (58)

629 4462 753 4500 rum
782 4444 1039 4498 scendum
1074 4448 1266 4491 auctor
1295 4439 1396 4493 iste
1432 4435 1596 4490 tradit
1624 4436 1698 4498 id,
1733 4452 1840 4505 quo
1883 4435 2206 4492 deberemus
2240 4451 2282 4504 D
2313 4429 2680 4504 reprehendit.
2727 4426 2994 4486 Primum,
3048 4425 3209 4494 quod,
3235 4432 3428 4477 auctor
3474 4424 3709 4480 mundos
3750 4427 3898 4482 alios

629 4534 1103 4592 vehementissime
1127 4529 1494 4591 commoveri,
1543 4529 1772 4592 scilicet,
1817 4530 1960 4599 quod
1993 4546 2095 4583 non
2126 4530 2207 4583 in-

631 4627 886 4680 trabimus
920 4626 972 4678 in
993 4639 1206 4694 regnum
1232 4621 1349 4684 Dei,
1379 4621 1482 4674 nisi
1513 4636 1701 4688 purum
1727 4628 1775 4673 et
1807 4620 2204 4673 immaculatum

628 4719 1004 4774 servaverimus
1052 4724 1291 4768 nostrum
1332 4711 1630 4779 baptisma,
1675 4711 1780 4766 hoc
1821 4720 1929 4775 est,
1952 4712 2058 4766 nisi
2101 4728 2206 4766 no-

629 4817 799 4866 stram
835 4806 1091 4879 baptismi
1129 4802 1495 4859 innocentiam
1521 4802 1944 4865 servaverimus,
1977 4809 2071 4855 aut
2100 4800 2205 4855 nisi

627 4915 725 4971 per
762 4896 1139 4969 paenitentiam
1185 4893 1656 4963 impetraverimus
1704 4891 2085 4948 remissionem
2129 4895 2207 4949 le—

700 5035 744 5068 δ’
778 5032 1076 5094 Matthnn,
1111 5028 1205 5083 24.

700 5169 814 5238 (52)
840 5165 1015 5238 Epist.
1050 5163 1108 5227 2,
1123 5176 1245 5238 cap.
1263 5162 1316 5213 5.

699 5236 811 5310 (55)
844 5236 1002 5310 ibid,
1045 5249 1166 5303 cap.
1200 5237 1252 5285 b'.

702 5303 814 5380 (δι)
846 5303 978 5380 tma-

702 5373 815 5446 (55)
846 5378 1003 5449 Ibid?
1030 5373 1234 5449 (ξορρ.
1475 5440 1503 5449 Α
1590 5441 1601 5449 _
1638 5439 1673 5449 η
1743 5440 1756 5449 .

702 5437 814 5521 (56)
851 5449 907 5502 s.
939 5437 1113 5521 Clem:
1151 5442 1332 5521 [ξονι.
1359 5457 1445 5521 _ep.
1473 5440 1507 5492 2
1539 5441 1604 5495 ad
1633 5439 1905 5521 conatu.
1940 5453 2099 5518 num.
2143 5437 2198 5491 8.

629 5509 767 5576 "inc
789 5509 1128 5588 prievertitur
1156 5511 1404 5588 Origcnis
1433 5526 1608 5572 error,
1633 5510 1862 5588 ejusque
1886 5509 2199 5588 seguaeium

629 5577 1009 5646 tuo-.lei'norum
1069 5577 1408 5641 theistavrum,
1428 5596 1558 5650 quo,
1591 5577 1919 5650 ut'loqoitur
1939 5577 2198 5634 Iustinia-

628 5677 754 5726 nus,
792 5669 923 5712 toni.
963 5655 995 5708 Υ
1043 5654 1242 5709 Concil.
1274 5651 1426 5726 _Lab.
1460 5651 1588 5710 666.
1620 5654 1862 5726 omnium
1902 5650 2190 5726 impiorum

626 5719 905 5787 uitulinum
918 5741 964 5782 et
983 5735 1240 5797 praetcrea
1254 5723 1555 5777 daemonum
1571 5735 1786 5792 postiam
1804 5721 1958 5773 linem
1977 5719 2191 5773 habitu-

2314 4525 2456 4578 ultra
2508 4534 2775 4576 oceanum
2824 4530 2944 4571 esse
2993 4517 3312 4573 existimare
3356 4515 3624 4570 videatur.
3684 4515 3898 4572 Deinde

2309 4613 2454 4682 quod
2488 4609 2554 4662 ad
2576 4622 2865 4676 corporum
2882 4607 3335 4659 resurrectionem
3369 4605 3702 4675 probandam
3733 4607 3897 4676 phat-

2310 4705 2452 4759 nicis
2485 4700 2892 4770 comparatione
2941 4706 3146 4760 utatur,
3197 4703 3356 4767 quasi
3405 4698 3524 4752 avis
3564 4699 3656 4751 illa
3698 4715 3895 4754 revera

2310 4798 2588 4855 existeret,
2634 4799 2690 4846 et
2716 4805 2802 4852 ea,
2831 4805 2952 4859 quae
2980 4789 3047 4844 de
3077 4790 3168 4843 illa
3208 4790 3478 4856 feruntur,
3501 4807 3629 4844 vera
3661 4793 3893 4848 ontnino

2314 4887 2512 4941 forent.
2543 4884 2848 4946 Postremo,
2892 4879 3065 4951 quod,
3094 4881 3187 4934 ubi
3213 4881 3281 4935 de
3312 4880 3444 4938 Jesu
3488 4879 3710 4937 Christo
3752 4885 3888 4955 agit,

2301 5171 2414 5208 ram
2469 5169 2614 5216 esse,
2665 5153 3089 5221 restitutumque
3131 5153 3195 5206 iri
3249 5160 3363 5207 tum
3407 5152 3603 5220 impios
3632 5153 3890 5213 homines

2300 5236 2412 5278 tmn
2445 5225 2719 5278 tltetnones
2755 5227 2806 5276 iu
2840 5225 3131 5292 pristinum
3154 5224 3402 5277 ordinem
3440 5238 3600 5276 suum
3640 5231 3885 5282 censuit.

2303 5296 2427 5350 Haec
2451 5297 2595 5349 enim
2627 5295 2743 5348 sine
2767 5294 2966 5364 praevia
2995 5295 3315 5362 pumilentia
3338 5294 3548 5364 admitti
3577 5306 3889 5364 nequeunt.

2300 5365 2650 5433 Rursumque
2678 5363 2807 5417 dum
2825 5379 3051 5419 numero
3078 5364 3325 5434 sequenti
3355 5363 3636 5427 docemur,
3664 5363 3889 5421 nullum

2300 5445 2424 5507 post
2457 5437 2595 5489 hanc
2637 5433 2804 5507 vitam
2852 5449 3139 5507 superesse
3178 5445 3413 5507 tempus,
3460 5434 3514 5487 in
3547 5451 3658 5504 quo
3692 5438 3889 5493 sanari

2301 5504 2601 5567 valeamus,
2640 5505 2731 5557 illa
2770 5504 2824 5557 in
2878 5505 3166 5573 pristinum
3211 5505 3461 5560 ordinem
3493 5519 3654 5560 suum
3695 5520 3890 5564 rever-

2304 5577 2450 5630 tendi
2483 5591 2608 5644 spes
2641 5573 2822 5643 impiis
2845 5588 3070 5644 prorsus
3108 5575 3376 5630 aufertur.

2375 5647 2486 5716 (57)
2517 5642 2575 5716 ξ.
2612 5642 2864 5698 Clemens
2897 5642 3077 5716 ltom..
3110 5660 3197 5714 ep.
3236 5646 3261 5701 1
3297 5645 3363 5700 ad
3403 5643 3557 5709 Con,
3596 5661 3752 5703 num.
3782 5649 3887 5704 2|.

2373 5719 2483 5787 (58)
2513 5715 2758 5778 Photius,
2791 5715 2978 5768 codice
3002 5731 3184 5771 cxxvt.
