4070 6316
165 399 268 455 177

1405 393 1751 453 ιηιοοειιιι
1790 370 2177 453 νΑιιιοιιυιι.

3326 389 3428 448 178

155 533 324 575 voces
366 517 490 586 ejus
519 493 734 580 tantum
767 516 1161 570 humanitatem
1209 513 1563 583 designantes
1584 511 1742 566 adhi-
1774 510 1821 568 Α
1848 510 2173 566 Cotelerius.
2211 510 2477 581 Superius
2501 512 2699 581 quippe
2734 525 2963 565 numero
2990 509 3082 574 ιο,
3117 519 3310 580 prater
3336 526 3418 567 san

157 611 306 673 beat,
340 625 468 665 eum
509 623 782 664 summum
831 605 1146 665 Pontiﬁcem
1180 613 1234 660 et
1283 611 1448 673 caput
1494 610 1743 656 nostrum

157 702 476 773 appellans;
524 699 662 760 nihil
691 714 820 753 vero
868 697 1129 762 exitnium
1161 705 1327 766 atque
1369 694 1601 750 sublime
1647 692 1745 751 ha-

159 795 284 850 heat
309 833 326 856 ,
354 809 463 863 quo
506 791 628 861 ejus
665 790 927 844 divinitas
963 788 1322 862 signiﬁcetur.
1347 787 1417 855 At
1441 785 1742 842 secundam

153 901 220 941 nc
279 887 502 941 tertiam
561 881 1040 953 reprehensionem
1099 881 1212 951 jam
1263 879 1520 949 superius
1575 878 1743 933 dilui-

155 993 279 1033 mus
313 977 465 1048 (59);
495 977 563 1031 ad
595 976 827 1046 primam
869 989 998 1028 vero
1029 971 1321 1043 respondet
1362 971 1445 1026 Cl.
1486 968 1552 1026 V.
1582 968 1740 1024 Remi

154 1070 376 1125 Ceillier
411 1069 547 1142 (60),
583 1068 820 1123 mundos
845 1067 992 1127 illos,
1044 1081 1184 1134 quos
1227 1071 1462 1119 sanctus
1489 1061 1742 1117 Clemens

153 1161 298 1217 ultra
338 1175 605 1216 oceanum
633 1176 758 1216 esse
795 1159 890 1222 ait,
923 1156 1210 1228 antipodas
1236 1172 1380 1221 esse,
1413 1170 1552 1226 quos
1580 1169 1738 1208 reve-

153 1271 214 1312 ra
238 1256 479 1310 existere
506 1270 702 1311 omnes
731 1253 892 1309 hodie
923 1245 1204 1316 fatenturi
1233 1254 1348 1320 qua”,
1373 1249 1440 1305 dc
1473 1264 1531 1303 re
1556 1246 1738 1301 Photii

153 1354 314 1401 aetate
344 1345 600 1400 fortassis
648 1360 760 1398 non
810 1344 1050 1414 liquebat
1083 1343 1218 1414 (61).
1258 1340 1397 1408 Quia
1427 1349 1610 1395 tamen
1650 1354 1738 1393 re-

125 1417 331 1492 imotas
361 1451 426 1490 ac
450 1435 603 1507 prius
641 1435 948 1504 incognitas
986 1433 1175 1486 mundi
1218 1439 1421 1502 partes,
1456 1439 1587 1500 puta
1617 1427 1739 1482 Bri~

149 1528 407 1582 tannicas
438 1510 674 1590 Insulas,
701 1525 848 1581 Julio
881 1525 1106 1583 Ciesari.
1135 1523 1388 1595 Virgilio,
1434 1524 1667 1592 aliisque
1705 1537 1735 1574 a

147 1617 428 1674 Cotelerio
468 1619 681 1678 relatis.
722 1634 879 1671 novos
933 1616 1084 1671 orbes
1131 1631 1454 1685 nuncupare
1493 1614 1739 1669 solemne

148 1716 257 1774 est,
281 1708 556 1780 ambigere
584 1709 711 1764 licet
753 1725 882 1763 num
899 1708 1151 1762 Clemens
1179 1706 1460 1760 Romanus
1482 1702 1735 1758 Pontifex

148 1801 219 1856 de
246 1801 475 1855 remotis
505 1799 694 1853 mundi
733 1799 978 1870 partibus
1004 1799 1146 1854 ultra
1191 1811 1478 1861 oceanum,
1513 1811 1620 1850 non
1651 1804 1732 1848 ta-

150 1904 276 1943 men
305 1889 365 1942 in
397 1889 626 1946 adversa
659 1847 818 1942 nobis
854 1886 1170 1957 parte-sitis
1214 1885 1489 1955 loquatur.
1522 1881 1734 1938 Viderit
1765 1847 1809 1902 Β

146 1978 312 2032 etiam
375 1978 628 2046 quisque,
679 1993 810 2031 num
853 1976 1306 2032 subscribendum
1347 1981 1499 2044 putet
1544 1971 1738 2042 Orige-

151 2071 207 2124 ni
246 2069 358 2139 (62)
386 2082 547 2139 atque
568 2070 694 2123 divo
727 2068 1056 2140 Hieronymo
1089 2067 1203 2138 (65)
1241 2067 1333 2136 qui
1366 2066 1552 2136 plures
1575 2081 1735 2119 mun-

144 2163 248 2217 dos
300 2178 327 2215 a
373 2163 498 2217 divo
528 2154 808 2216 Clemente
838 2161 929 2214 hic
960 2161 1136 2215 asseri
1183 2160 1544 2213 arbitrantur.
1601 2158 1732 2212 Mihi

147 2270 277 2309 vero
305 2254 466 2324 longe
496 2255 999 2323 probabilissimum
1032 2252 1271 2315 videtur,
1298 2252 1550 2322 cognitas
1581 2250 1732 2305 orbis

145 2352 489 2415 partesque
519 2345 674 2414 prius
697 2344 960 2406 latebant,
1001 2350 1158 2398 extra
1199 2357 1470 2397 oceanum
1506 2340 1729 2396 mundos

145 2439 214 2494 ab
233 2456 300 2493 eo
325 2440 615 2509 appellari,
643 2453 873 2507 eamque
914 2438 1246 2492 locutionem
1282 2437 1527 2506 antiquis
1554 2438 1730 2492 usita~

145 2536 252 2582 tam
287 2527 458 2583 fuisse
487 2529 616 2583 Julii
673 2528 927 2594 Caesaris,
952 2528 1186 2599 Virgilii,
1217 2527 1440 2585 Seneca:
1466 2532 1729 2585 aliorum-

143 2637 206 2676 ve
238 2622 557 2676 testimonia
575 2636 603 2674 a
632 2623 750 2675 viro
773 2622 1096 2677 doctissimo
1120 2619 1333 2676 Joanne
1353 2621 1597 2692 Baptista
1619 2621 1729 2678 Co-

141 2713 334 2769 tclerio
364 2712 477 2782 (64)
508 2713 678 2768 relata
709 2713 957 2782 probant.

213 2804 358 2859 Num
394 2804 455 2858 S.
498 2805 740 2859 Clemens
785 2804 1139 2858 hierarchiam
1178 2821 1243 2859 ea:
1278 2807 1556 2870 episcopis,
1601 2823 1727 2875 pre-

141 2897 385 2965 sbyteris,
420 2912 484 2948 ac
516 2897 774 2949 ministris
806 2906 1132 2958 constantem
1154 2897 1436 2951 crediderit
1457 2901 1566 2954 ?—-
1583 2897 1724 2954 Fue-

143 3002 200 3041 re
239 2987 492 3040 nonnulli
546 2987 747 3048 critici,
799 2987 890 3057 qui
925 3002 993 3042 ex
1039 2987 1272 3056 epistola
1318 2988 1486 3058 priori
1544 2991 1719 3043 sancti

140 3075 421 3132 Pontiﬁcis
473 3078 646 3131 nostri
677 3076 947 3131 coniicere
990 3085 1200 3146 putant,
1250 3076 1387 3133 duos
1419 3086 1629 3132 tantum
1664 3081 1718 3133 in

1846 596 2097 651 cerdotes
2145 605 2202 651 et
2248 599 2440 654 levitas
2503 614 2778 654 summum
2835 598 3176 653 sacerdotem
3237 601 3421 670 praedi-

1845 699 1941 746 cat
1964 690 2167 763 (66),et
2197 693 2427 748 inferius
2458 709 2686 748 numero
2711 694 2804 756 M,
2835 688 2959 749 eum
2985 693 3285 750 Corinthiis
3325 709 3421 749 ex-

1845 785 2109 854 postulat,
2140 785 2296 855 quod
2330 785 2527 854 deiecti
2570 786 2641 842 ab
2671 786 2738 842 iis
2777 787 2888 842 sint
2923 787 3248 859 presbyteri,
3282 801 3421 855 quos

1844 875 2078 948 apostoli
2135 876 2294 930 aliive
2331 876 2518 931 eximii
2565 877 2673 931 viri
2721 877 3070 932 ordinassent
3093 877 3229 949 (67),
3281 877 3423 933 forte

1831 964 2007 1018 etiam
2040 967 2328 1036 episcopos
2359 973 2569 1027 tantum
2613 981 2677 1020 ac
2723 966 2984 1019 diaconos
3017 965 3108 1020 hic
3145 973 3417 1026 recenset,

1841 1068 2064 1128 propter
2081 1056 2437 1124 lsaizelocum
2462 1073 2592 1112 mox-
2617 1057 2686 1111 ab
2713 1073 2779 1112 eo
2813 1058 3058 1120 citatum,
3085 1058 3140 1110 in
3171 1073 3281 1127 quo
3312 1057 3424 1126 epi-

1842 1148 1992 1217 scopi
2022 1156 2077 1202 et
2102 1148 2318 1202 diaconi
2347 1149 2668 1203 nominatim
2692 1156 3064 1204 memorantur
3082 1148 3215 1221 (68).
3251 1149 3423 1204 Acce-

1840 1239 1920 1294 dit
1937 1239 2080 1308 quod
2119 1238 2423 1293 nurnerle
2441 1239 2750 1307 epistol-al,
2767 1248 2953 1308 aperte
2980 1239 3328 1310 presbyteros
3353 1240 3421 1294 ab

1839 1327 2116 1398 episcopis
2143 1328 2451 1394 discernat;
2488 1328 2566 1382 ait
2599 1329 2782 1385 enim:
2827 1326 3173 1398 Presbyteros
3210 1340 3420 1384 nostros

1840 1435 2221 1482 revereamur;
2257 1422 2490 1476 seniores
2549 1430 2758 1485 nostros
2804 1418 3139 1475 honoremus.
3199 1420 3415 1478 Graece:

1837 1515 1977 1576 Τοὺς
2005 1514 2445 1585 προηγουμένους
2481 1512 2636 1584 ἡμῶν
2657 1512 3154 1584 αἱδεσθῶμεν,τοὺς
3181 1514 3444 1584 πρεσὸυ--

1836 1604 2026 1675 τέρους
2053 1604 2210 1675 ἡμῶν
2250 1605 2592 1676 τιμήσωμεν.
2625 1603 2758 1669 Quis
2801 1611 2984 1658 autem
3030 1605 3269 1674 ignorat,
3303 1607 3420 1676 epi-

1837 1710 2035 1764 scopos
2067 1694 2379 1764 frequenter
2412 1696 2714 1767 appellatos
2741 1695 2913 1751 fuisse
2939 1695 3419 1768 προηγουμένουςτ

1838 1786 1977 1842 Vide
2009 1786 2092 1842 Cl.
2145 1787 2836 1859 Binghamum,0riginum
2868 1788 3052 1844 eccles.
3098 1796 3140 1843 t.
3191 1789 3232 1854 l,
3276 1804 3326 1843 c.
3361 1787 3418 1854 2,

1842 1879 1958 1951 ἔδυ
2746 1951 2752 1956 .

1908 1971 2041 2025 Illud
2061 1981 2218 2026 certo
2232 1980 2472 2035 constat,
2498 1955 2753 2026 sanctum
2778 1955 3111 2029 Clementem
3143 1972 3420 2042 locaque.

1835 2064 1964 2118 dam
1998 2063 2243 2129 laudare,
2274 2081 2395 2134 quae
2443 2064 2498 2118 in
2530 2063 2814 2134 Scriptura
2837 2064 3039 2120 iisdem
3080 2064 3264 2119 verbis
3307 2080 3446 2118 non.

1833 2164 2088 2220 exstant;
2122 2172 2310 2210 eorum
2329 2163 2509 2211 tamen
2542 2157 2722 2226 aliqua
2750 2156 2930 2226 quoad
2961 2158 3286 2212 sententiam
3314 2157 3420 2219 ibi-

1832 2249 1953 2304 dem
1988 2249 2264 2320 leguntur.
2310 2248 2403 2305 Sic
2451 2251 2615 2304 verba
2641 2251 2753 2304 haec
2811 2250 2976 2307 refert
3025 2251 3138 2322 (69)
3162 2252 3320 2324 quasi
3360 2251 3432 2306 in,

1838 2339 2136 2412 'icripturis
2163 2327 2378 2396 essent:
2420 2340 2606 2395 Miseri
2644 2352 2788 2405 sunt,
2823 2345 2913 2411 qui
2956 2344 3131 2399 animo
3163 2353 3284 2397 sunt
3314 2341 3417 2398 du-

1827 2434 1987 2502 plices
2010 2443 2058 2486 et
2100 2435 2305 2497 incerti,
2331 2437 2420 2504 qui
2452 2435 2632 2488 dicunt
2653 2451 2671 2488 :
2701 2435 2830 2490 Haec
2861 2436 3157 2491 audivimus
3185 2438 3350 2490 etiam
3381 2452 3417 2490 α

1827 2522 2075 2592 patribus
2114 2527 2332 2588 nostris,
2372 2533 2421 2578 et
2449 2541 2563 2580 ecce
2591 2528 2959 2580 consenuimus
2985 2534 3035 2579 et
3067 2526 3196 2580 nihil
3228 2527 3418 2582 horum

1827 2618 1976 2671 nobis
2004 2617 2217 2672 accidit.
2247 2617 2510 2674 Eumdem
2541 2619 2722 2673 locum
2754 2620 3162 2688 alteraquoque
3183 2621 3419 2690 epistola

1826 2709 2026 2762 recitat
2046 2708 2189 2780 (70);
2222 2710 2349 2764 licet
2371 2710 2564 2764 nullibi
2592 2711 2644 2764 in
2671 2710 2966 2765 Bibliisita
2989 2713 3223 2782 legatur.
3256 2711 3417 2779 Quod
3445 2761 3450 2766 .

1825 2802 1872 2855 si
1914 2801 2032 2856 loca
2085 2801 2241 2872 plura
2271 2802 2438 2856 variis
2486 2801 2786 2871 Scriptura:
2814 2803 2969 2857 libris
3011 2801 3122 2874 (71)
3166 2805 3440 2874 δίψει-εει..

1819 2894 2170 2964 colligamus,
2226 2896 2555 2950 sententiam
2615 2895 3410 2966 eamdem-deprehendemus.

1822 2985 2004 3039 Alium
2032 2987 2197 3042 etiam
2222 2988 2402 3041 locum
2437 2996 2665 3043 sanctus
2704 2987 2957 3044 Clemens
2988 2991 3154 3044 altera
3183 2991 3442 3060 epistola.

1821 3079 2036 3144 recitat,
2075 3095 2235 3148 quem
2282 3079 2534 3136 Clemens
2571 3080 2973 3137 Alexandrinus
3004 3081 3201 3152 (72)“
3236 3081 3420 3136 Evan-

137 3168 286 3221 clero
307 3167 557 3228 ordines.
581 3169 874 3237 episcopos
905 3166 1114 3222 scilicet
1147 3175 1201 3220 et
1233 3169 1494 3225 diaconos
1527 3185 1555 3222 a
1586 3169 1714 3223 Cle-
1743 3200 1784 3256 ε
1819 3172 1964 3241 gelio
2004 3173 2306 3228 secundum
2350 3173 2637 3243 Agyptios
2672 3182 2957 3243 acceptum
2996 3189 3138 3237 esse,
3185 3175 3282 3227 ait.
3316 3173 3432 3230 Est-

137 3267 316 3312 mente
346 3257 605 3327 agnosci;
631 3257 758 3326 quia
789 3257 865 3310 ait
907 3257 976 3311 ab
1016 3257 1276 3327 apostolis
1319 3259 1610 3328 episcopos
1659 3266 1716 3312 et
1815 3275 1996 3320 autem
2022 3265 2370 3333 huiusmodi;
2396 3264 2529 3320 Cum
2553 3266 2658 3321 άηο
2695 3275 2848 3321 eum;
2870 3282 3055 3330 unum,
3087 3274 3137 3320 ετ
3161 3266 3298 3335 quod
3326 3267 3412 3334 [ο-

136 3349 402 3403 diaconos
434 3349 718 3403 ordinatos
749 3347 939 3411 fuisse,
974 3349 1123 3401 nulla
1146 3348 1213 3402 de
1249 3349 1581 3420 presbyteris
1618 3345 1716 3404 ad-
1816 3356 1890 3410 ris
1930 3365 1988 3409 ut
2031 3357 2171 3426 quod
2213 3359 2378 3421 intus,
2415 3366 2465 3411 et
2491 3357 2789 3427 masculum
2837 3374 2956 3413 cum
2994 3357 3212 3427 femina,
3251 3374 3413 3429 neque

133 3441 274 3510 jecta
306 3443 585 3497 mentione
609 3440 741 3511 (65).
763 3439 870 3496 Sed
897 3443 1144 3511 pluribus
1169 3441 1399 3497 revincit
1430 3458 1527 3498 eos
1554 3459 1606 3497 v.
1635 3443 1712 3498 cl.

205 3616 318 3689 (59)
343 3613 477 3689 Yid.
500 3628 621 3684 cap.
645 3613 708 3689 β.
737 3614 928 3689 art._2,
943 3631 1094 3689 num.
1115 3616 1282 3689 _ll,et
1309 3615 1362 3670 in
1380 3617 1723 3689 analysino.

137 3685 242 3741 tam
275 3685 510 3741 inferius
544 3686 795 3753 positam.
833 3685 1045 3752 Quibus
1065 3685 1224 3748 adde,
1249 3686 1394 3755 quod
1429 3689 1472 3742 si
1509 3685 1566 3742 S.
1593 3687 1718 3743 Cle-

136 3774 287 3811 mens
308 3758 377 3811 de
409 3756 612 3809 Christi
640 3755 979 3811 humanitate
1000 3756 1342 3825 frequentius
1370 3757 1622 3823 disserat,
1661 3760 1715 3813 iu

136 3847 198 3880 eo
226 3827 606 3896 apostolorum
647 3833 887 3880 sectatur
926 3827 1264 3889 methodum,
1296 3827 1412 3896 qui,
1461 3837 1521 3881 ut
1567 3837 1653 3884 est
1683 3844 1714 3882 a

137 3898 190 3952 S.
216 3895 820 3970 Athanasio(At'hanas.
844 3896 919 3970 pe
937 3897 1228 3970 Dionysiis,
1253 3895 1525 3970 pag._555)
1542 3900 1719 3952 anim-

137 3970 452 4030 adversum,
501 3964 699 4034 s;epius
727 3964 795 4021 de
840 3964 1149 4021 Servatoris
1178 3964 1517 4038 humanitate
1553 3984 1718 4038 quam

136 4040 425 4109 divinitate
484 4039 734 4106 agebant,
787 4039 949 4109 idque
992 4047 1232 4109 propter,
1268 4037 1587 4109 haereticus;
1624 4039 1718 4109 qui

136 4110 322 4178 primis
353 4108 466 4161 illis
496 4109 835 4178 temporibus
865 4107 1033 4164 Deum
1065 4108 1340 4163 hominem
1367 4107 1570 4164 factum
1596 4107 1720 4166 esse

137 4180 431 4240 iurgabant.

200 4249 314 4321 (60)
355 4247 866 4321 Histoiregénérale
902 4247 992 4303 des
1027 4257 1242 4302 auteurs
1287 4252 1443 4314 eccl.,
1491 4261 1624 4307 tom.
1671 4250 1716 4316 l,

134 4319 301 4383 chap.
339 4320 431 4390 10,
465 4327 570 4390 art.
595 4319 650 4380 5,
683 4319 709 4390 §
741 4320 796 4381 4,
825 4335 881 4373 n.
909 4323 964 4374 2.

199 4391 312 4460 (6|)
341 4388 561 4443 Plinius
606 4389 660 4441 in
691 4388 833 4443 libro
891 4399 1070 4452 sexto,
1100 4406 1223 4461 cap.
1256 4390 1327 4444 65
1371 4400 1626 4456 testatur,
1655 4409 1719 4447 ea

133 4461 194 4513 de
225 4477 281 4515 re
312 4462 588 4538 insignem
621 4461 751 4513 olim
785 4461 980 4531 vulgus
1011 4462 1154 4516 inter
1175 4477 1240 4514 ac
1274 4462 1542 4518 litteratos
1567 4464 1717 4519 viros

134 4546 368 4600 pugnam
404 4535 591 4582 luisse.

201 4599 312 4671 (62)
340 4599 631 4671 Origenes,
661 4601 755 4656 lib.
780 4616 819 4655 ll
847 4599 1212 4671 Periarchoqu
1231 4617 1351 4671 cap.
1379 4603 1433 4658 5.

191 4670 312 4732 ,(65)
345 4669 407 4724 ι),
440 4668 784 4740 Hierony~rn.,
813 4673 867 4725 in
892 4670 1083 4739 Epltes.
1113 4668 1214 4739 Ep.
1235 4668 1356 4740 ca'p.
1393 4688 1454 4733 ιι,
1485 4673 1540 4727 2.

113 4773 148 4815 ι-
198 4740 308 4815 (tib)
336 4740 581 4815 Consule
615 4741 874 4815 Cotelfrii
908 4753 1066 4797 notas
1104 4743 1161 4815 in
1200 4750 1366 4810 caput
1401 4743 1473 4798 20
1507 4745 1715 4815 episto-

138 4810 195 4864 lae
223 4813 243 4864 l
291 4811 354 4866 D.
375 4811 686 4879 Clementis
717 4810 736 4864 l
766 4812 926 4868 Rom.
967 4811 1161 4879 pontii.

198 4881 312 5001 (65)
359 4878 721 4934 Ρι-ωάὶεαηιεδ
754 4878 1030 4953 (apostoli)
1070 4885 1237 4954 igitur
1271 4899 1362 4952 per
1391 4889 1621 4955 regiones
1662 4897 1712 4940 et

227 4969 299 5001 es.
355 4952 622 5001 primitias
656 4969 839 5001 earum
875 4955 1067 5001 sniritu
1109 4971 1226 5001 cum
1278 4953 1605 5001 umbonem-
1658 4959 1712 5001 in

135 4952 299 5013 urbes,
355 4952 622 5023 primitias
656 4952 839 5006 earum
875 4955 1067 5022 spiritu
1095 4952 1226 5010 'cum
1277 4952 1606 5023 probassent,
1658 4959 1714 5010 in

136 5020 390 5087 episcopos
425 5029 491 5092 et
506 5020 755 5076 diaconos
785 5020 986 5088 eorum,
1016 5027 1106 5092 qui
1127 5020 1378 5087 credituri
1406 5039 1715 5092 erant,con-

136 5093 436 5146 stituerunt.
462 5091 777 5162 Clem.,,ep.
812 5097 864 5157 1ἶ
892 5111 946 5148 ιι.
977 5091 1067 5151 42.

201 5163 310 5232 (66)
358 5163 579 5233 Summo
623 5165 808 5233 quippe
851 5166 1112 5221 sacerdoti
1157 5186 1257 5223 sua
1289 5169 1467 5223 munia
1514 5169 1712 5223 tributa

136 5244 280 5309 sunt;
310 5245 360 5286 et
388 5232 928 5309 sacerdotibuslocus
963 5240 1206 5309 proprius
1239 5239 1566 5309 prarstitutus
1589 5250 1709 5292 est:

137 5301 293 5356 levitis
329 5319 534 5373 quoque
573 5321 672 5356 sua
706 5301 999 5360 ministeria
1031 5301 1372 5364 incumbunt:
1416 5308 1568 5361 ltomo
1607 5311 1711 5362 lai-

135 5376 520 5446 cusprmceptis
553 5373 704 5446 laicis
737 5377 1136 5446 constringitur.
1174 5380 1341 5440 Idem,
1377 5397 1434 5432 ιι.
1473 5380 1564 5432 40.

200 5441 310 5509 (67)
344 5443 466 5496 Non
491 5445 629 5496 enim
657 5444 761 5497 lere
779 5448 876 5499 erit
920 5441 1207 5515 peccatum,
1234 5453 1278 5505 si
1311 5469 1418 5511 eos,
1447 5450 1536 5516 qui
1572 5450 1709 5502 citra

134 5518 408 5590 querelam,
450 5525 498 5567 et
518 5526 704 5590 iuncte
735 5517 956 5590 offerunt
991 5517 1152 5586 dona,
1186 5522 1250 5574 ab
1290 5524 1594 5590 episcopatu
1628 5538 1709 5573 re~

138 5586 462 5660 moverimus.
509 5585 998 5660 Beatilpresbyteri,
1027 5593 1119 5658 qui
1140 5585 1281 5644 uiam
1308 5585 1704 5660 prius'emensi,

136 5651 452 5720 {ructuosam
477 5673 539 5708 ac
558 5647 1123 5720 perfectam'consec'uti
1142 5673 1262 5715 sunt
1278 5647 1704 5715 dissolutionem.

136 5671 452 5709 (fumosam
477 5673 539 5708 ac
594 5671 839 5720 enectam
863 5671 1122 5714 consecuti
1142 5673 1262 5715 sunt
1278 5671 1704 5715 dissolutionem.

135 5719 374 5800 [domum
408 5727 497 5780 44.
551 5671 810 5800 Eulogii:
841 5729 982 5783 hunc
1002 5723 1300 5788 Clementis
1339 5735 1516 5796 locum
1553 5749 1599 5785 ν.
1631 5734 1705 5786 cl.

139 5790 257 5860 ι’ρρ.
289 5793 438 5852 Rom.
485 5796 678 5866 pontii.
705 5796 1055 5857 Constantius
1080 5822 1093 5857 :
1123 5801 1258 5858 Dum
1291 5803 1451 5873 paulo
1471 5794 1703 5857 inferius

1817 3441 1932 3503 mas
1952 3465 2114 3520 neque
2143 3449 2342 3519 femina
2371 3450 2504 3522 (75).

1820 3626 2100 3696 praemittit
2120 3626 2396 3690 Clemens,
2417 3627 2464 3681 si
2485 3643 2572 3681 eos
2598 3627 2664 3679 ab
2687 3628 3406 3696 eoiscopaturemoverimus,

1819 3713 1884 3752 ac
1929 3696 2127 3752 deinde
2178 3700 2424 3766 proxime
2469 3698 2716 3766 subjicit,
2752 3697 2904 3751 Beati
2934 3698 3259 3768 presbyteri,
3295 3709 3406 3759 etc.

1821 3768 1926 3821 sibi
1956 3782 2062 3841 non
2090 3783 2272 3841 secus,
2309 3777 2474 3836 atque
2505 3768 2728 3830 lrcnaao,
2764 3769 3069 3838 presbyteri
3096 3779 3268 3841 atque
3291 3773 3412 3841 epi-

1820 3837 1974 3906 scopi
2019 3838 2256 3909 nomina_
2299 3853 2602 3909 synonyma
2639 3854 2782 3901 esse,
2831 3837 3003 3906 eaque
3043 3839 3110 3892 ad
3161 3837 3407 3897 eamdem

1820 3922 1934 4030 res}
1963 3907 2376 3975 enuntiandam,
2404 3907 2713 3978 promiscue
2745 3909 2845 3963 hoc
2876 3909 2997 3962 loco
3029 3925 3296 3980 usurpare
3326 3930 3404 3975 sc,

1821 3992 1877 4030 ιιι
1921 3986 2050 4030 neat.

1821 3986 2050 4033 indicat.

1891 4045 2004 4120 (68)
2031 4047 2210 4118 Neque
2249 4048 2352 4102 hoc
2379 4064 2548 4111 nove;
2571 4067 2602 4102 a
2634 4049 2814 4104 multis
2837 4053 2977 4104 enim
3001 4053 3318 4118 (corporibus
3345 4056 3409 4108 de

1822 4119 2076 4189 episcopis
2106 4131 2153 4172 et
2176 4120 2416 4174 diaconis
2439 4121 2694 4188 scriptum
2735 4121 2931 4188 fuerat.
2959 4122 3048 4176 Sic
3081 4125 3218 4176 enim
3251 4126 3406 4179 Scri-

1820 4199 1980 4258 ptura
2020 4190 2216 4244 alicubi
2251 4190 2418 4264 iisaiw
2441 4207 2529 4264 tn,
2556 4191 2642 4252 17,
2675 4189 2846 4264 dicit:
2879 4212 2897 4242 ι
2934 4193 3272 4248 Constituam
3298 4199 3406 4264 epia-

1821 4276 2004 4334 scopas
2033 4263 2298 4334 eorum‘in
2313 4262 2551 4329 justitia,
2577 4261 2902 4334 etdiaconos
2939 4280 3119 4334 eorum
3145 4265 3198 4316 in
3223 4261 3345 4334 ﬁde.
3381 4287 3401 4318 ι

1826 4327 2032 4402 Similis
2075 4339 2161 4386 est
2186 4327 2781 4402 iChrysostolnilihro
2825 4333 2977 4398 Quod
3034 4327 3280 4390 Christus
3335 4339 3408 4390 sit

1824 4398 1986 4471 Qeus,
2023 4412 2156 4455 tom.
2184 4401 2252 4463 V,
2285 4398 2340 4455 cI
2369 4400 2421 4465 7,
2456 4417 2509 4471 p.
2546 4401 3008 4471 737,hujusmodi
3051 4404 3402 4462 observatio:

1827 4468 1895 4522 Et
1920 4487 2081 4540 neque
2105 4473 2278 4540 ipsum
2308 4468 2644 4525 sacerdotum
2669 4468 2885 4542 nomen,
2911 4491 3273 4542 episcoporum
3307 4495 3407 4531 no-

1741 4539 1789 4594 D
1816 4539 2084 4614 mendico,
2109 4539 2327 4596 abticuit
2355 4546 2533 4614 (vetus
2560 4543 2689 4613 lex);
2713 4561 2730 4593 ε
2754 4539 3092 4600 ϐόηδιῖιιιαηί
3105 4545 3241 4598 enim
3256 4547 3406 4614 prin-

1816 4613 1952 4680 cipes
1985 4623 2100 4667 tuos
2115 4615 2165 4666 in
2182 4629 2307 4680 pace
2331 4632 2348 4663 ι
2363 4612 2515 4675 dicit,
2535 4630 2553 4662 ε
2575 4621 2623 4665 et
2645 4612 2909 4684 episcopos
2925 4626 3040 4668 tuos
3056 4617 3110 4668 in
3113 4612 3353 4683 justitia.
3379 4639 3398 4671 ι

1815 4679 2085 4759 Nimirum
2141 4682 2332 4759 Crmce
2359 4682 2504 4759 apud
2553 4682 2747 4759 lsaiam
2779 4686 2981 4759 lcgerat
3010 4704 3033 4759 :_
3057 4687 3405 4759 Καταστὴσω

1815 4698 2085 4736 muurum
2141 4698 2332 4737 urmce
2361 4698 2504 4752 apud
2553 4698 2747 4737 Isaiam
2781 4698 2981 4754 tegerat
3010 4704 3022 4738 :
3057 4698 3403 4759 natamque)

1815 4752 1926 4826 γὰρ
1968 4756 2095 4817 τοὺς
2143 4753 2407 4826 ἄρχοντάς
2458 4771 2551 4826 sou
2605 4755 2665 4808 ὲν
2694 4755 2914 4826 εἰρήνῃ,
2953 4757 3048 4812 καὶ
3095 4758 3222 4820 τοὺς
3278 4759 3403 4812 ἐπι-

1817 4824 2053 4887 σκόπους
2095 4822 2646 4899 σᾳύ-ἐᾲγμδικᾳιο-σρνῃ.
2693 4822 3002 4880 ΡιὌῪένὶιυ
3038 4830 3402 4899 κατειστήσω,

1815 4904 1995 4965 exstat
2021 4897 2160 4963 apud
2191 4893 2332 4950 LXX
2354 4895 2449 4948 καὶ
2477 4893 2633 4948 δὼσὼ
2659 4911 2673 4959 ;
2705 4912 2845 4965 quos
2875 4905 3098 4951 secutus
3137 4893 3400 4962 lrenieus,

1817 4964 1914 5036 lib.
1946 4982 2016 5027 Iv,
2048 4981 2098 5036 c.
2131 4967 2222 5026 41.
2260 4965 2456 5020 scribit
2486 4985 2497 5019 :
2541 4965 2696 5036 Tales
2720 4964 3049 5036 presbyteros
3079 4970 3248 5020 nutrit
3297 4968 3404 5024 Ec»

1815 5033 1999 5097 clesia,
2026 5035 2098 5109 de
2119 5036 2306 5106 quibus
2338 5047 2386 5089 et
2419 5035 2770 5109 prophetaqait
2797 5059 2814 5090 .-
2850 5033 2890 5086 ι’
2916 5036 2984 5109 Et
3035 5036 3172 5109 dabo
3201 5041 3402 5107 princi-

1815 5120 1904 5173 pes
1935 5116 2050 5158 tuos
2081 5106 2135 5159 in
2157 5124 2302 5176 pace,
2324 5118 2373 5161 et
2401 5106 2820 5174 episcop—os‘tuos
2853 5109 2906 5161 in
2935 5107 3174 5176 justitia.
3205 5106 3238 5161 is
3279 5111 3401 5176 Quo

1816 5177 1888 5228 in,
1937 5178 2058 5248 loco
2103 5177 2339 5234 lrenaeus
2384 5178 2688 5248 presbyteri
2734 5179 3088 5247 episcopique
3132 5181 3424 5237 vocabula.

1815 5247 2126 5319 promiscue
2153 5249 2372 5316 accipit,
2402 5263 2467 5300 ac
2496 5246 2799 5319 synonyma
2833 5246 3012 5303 habet.

1886 5317 1998 5385 (69)
2028 5316 2202 5388 Clem.
2236 5319 2417 5381 Rom.,
2451 5316 2541 5388 ep.
2569 5320 2622 5378 l.
2649 5316 2705 5373 ιι.
2736 5317 2828 5373 95.

1910 5388 1996 5448 70)
2026 5387 2312 5458 ldem,,cp.
2346 5389 2402 5451 ‘2,
2441 5387 2500 5458 n.
2531 5390 2618 5444 11.

1911 5458 1994 5528 Ἠ)
2029 5457 2273 5536 ςοιιςιιιέ
2300 5457 2564 5536 λιείιῖὲυδν,
2594 5460 2946 5536 _19;l§ccles.
2991 5475 3045 5526 ν,
3090 5462 3113 5514 l
3155 5471 3209 5516 et
3240 5480 3395 5536 seq.;

1809 5526 1926 5580 Jac.
1957 5526 2083 5589 n.8,
2107 5540 2160 5584 el
2191 5548 2263 5592 IV,
2296 5530 2357 5594 8;
2391 5528 2432 5580 ll
2465 5529 2607 5584 Petri
2633 5546 2714 5592 ιιι,
2746 5533 2799 5594 3,
2839 5535 2893 5588 4.

1811 5669 1840 5721 Γ
1884 5599 1993 5667 (72)
2025 5602 2279 5656 Clemens
2339 5600 2722 5666 Alcxamlrin.,
2770 5604 2862 5659 lib.
2915 5621 2975 5659 ιιι
3023 5606 3248 5668 Strom..
3292 5609 3422 5666 sub.

1831 5686 1994 5721 1110111.

1831 5686 1994 5723 1110111.

1881 5741 1990 5808 (75)
2025 5741 2080 5796 S.
2114 5741 2287 5797 Clem.
2321 5741 2505 5806 Bom.,
2542 5757 2628 5813 ep.
2663 5741 2723 5806 9.,
2754 5760 2808 5798 n.
2851 5745 2936 5810 η,
2969 5747 3022 5801 in
3057 5747 3181 5801 line.
