4074 6328
635 351 738 413 179

1733 366 1822 420 AD
1863 366 1920 423 S.
1962 369 2385 428 CLEMENTI)“
2426 373 2447 428 Ι
2483 373 2712 431 ΡΑΡΑΜ

3789 395 3916 452 180

708 469 844 526 Usus
867 473 969 542 fuit
1017 478 1249 531 versione
1291 476 1442 533 LXX
1485 481 1845 546 interpretum.
1875 517 1942 527 --
1972 485 2205 543 Sanctus
2237 496 2279 550 Λ
2312 489 2511 546 fatetur
2540 493 2593 548 in
2631 495 2972 565 praefatione.
3005 506 3059 553 et
3085 499 3298 558 litteras
3324 511 3598 561 vetustate
3655 522 3861 565 exesas
3888 551 3906 573 ,

629 560 885 618 Clemens
919 565 1272 637 Septuaginta
1323 568 1681 641 lnterpretum
1716 578 1966 632 versione
2005 579 2059 632 in
2093 580 2200 648 epi-

629 651 790 706 stolis
834 655 950 711 suis
1004 657 1202 725 utitur;
1258 675 1446 714 verum
1501 664 1825 736 plerumque
1882 670 2206 724 sententiam

630 745 834 812 potius,
859 762 1022 817 quam
1052 751 1215 806 verba
1249 753 1362 822 ipsa
1394 765 1766 823 repraesentat.
1792 756 2054 833 invidiam
2079 776 2208 815 vero

629 848 1068 894 commemorans
1105 840 1161 895 in
1192 841 1458 898 Aaronem
1473 846 1545 900 ob
1567 846 1938 901 sacerdotium
1964 851 2206 903 concita-

605 929 765 987 tam,
798 929 1078 997 complura
1105 930 1291 994 refert,
1321 947 1442 1001 qua:
1471 933 1526 987 in
1554 932 1911 990 Numerorum
1943 936 2083 990 libro
2099 953 2206 992 non

628 1016 906 1086 leguntur.
940 1018 1128 1089 Itaque
1155 1037 1185 1075 e
1211 1021 1519 1078 Judaeorum
1559 1025 1850 1082 traditione
1883 1026 1952 1082 ab
1973 1042 2038 1082 eo
2057 1041 2209 1083 acce-

628 1118 718 1178 pta
748 1107 917 1166 fuisse
948 1111 1359 1181 existimamus;
1390 1116 1848 1185 quemadmodum
1881 1125 1934 1173 et
1961 1118 2107 1188 quod
2141 1118 2208 1174 de

626 1200 1034 1267 Rahabhabet,
1067 1220 1187 1261 eam
1219 1206 1286 1262 de
1323 1208 1731 1280 exploratorum
1780 1209 1866 1265 via
1891 1211 2002 1282 (74)
2033 1211 2206 1267 inter-

627 1302 903 1362 rogatam,
936 1295 1098 1368 longe
1146 1299 1308 1352 aliam
1341 1300 1750 1357 demonstrasse
1781 1302 1849 1358 ab
1875 1317 1964 1366 ea,
1994 1319 2101 1374 qua
2128 1304 2205 1358 illi

625 1385 858 1439 redituri
895 1397 1080 1454 erant;
1125 1389 1272 1460 quod
1322 1391 1379 1446 in
1427 1392 1569 1448 libro
1616 1391 1803 1457 Iosue,
1844 1393 1936 1448 ubi
1976 1395 2206 1450 historia

626 1476 744 1531 haec
776 1466 1128 1543 describitur,
1166 1482 1390 1538 minime
1436 1485 1699 1541 occurrit.
1745 1483 2023 1543 Hactenus
2051 1503 2103 1542 ν.
2132 1489 2204 1542 cl.

626 1565 784 1622 Remi
815 1568 1052 1627 Ceilller.
1093 1571 1295 1628 Verum
1322 1575 1465 1645 quod
1497 1575 1563 1631 de
1590 1575 1679 1631 via
1707 1576 1989 1632 contraria
2019 1577 2207 1646 explo-

623 1663 905 1719 ratoribus
943 1678 974 1718 a
1013 1663 1205 1722 Rahab
1233 1667 1628 1733 demonstrata,
1674 1685 1741 1724 ex
1785 1684 2015 1726 erronea
2055 1667 2205 1724 Junii

623 1755 860 1811 lectione
893 1756 1057 1826 hujus
1087 1757 1415 1814 Clementini
1447 1760 1553 1816 loel
1585 1759 1962 1831 deprompsit;
2005 1758 2206 1815 Junius

2313 583 2506 650 spatiis
2547 594 2601 639 et
2656 586 2965 645 interstitiis
2995 593 3414 651 accuratissime
3455 596 3724 655 dimensis
3755 617 3908 671 sup-

2312 672 2500 740 plevit,
2531 684 2586 730 et
2628 678 2797 733 minio
2829 679 2996 734 rubro
3032 683 3274 750 notavit;
3304 700 3368 740 eo
3411 687 3672 744 nimirum
3705 692 3913 745 consi-

2313 764 2386 817 lio
2409 804 2424 826 ,
2459 773 2518 818 ut-
2546 783 2669 836 que
2701 771 2754 824 in
2787 770 2985 829 laceris
3010 776 3348 833 membranis
3375 780 3642 850 temporis
3687 783 3912 852 injuria

2310 868 2636 928 consumpta
2664 861 3146 926 desiderabantur,
3173 866 3242 920 ab
3271 867 3360 933 iis,
3398 883 3518 938 quae
3553 871 3762 936 addita,
3814 875 3912 927 vel

2311 949 2556 1016 suppleta
2583 949 2804 1016 fuerint,
2834 953 3065 1012 lectores
3097 955 3316 1014 facilius
3342 972 3718 1020 secernerent.
3751 963 3913 1030 Quae

2310 1035 2528 1103 quidem
2559 1042 2933 1111 supplementa
2967 1042 3201 1102 Juniana
3238 1050 3576 1119 posteriores
3619 1054 3909 1119 editores,

2311 1137 2371 1181 ut
2399 1130 2676 1188 uncinulis
2711 1134 2899 1190 clausa
2935 1139 3080 1208 typis
3133 1129 3603 1212 imprimerentur,
3652 1143 3907 1215 diligen-

2309 1224 2395 1273 ter
2426 1231 2712 1278 curarunt.
2751 1224 2942 1295 Magna
2998 1232 3300 1296 enimvero,
3345 1241 3398 1286 et
3443 1234 3713 1289 laudanda
3741 1232 3909 1289 Junii

2311 1315 2558 1380 solertia,
2590 1318 2636 1371 si
2671 1317 2804 1374 fides
2830 1321 2932 1398 ipsi
2965 1323 3296 1381 adhibenda.
3335 1326 3530 1382 Verum
3563 1343 3726 1384 secus
3771 1345 3909 1384 sen-

2311 1406 2455 1460 tiunt
2481 1409 2547 1463 de
2575 1425 2662 1473 eo,
2694 1409 2870 1481 deque
2901 1413 3022 1482 ejus
3053 1415 3240 1472 labore
3285 1418 3338 1472 in
3368 1418 3734 1475 describendo
3779 1436 3900 1476 ms.

2308 1497 2679 1556 Alexandrino
2707 1503 2807 1557 viri
2841 1505 2997 1575 longe
3028 1505 3334 1561 doctissimi
3364 1508 3656 1563 Wottonus
3689 1508 3742 1562 in
3778 1509 3903 1579 pri-

2309 1591 2434 1653 mis,
2465 1589 2668 1647 Millius
2692 1604 2747 1648 et
2766 1594 3000 1650 Grabius
3026 1597 3161 1668 (76),
3185 1606 3243 1651 ut
3271 1599 3504 1668 proinde
3534 1601 3717 1654 minus
3744 1610 3905 1655 recte

2308 1685 2584 1738 censuerit
2613 1682 2793 1740 Fellus
2822 1686 2934 1755 (77)
2974 1704 2985 1739 :
3027 1707 3043 1737 ι
3068 1687 3285 1750 Actum,
3329 1690 3562 1752 scilicet,
3605 1690 3764 1744 irrito
3808 1708 3910 1746 co-

2310 1784 2441 1828 natu
2508 1783 2759 1829 acturum
2819 1777 2992 1833 fuisse
3034 1779 3336 1853 Iillum,qui
3374 1790 3493 1849 post
3546 1779 3771 1841 Junium
3827 1782 3900 1836 ad

623 1845 770 1901 enim
801 1844 948 1915 quod
990 1847 1079 1902 hic
1119 1849 1174 1902 in
1226 1846 1522 1920 archetypo
1549 1849 1913 1914 desideratur,
1979 1852 2206 1907 studens
2241 1839 2281 1895 Β
2308 1863 2587 1932 exemplar
2625 1848 3053 1923 Alexandrinum
3095 1839 3277 1922 omnia
3313 1839 3554 1940 denique
3575 1873 3892 1943 exegisset:

625 1937 901 2006 supplere,
919 1938 1163 1994 ediderat
1183 1939 1341 2012 (ὁδὸν)
1360 1941 1780 1996 ὑποδεικνύουσα
1809 1942 1992 2006 αὐτοῖς
2021 1943 2206 2010 ὲ(ναν-

621 2028 788 2098 τίαν),
804 2037 858 2084 et
884 2028 1074 2086 Latine
1101 2049 1117 2085 :
1142 2031 1283 2085 viam
1309 2032 1582 2107 ostendens
1596 2034 1671 2088 eis
1687 2035 2031 2088 contrariam.
2050 2031 2207 2100 Quod

623 2134 748 2172 cum
785 2116 1092 2174 Cotelcrius
1120 2121 1581 2178 animadverteret
1610 2119 1916 2192 repugnare
1953 2121 2208 2179 Historia:

622 2224 816 2271 sacrm,
855 2225 976 2278 qua:
1006 2211 1382 2279 exploratores
1415 2227 1445 2282 e
1485 2212 1649 2286 domo
1691 2208 1883 2268 Bahal)
1913 2222 2031 2268 tum
2065 2230 2205 2269 non-

621 2300 751 2355 dum
789 2301 1008 2364 exiisse,
1030 2301 1124 2356 sed
1159 2302 1212 2356 in
1241 2318 1303 2354 ea
1325 2303 1504 2357 adhuc
1533 2303 1747 2358 latitare
1777 2303 1964 2373 docet;
1995 2307 2092 2376 οὐχ
2110 2322 2208 2375 pro

617 2393 758 2454 es»,
799 2393 1081 2464 ὲ(κείνους)
1131 2410 1226 2464 pro
1267 2395 1557 2466 ἐ(ναντίαν)
1605 2397 1907 2451 substituit.
1960 2398 2068 2454 Nec
2105 2400 2207 2454 du-

620 2484 794 2548 bium,
841 2484 973 2552 quin
1017 2485 1139 2554 ejus
1181 2486 1450 2540 correctio
1479 2485 1728 2541 Junianae
1758 2488 1831 2543 sit
1868 2489 2206 2557 praeferenda

619 2576 873 2630 lectioni:
913 2579 1146 2632 maxime
1188 2593 1311 2632 cum
1346 2580 1487 2633 hanc
1517 2580 1581 2634 ad
1608 2581 1983 2650 exploratores
2016 2579 2203 2646 Josue,

618 2668 819 2735 quibus
853 2669 976 2724 unis
1001 2667 1192 2724 Rahab
1222 2670 1363 2723 viam
1394 2673 1728 2726 contrariam
1760 2675 2067 2730 ostendisse
2094 2691 2207 2729 me-

619 2768 897 2824 moratur,
941 2760 1134 2816 referri
1176 2763 1448 2818 orationis
1485 2764 1656 2821 series
1689 2780 1797 2818 non
1833 2767 1997 2821 sinat.
2032 2766 2206 2822 Antea

616 2852 781 2904 etiam
814 2851 953 2907 forte
981 2853 1266 2924 legendum
1313 2857 1405 2931 κᾳὶ
1437 2853 1541 2908 ποῦ
1560 2855 1901 2927 πορεύονται,
1938 2858 2039 2910 οὐκ
2065 2851 2204 2920 οἶδα,

614 2952 792 3013 etquo
821 2955 1039 3014 pergant
1069 2947 1263 3015 nescia,
1294 2945 1565 3016 conjectat
1600 2964 1650 3000 v.
1680 2947 1748 3002 cl.
1775 2947 2121 3014 Coutantius,
2152 2957 2207 3003 at

617 3049 934 3104 perperam;
983 3051 1106 3108 nam
1143 3037 1307 3105 hujus
1351 3038 1713 3108 supplementi
1759 3054 1928 3110 capax
1965 3056 2072 3096 non
2123 3051 2206 3097 est

615 3127 975 3195 manuscripti
994 3128 1210 3183 lacuna.

1152 3239 1552 3298 sanemus
1577 3240 1677 3319 IV.

649 3346 827 3393 νιιιιέε
859 3346 1148 3402 ΕῺΙΪΙΟΝΕΕ
1187 3350 1563 3391 ειιιετοιλιιυκ
1600 3351 1647 3391 8.
1681 3349 1987 3393 ειειειιτιε
2026 3353 2160 3394 101.

1232 3421 1556 3463 PONTIFICIS.

686 3496 986 3572 Clementis
1009 3495 1242 3551 Romani
1271 3497 1338 3552 ad
1361 3499 1680 3555 Corinthios
1700 3500 1966 3571 epistola.
1993 3511 2200 3573 quanto

617 3589 849 3665 reliquis
873 3590 984 3659 sub
1008 3590 1130 3662 ejus
1162 3591 1384 3645 nomine
1409 3591 1650 3661 vulgatis
1677 3593 2015 3650 sinceriores
2045 3603 2195 3671 sunt,

616 3689 673 3740 et
696 3697 735 3743 a;
750 3683 1008 3752 primaeva
1036 3683 1397 3752 simplicitate
1429 3685 1615 3740 minus
1646 3686 1858 3754 alienae,
1891 3695 2046 3743 tanto
2076 3689 2199 3759 plus

615 3790 798 3844 operte
820 3774 1010 3830 iisdem
1025 3775 1273 3840 edendis,
1301 3776 1356 3830 in
1383 3775 1519 3832 alias
1539 3777 1754 3848 linguas
1778 3777 2196 3846 transferendis,

617 3875 672 3920 ct
705 3866 1048 3920 illustrandis
1080 3869 1463 3937 impenderunt
1490 3870 1590 3923 viri
1623 3871 1976 3938 antiquitatis
2016 3871 2200 3926 eccle-

615 3955 1125 4022 siastieaastudiosi.
1158 3952 1435 4015 Laudatur
1466 3949 1570 4016 hoc
1602 3946 1820 4003 nomine
1856 3945 1906 3998 in
1936 3943 2184 3999 Gallandi

613 4049 1022 4125 Prolegomenis
1046 4046 1307 4104 Patritius
1331 4042 1528 4106 Junius
1561 4039 1757 4096 Scotus
1801 4037 1937 4108 (75),
1969 4034 2184 4093 hetero-

613 4149 793 4214 tloxus
835 4143 1079 4214 quidem,
1116 4151 1204 4196 aet
1233 4137 1501 4198 eruditus,
1533 4142 1587 4190 et
1610 4130 1990 4201 antiquitatum
2027 4143 2183 4183 scru-

613 4253 762 4310 tator
788 4235 1131 4302 indefessus;
1166 4234 1257 4304 qui
1294 4231 1506 4301 insigne
1535 4227 1637 4282 hoc
1665 4223 1838 4281 aetatis
1866 4221 2180 4293 apostolica:

613 4337 1027 4388 monumentum
1077 4325 1176 4379 diu,
1210 4318 1449 4385 tenebris
1488 4313 1862 4385 consepultum
1887 4353 1903 4378 ,
1955 4326 1985 4366 e
2022 4321 2178 4366 vetu-

608 4424 855 4486 stissimo
887 4435 990 4475 ms.
1021 4416 1208 4474 codice
1233 4409 1619 4476 Alexandrino,
1655 4421 1815 4477 quem
1842 4420 2003 4461 manu
2037 4402 2181 4461 Thc-

2311 1957 2599 2026 siquldem,
2616 1961 2820 2024 subdit,
2844 1977 2907 2017 ea
2930 1963 3158 2019 habetur
3176 1968 3243 2021 de
3267 1967 3597 2033 eruditione,
3616 1969 3894 2025 industria

2309 2056 2374 2112 et
2398 2047 2500 2104 fide
2525 2049 2587 2105 D.
2622 2050 2770 2106 Junii
2799 2057 2940 2125 apud
2977 2072 3168 2113 omnes
3201 2057 3366 2120 fama,
3404 2067 3462 2112 ut
3489 2061 3740 2116 eamdem
3795 2079 3895 2117 su—

2310 2140 2556 2211 spicione
2580 2141 2761 2213 aliqua
2796 2145 3126 2203 labefactare
3157 2166 3264 2204 non
3292 2150 3510 2206 incivile
3536 2153 3701 2208 modo
3727 2193 3742 2218 ,
3798 2155 3898 2209 sed

2241 2286 2264 2308 ν
2309 2231 2556 2300 iniquum
2589 2249 2816 2302 prorsus
2849 2238 3118 2293 videatur.
3163 2262 3179 2291 ο

2383 2319 2449 2374 At
2483 2324 2719 2390 pretium
2749 2324 2911 2380 fuerit
2932 2345 3111 2398 opera:
3145 2330 3231 2385 hic
3261 2332 3314 2385 in
3350 2333 3585 2387 medium
3616 2337 3869 2405 proferre

2309 2427 2431 2482 qua:
2457 2414 2506 2466 in
2531 2412 2765 2469 Juniana
2791 2417 3253 2475 Clementinarum
3273 2425 3625 2498 epistolarugn
3648 2429 3896 2483 editione

2309 2501 2462 2556 fuere
2496 2504 2562 2556 ab
2584 2503 2702 2572 ipso
2731 2505 3471 2581 Grahio(78-l00)adnotata
3491 2514 3594 2570 :sic
3620 2526 3804 2570 autem
3833 2535 3902 2572 se

2308 2593 2544 2648 habent:
2571 2614 2587 2644 ‹
2611 2596 2743 2661 Quae
2777 2613 2840 2650 ex
2875 2600 3166 2654 collatione
3193 2617 3297 2656 ms.
3330 2603 3538 2660 codicis
3559 2607 3894 2662 Alexandri‘

2310 2683 2364 2737 ni
2391 2684 2829 2740 emendationem
2864 2690 3128 2758 praebent,
3164 2690 3231 2744 ad
3275 2691 3390 2746 hate
3432 2693 3545 2749 fere
3586 2699 3767 2766 capita
3804 2715 3892 2753 re-

2307 2774 2602 2829 ducuntur.
2633 2774 2816 2830 Primo
2839 2779 3099 2831 nonnulla
3127 2780 3177 2833 in
3209 2781 3373 2835 editis
3390 2783 3740 2846 omittuntur,
3767 2800 3895 2854 quae

2309 2863 2365 2916 in
2397 2871 2688 2938 prototypo
2719 2874 2962 2930 exstant,
2996 2877 3053 2922 ut
3083 2885 3148 2924 ex
3188 2873 3450 2926 versione
3506 2872 3702 2930 Latina
3752 2891 3892 2931 con-

2309 2963 2447 3022 stat;
2483 2957 2727 3012 secundo
2760 2959 2906 3012 haud
2934 2975 3106 3031 pauca
3143 2964 3408 3017 vocabula
3454 2966 3653 3020 litteris
3687 2969 3889 3022 minia-

2307 3046 2379 3103 tis
2403 3048 2666 3115 eduntur,
2717 3065 2838 3120 qua:
2870 3051 2923 3116 in
2947 3037 3142 3114 Leodice
3180 3063 3440 3121 exstant,
3491 3057 3636 3126 quod
3681 3056 3890 3113 factum

2230 3172 2275 3231 Ο
2306 3153 2430 3194 esse
2472 3155 2503 3194 a
2561 3142 2855 3212 typothetis
2897 3147 3190 3202 verisimile
3235 3157 3354 3216 est;
3383 3150 3546 3205 tertio
3589 3161 3718 3205 sunt
3741 3151 3895 3212 haud

2305 3246 2499 3300 pauca,
2531 3248 2653 3302 quae
2696 3249 2805 3289 non
2865 3243 3014 3292 recte
3068 3241 3364 3311 exscripsit
3407 3242 3622 3311 editor;
3686 3255 3893 3314 quarto

2304 3325 2567 3379 nonnulla
2591 3326 2750 3382 aliter
2780 3327 2984 3399 scripta
3011 3339 3161 3392 sunt,
3178 3348 3345 3404 quam
3370 3334 3548 3389 editor
3573 3350 3892 3406 repraesen-

2303 3417 2440 3470 tavit
2466 3433 2532 3472 ex
2568 3420 2835 3491 singulari
2864 3422 3099 3492 quadam
3127 3409 3249 3495 ejus
3277 3427 3538 3498 opinione
3563 3447 3576 3495 ;
3633 3444 3742 3499 qua
3789 3430 3891 3484 ad-

2303 3506 2429 3562 duci
2495 3523 2607 3593 non
2664 3512 2963 3582 potuit,ut
3023 3515 3376 3588 scriptionem
3430 3527 3670 3582 veterem
3724 3522 3891 3576 aliter

2301 3599 2604 3667 exhiberet,
2628 3618 2791 3673 quam
2816 3606 3118 3661 secundum
3148 3611 3425 3681 vulgarem
3447 3612 3726 3681 scribendi
3762 3629 3884 3672 mo-

2301 3708 2443 3758 rem;
2475 3696 2668 3766 quinto
2687 3713 2829 3768 saepe
2853 3713 2976 3754 cum
3012 3700 3129 3771 ipse
3159 3703 3300 3756 male
3328 3705 3709 3774 exscripserit,
3744 3723 3876 3763 cor-

2303 3787 2604 3842 rectionem
2644 3803 2709 3842 ex
2742 3788 3062 3859 conjectura
3091 3790 3242 3846 addit
3271 3791 3339 3847 ad
3368 3797 3702 3865 marginem;
3762 3812 3890 3867 quas

2301 3878 2571 3952 correctio
2601 3878 2656 3932 in
2687 3879 2807 3949 ipso
2834 3880 3023 3936 codice
3052 3883 3345 3954 reperitur.
3381 3903 3400 3936 ι
3430 3884 3709 3943 Hactenus
3744 3887 3885 3945 Gra-

2301 3970 2444 4027 bius.
2477 3969 2687 4036 Quibus
2703 3987 2834 4043 ergo
2869 3973 3018 4028 vitiis
3049 3975 3592 4034 laboranteditiones
3618 3978 3733 4036 fere
3759 3996 3892 4041 θαι-ι

2303 4079 2425 4126 nes,
2468 4061 2656 4134 utpote
2678 4078 2800 4134 qua:
2832 4063 2984 4119 fuere
3023 4065 3090 4119 ad
3121 4065 3413 4121 Junianam
3444 4067 3672 4127 exactae.
3723 4070 3891 4134 Eamq

2301 4151 2422 4208 dem
2438 4152 2727 4208 Junianam
2752 4153 3046 4225 editionem
3067 4155 3602 4215 Helmstadiensibus
3622 4163 3768 4232 typis
3790 4180 3884 4218 ex-

2301 4244 2468 4316 primi
2507 4248 2723 4302 curavit
2773 4245 3093 4302 Joachimus
3133 4246 3374 4306 Joannes
3425 4249 3683 4310 Maderus
3739 4271 3900 4312 anno.

2304 4335 2468 4401 1654,
2522 4347 2576 4392 et
2609 4353 2748 4393 nova
2786 4339 3106 4409 praefatione
3168 4339 3353 4394 addita
3402 4343 3704 4412 genuinum
3759 4361 3896 4402 esse

2305 4429 2451 4484 hunc
2483 4428 2784 4487 Clementis
2818 4430 3008 4498 fetum,
3040 4440 3232 4486 contra
3274 4435 3564 4504 quemdam
3613 4434 3888 4492 Luthera-

608 4513 709 4583 tlte
739 4509 938 4566 nobilis
967 4491 1182 4573 femina:
1215 4501 1480 4574 Egyptian
1509 4499 1655 4555 circa
1692 4495 1907 4592 concilii
1933 4491 2132 4592 l‘iiceni
2161 4509 2176 4548 ι

2309 4535 2391 4574 nte
2414 4521 2820 4576 communionis
2850 4521 3160 4592 theologum
3193 4521 3616 4580 demonstravit.
3638 4523 3893 4588 Joannes,

607 4611 864 4672 tempora.
890 4607 1195 4660 exaratum,
1244 4592 1493 4664 Cyrillus
1521 4587 1748 4658 Lucaris
1773 4628 1788 4651 ,
1835 4598 1904 4649 ex,
1943 4584 2179 4672 Alexan-

607 4671 769 4746 drino
814 4682 1450 4753 Constantinopolitanus
1504 4677 1846 4749 patriarcha,
1903 4689 1996 4745 per
2039 4671 2178 4726 Tho-

609 4758 753 4838 mam
789 4783 1060 4848 liowaeum
1095 4794 1161 4833 cx
1190 4775 1410 4832 Oriente
1439 4771 1690 4826 reducem
1717 4806 1732 4831 ,
1765 4766 1963 4822 Carolo
1994 4765 2033 4826 l,
2065 4764 2176 4818 An-

604 4847 727 4946 glire
751 4849 862 4945 regi
894 4873 1041 4944 dono
1069 4851 1307 4934 miscrat,
1350 4880 1493 4945 anno
1526 4863 1694 4928 1653,
1740 4859 1934 4916 Oxonii
1967 4857 2177 4927 primus

604 4959 776 5028 edidit
823 4964 970 5020 iri-4°
1020 4962 1209 5018 Graece
1261 4975 1326 5014 ac
1391 4957 1581 5018 Latine
1612 4971 1631 5021 ι,
1679 4953 1911 5024 priorem
1953 4950 2171 5020 quidem

604 5059 893 5131 epistolam
945 5056 1126 5127 addita
1179 5052 1374 5107 Latina
1419 5048 1702 5107 versione,
1750 5045 2003 5113 notisque
2051 5043 2174 5096 illu-

600 5129 866 5210 stratam;
921 5144 1244 5217 posterioris
1304 5154 1432 5195 vero
1474 5137 1732 5208 reliquias
1793 5133 1979 5188 Grece
2046 5143 2167 5207 tan-

624 5259 715 5298 um
755 5241 824 5296 ad
862 5239 1062 5295 calcem
1109 5234 1360 5304 reiectas.
1404 5229 1524 5297 Quo
1579 5242 1708 5282 vero
1736 5238 1895 5280 suum
1939 5237 2169 5292 pensum

600 5338 701 5396 rite
725 5329 1036 5402 absolveret
1072 5326 1270 5389 editor,
1313 5339 1473 5379 voces
1497 5320 1825 5391 deperditas.
1854 5325 1914 5373 ut
1943 5318 2182 5393 ipsemet

731 5487 877 5556 ηδ.
905 5487 1158 5544 Clemens
1187 5484 1490 5556 Roquep.
1525 5483 1575 5545 l,
1612 5497 1763 5535 num.

695 5550 975 5630 75)'Tom.
1004 5558 1033 5613 ιτ
1062 5556 1202 5630 erat.
1236 5554 1336 5630 ss.
1369 5550 1768 5630 ράεηιηιηςεε.
1798 5550 1880 5604 lt.

695 5618 784 5702 76)
815 5625 1489 5702 νὶζθιίιςδηηηξξτοιοᾳοηρ.-
1516 5624 1582 5702 ad
1611 5618 1798 5702 _Bibl_.k
1837 5618 2117 5702 ptllxgtmt.
2146 5659 2178 5702 ,ἡ

596 5678 842 5766 lectiei,
1005 5678 1670 5771 Ihlillius—aptt_d__nttll‘el.,
1697 5678 1993 5771 cdi_t."P1’:
2032 5678 2162 5771 σροξ

597 5759 745 5838 ttaL,
769 5759 898 5834 ι.’1“’,
930 5759 1066 5840 part.
1109 5784 1170 5832 ιι,
1197 5759 1484 5838 pri-3.356;
1520 5764 1742 5842 Grabe,
1765 5761 2063 5842 Prolegom,
2091 5759 2158 5837 ad

2304 4609 2487 4668 Fellus
2519 4610 2913 4667 Oxoniensium
2984 4612 3213 4671 antistes
3261 4628 3406 4675 anno
3441 4616 3579 4670 1669
3604 4615 3804 4672 Oxonii
3832 4629 3885 4674 et

2304 4701 2443 4756 £687
2485 4699 2723 4756 Londini
2760 4702 2904 4757 in-8°
2925 4710 3214 4772 utramque
3253 4702 3552 4760 Clementis
3587 4705 3652 4760 ad
3683 4706 3884 4762 Corin-

2303 4796 2446 4866 thios
2476 4788 2788 4866 epistolam.
2825 4794 3027 4868 minori
3072 4795 3292 4868 quidem
3344 4797 3539 4865 forma,
3578 4798 3670 4853 sed
3735 4799 3882 4855 notis

2300 4901 2413 4945 non
2439 4886 2622 4941 minus
2655 4885 2833 4945 doctis
2866 4887 3222 4956 conspicuam
3255 4889 3692 4958 repraesentavit.
3725 4887 3882 4944 Prior

2300 4979 2366 5038 ad
2390 4978 2711 5035 Corinthios
2751 4977 2981 5049 epistola
3010 4977 3203 5034 Latine
3237 4979 3503 5035 duntaxat
3528 4981 3671 5036 inter
3715 4981 3880 5037 Fran-

2299 5071 2433 5129 cisci
2457 5071 2606 5138 linus
2634 5071 2804 5147 Melle
2821 5073 3042 5127 Patrum
3076 5071 3304 5149 Londini
3331 5074 3474 5144 in-8'
3503 5074 3642 5136 1650
3663 5078 3907 5148 conspi-..

2299 5164 2463 5229 citur.
2486 5164 2646 5220 Anno
2674 5165 2838 5230 1672,
2859 5167 2966 5233 has,
2986 5167 3404 5237 epistolasnova
3428 5167 3890 5239 interpretatione

2301 5256 2570 5326 novisque
2611 5257 2758 5313 notis
2794 5257 3093 5318 adornatas
3141 5255 3333 5334 Paris.
3371 5257 3556 5315 in-fol.
3598 5259 3653 5314 in
3701 5260 3876 5316 lucem

2302 5348 2488 5422 emisit
2518 5347 2683 5405 Joan.
2707 5347 3016 5422 Cotelerius
3059 5349 3255 5425 doctor
3280 5348 3547 5406 Sorbonze
3603 5351 3658 5406 in
3715 5367 3880 5424 opere

2298 5490 2603 5577 versionem
2621 5501 2758 5577 LXX
2776 5503 3073 5577 seniorum,
3099 5518 3219 5575 cap.
3247 5504 3302 5577 27.
3342 5503 3369 5574 ᾗ
3402 5505 3454 5560 l.

2352 5571 2480 5659 ’ςλὶη
2518 5570 2736 5628 Praefat.
2771 5570 3217 5646 ad-epislomm'l
3262 5570 3461 5642 olea...
3493 5574 3628 5652 edit.
3655 5573 3836 5632 Oxon.
3860 5617 3872 5638 ,

2297 5641 3019 5789 ib??§—I_QO)Grabilts,apud
3049 5716 3391 5778 Wottonum,
3423 5718 3489 5773 ad
3509 5718 3717 5779 calcem
3758 5718 3883 5789 Epic.

2297 5785 2447 5839 stolae
2497 5785 2786 5850 Clemcnt.,
2898 5785 3016 5866 illi.
3799 5785 3829 5802 “’
