4074 6328
1436 357 1778 440 euocauit
1819 377 2218 436 van-tonum.

164 508 550 565 celeberrimo
599 506 667 560 de
720 504 978 562 Patribus
1024 498 1362 571 apostolicis.
1404 497 1512 551 Eas
1548 509 1767 564 quoque
1797 498 1844 553 Α
1876 496 2101 563 parasse
2130 501 2431 558 asscvcret,
2468 502 2523 549 et
2552 494 2756 566 passim
2775 511 2844 550 ex
2871 509 2938 550 eo
2959 491 3268 548 accuratior
3294 491 3452 547 reddi

161 599 464 656 recensuit
514 614 579 652 ac
626 605 882 651 notarum
927 591 1270 664 spicilegium
1304 579 1524 659 collegit
1560 587 1764 640 Paulus

161 690 528 745 Colomesius
555 703 698 739 anno
722 685 859 743 1687
882 681 1114 736 Londini
1139 682 1192 733 in
1209 680 1305 743 -8°,
1325 693 1445 748 quae
1469 677 1637 732 editio
1662 676 1766 728 ite-

162 793 297 837 rata
333 777 943 847 acemendata‘prodiit
971 775 1154 830 denuo
1180 772 1319 827 1694
1351 771 1575 826 ibidem.—
1609 767 1768 821 Cote-

162 876 295 931 lerii
331 870 851 941 interpretationem
881 866 1113 935 adjectis
1144 864 1261 919 suis
1298 862 1504 917 notulis
1541 860 1766 927 evulga-

161 970 252 1022 vit
297 965 557 1021 Clericus
599 960 930 1028 Antvverpiaa
975 973 1074 1012 seu
1135 946 1765 1010 verius'Amstaalodami

163 1074 325 1114 anno
359 1056 502 1110 1698
528 1055 583 1108 in
612 1050 938 1108 collectione
966 1047 1190 1101 Patrum
1221 1043 1677 1114 apostolicorum,
1711 1047 1767 1095 et

171 1150 407 1202 auctius
437 1146 618 1215 adhuc
643 1155 792 1197 anno
815 1139 954 1194 1724
987 1138 1190 1196 ibidem
1227 1134 1411 1190 iri-fol.
1441 1131 1764 1188 Collectioni

166 1241 411 1310 insuper
465 1236 826 1292 conciliorum
865 1247 988 1286 cum
1030 1230 1343 1285 Labbeauaa'
1371 1235 1494 1280 tum
1529 1224 1765 1279 Mansia—

166 1351 281 1397 ne,
337 1350 404 1388 ac
455 1333 633 1404 primo
663 1327 934 1383 volumini
1005 1319 1365 1392 Epistolarum
1397 1317 1752 1372 Romanorum

164 1426 491 1494 pontiﬁcum
586 1420 867 1476 Coutantii
937 1417 1192 1495 epistolae
1255 1412 1513 1483 praefatae
1544 1411 1764 1464 inserta

167 1525 331 1570 sunt.
371 1515 534 1566 Anno
585 1511 755 1575 1718,
799 1506 1270 1576 Cantabrigiensis
1309 1504 1443 1558 satis
1481 1500 1762 1554 luculenta

167 1609 377 1662 harum
412 1605 770 1675 epistolarum
802 1601 970 1656 editio
996 1599 1051 1652 in
1081 1598 1277 1668 vulgus
1307 1595 1510 1666 prodiit
1549 1607 1764 1649 summa

166 1715 312 1754 cura
362 1697 583 1753 Henrici
630 1693 871 1747 Wottoni
918 1690 1226 1754 elaborata;
1271 1702 1392 1740 eam
1424 1688 1569 1742 enim
1618 1684 1764 1738 haud

167 1790 348 1846 semel
377 1771 604 1858 exigens
633 1803 686 1841 v.
729 1784 800 1838 el.
839 1783 905 1837 ad
939 1782 1097 1836 fidem
1145 1795 1252 1834 ms.
1290 1778 1499 1850 codicis
1532 1777 1765 1832 Alexan-

1870 587 2040 645 editio
2069 588 2331 656 potuerit,
2368 595 2509 642 teste
2537 586 2844 643 Gallandio.

1943 679 2127 748 Nuper
2162 679 2380 733 tandem
2411 680 2559 734 v.'cl‘.
2591 679 2840 733 Andreas
2869 676 3191 752 Gallandius
3222 674 3452 747 presby-

1870 781 1953 826 ter
1973 773 2419 842 c0ngregationis
2435 771 2680 841 .Oratorii
2705 769 2763 824 S.
2790 769 3028 838 Philippi
3051 766 3456 829 Nerii,antece~

1868 865 2115 919 dentium
2170 864 2415 918 omnium
2464 863 2768 918 editionum
2829 857 3081 914 subsidio
3114 857 3447 918 instructus,

1869 954 2350 1013 emendatissimas
2388 962 2444 1009 et
2468 953 2926 1025 castigatissimas
2956 950 3121 1005 edere
3151 947 3300 1002 omni
3330 952 3451 1001 stu-

1867 1047 1959 1104 dio
1993 1063 2059 1102 ac
2085 1063 2250 1118 opere
2293 1046 2519 1102 adnisus
2560 1053 2643 1101 est
2675 1045 2839 1099 hasce
2865 1041 3161 1098 Clementis
3189 1038 3450 1108 epistolas

1870 1140 1924 1194 in
1958 1153 2058 1194 sua
2117 1137 2439 1193 Bibliotheca
2459 1147 2686 1192 veterum
2711 1135 2936 1191 Patrum
3009 1147 3174 1202 Opere
3227 1131 3304 1184 uti
3355 1145 3453 1184 cx-

1868 1229 2299 1292 cellentissimo,
2331 1236 2387 1283 et
2435 1229 2707 1294 utilitatis,
2759 1240 2923 1295 quam
2967 1223 3323 1280 scientiarum
3358 1236 3452 1275 cc-

1870 1323 2305 1378 clesiasticarum
2332 1321 2600 1376 studiosis
2626 1319 2885 1373 omnibus
2917 1317 3106 1372 alierat
3130 1315 3451 1372 cumulatis-

1869 1414 2088 1476 simam,
2115 1413 2274 1467 laude
2303 1412 2780 1482 praestantissimo;
2813 1410 2889 1464 ita
2910 1417 3256 1478 sumptuoso,
3285 1409 3450 1481 cluat;-

1867 1508 1938 1555 ιω
1994 1501 2217 1570 insuper
2241 1500 2423 1556 nitore
2471 1509 2525 1555 et
2554 1500 2930 1555 characterum
2972 1506 3261 1554 venustate
3289 1497 3453 1559 undi-

1868 1607 1976 1662 que
2003 1593 2246 1662 expolita
2275 1609 2344 1647 ex
2399 1592 2758 1663 typographia
2789 1590 2910 1647 Joa.
2932 1589 3162 1645 Albrizii
3207 1589 3454 1648 Venetiia

1871 1683 2031 1739 1765.
2067 1683 2345 1749 Quantum
2375 1699 2504 1738 vero
2535 1683 2743 1738 laboris
2777 1698 2842 1736 ac
2875 1682 3172 1752 diligentiae
3199 1682 3255 1735 in
3288 1683 3451 1740 adon-

1870 1776 2054 1834 nanda
2076 1776 2181 1832 hac
2203 1776 2446 1832 editione
2473 1777 2821 1846 impenderit,
2849 1777 3100 1847 pluribus
3129 1777 3352 1846 exponit
3389 1778 3455 1833 in

166 1884 348 1944 drini,
392 1881 642 1935 adhibito
680 1878 844 1932 etiam
883 1874 1032 1927 Junii
1082 1873 1232 1927 edito
1273 1886 1399 1926 cum
1431 1869 1624 1924 eodem
1665 1883 1764 1921 co—
1795 1864 1841 1919 Β
1869 1869 2322 1940 Prolegomenis,
2381 1877 2546 1940 atque
2603 1870 2766 1927 simul
2825 1871 3025 1926 ibidem
3086 1871 3473 1940 epistolarum~

167 1977 344 2029 dicea
369 1972 540 2026 Millio
565 1954 728 2039 atque
753 1967 955 2021 Grabio
969 1966 1193 2030 collato,
1213 1962 1510 2017 Iunianum
1528 1967 1762 2026 textum,

165 2081 339 2136 quem
390 2065 574 2118 caeteri
623 2061 859 2116 editores
904 2066 1034 2113 sunt
1078 2057 1279 2136 secuti,
1309 2055 1551 2126 octogies
1579 2069 1765 2108 cmen-

168 2131 327 2213 davit
351 2155 913 2227 supplevitqueyqua:
939 2163 1070 2206 vero
1109 2131 1337 2205 aberant
1370 2164 1398 2200 a
1429 2136 1533 2202 ms.
1573 2161 1762 2201 exem-

168 2252 314 2323 plari
344 2260 512 2321 atque
547 2264 577 2301 a
611 2246 777 2300 Junio
810 2245 1008 2298 litteris
1034 2242 1278 2297 miniatis
1308 2239 1761 2320 designabantur,

170 2341 575 2398 minutioribus
621 2339 764 2409 typis
807 2335 1170 2406 imprimenda
1225 2333 1460 2395 curarit,
1500 2332 1764 2388 lectiones

167 2442 226 2490 et
282 2435 661 2503 conjecturas,
692 2428 866 2491 Junii,
899 2426 1089 2488 Boisii,
1131 2423 1414 2487 Gotelerii,
1458 2422 1612 2487 Felli,
1658 2421 1765 2478 Coo

170 2526 390 2582 lomesii
453 2539 520 2579 ac
572 2520 774 2577 Clerici
830 2521 974 2573 inter
1028 2518 1309 2573 variantes
1361 2515 1623 2569 lectiones
1666 2528 1764 2584 po-

169 2614 515 2674 suitpHanc
572 2619 758 2666 autem
817 2609 1234 2665 Wottonianam
1274 2606 1572 2661 editionem
1635 2605 1763 2659 licet

169 2709 420 2764 omnium
482 2703 958 2760 accuratissimam
996 2740 1011 2764 ,
1089 2702 1187 2771 qui
1244 2699 1505 2768 deinceps
1557 2699 1763 2767 episto-

170 2802 256 2856 las
307 2797 689 2853 Clementinas
743 2794 888 2865 typis
950 2793 1313 2858 excuderunt,
1368 2791 1473 2844 viri
1533 2791 1758 2854 eruditi.

170 2892 218 2947 si
259 2888 601 2943 Richardum
654 2885 968 2941 Russelium
1003 2891 1057 2939 et
1095 2882 1444 2952 Gallaudium
1489 2882 1756 2953 excipias,

172 2983 493 3056 praeteriere
559 2981 955 3034 inconsultam.
1017 2975 1176 3042 Quod
1235 2976 1466 3045 quidem
1522 2975 1756 3040 mirum,

169 3078 258 3131 sin
316 3075 505 3129 minus
558 3071 626 3127 de
661 3070 950 3141 -reliquis,
1019 3069 1213 3126 saltem
1259 3064 1329 3122 de
1374 3066 1608 3131 Clerico,
1664 3070 1758 3137 qui

165 3171 420 3226 eamdem
470 3183 583 3238 prae
618 3167 873 3220 manibus
922 3165 1150 3230 habuit;
1202 3179 1271 3220 ex
1321 3179 1386 3218 ea
1427 3165 1572 3218 enim
1612 3163 1753 3220 sele-
1784 3200 1827 3257 ε

164 3266 376 3318 etiores
407 3262 578 3316 Boisii
609 3260 994 3314 adnotationes
1016 3273 1046 3311 a
1077 3257 1340 3313 Wottono
1374 3266 1488 3311 tum
1514 3259 1754 3328 primum

166 3356 344 3412 editas
359 3354 680 3422 descripsit,
713 3365 853 3421 quas
877 3351 932 3404 in
958 3349 1258 3405 secundam
1272 3349 1760 3405 Amsttelodamem

165 3465 284 3505 sem
338 3446 566 3498 Patrum
624 3444 1052 3513 apostolicornm
1109 3443 1404 3498 editionem
1457 3440 1759 3497 Coteleria-

151 3543 295 3597 ‘nam
328 3537 642 3592 transtulit.
667 3535 737 3589 At
771 3550 837 3590 eo
871 3535 923 3587 in
959 3532 1153 3603 primis
1177 3533 1396 3588 nomine
1428 3533 1574 3587 illam
1604 3535 1758 3589 insu—

165 3647 266 3702 per
302 3629 574 3684 habuisse
602 3626 822 3682 videtur
850 3623 1126 3690 Clericus,
1150 3624 1300 3695 quod
1333 3624 1512 3680 editor
1550 3609 1755 3681 Canta—

166 3722 473 3792 brigiensis
525 3731 641 3772 tum
687 3715 926 3771 Eduardi
974 3715 1238 3770 Bernardi
1279 3702 1518 3779 notitias,
1557 3717 1758 3786 quibus

165 3818 421 3889 epistola:
455 3816 645 3885 prima:
681 3812 970 3866 αὐθεντίαν
991 3812 1222 3866 'elcvare
1255 3817 1488 3865 conatus
1515 3818 1632 3874 est,
1663 3826 1759 3864 ex-

165 3909 424 3972 suﬂlarit,
465 3917 580 3961 tum
616 3903 1215 3975 ipsummetClericum
1265 3902 1560 3959 identidem
1610 3902 1757 3957 haud

164 3999 449 4055 immerito
480 3995 784 4067 castigarit.
836 3993 996 4048 Anno
1024 3993 1196 4058 1742,
1236 3993 1398 4048 Joan.
1425 3991 1758 4052 Ludovicus

163 4090 307 4163 Frey
348 4089 624 4160 epistolas
662 4087 885 4141 Patrum
918 4086 1354 4155 apostolicorum
1375 4087 1521 4157 typis
1549 4087 1758 4144 Basile-

165 4186 397 4241 ensibus
429 4181 796 4250 co‘nsignavit,
815 4174 1250 4234 ‘Wottonianumz
1272 4182 1552 4251 exemplar
1567 4221 1583 4247 ,
1609 4182 1757 4253 quod

164 4278 390 4347 quidem
446 4275 776 4344 emptabat,
815 4275 1078 4344 primum
1129 4273 1406 4341 obtinuit,
1460 4288 1586 4330 cum
1640 4275 1754 4345 jam

163 4367 397 4438 epistola
439 4366 458 4419 1
512 4364 811 4419 Clementis
865 4380 896 4420 e
953 4365 1109 4435 prelo
1157 4365 1456 4432 evasisset;
1511 4374 1570 4419 ut
1627 4383 1757 4438 pro-

163 4460 296 4515 inde
332 4457 690 4528 posteriorem
715 4456 1094 4511 tantummodo
1122 4456 1285 4527 paulo
1323 4457 1750 4514 emendatiorem

1869 1965 2100 2021 istarum
2124 1964 2523 2034 praestantiam,
2558 1964 2950 2036 integritatem,
2985 1980 3049 2020 ac
3066 1965 3447 2021 sinceritatem

1869 2055 2092 2111 invictis
2119 2056 2463 2122 argumentis
2504 2065 2712 2120 tuetur,
2743 2072 2806 2109 ac
2835 2057 3078 2111 vindicat
3109 2074 3121 2124 ;
3156 2057 3320 2128 Cujus
3364 2058 3450 2112 la-

1867 2151 2002 2205 bore
2029 2165 2129 2205 nos
2153 2165 2371 2219 quoque
2406 2150 2711 2219 plurimum
2735 2165 2866 2206 usos
2896 2150 3088 2215 fuisse,
3127 2151 3183 2205 in
3228 2152 3470 2223 signum.

1864 2238 2222 2315 gratitudinis
2254 2243 2432 2312 palam
2463 2240 2719 2298 fatemur;

1938 2333 2166 2403 Anglice
2181 2332 2482 2390 Clementis
2513 2331 2747 2388 Romani
2771 2333 3018 2403 epistolas
3036 2335 3103 2390 ad
3124 2334 3450 2391 Corinthios

1867 2442 1967 2497 per
2003 2425 2148 2482 Guil.
2197 2425 2546 2489 Burtonium,
2572 2441 2698 2480 cum
2749 2427 2898 2481 notis
2926 2427 3168 2496 copiosis
3201 2444 3266 2481 ac
3297 2426 3464 2486 Guil..

1865 2519 2030 2574 Cavei
2066 2518 2278 2588 judicio
2323 2517 2561 2573 Londini
2603 2518 2762 2584 1647,
2827 2528 2991 2590 atque
3049 2521 3246 2575 iterum
3297 2521 3446 2578 Guil.

1867 2608 2093 2664 Wakaao
2122 2611 2444 2686 interprete,
2480 2625 2587 2664 una
2617 2626 2741 2665 cum
2766 2609 3052 2676 Barnabe,
3093 2613 3307 2682 lgnatii,
3343 2612 3449 2667 Po.-

1865 2704 2076 2776 lycarpi
2126 2704 2379 2773 epistolis
2427 2711 2591 2773 atque
2631 2701 2843 2758 Hermae
2893 2701 3118 2758 Pastore
3161 2707 3346 2760 itidem
3392 2706 3452 2763 iu

1864 2812 2178 2852 sermonem
2193 2795 2482 2865 Anglicum
2510 2795 2792 2850 conversis
2823 2796 2924 2852 sub
2942 2797 3101 2851 titulo
3125 2817 3136 2858 ;
3159 2817 3176 2848 ι
3193 2797 3458 2870 Epistulae

1865 2890 2120 2961 genuinae
2162 2888 2386 2942 Patrum
2419 2889 2854 2958 apostolicorum
2900 2890 2955 2942 in
2985 2891 3273 2960 Anglicum
3321 2908 3446 2946 ser-

1863 2997 2081 3036 monem
2133 2982 2414 3037 translatae
2449 2980 2680 3036 Londini
2716 2980 2873 3048 1695,
2896 3002 2914 3034 ι
2951 2982 3128 3048 iii-8°;
3162 2989 3215 3036 et
3248 2983 3481 3040 iterum

1865 3073 2065 3128 ibidem
2098 3073 2236 3126 17l0
2266 3072 2703 3142 prodieruntJn
2733 3069 2997 3125 Gallicam
3027 3072 3275 3143 linguam
3325 3088 3471 3126 ama

1863 3165 1945 3220 ba:
1991 3181 2022 3219 a
2078 3163 2269 3218 Gratio
2315 3163 2552 3219 Oratorii
2594 3163 3110 3231 sodale,convers:e
3167 3164 3341 3229 fuere,
3394 3174 3468 3222 ct:-

1862 3268 2061 3330 quarto
2087 3258 2422 3312 Gallicorum
2469 3255 2770 3310 Bibliorum
2803 3265 2976 3322 tonio,
3013 3273 3157 3312 anno
3188 3258 3327 3312 1717
3359 3259 3448 3313 in-

1861 3349 1959 3405 fol.
1993 3347 2222 3404 Parisiis
2253 3347 2496 3402 insertae.
2530 3344 2761 3400 Easdem
2796 3348 2849 3399 in
2885 3346 3088 3400 idioma
3144 3344 3446 3400 Germano~

1862 3458 1987 3496 rum
2019 3440 2307 3496 transtulit
2333 3437 2418 3493 Jo.
2436 3437 2564 3494 Otto
2589 3435 2819 3508 Glusing
2841 3436 3143 3508 Hamburgi
3164 3437 3326 3506 1725,
3360 3439 3445 3492 in-

1859 3525 1937 3600 8°,
1970 3550 2094 3589 cum
2122 3532 2375 3602 epistolis
2393 3541 2446 3586 et
2469 3530 2688 3600 scriptis
2722 3530 2966 3599 virorum
2985 3530 3441 3599 apostolicorum.

1859 3626 2151 3696 Antiquior
2179 3623 2359 3677 adhuc
2388 3622 2618 3677 habetur
2645 3620 2933 3675 conversio
2964 3619 3018 3675 in
3069 3619 3260 3676 Bibliis
3310 3619 3452 3676 Ger—'

1862 3716 2096 3771 manicis
2125 3713 2426 3784 Hamburgi
2457 3713 2623 3769 editis
2652 3727 2797 3766 anno
2846 3711 3005 3768 1710.
3039 3709 3239 3767 Nostra
3286 3720 3450 3767 aetate
3476 3748 3479 3749 ν

1859 3820 2150 3879 utramque
2180 3808 2356 3863 edidit
2385 3805 2711 3861 Germanice
2743 3790 2935 3858 Simon
2967 3801 3235 3875 Grynaeus
3288 3805 3444 3860 Basi-

1859 3905 1957 3959 lca:
1996 3901 2138 3958 1782
2179 3902 2491 3956 iii-8°-cum
2553 3900 2675 3954 aliis
2734 3898 2957 3952 Patrum
3008 3898 3467 3970 apostolicorum-

1859 3993 2254 4058 metm-mentis,
2283 3985 2552 4063 appositis
2573 3990 2922 4060 quibusdam
2940 3990 3147 4046 notulis
3175 3990 3355 4046 dubias
3381 3990 3447 4045 ii-

1859 4088 1982 4143 dei:
2010 4085 2137 4141 inde
2167 4084 2394 4145 factum,
2415 4093 2475 4139 ut
2502 4083 2564 4138 P.
2581 4081 2774 4138 Vitalis
2799 4081 2967 4139 Moesl
2985 4083 3289 4138 monachus
3306 4081 3463 4140 Ord._

1863 4179 1922 4235 S.
1939 4175 2223 4248 Benedicti
2253 4173 2559 4246 Salisburgi
2577 4175 2643 4228 ad
2658 4173 2717 4230 S.
2735 4169 2982 4240 Petrum,
3002 4190 3114 4246 quo
3138 4174 3443 4231 faciliorem
3472 4241 3477 4246 _

1860 4276 2038 4344 atque
2053 4261 2391 4327 isecuriorem
2411 4268 2714 4325 Catholicis
2740 4270 2906 4325 etiam
2927 4268 3151 4324 Patrum
3170 4267 3442 4341 apoStoli.

1857 4380 2050 4421 corum
2081 4363 2372 4419 lectionem
2415 4360 2692 4425 redderet,
2726 4360 3000 4428 eamdem,
3019 4362 3213 4434 paucis
3245 4373 3454 4419 contra.

1859 4459 2021 4514 iidem
2047 4456 2373 4511 catholicam
2406 4455 2792 4521 militantibus,
2820 4455 3148 4521 immutatis,
3177 4457 3441 4528 Augustae
3487 4495 3498 4503 ~.

160 4550 498 4608 exhibuerit.
559 4548 1006 4618 Qualemcunque
1049 4555 1231 4602 tamen
1283 4543 1448 4616 hujus
1485 4549 1746 4606 editionis
1777 4563 1825 4618 ι)
1862 4551 2276 4607 Vindelicorum
2309 4545 2450 4601 1774
2482 4546 2664 4601 denuo
2698 4547 3106 4616 procudendam
3137 4551 3365 4606 curarit.
3412 4607 3418 4611 ,

161 4641 454 4713 Freyanae,
487 4639 734 4709 alioquin
787 4640 922 4695 satis
947 4639 1155 4703 nitidae,
1188 4630 1753 4713 defectum'supplere

162 4733 400 4788 annisus
423 4738 509 4786 est
529 4729 613 4783 vir
632 4730 881 4786 eruditus
914 4729 1186 4786 Antonius
1209 4730 1422 4786 Birrius
1449 4729 1506 4785 in
1531 4731 1752 4786 Publice

163 4824 453 4892 specimine
507 4819 695 4876 itidem
750 4819 984 4876 Basilete
1027 4837 1172 4876 anno
1203 4823 1342 4877 1744
1384 4823 1557 4888 edito,
1585 4832 1752 4896 atque

160 4912 506 4982 conjecturis
532 4911 678 4966 haud
711 4910 1047 4983 pienitendis
1077 4914 1144 4968 ad
1194 4923 1404 4969 textum
1455 4915 1753 4972 Clementi-

162 5021 298 5060 num
318 5003 580 5059 editionis
603 5002 974 5061 Wottonianae
1004 5006 1236 5062 ulterius
1257 5007 1436 5062 adhuc
1462 5008 1751 5080 detergen-

161 5101 294 5154 dum
318 5097 542 5154 rel'erto.
579 5096 869 5154 Russelius
907 5099 962 5153 in
978 5098 1108 5154 suis
1143 5097 1366 5154 Patrum
1410 5098 1750 5170 apostolico.

158 5207 284 5246 mm
339 5191 606 5266 operibus
636 5191 890 5261 genuinis
920 5189 1156 5250 Londini
1203 5207 1349 5254 anno
1417 5192 1554 5252 1,716
1590 5195 1746 5248 evul-

157 5283 325 5354 gatis,
360 5281 776 5338 Wottonianam
803 5282 1109 5338 editionem.
1127 5299 1239 5354 pra:
1273 5283 1625 5341 czeterissibi
1668 5302 1749 5342 se-

159 5373 436 5444 quendam
464 5375 593 5442 jure
627 5375 876 5442 censuit;
922 5377 1014 5446 qui
1046 5384 1099 5431 et
1131 5377 1200 5432 ad
1240 5379 1452 5432 calcem
1487 5380 1747 5435 secundae

163 5464 339 5534 partis
371 5464 669 5523 voluminis
698 5465 861 5537 primi
909 5464 1170 5520 laudabili
1213 5467 1445 5524 consilio
1485 5468 1747 5538 pleraque

167 5556 410 5626 subjecit
462 5556 727 5612 adnotata
756 5572 822 5612 ex
855 5555 974 5612 Joa.
1037 5557 1190 5611 Millii
1228 5560 1544 5630 apographo
1582 5576 1746 5615 accu-

123 5657 281 5702 .rate
305 5649 373 5702 ad
406 5664 512 5703 ms.
563 5649 773 5704 codicis
817 5649 1045 5705 Alexan.
1077 5651 1235 5705 lldem
1281 5662 1476 5713 exacto
1532 5652 1744 5709 descri-

164 5746 294 5809 pta;
321 5756 446 5810 qua:
467 5740 696 5810 quidem
721 5742 980 5796 adnotata
1006 5741 1300 5799 Wottonus
1358 5747 1706 5817 praetermisit
1724 5786 1739 5810 ,

165 5830 421 5901 quantivis
445 5840 494 5886 el
543 5833 659 5902 ipse
687 5834 1057 5903 apngrapbum
1093 5833 1410 5893 Millianum.
1448 5835 1554 5893 sibi
1586 5852 1739 5890 com-

1938 4642 2366 4714 Recognitionum
2414 4631 2538 4695 libri
2570 4654 2600 4692 a
2628 4638 2827 4694 Rullno
2856 4639 3047 4696 Latine
3091 4642 3293 4697 redditi
3343 4643 3452 4697 Ba-.

1857 4739 2007 4795 sileas
2035 4749 2160 4788 cum
2191 4730 2799 4802 pseudo-decretalibus
2837 4748 2982 4786 anno
3010 4733 3165 4797 1526,
3209 4733 3434 4800 inJoh.
3462 4793 3478 4801 λ,

1855 4841 1909 4884 et
1930 4827 2091 4884 subin
2115 4823 2344 4878 Parisiis
2375 4821 2508 4876 1541
2540 4829 2593 4876 et
2624 4822 2784 4887 1568,
2810 4823 3242 4886 Coloniae-1569.
3289 4825 3437 4896 Luge

1854 4919 1988 4977 duni
2020 4918 2076 4970 in
2116 4915 2235 4972 PP.
2265 4915 2592 4970 Bibliotheca
2625 4926 2781 4968 anno
2822 4913 2961 4969 1677
3014 4924 3143 4972 sunt
3173 4917 3457 4986 evulgati...

1852 5008 2200 5068 Goloniensis
2256 5005 2426 5061 editio
2479 5013 2676 5074 praeter
2747 5005 3172 5079 Recognitionum
3261 5010 3458 5065 libros.

1851 5103 2200 5166 Clementi“;
2244 5113 2484 5173 quoque,
2509 5105 2564 5178 et
2591 5096 3130 5173 S.'Petri-_gestorum
3161 5101 3460 5164 summam.

1853 5213 1880 5250 a
1906 5195 2160 5250 Perionio
2189 5179 2511 5254 conversam
2532 5206 2668 5273 cum
2712 5178 2860 5254 notis
2905 5189 3162 5248 Veni-adii
3192 5181 3460 5267 eompleg.

1851 5289 2042 5343 ctitur.

1921 5377 2140 5432 Primus
2170 5375 2470 5431 Turnebus
2489 5375 2734 5429 eamdem
2762 5373 2949 5436 Griece
2967 5384 3035 5437 ,et
3068 5375 3265 5433 Latine
3313 5382 3433 5436 edi-

1848 5469 1928 5528 dit
1954 5468 2184 5529 Parisiis
2214 5459 2359 5522 anno
2397 5466 2535 5525 1554
2556 5465 2716 5525 ,ἰπὶ-4⁸.
2758 5464 3083 5532 Clementiae
3111 5479 3165 5524 et
3195 5469 3439 5537 Epitome

1849 5557 2186 5618 illarexstant
2210 5561 2374 5617 etiam
2407 5562 2459 5614 in
2482 5560 2826 5617 Coteleriana
2851 5540 3196 5627 collectione;
3229 5562 3301 5616 de
3325 5580 3435 5633 qua

1846 5655 2104 5726 Superius
2130 5654 2336 5706 mentio
2366 5668 2396 5705 a
2427 5653 2586 5706 nobis
2616 5652 2868 5707 instituta
2894 5661 3002 5716 est,
3025 5669 3149 5707 cum
3177 5659 3431 5724 supposi-

1848 5745 1987 5808 titiis
2022 5746 2197 5800 sancti
2229 5745 2527 5805 Clementis
2559 5729 2757 5801 litteris
2776 5743 2856 5806 ad
2884 5753 3138 5807 sanctqu
3166 5745 3432 5813 Jacobuui

1845 5831 2164 5909 episcopum
2194 5835 2778 5908 llieorosolymitanum.
