4074 6328
712 394 816 451 185

1820 399 1910 455 AD
1948 389 2020 454 εί
2049 398 2479 458 (ιιΕιιεΝι-ειι
2520 403 2538 457 l
2578 403 2810 460 PAPAM

3847 413 3938 467 ιω

713 607 3915 653 ._____________________________________

896 774 1043 863 DE
1148 775 1611 866 DUABUS
1715 776 2348 871 EPISTOLIS
2454 780 3138 874 CLEMENTIS

3240 783 3750 878 ROMANI.

1456 968 1688 1030 (Herus,
1715 970 1922 1020 Patrum
1953 971 2330 1034 apostolicorum
2355 973 2536 1036 Opera,
2562 974 2819 1038 Tubingaa,
2845 974 2983 1034 lSt2,
3006 976 3176 1038 ιιι-8⁸.)

766 1270 805 1324 l.
836 1269 1166 1324 Clementem
1213 1270 1518 1327 Romanum
1561 1272 1812 1327 eumdem
1842 1286 1966 1327 esse
2016 1287 2139 1326 cum
2172 1288 2258 1336 eo,
2289 1280 2337 1334 Α
2363 1272 2518 1327 daica
2547 1289 2672 1330 esse
2707 1273 2935 1328 editum.
2983 1271 3088 1342 Ipsi
3135 1272 3372 1342 primum
3421 1274 3659 1327 accessit
3685 1272 3924 1328 Coutan-

691 1376 852 1430 quem
897 1359 953 1414 S.
989 1359 1187 1416 Paulus
1216 1362 1269 1416 in
1313 1362 1410 1432 Ep.
1437 1363 1505 1417 ad
1550 1360 1782 1431 Philipp.
1810 1377 1884 1426 Iv,
1926 1363 1980 1429 '5,
2012 1363 2268 1418 laudibus

687 1453 840 1508 ell'ert
874 1453 980 1522 (l),
1006 1453 1117 1523 jam
1158 1454 1418 1524 Origenes
1442 1455 1518 1525 (2)
1540 1496 1554 1520 ,
1585 1454 1849 1509 Eusebius
1889 1456 1996 1523 (5),
2030 1455 2268 1526 Epipha-

687 1547 812 1598 nius
831 1544 926 1614 (4),
961 1544 1319 1616 Hieronymus
1341 1546 1414 1616 (5)
1442 1553 1495 1600 et
1525 1545 1615 1598 alii
1639 1554 1878 1600 veterum
1906 1546 2261 1600 afﬁrmarunt.

685 1637 842 1702 Quod
867 1639 913 1692 si
947 1652 1037 1691 res
1061 1642 1134 1694 ita
1167 1653 1226 1692 se
1252 1638 1431 1697 habet,
1459 1637 1617 1692 facile
1652 1644 1897 1707 apparet,
1923 1637 2264 1692 Clementem

687 1725 745 1780 ὃ.
786 1726 967 1790 Pauli,
1012 1727 1274 1798 Philippis
1319 1729 1375 1782 in
1419 1726 1735 1782 Macedonia
1785 1729 2028 1785 secundo
2070 1730 2263 1784 itinere

684 1821 984 1885 apostolico
1026 1839 1074 1876 a.
1106 1821 1272 1876 53-55
1301 1822 1425 1892 (cl'r.
1446 1823 1566 1878 Act.
1595 1823 1710 1889 xvr)
1740 1819 2089 1891 Evangelium
2122 1835 2260 1890 prac-

681 1911 942 1976 dicantis.
981 1913 1192 1966 socium
1233 1929 1297 1968 ac
1340 1913 1715 1984 coadjutorem
1760 1914 1962 1982 Optime
2002 1912 2256 1966 meritum

681 2007 876 2064 fuisse.
1559 2011 1566 2017 ’

749 2099 1176 2171 Chrysostomus
1251 2099 1305 2153 in
1377 2099 1786 2155 Commentario
1835 2098 1903 2152 ad
1951 2097 1970 2149 l
2013 2096 2251 2151 Timoth.

679 2191 1015 2259 suspicatur,
1037 2190 1394 2254 Clementem,
1429 2195 1632 2259 pariter
1661 2205 1724 2245 ac
1755 2190 1957 2244 Lucam
1983 2196 2037 2242 et
2065 2187 2256 2240 Timo-

679 2282 884 2345 theum,
902 2289 1220 2351 perpetuum
1239 2280 1454 2336 itineris
1469 2282 1722 2334 comitem
1747 2279 1857 2333 divi
1887 2277 2038 2331 Pauli
2058 2277 2246 2332 fuisse.

748 2369 876 2426 Mihi
917 2380 1095 2425 autem
1147 2371 1400 2428 Clemens
1453 2372 1581 2425 civis
1637 2369 1781 2422 urbis
1830 2369 2252 2437 Philippensium

679 2463 851 2517 fuisse
904 2463 1136 2525 videtur,
1182 2463 1275 2533 qui
1333 2477 1364 2516 a
1411 2461 1610 2524 Paulo,
1661 2459 1926 2530 Philippis
1975 2467 2248 2521 morante,

678 2569 991 2616 conversus,
1021 2556 1139 2624 ipse
1179 2569 1485 2625 praeconem
1523 2552 1801 2623 Evangelii
1833 2554 1889 2606 in
1920 2566 2084 2622 opere
2115 2566 2251 2620 apo-

2369 1367 2478 1420 tius
2509 1367 2564 1420 in
2604 1366 2962 1421 celeberrima
2993 1380 3092 1419 sua
3130 1350 3371 1419 editione
3435 1363 3794 1432 Epistolarum
3836 1364 3928 1417 Ro-

2363 1476 2637 1514 manorum
2663 1462 2968 1528 pontiﬁcum
2997 1501 3012 1526 ,
3039 1468 3079 1514 ι.
3144 1455 3187 1520 Ι,
3230 1472 3284 1526 p.
3324 1458 3420 1522 H;
3457 1465 3649 1527 postea
3691 1473 3823 1512 vero
3865 1460 3926 1527 (Ι.

2364 1565 2414 1604 c.
2447 1566 2500 1618 p.
2524 1551 2614 1616 41)
2647 1551 2732 1603 vir
2757 1548 3115 1603 doctissimus
3146 1563 3301 1602 suam
3329 1549 3562 1602 mutavit
3586 1549 3925 1603 sententiam.

2363 1637 2693 1694 Tillemontii
2734 1637 3072 1692 sententiam
3141 1635 3427 1705 amplexus
3476 1645 3563 1690 est
3624 1633 3930 1689 Πριμιγε-

2362 1747 2543 1793 nema,
2570 1741 2627 1784 ut
2656 1730 2852 1786 exinde
2880 1739 3260 1800 argumentum
3295 1728 3593 1782 deduceret
3618 1738 3810 1782 contra
3823 1728 3930 1797 epi—

2361 1822 2554 1876 stolam
2582 1823 2960 1892 posteriorem,
2985 1821 3145 1889 cujus
3175 1820 3413 1890 scriptor
3433 1821 3644 1890 origine
3686 1821 3927 1887 gentileln

2360 1923 2547 1983 aperte
2577 1930 2635 1968 se
2665 1914 2863 1982 prodit.

2429 2005 2807 2060 Tillemontius
2837 2004 3042 2058 addere
3082 2011 3315 2072 poterat,
3344 2002 3682 2057 Clementem
3711 1999 3822 2056 non
3846 2017 3928 2056 so-

2360 2098 2468 2151 lum
2500 2113 2620 2167 cap.
2647 2098 2704 2162 4,
2737 2097 2830 2152 sed
2857 2104 2910 2150 et
2940 2111 3060 2164 cap.
3093 2095 3154 2148 δι
3193 2094 3240 2165 (ὁ
3269 2093 3452 2165 πατὴρ
3472 2093 3630 2163 ἡμῶν
3666 2093 3926 2165 Ἀϐραάμ)

2355 2188 2724 2257 patriarcham
2755 2186 3066 2240 Iudaeorum
3092 2195 3296 2254 patrem
3327 2193 3565 2238 nostrum
3591 2185 3884 2255 appellare.

2426 2277 2691 2334 Praeterea
2710 2278 2964 2333 Clemens
2999 2293 3051 2332 c.
3079 2277 3147 2332 55
3191 2277 3261 2330 de
3292 2291 3480 2330 amore
3523 2291 3653 2345 erga
3708 2276 3926 2346 patriam

2352 2371 2662 2441 disputans,
2699 2370 2965 2439 exemplis
3010 2368 3243 2438 gentium
3281 2367 3532 2436 prolatis,
3578 2367 3646 2420 ad
3685 2369 3928 2435 exempla

2352 2479 2542 2518 eorum
2574 2464 2840 2532 procedit,
2880 2477 3041 2531 quos,
3076 2467 3137 2513 ut
3182 2459 3341 2523 dicit,
3378 2460 3517 2513 inter
3545 2476 3639 2513 nos
3678 2459 3927 2528 cognovi-

2353 2573 2498 2610 mus.
2525 2557 2735 2622 Quibus
2767 2570 2892 2608 cum
2913 2553 3166 2622 judaicas
3206 2552 3493 2612 mulieres.
3527 2552 3716 2606 Judith
3751 2561 3805 2605 et
3836 2550 3925 2604 Es-

677 2646 871 2699 stolico
900 2620 1105 2714 optime
1134 2620 1364 2716 adjuvit,
1397 2645 1567 2700 Paulo
1590 2620 1772 2698 autem
1816 2620 2070 2706 abeunte,
2101 2641 2247 2697 domi
2280 2620 2322 2674 Β
2352 2650 2493 2711 iber,
2524 2620 2801 2704 ascribere
2832 2620 3105 2710 videatur,
3137 2647 3256 2716 ipse
3294 2645 3349 2699 in
3380 2653 3537 2700 ortus
3565 2644 3778 2715 judaici
3843 2661 3927 2700 su.

677 2738 963 2799 remansit,
986 2738 1132 2794 inter
1162 2753 1293 2793 suos
1316 2737 1523 2792 Christi
1553 2751 1776 2791 causam
1811 2750 1996 2804 agens.

745 2827 1001 2885 Pluribus
1024 2829 1340 2899 conjectura
1365 2837 1552 2882 nostra
1583 2827 1802 2895 probari
1834 2834 2032 2895 potest.

746 2920 798 2989 a)
839 2917 976 2974 Cum
1022 2919 1225 2974 Paulus
1259 2919 1540 2988 Philippos
1586 2923 1926 2986 properaret,
1971 2913 2246 2969 neminem

849 3011 954 3064 nisi
1007 3008 1208 3076 Silam,
1257 3010 1604 3064 Timotheum
1644 3018 1698 3062 et
1738 3007 1944 3062 Lucam
1992 3006 2246 3061 comitem

847 3104 1106 3158 habuisse
1136 3105 1371 3158 videtur.
1400 3101 1516 3158 Cfr.
1550 3103 1672 3155 Act.
1697 3117 1809 3155 xvi.

745 3197 800 3264 b)
839 3196 1039 3252 Nullibi
1073 3213 1231 3252 sacra
1281 3195 1564 3267 Scriptura
1617 3194 1917 3249 Clementis
1966 3191 2242 3255 meminit,

851 3289 1156 3357 apostolum
1186 3286 1412 3341 Paulum
1441 3288 1497 3341 in
1525 3286 1812 3341 itineribus
1835 3285 2171 3339 comitantis.

745 3379 797 3448 c)
837 3378 913 3432 Ex
974 3378 1205 3448 Philipp.
1244 3395 1318 3440 iv,
1363 3378 1434 3442 5,
1486 3383 1636 3433 clare
1683 3385 1943 3448 apparet,
2001 3383 2245 3446 tempore

783 3492 803 3516 ο
851 3472 1038 3541 prima:
1065 3471 1216 3526 Pauli
1244 3473 1575 3543 captivitatis
1611 3470 1871 3526 Romana:
1908 3470 2244 3526 Clementem

852 3564 1116 3634 Philippis
1147 3564 1381 3636 degisse.

745 3659 802 3729 d)
839 3656 1074 3727 Philipp.
1101 3674 1174 3721 tv,
1196 3657 1251 3721 ὅ,
1280 3655 1579 3711 Clementis
1605 3671 1717 3711 non
1745 3655 1903 3710 aliter
1930 3659 1987 3708 lit
2016 3655 2239 3718 mentio,

850 3767 915 3806 ac
940 3766 1152 3815 eorum,
1181 3751 1274 3822 qui
1305 3751 1456 3806 cives
1483 3747 1863 3820 Philippenses
1894 3748 2102 3818 absque
2139 3748 2241 3802 du-

847 3844 936 3901 bio
958 3844 1196 3898 fuerunt.

743 3935 991 3998 Quando,
1021 3934 1111 3986 ubi
1140 3941 1195 3986 et
1229 3946 1464 4002 quonam
1495 3944 1690 3999 genere
1720 3937 1879 3982 ortus
1918 3926 2078 3982 fuerit
2115 3927 2240 3981 Cle-

679 4030 838 4070 mens
873 4023 1078 4079 noster,
1102 4011 1396 4069 nescimus.
1443 4012 1604 4068 Liber
1633 4015 1955 4084 pontiﬁcalis
1974 4057 1990 4081 ,
2017 4009 2248 4082 catalogl

676 4106 1052 4162 Romanorum
1081 4106 1420 4176 pontiﬁcum,
1462 4105 1520 4160 S.
1570 4104 1876 4160 Eucherius
1916 4103 2248 4173 Lugdunen-

675 4201 756 4257 sis
795 4207 852 4255 et
891 4199 1220 4254 Breviarium
1263 4201 1562 4256 Romanum
1601 4216 1667 4254 ex
1712 4196 2168 4268 Magnitionibus
2192 4205 2246 4250 ct

672 4293 916 4348 homiliis
946 4292 1499 4361 pseudoclementinis
1519 4291 1822 4346 fabulosam
1846 4291 1992 4345 illam
2026 4303 2246 4358 recepe-

670 4391 801 4438 runt
827 4383 1222 4446 narrationem,
1275 4397 1399 4451 qua:
1425 4382 1696 4438 Clementi
1729 4398 1904 4452 genus
1935 4381 2121 4436 Roma:
2150 4399 2240 4438 se—

667 4475 970 4540 natorium,
1028 4481 1345 4545 patremque
1398 4472 1721 4529 Faustinum
1751 4491 1818 4531 ex
1854 4476 2026 4544 stirpe
2050 4473 2236 4531 Caasa-

668 4584 791 4625 rum
825 4567 1088 4622 vindicat.
1121 4565 1272 4621 Talia
1305 4566 1633 4622 refutatione
1663 4583 1770 4622 non
1801 4568 2069 4637 indigent.

738 4655 1118 4712 Tillemontius
1149 4654 1450 4726 (Mémoires
1481 4656 1544 4719 ll,
1575 4673 1627 4726 p.
1657 4659 1783 4722 149)
1810 4675 1877 4713 ex
1907 4661 2081 4730 prima
2113 4659 2238 4715 Cle-

666 4753 867 4807 mentis
905 4751 1168 4821 epistola,
1212 4768 1333 4823 cap.
1362 4753 1399 4807 4
1444 4753 1648 4824 (πατὴρ
1672 4750 1830 4824 ἡμῶν
1873 4754 2090 4822 Ἰακώϐ)
2125 4756 2240 4808 col-

665 4845 823 4915 legit,
869 4844 1047 4898 virum
1091 4853 1339 4899 nostrum
1389 4846 1750 4915 apostolicum
1797 4863 1865 4902 ex
1913 4848 2086 4917 stirpe
2135 4848 2238 4902 Ju-

734 5021 810 5091 (l)
832 5023 960 5102 _Ka_l.
987 5022 1176 5102 ὲρῳτῶ
1204 5025 1297 5102 xuii.
1327 5026 1406 5102 at:
1440 5025 1645 5102 coCuys
1665 5028 2241 5102 yvﬁcts_°hau).)iap6ci-

663 5109 754 5142 νου
780 5093 1223 5179 ξιύτᾳῖςζεῖτινες
1249 5096 1308 5147 ὲν
1333 5095 1411 5179 τῷ
1431 5093 1729 5179 εραγγελίιρ
1753 5093 1985 5171 ὰυνήολη
1995 5093 2234 5179 ςάίμοι,

662 5160 934 5247 perducat,
956 5160 1554 5247 Κλήμξντρςλιαῖρῷί
1572 5160 1772 5220 λοιπῶν
1802 5160 2076 5241 συῦερλίῶν
2111 5160 2234 5236 nou,

660 5231 748 5306 diu
761 5231 832 5306 [τλά
849 5231 1091 5306 ρνόματᾶ
1111 5236 1170 5287 ὲν
1198 5234 1366 5306 βίϐλῳ
1387 5235 1547 5306 ζωῆς.

2351 2736 2648 2806 spicioncm
2669 2736 2920 2792 incurrit.

2422 2831 2529 2886 Sed
2570 2846 2681 2885 non
2711 2829 2867 2885 valde
2897 2830 3081 2898 gravia
3116 2829 3229 2882 haec
3272 2835 3403 2882 sunt
3441 2835 3791 2898 argumenta.
3827 2826 3926 2879 No-

2348 2935 2462 2981 tum
2491 2924 2639 2978 enim
2663 2931 2769 2982 est,
2791 2929 2847 2977 et
2872 2922 3009 2976 alios
3035 2920 3248 2982 Patres,
3275 2937 3415 2990 quos
3440 2937 3469 2975 c
3499 2920 3760 2991 gentibus
3780 2928 3924 2974 ortos

2346 3028 2470 3068 esse
2500 3027 2658 3065 nemo
2686 3012 2888 3070 nescit.
2924 3011 3104 3080 justas
3143 3009 3359 3064 Veteris
3403 3009 3744 3063 Testamenti
3797 3025 3916 3079 per-

2349 3119 2515 3158 sonas
2557 3104 2676 3158 suis
2724 3104 3002 3158 ascribere
3033 3102 3362 3169 majoribus.
3391 3099 3452 3154 E.
3494 3117 3556 3170 g.
3587 3099 3920 3168 TheOphilus

2349 3196 2444 3249 lib.
2471 3209 2532 3247 ιιι
2579 3193 2646 3248 ad
2673 3193 2883 3256 Autol.,
2923 3209 2980 3248 n.
3012 3191 3112 3254 24,
3164 3191 3358 3245 scribit
3394 3210 3406 3244 :
3456 3189 3710 3261 Ἀϐραὰμ
3755 3192 3784 3241 ὁ
3828 3207 3925 3241 πα-

2345 3285 2610 3356 τριάρχης
2665 3283 2843 3354 ἡμῶν,
2874 3299 2930 3336 ιι.
2961 3281 3077 3336 27ε
3130 3281 3381 3352 Ἀϐραὰμ
3424 3279 3519 3334 τοῦ
3585 3280 3924 3351 προπάτορος

2347 3376 2525 3447 ἡμῶν,
2551 3388 2607 3430 et
2638 3392 2694 3429 ιι.
2724 3375 2794 3429 94
2829 3394 2842 3428 2
2875 3373 3037 3426 Aa6‘t8
3064 3375 3091 3425 ὁ
3122 3373 3387 3444 πρόγονος
3413 3371 3590 3442 ἡμῶν.

2417 3467 2572 3533 Quod
2621 3475 2806 3521 autem
2837 3473 3137 3520 memorata
3168 3465 3370 3534 capitis
3413 3463 3484 3518 55
3516 3463 3769 3532 exempla
3800 3464 3916 3517 atti-

2345 3567 2461 3623 net,
2496 3558 2831 3612 moncndum
2872 3564 3155 3626 prazterea,
3180 3555 3521 3609 Clementem
3557 3553 3799 3609 fortasse
3826 3554 3921 3624 pri-

2344 3663 2493 3702 mum
2525 3662 2556 3701 e
2599 3646 2871 3716 gentibus,
2912 3654 3024 3698 tum
3065 3659 3096 3699 e
3126 3644 3479 3705 Christianis,
3503 3643 3743 3713 denique
3777 3659 3808 3698 e
3834 3640 3922 3697 Ju-

2344 3739 2479 3794 daeis
2506 3738 2754 3808 exempla
2784 3737 2994 3791 amoris
3025 3736 3216 3805 patriae
3247 3737 3568 3804 protulisse.

2412 3829 2769 3892 Clementem,
2799 3828 3174 3898 apostolorum
3204 3826 3558 3896 discipulum,
3587 3843 3618 3881 a
3644 3827 3920 3882 Clemente

2342 3921 2713 3976 Alexandrino
2745 3920 2986 3987 Apostolt'
3025 3919 3245 3973 nomine
3302 3918 3628 3988 insignitum
3663 3919 3776 3990 (6),
3817 3919 3916 3974 Ro-

2343 4028 2515 4066 mana:
2546 4011 2799 4065 Ecclesia:
2839 4009 3004 4078 fuisse
3031 4011 3351 4077 episcopum,
3380 4011 3670 4064 unanimes
3702 4012 3920 4065 tradunt

2342 4113 2588 4170 veteres;
2621 4102 2719 4158 sed
2749 4111 2953 4173 quotus
2983 4102 3178 4157 ordine
3204 4101 3511 4156 Romanam
3537 4102 3807 4158 insederit
3839 4119 3918 4157 ca-

2339 4197 2614 4260 thedram,
2643 4205 2800 4250 vetus
2830 4204 2883 4249 et
2910 4194 3090 4249 adhuc
3121 4194 3226 4250 sub
3251 4191 3440 4264 judice
3469 4193 3537 4248 lis
3566 4201 3672 4248 est.

2413 4291 2464 4344 1.
2503 4290 2840 4344 Clementem
2895 4288 3272 4343 immediatum
3334 4285 3488 4342 Petri
3541 4301 3914 4342 successorem

2342 4381 2535 4444 fuisse,
2569 4381 2815 4452 plerique
2839 4380 3160 4435 Latinorum
3189 4380 3393 4449 priscis
3412 4380 3528 4450 jam
3557 4381 3912 4450 temporibus,

2339 4484 2477 4530 teste
2507 4474 2840 4544 Hieronymo
2865 4473 2965 4543 (7),
2990 4473 3351 4528 affirmarunt.

2334 4603 2343 4617 .
2415 4566 2548 4620 Eum
2579 4583 2609 4620 a
2633 4564 2797 4620 Petro
2822 4567 2940 4636 ipso
2971 4566 3144 4622 fuisse
3173 4566 3512 4628 ordinatum,
3540 4564 3911 4621 Tertullianus

2323 4657 2489 4723 _addit
2518 4657 2617 4726 (8).
2669 4657 3036 4729 Hieronymus
3085 4659 3220 4727 ipse,
3268 4660 3521 4728 quamvis
3567 4660 3622 4711 in
3659 4656 3913 4728 Catalogo

2337 4749 2670 4804 Clementem
2703 4747 2840 4802 Lino
2887 4757 2941 4802 et
2977 4749 3239 4804 Anaclcto
3280 4751 3682 4819 postposucrit,
3731 4759 3912 4818 postea

2339 4842 2666 4897 sententiam
2694 4848 2964 4904 mutasse,
3006 4842 3332 4911 cazterisque
3359 4840 3571 4896 Latinis
3612 4841 3912 4898 accessisse

2339 5039 2498 5094 laude
2526 5039 2860 5093 Clementem
2890 5049 3140 5094 nostrum
3169 5042 3434 5104 cumulat,
3459 5045 3526 5097 de
3549 5045 3640 5096 tali
3666 5060 3729 5098 ac
3762 5053 3914 5098 tanto

2337 5111 2656 5232 llfiesttimonio
2691 5109 2948 5180 (Philipp.
2977 5128 3051 5178 Iv,
3081 5111 3135 5180 5)
3177 5129 3244 5167 ne
3276 5115 3501 5167 verbum
3549 5113 3773 5184 quidem
3822 5117 3908 5168 ha-

2407 5196 2434 5232 a
2469 5223 2479 5232 .

2413 5251 2490 5317 (ὕ)
2526 5249 2726 5304 Strom.
2755 5267 2828 5305 tv.
2862 5252 2949 5314 17,
2987 5266 3038 5319 p.
3063 5252 3188 5315 609,
3215 5254 3300 5306 ed.
3337 5252 3477 5309 Pott.

733 5302 810 5397 (Ξ.)
852 5301 911 5397 ἔτι
939 5289 1097 5397 διεκιρέ
1125 5289 1279 5397 1229,
1486 5289 1546 5362 ἶ.
1571 5305 1658 5372 IV,
1690 5322 1744 5376 p.
1775 5308 1896 5373 155,
1926 5301 2023 5364 ed.
2081 5312 2188 5368 BB.
2264 5313 2311 5372 Ι)
3340 5289 3656 5397 Clemens...
3690 5341 3905 5397 quartus

733 5372 810 5438 (5)
847 5371 918 5427 Η.
947 5371 1011 5425 Ε.
1038 5389 1122 5434 ιιι.
1150 5376 1238 5430 15.

852 5441 1055 5518 ﬂagres.
1081 5445 1173 5518 26,
1205 5464 1260 5501 n.
1285 5448 1338 5502 6.

662 5582 671 5590 .
733 5512 808 5576 (5)
853 5514 1240 5594 CatqlLscript.
1266 5516 1440 5594 ξτες..-
1506 5534 1557 5594 c.
1587 5520 1675 5594 _l__5.
1709 5519 2055 5594 Opinionenr
2085 5521 2228 5594 hanc

662 5583 982 5662 impugnari}
1001 5583 1481 5662 Gieseler,__Lehrb.
1505 5589 1572 5662 d._
1586 5583 2010 5662 Kirchengesch.
2038 5590 2074 5655 l,
2101 5593 2220 5656 121,

658 5650 910 5732 (ἐιιυι-ἱιιρ,
930 5650 1142 5732 Πει-ιιᾲι).
1176 5657 1230 5732 d_.
1257 5657 1321 5712 K.
1347 5657 1411 5712 G.
1441 5658 1482 5724 Ι,
1514 5659 1616 5713 167
1658 5670 1713 5716 et
1741 5650 1856 5723 alii:
1886 5663 1952 5716 ad
1989 5650 2224 5729 quorum

660 5720 959 5799 augendam
987 5722 1383 5799 dubitationem
1420 5720 1673 5799 inagiiuni
1699 5720 2039 5787 Jacobsonus
2069 5751 2224 5787 acce-

661 5789 789 5842 delc
823 5799 974 5855 putat
1007 5797 1217 5863 pondus
1254 5813 1314 5853 ex
1350 5816 1435 5863 eo,
1466 5789 1609 5869 quod
1658 5801 1924 5867 Iron-mus,
1953 5806 2044 5873 qui
2077 5806 2226 5859 omni

2331 5401 2449 5463 post
2497 5390 2712 5463 Petrum
2765 5392 2940 5443 flama:
2989 5408 3291 5461 episcopus:
3335 5395 3593 5463 siquidem
3647 5390 3904 5452 secundus

2331 5460 2495 5514 Linus
2520 5461 2641 5528 fuit,
2658 5464 2841 5533 tertius
2865 5460 3168 5521 Anno/etus,
3201 5460 3409 5517 tnmctsi
3428 5467 3657 5533 plerique
3693 5470 3899 5521 Latmo-

2331 5548 2452 5607 ριηι
2483 5531 2764 5583 secundum
2795 5545 2910 5598 post
2945 5533 3160 5586 Petrum
3191 5531 3486 5602 apostolum
3526 5531 3707 5605 putent
3751 5541 3906 5607 fuisse

2330 5599 2666 5655 Clementem.

2402 5672 2481 5747 (ὃ)
2504 5672 2918 5747 _I)ﬂ_pt'¢rscrip.'.
2963 5675 3114 5736 llam,
3149 5693 3197 5731 c.
3228 5677 3297 5729 5'2
3328 5697 3338 5730 :
3379 5678 3738 5732 "animantum
3774 5681 3892 5747 (l-lr-

2332 5742 2520 5812 Clesia)
2553 5740 2870 5796 Clementem
2904 5765 2931 5796 (ι
2968 5750 3127 5799 I'cu'u
3161 5749 3465 5802 ordinatum
3495 5751 3620 5802 edit.
