4070 6316
213 392 318 447 185

209 501 452 558 videtur,
486 495 740 550 scribens
769 513 782 548 :
822 491 890 546 Et
921 491 1183 554 Clemens,
1212 492 1294 545 vir
1329 489 1673 558 apostolicus,
1703 487 1795 558 qui
1821 493 1872 549 Α

210 599 332 661 post
376 589 595 642 Petrum
628 585 923 640 Romanam
972 581 1267 636 Ecclesiam
1303 581 1463 646 rexit,
1509 581 1695 634 scribit
1726 578 1794 632 ad

212 682 519 740 Corinthios
544 681 645 751 (9).
1339 749 1342 752 ί

281 774 344 830 2.
384 773 719 828 Clementem
747 776 1003 824 nostrum
1034 763 1172 820 Lino
1196 763 1416 820 domum
1459 764 1800 821 successisse

210 873 448 921 censent
480 861 822 935 Augustinus
857 857 996 931 (10),
1015 854 1250 925 Optatus
1282 855 1631 911 Milevitanus
1660 853 1796 922 (11),

215 953 641 1016 Constitutiones
667 950 1027 1024 apostolorum
1053 948 1168 1024 (12)
1191 955 1246 1002 et
1274 943 1567 1016 Catalogus
1593 942 1798 1000 Roma-

217 1067 422 1107 norum
451 1048 798 1120 pontilicum,
827 1060 858 1100 a
884 1039 1232 1098 Bollandistis
1259 1039 1314 1093 in
1337 1037 1618 1109 Propylaao
1639 1052 1793 1094 men-

218 1145 308 1201 sis
342 1142 467 1196 Maii
502 1141 809 1217 evulgatus.
1003 1121 1010 1129 ’

297 1234 352 1294 5.
393 1231 636 1299 Denique
667 1244 778 1284 non
802 1226 1000 1281 Linum
1033 1224 1234 1284 solum,
1264 1219 1356 1276 sed
1387 1217 1672 1275 et-Cletum
1695 1234 1794 1274 seu

219 1325 546 1380 Anacletum
565 1330 691 1377 ante
707 1321 1038 1376 Clementem
1057 1325 1304 1369 nostrum
1326 1310 1582 1364 Romamn
1612 1309 1795 1366 Eccle-

216 1407 326 1459 sia:
369 1405 734 1475 gubernacula
773 1404 1035 1466 tenuisse,
1091 1402 1328 1458 lrenaeus
1361 1399 1472 1470 (15)
1505 1399 1804 1454 contendit:

209 1495 654 1567 Θεμελιὼσαντες
690 1493 784 1556 οὖν
825 1501 918 1552 καὶ
948 1498 1399 1569 οἰκοδομήσαντες
1439 1497 1491 1547 οἱ
1539 1494 1798 1566 μακάριοι

224 1589 538 1643 ’Λπόστολοι
568 1588 1014 1661 τὴνἙκκλησίαν,
1044 1590 1191 1659 Λίνῳ
1219 1588 1320 1660 τὴν
1363 1586 1461 1657 τῆς
1493 1585 1800 1655 ἐπισκοπῆς

209 1679 554 1752 λειτουργίαν
572 1681 926 1751 ἐνεχείρισαν.
958 1680 1162 1733 Τούτου
1190 1677 1472 1732 τοῦΛίνου
1502 1675 1715 1737 Παῦλος
1741 1677 1798 1728 ὲν

207 1774 335 1837 sui;
364 1773 502 1844 πρὸς
521 1772 786 1844 Τιμόθεον
797 1771 1137 1835 Ἐπιπολαῖς
1169 1771 1476 1842 μέμνηται·
1498 1767 1798 1838 διαδέχεται
1824 1767 1830 1773 ’

1477 377 1819 436 ΡΠΟΕΕΜΙΑ
1857 374 2246 434 νΑιιιοιιυιι.

3375 372 3486 448 186

2072 485 2552 558 comprehenderis.
2580 503 2685 540 non
2714 485 2816 540 sibi
2845 501 3072 549 consone
3098 485 3484 553 respondebunt

2079 578 2208 632 anni
2260 563 2576 647 pontiﬁcum
2627 574 2988 630 Romanarum
3044 574 3199 627 annis
3253 574 3483 643 impera-

2078 678 2270 723 torum.
2523 650 2526 660 ⁸

1969 759 2028 830 γ)
2071 758 2216 814 Beda
2269 758 2626 822 venerabilis,
2677 755 2966 820 Rabanus,
3017 755 3228 828 Haymo
3277 765 3332 812 et
3367 757 3484 812 alii.

2077 850 2194 906 Cir.
2220 850 2458 906 Coteler.
2492 849 2581 906 ed.
2660 847 2776 903 PP.
2808 858 3002 917 apost.,
3031 857 3076 904 t.
3106 849 3127 904 l
3156 889 3174 915 ,
3207 866 3263 921 p.
3293 848 3402 904 492
3428 857 3485 905 ct

2076 928 2131 1011 ps.
2168 939 2296 996 587.

1969 1034 2317 1102 Conjecturaa
2355 1031 2484 1086 huic
2527 1030 2800 1088 Eusebius
2842 1033 3056 1096 obstat,
3095 1032 3325 1097 docens,
3359 1034 3486 1090 Cle-

1900 1129 2138 1178 mentem
2170 1131 2317 1174 anno
2338 1106 2558 1176 demum
2587 1120 2659 1175 92
2688 1122 2872 1177 sedem
2899 1123 3268 1193 episcopalem
3297 1138 3491 1180 ascen-

1899 1215 2070 1277 disse,
2102 1213 2174 1268 24
2209 1212 2373 1270 annis
2405 1229 2435 1267 a
2467 1219 2644 1268 morte
2673 1211 2731 1268 S.
2754 1212 2902 1267 Petri
2937 1216 3326 1290 prmterlapsis,
3355 1231 3492 1287 quo-

1899 1322 2023 1360 rum
2054 1303 2122 1359 12
2149 1304 2309 1370 Lino,
2345 1311 2402 1360 et
2449 1304 2657 1375 pariter
2685 1305 2753 1359 12
2780 1306 3080 1364 Anenclcto
3109 1310 3484 1378 assignantur.

1903 1399 2008 1454 Sed
2045 1399 2136 1454 vix
2163 1397 2405 1461 credam,
2439 1395 2737 1452 Eusebium
2773 1399 2849 1465 id,
2880 1400 3228 1456 documentis
3264 1400 3485 1462 fultum,

1901 1491 2216 1560 scripsisse.
2256 1490 2517 1547 Fortasse
2552 1507 2649 1562 per
2681 1494 3035 1550 traditionem
3080 1497 3184 1565 ipsi
3229 1497 3487 1549 innotueo

1899 1590 2007 1643 rat.
2043 1582 2240 1637 Linum
2267 1591 2322 1638 et
2353 1584 2711 1638 Anencletum
2751 1585 2819 1639 12
2862 1603 3038 1642 annos
3069 1585 3370 1641 Romanam
3401 1602 3491 1642 re—

1899 1676 2048 1730 xisse
2093 1673 2420 1732 Ecclesium.
2487 1674 2626 1730 Cum
2669 1685 2849 1732 autem
2883 1678 3317 1748 ipsum.lateret,
3364 1678 3502 1734 illos

1903 1765 2252 1833 coniunctos,
2288 1781 2395 1819 una
2425 1781 2547 1819 cum
2574 1767 2774 1821 vivente
2801 1767 2971 1822 adhuc
3005 1768 3186 1833 Petro,
3217 1769 3491 1840 guberna-

207 1864 268 1918 δὲ
297 1865 461 1918 αὐτὸν
515 1863 897 1936 Ἀνέγκλητοςκο
939 1863 1080 1935 μετὰ
1123 1861 1313 1916 τοῦτον
1353 1860 1408 1916 δὲ
1453 1859 1623 1931 τρίτῳ
1650 1858 1800 1930 τόπῳ

1903 1857 2025 1910 cula
2057 1862 2333 1925 tenuisse;
2382 1857 2500 1912 ﬁeri
2539 1865 2780 1928 poterat,
2813 1868 2903 1924 ut,
2935 1859 3259 1930 Catalogum
3297 1858 3490 1918 Irenei

207 1958 322 2011 ἀπὸ
347 1957 457 2010 τῶν
498 1956 835 2010 Ἀποστόλων
862 1957 960 2027 τὴν
989 1955 1296 2026 ἐπισκοπὴν
1330 1950 1627 2024 κληροῦται
1656 1952 1803 2023 Κλή-

210 2068 345 2122 μης,
377 2054 406 2104 ὁ
433 2051 527 2104 καὶ
549 2048 810 2122 ἑωρακὼς
827 2050 953 2112 τοὺς
977 2048 1281 2120 μακαρίους
1312 2044 1687 2106 Ἀποστόλους,
1709 2045 1803 2098 καὶ

209 2141 606 2212 συμϐεϐληκὼς
649 2141 852 2204 αὐτοῖς,
907 2141 1002 2192 καὶ
1047 2138 1127 2192 ἔτι
1171 2138 1389 2191 ἔναυλον
1431 2135 1493 2188 τὸ
1540 2137 1802 2206 κήρυγμα

205 2235 320 2287 τῶν
363 2233 724 2297 Ἀποστόλων,
762 2234 856 2286 καὶ
897 2233 999 2302 τὴν
1036 2229 1332 2301 παράδοσιν
1363 2229 1471 2300 πρὸ
1507 2226 1802 2296 ὀφθαλμῶν

208 2327 349 2397 ἔχων
379 2346 432 2380 κ.
462 2344 513 2380 τ.
553 2325 604 2378 λ.

285 2416 426 2472 Cum
453 2413 661 2468 lrenao
690 2407 1085 2467 statEusebius
1107 2404 1206 2476 (H.
1229 2405 1297 2462 E.
1317 2422 1402 2473 Ill,
1434 2406 1522 2470 15,
1559 2407 1648 2469 15,
1678 2407 1794 2475 54),

212 2507 444 2569 docens,
467 2504 663 2558 Linum
683 2503 751 2556 ab
784 2516 928 2555 anno
955 2499 1024 2553 68
1064 2514 1240 2570 usque
1264 2499 1332 2554 ad
1366 2514 1460 2552 an.
1487 2497 1577 2564 80,
1613 2499 1796 2552 Auen-

210 2600 416 2656 cletum
445 2595 637 2662 80-92,
660 2593 996 2649 Clementem
1027 2590 1225 2646 92-101
1271 2604 1352 2662 ρ.)
1383 2588 1485 2644 Ch.
1522 2605 1578 2642 n.
1607 2588 1792 2644 sedem

211 2689 520 2746 Romanam
551 2686 815 2742 tenuisse.

285 2780 546 2836 Eamdem
603 2776 926 2837 sententiam
1001 2771 1368 2844 Hieronymus
1419 2772 1474 2825 in
1531 2769 1792 2840 Catalogo

194 2875 534 2944 scriptorum
562 2868 1040 2925 ecclesiasticarum
1069 2881 1120 2920 c.
1145 2865 1213 2919 15
1240 2865 1511 2929 tuebatur,
1537 2873 1594 2918 ut
1623 2878 1790 2932 supra

207 2967 449 3023 vidimus
483 2965 617 3032 (14).

275 3048 337 3101 4.
378 3045 573 3100 Varias
613 3045 716 3100 has
761 3044 1068 3111 sententias
1117 3045 1192 3099 ita
1239 3047 1647 3116 componebant
1694 3049 1798 3103 viri

1904 1950 2228 2019 respiciens,
2272 1965 2487 2005 summa
2521 1949 2720 2005 ﬁducia
2753 1967 2908 2006 suam
2954 1953 3113 2007 nobis
3154 1959 3491 2023 pr0poneret

1903 2039 2388 2108 computationem.

1974 2133 2029 2187 5.
2069 2132 2180 2188 Nec
2222 2131 2294 2186 de
2325 2131 2619 2202 Epiphanii
2665 2134 2985 2202 conjectura
3036 2141 3344 2198 taceamus,
3392 2133 3490 2204 qui

1905 2219 1923 2272 l
1958 2221 2154 2284 Clem.,
2185 2236 2236 2276 c.
2271 2222 2377 2287 54,
2410 2223 2553 2278 male
2597 2224 3010 2293 interpretatus,
3054 2224 3424 2292 Clementem,
3452 2239 3490 2280 ι

1905 2311 2068 2368 Petro
2095 2298 2434 2379 ordinatum,
2468 2308 2622 2386 pacis
2648 2332 2816 2371 causa
2861 2317 3097 2371 cessisse
3148 2316 3284 2369 Lino
3326 2319 3492 2370 autu-

1903 2412 2046 2471 mat;
2095 2404 2232 2459 Lino
2263 2414 2447 2461 autem
2491 2408 2832 2463 successisse
2880 2409 3128 2476 Clctum,
3174 2409 3330 2462 Cleto
3364 2409 3493 2465 Cle-

1903 2507 2140 2550 mentem
2174 2505 2458 2566 resumpto
2489 2498 2839 2567 pontiﬁcatu,
2869 2500 3174 2554 arbitratur
3199 2501 3336 2572 (16).
3375 2500 3492 2557 Nos

1903 2585 2046 2639 hanc
2073 2588 2431 2656 quaestionem
2478 2589 2675 2643 iterum
2723 2591 3080 2660 attingemus,
3108 2593 3176 2646 de
3219 2601 3488 2661 tempore,

1902 2693 2013 2746 quo
2061 2676 2081 2730 l
2127 2678 2428 2734 Clementis
2486 2680 2722 2750 epistola
2778 2683 2983 2751 scripta
3035 2683 3240 2748 fuerit,
3294 2683 3492 2754 dispu~

1901 2774 2105 2822 tantes.

1972 2855 2093 2910 Jam
2131 2856 2200 2912 de
2228 2869 2401 2912 morte
2433 2858 2734 2917 Clementis
2764 2861 2930 2917 verba
2985 2861 3270 2919 iaciamus.
3317 2863 3494 2921 Euse—

1901 2944 2026 3000 hius
2073 2947 2377 3011 contendit,
2421 2948 2759 3005 Clementem
2807 2968 2986 3005 novem
3034 2966 3212 3009 annos
3259 2969 3494 3012 munem

1902 3038 2202 3108 episcopali
2230 3039 2500 3104 functum,
2528 3043 2693 3095 tertio
2715 3041 2941 3112 Traiani
2968 3060 3115 3098 anno
3138 3045 3257 3115 (101
3285 3062 3336 3114 p.
3360 3045 3441 3102 Ch
3470 3047 3488 3118 )

206 3141 361 3195 dm“
405 3149 460 3195 ει
501 3140 813 3210 priscorum
843 3147 900 3194 ει
941 3141 1311 3195 recent-lorum
1362 3148 1699 3212 temporum,
1736 3151 1797 3197 υι
1827 3172 1870 3227 C
1904 3137 2138 3184 mortem
2170 3132 2393 3213 obiissc.
2429 3131 2510 3185 Ad
2541 3147 2604 3186 ea
2639 3142 2846 3199 autem,
2878 3151 2999 3204 qua:
3029 3153 3194 3206 supra
3225 3138 3491 3204 diximus,

205 3231 586 3301 conjicerent,
640 3232 833 3290 Linum
887 3239 943 3286 et
991 3233 1203 3290 Cletum
1257 3233 1570 3304 viventibus
1620 3236 1804 3289 adhuc
1836 3222 1869 3227 “
1907 3231 1963 3277 et
1994 3222 2135 3276 infra
2163 3224 2430 3291 dicemus,
2469 3226 2837 3291 attendentes,
2868 3244 3050 3282 novem
3078 3231 3298 3299 quidem
3348 3233 3494 3301 regi-

209 3324 480 3395 apostolis
503 3321 677 3378 Paulo
697 3331 750 3381 et
771 3322 934 3378 Petro
955 3323 1331 3377 Romanorum
1362 3323 1605 3380 ﬁdelium
1633 3327 1803 3380 fuisse

1907 3318 2073 3372 minis
2113 3333 2290 3373 annos
2333 3320 2602 3375 Clementi
2651 3321 2947 3377 tribuimus
2997 3329 3084 3391 (a.
3127 3322 3320 3396 68-77)
3365 3340 3494 3379 cum

208 3413 491 3469 antistites
509 3431 524 3478 ;
541 3409 869 3468 Clementem
887 3419 1092 3475 autem,
1113 3412 1225 3468 illis
1251 3411 1486 3469 lortasse
1507 3415 1804 3492 defunctis,

203 3519 310 3560 seu
349 3503 452 3557 sub
479 3500 696 3557 Nerone
727 3503 991 3574 martyrio
1029 3504 1310 3559 coronatis
1363 3504 1504 3575 (l5),
1555 3522 1586 3560 a
1617 3505 1802 3572 Petro,

203 3596 276 3651 ad
312 3601 542 3650 mortem
587 3603 936 3665 pmperante,
976 3594 1241 3652 Romana:
1273 3595 1533 3654 Ecclesiae
1587 3597 1808 3667 episco-

203 3702 346 3758 pum
373 3702 496 3743 esse
527 3686 865 3744 ordinatum.

283 3777 438 3834 Hanc
468 3780 796 3834 sententiam
833 3780 958 3833 tuiti
993 3790 1125 3837 sunt

279 3872 342 3939 α)
381 3869 614 3925 Ruﬁnus
664 3868 855 3940 (Praei.
905 3871 983 3926 in.
1012 3869 1070 3926 S.
1106 3870 1410 3929 Clementis
1449 3871 1752 3946 Recognit.)
1786 3893 1802 3933 :

393 3961 560 4030 Cujus
590 3962 667 4015 rei
706 3962 842 4016 hanc
872 3964 1171 4033 accepimus
1199 3980 1314 4019 esse
1344 3965 1630 4030 rationem,
1661 3968 1805 4038 quod

391 4052 556 4106 Linus
593 4063 644 4106 et
675 4052 857 4108 Cletus
892 4053 1108 4122 fuerunt
1149 4053 1360 4126 quidem
1406 4065 1530 4117 ante
1557 4056 1804 4112 Clemen—

392 4158 494 4199 tam
517 4147 743 4214 episcopi
768 4148 824 4199 in
848 4145 974 4200 urbe
990 4146 1178 4211 Roma,
1204 4147 1302 4202 sed:
1317 4151 1595 4218 superstite
1618 4149 1802 4218 Petro,

386 4237 646 4302 ridelicet,
678 4247 734 4291 ut
773 4237 856 4292 illi
902 4239 1239 4309 episcopatus
1295 4257 1482 4295 curam
1528 4252 1802 4313 gererent,

391 4331 500 4396 ipse
541 4346 660 4384 vero
708 4331 1038 4398 apostolatus
1084 4332 1322 4401 impleret
1369 4334 1613 4403 ofﬁcium.
1651 4333 1803 4391 Sicut

394 4421 659 4474 invenitur
707 4425 872 4476 etiam
909 4421 1052 4491 apud
1093 4421 1396 4480 Caesaream
1447 4426 1662 4494 fecisse;
1710 4427 1803 4483 ubi

1904 3411 2105 3478 Caveo,
2144 3411 2444 3476 Dodwello,
2473 3411 2694 3468 Fleurio
2724 3421 2780 3468 et
2820 3414 2974 3479 aliis;
3004 3429 3128 3467 eum
3161 3423 3344 3470 autem
3376 3415 3495 3485 jam

1907 3503 2012 3558 sub
2043 3501 2385 3573 Vespasiano
2412 3503 2734 3558 defunctum
2766 3521 2890 3561 esse
2921 3514 3196 3575 putamus.
3224 3505 3328 3570 Qui
3359 3519 3496 3562 vero

1907 3591 2142 3648 Eusebio
2164 3595 2338 3649 .lidem
2371 3596 2574 3650 habere
2615 3597 2766 3659 velit,
2802 3612 2927 3651 cum
2966 3598 3088 3667 ipso
3115 3599 3305 3652 credat
3331 3613 3499 3668 opor-

1905 3691 2005 3750 tet,
2055 3684 2205 3739 brevi
2237 3693 2506 3755 tempore,
2554 3704 2604 3742 a.
2641 3687 2902 3751 101-155,
2935 3703 3049 3741 ιιοιι
3100 3689 3283 3743 minus
3326 3702 3495 3758 quam

1905 3781 2114 3846 septem
2144 3791 2242 3831 seu
2269 3785 2396 3830 octo
2425 3779 2712 3846 pontiﬁces
2739 3777 2924 3833 sedem
2962 3776 3266 3832 Romanam
3297 3793 3504 3835 ascen-

1903 3868 2074 3936 disse,
2097 3868 2350 3939 quamvis
2373 3884 2481 3923 una
2508 3876 2721 3924 tantum
2758 3869 3068 3940 persecutio
3093 3870 3197 3924 hoc
3227 3870 3496 3941 temporis

1904 3961 2143 4031 spatium
2175 3958 2574 4030 perturbasset.

1979 4051 2248 4108 Eusebius
2271 4063 2324 4108 et
2362 4053 2731 4125 Hieronymus
2764 4055 2826 4124 (l.
2852 4055 2888 4108 ι.
2914 4069 2966 4108 c.
2992 4054 3072 4122 c.)
3103 4061 3336 4108 mortem
3361 4051 3500 4109 Cle-

1904 4145 2105 4201 mentis
2133 4147 2285 4201 nulla
2325 4146 2394 4202 de
2425 4147 2694 4218 martyrio
2737 4149 3014 4202 mentione
3052 4147 3302 4200 instituta
3339 4161 3497 4200 com-

1903 4243 2234 4292 memorant.
2265 4236 2506 4293 lrenaaus
2549 4253 2770 4307 quoque
2801 4237 2915 4309 (111,
2947 4239 3025 4307 5),
3075 4239 3365 4309 pontiﬁces
3396 4253 3496 4292 us-

1903 4341 2011 4394 que
2041 4326 2108 4381 ad
2145 4325 2518 4382 Eleutherium
2555 4343 2874 4391 recensens,
2917 4343 3108 4382 eorum
3155 4342 3492 4396 quemquam

1902 4421 2229 4490 martyrium
2253 4435 2477 4489 passum
2506 4427 2702 4490 praeter
2724 4417 3122 4490 Telesphorum
3155 4419 3300 4472 haud
3326 4419 3492 4488 signi-

391 4529 510 4566 cum
539 4516 648 4582 ipse
702 4525 836 4571 esset
869 4531 1125 4582 praesens,
1158 4515 1442 4571 Zaclueum
1473 4529 1650 4574 tamen
1678 4539 1711 4574 α
1747 4539 1804 4576 σε
1834 4526 1880 4581 ι)
1909 4512 2056 4569 licet.
2101 4513 2145 4565 A
2196 4512 2397 4568 Ruﬁno
2438 4527 2572 4567 vero
2614 4523 2670 4566 et
2723 4513 2948 4570 Zosimo
2994 4513 3252 4568 Clemens
3301 4520 3496 4565 noster

394 4606 703 4660 ordinatam
754 4606 979 4661 habebat
1025 4610 1349 4678 episcopum.
1398 4608 1470 4663 Et
1498 4611 1594 4664 hoc
1642 4612 1798 4666 modo

394 4710 675 4768 utrumque
706 4713 882 4753 verum
912 4697 1176 4753 videbitur
1197 4715 1216 4748 :
1250 4710 1308 4753 ut
1336 4711 1386 4754 et
1417 4703 1500 4755 illi
1529 4713 1650 4757 ante
1685 4702 1801 4759 Cle-

391 4801 613 4845 mentem
644 4802 987 4846 numerentur
1030 4793 1291 4862 episcopi,
1336 4802 1388 4847 et
1418 4794 1660 4850 Clemens
1711 4807 1799 4851 ta-

392 4901 508 4937 men
528 4893 646 4950 post
662 4884 862 4937 obitum
880 4883 1024 4938 Petri
1045 4883 1267 4938 docendi
1285 4888 1571 4953 susceperit
1601 4887 1794 4943 sedem.

285 4977 340 5049 β)
380 4974 694 5030 Chronicon
723 4973 940 5029 Damasi
968 4994 984 5029 :
1017 4974 1143 5029 Nisi
1177 4987 1411 5044 tempora
1455 4979 1798 5047 pontiﬁcatus

398 5064 518 5118 Lini
547 5074 700 5135 atque
723 5063 860 5120 Cleti
891 5065 987 5119 sub
1008 5067 1184 5136 spatio
1205 5068 1528 5136 prwsulatus
1561 5067 1622 5122 Β.
1649 5068 1800 5123 Petri

310 5223 369 5277 9)
408 5222 464 5274 In
497 5220 627 5276 lsai.
677 5238 726 5276 c.
753 5238 847 5277 LII.

285 5223 369 5292 (9)
408 5223 464 5274 In
497 5223 627 5276 lsai.
677 5238 726 5276 c.
753 5238 847 5277 LII.

289 5293 404 5358 (11))
448 5291 547 5360 Ep.
575 5291 645 5345 55
673 5293 738 5346 ad
785 5292 1047 5349 Gencros.
1080 5313 1092 5348 :
1132 5293 1288 5350 Petro
1319 5299 1570 5349 successit
1601 5295 1795 5358 Linus,

209 5365 352 5424 Lino
374 5361 638 5423 Clemens,
671 5363 926 5416 Clementi
955 5364 1258 5418 Anacletus.

281 5435 397 5498 (Η)
436 5432 554 5484 Lili.
587 5447 623 5504 ll
656 5452 668 5485 :
701 5432 968 5504 Cat/aedra
996 5453 1104 5488 una
1131 5446 1238 5497 est;
1271 5437 1564 5504 seditprior
1583 5435 1796 5498 Petrus.

204 5506 299 5556 cui
319 5505 574 5556 successit
589 5502 774 5567 Linus,
789 5503 922 5556 Lino
936 5505 1196 5562 Clemens.
1212 5502 1464 5560 Clementi
1491 5507 1795 5562 Anactetus.

289 5575 404 5640 (l2)
439 5573 557 5646 Lib.
585 5589 684 5646 νιι,
720 5590 771 5646 c.
796 5575 870 5646 746
904 5591 915 5624 :
1100 5575 1155 5627 δὲ
1180 5572 1462 5643 Ῥωμαίων
1480 5575 1798 5644 Ἐκκλησίας

211 5645 371 5716 illivs;
404 5645 500 5716 μὲν
538 5645 566 5694 ὁ
601 5643 872 5716 Κλαυδίας
893 5643 1104 5715 πρῶτος
1141 5645 1520 5716 ὑπὸϋῐιαύλου,
1571 5647 1799 5716 Κλήμης

207 5712 264 5764 δὲ
290 5712 429 5782 μετὰ
449 5713 540 5786 τὸν
570 5715 733 5767 Λίνου
769 5712 996 5768 θάνατον
1027 5716 1116 5768 ὑπ’
1151 5714 1285 5785 ἐμοῦ
1318 5717 1523 5785 Πέτρου
1553 5712 1800 5786 δεύτξρος

215 5785 674 5856 κεχειροτόνηται.

1903 4615 2110 4675 martyr
2136 4607 2442 4676 appellatur
2475 4605 2611 4674 (17).

1974 4695 2050 4749 Ex
2083 4696 2237 4750 Actis
2267 4697 2536 4768 martyrii,
2566 4697 2687 4750 sine
2710 4696 2880 4750 dubio
2913 4693 3304 4765 supposititiis,
3330 4693 3496 4749 Lum-

1900 4803 2066 4858 perus
2119 4789 2405 4842 historiam
2451 4789 2699 4859 martyrii
2734 4787 2791 4843 S.
2837 4788 3137 4844 Clementis
3185 4789 3273 4842 his
3304 4787 3498 4843 verbis

1900 4879 2104 4936 refert:
2137 4899 2154 4931 ι
2184 4880 2546 4944 Clementem,
2576 4897 2604 4933 a
2639 4879 2986 4941 Mamertino,
3021 4880 3174 4934 urbis
3202 4879 3488 4948 praefecto,

1902 4972 2027 5027 ﬁdei
2057 4987 2224 5026 causa
2258 4980 2610 5034 accusatum,
2665 4972 2939 5040 Trajanus
2970 4974 3024 5026 in
3075 4971 3494 5026 Chersonesum

1902 5063 2044 5115 ultra
2091 5060 2324 5116 Pontum
2371 5061 2644 5116 Euxinum
2691 5063 2972 5132 relegavit.
3010 5061 3222 5116 Invenit
3251 5077 3384 5116 vero
3410 5061 3497 5118 ibi

1974 5221 2090 5345 (ἐξ)
2142 5219 2274 5276 Adv.
2298 5223 2460 5286 litem,
2492 5221 2530 5276 l.
2560 5232 2728 5289 In,‘c.
2754 5223 2789 5277 5
2809 5265 2826 5290 ,
2875 5223 3023 5294 apud
3087 5221 3284 5276 Euseb.
3316 5218 3386 5276 ll.
3409 5219 3482 5276 E.

1914 5319 2086 5440 ν’(ἶῇ
2126 5359 2244 5440 εῖτ-ῖς
2279 5375 2444 5440 ειιρτει
2468 5373 2584 5440 nou
2628 5361 2728 5440 (71-

1973 5431 2087 5500 (l5)
2129 5431 2410 5504 ludiculiis
2465 5431 2648 5504 Rpm.‘
2677 5432 2878 5489 Pontif.
2923 5449 3087 5504 supra
3126 5443 3484 5499 memoratus,

1903 5501 2096 5577 Linum
2123 5501 2392 5577 Capitone
2432 5511 2486 5556 et
2515 5501 2661 5557 Rufo
2705 5520 2848 5560 coss.
2883 5505 2942 5573 (ἱ.
2969 5501 3016 5559 ρ’.
3073 5524 3120 5560 a.
3144 5506 3237 5572 67,
3273 5522 3323 5574 p.
3348 5504 3479 5577 Ch.)

1901 5590 1932 5628 e
1966 5574 2106 5628 vivis
2139 5572 2452 5627 decessisse
2486 5583 2713 5628 annutat

1974 5643 2087 5713 (l6)
2131 5643 2334 5713 llaeres.
2360 5661 2534 5706 XXVII,
2572 5661 2626 5698 ιι.
2651 5647 2703 5700 6.

1975 5715 2088 5839 (ἑὲ)
2131 5712 2384 5786 Lumper,
2438 5714 2682 5771 Historia
2715 5713 3238 5783 theologica-critica,
3325 5723 3366 5770 ι.
3418 5712 3481 5781 l,

1909 5801 1960 5853 ι).
2001 5785 2089 5839 16.
