4070 6316
591 399 684 455 191

1701 400 1790 455 AD
1827 398 1887 455 Β.
1928 395 2354 466 οιειιεΝτειι
2392 397 2415 453 l
2452 400 2685 457 PAPAM

3745 399 3847 456 ΙΒ

583 517 697 571 ιιιῖιν
742 515 1125 588 ἑνσκηψάντων
1163 517 1484 589 νοσημάτων
1513 518 1735 583 ἑαυτοὺς
1765 517 1970 586 σφάγια
2009 514 2158 584 ,ὑπὲρ

2267 521 2308 570 t.
2339 515 2428 582 Ill,
2454 535 2507 588 p.
2531 517 2623 585 61,
2662 519 2752 575 ed.
2790 520 2851 575 Β.
2881 520 2941 578 Β.
2970 522 3194 576 scribit:
3243 519 3402 574 Ἀλλὰ
3429 521 3523 574 καὶ
3549 522 3576 574 ὁ
3606 520 3844 593 Κλήμης

577 609 677 664 τοῦ
733 609 911 664 κοινοῦ
953 611 1403 680 παραδεδώκασι·
1450 614 1542 666 καὶ
1589 612 1950 683 παραδέχεται
2003 609 2156 664 ταῦθ’

577 702 753 767 οὕτως
780 705 1058 773 γεγονέναι
1087 707 1186 759 οὐκ
1215 706 1424 773 ἀλόγως
1439 705 1734 769 πιστεύσας
1747 707 1877 768 ταῖς,
1896 703 2159 776 ἱστορίαις

578 796 610 850 ὁ
638 797 830 861 πιστὸς
858 797 1109 870 Κλήμης,
1133 799 1239 853 ὑπὸ
1253 799 1464 852 Παύλου
1485 799 1946 872 μαρτυρούμενος,
1975 798 2160 869 λέγον-

577 902 690 951 τος⁹
735 890 896 944 Μετὰ
923 890 1351 960 Κλήμεντος-,κ⁵
1372 909 1425 945 τ.
1454 892 1502 945 λ.
1525 891 1640 948 Cfr.
1667 889 1688 945 l
1718 892 1890 950 Clem.
1915 907 1967 948 c.
1994 892 2082 948 55.

579 977 656 1050 (e)
695 979 980 1041 Eusebium
1009 983 1257 1039 eamdem
1296 999 1418 1053 qua:
1454 1000 1601 1040 nunc
1634 993 1837 1048 exstat,
1860 985 2157 1043 Clementis

719 1074 1008 1142 epistolam
1037 1083 1166 1131 ante
1194 1077 1389 1132 oculos
1422 1077 1705 1141 habuisse,
1730 1077 1902 1133 verba
1921 1077 2042 1148 ejus
2066 1092 2159 1132 sa-

717 1166 787 1218 tis
812 1165 1214 1224 demonstrant:

651 1253 791 1310 Hist.
817 1258 951 1313 ecel.
978 1257 1067 1316 Ill.
1102 1259 1168 1314 16
1203 1281 1214 1315 :
1248 1261 1448 1315 Τούτου
1489 1262 1552 1334 δὴ
1598 1256 1690 1316 οὖν
1716 1260 1812 1316 τοῦ
1844 1261 2158 1333 Κλήμεντος

575 1348 977 1424 ὁμολογουμένη
1025 1353 1122 1423 μία
1152 1356 1405 1426 ἐπιστολὴ
1448 1356 1703 1427 φέρεται,
1738 1355 1944 1426 μεγάλη
1973 1372 2033 1406 τε
2063 1355 2157 1408 καὶ

576 1438 877 1510 θαυμασία,
922 1445 987 1514 ἦν
1016 1444 1092 1507 ὡς
1135 1446 1241 1498 ἀπὸ
1269 1448 1367 1517 τῆς
1407 1447 1689 1522 Ῥωμαίων
1731 1447 2053 1517 Ἐκκλησῑας
2087 1450 2154 1519 τῇ

575 1532 881 1604 Κορινθίων
908 1535 1301 1602 διετυπώσατο,
1335 1540 1854 1610 στάσεωςοτηνικάδε
1887 1540 2028 1596 κατὰ
2056 1541 2156 1613 τὴν

572 1624 838 1696 Κόρινθον
867 1629 1185 1701 γενομένης.

644 1716 782 1775 lbid.
820 1720 923 1787 lll,
948 1722 1017 1776 58
1060 1741 1075 1782 ;
1127 1721 1234 1774 Τοῦ
1279 1723 1592 1795 Κλήμεντος
1629 1725 1688 1777 ὲν
1715 1729 1780 1797 τῇ
1810 1725 2156 1798 ἀνωμολογη-

575 1809 713 1909 [Evn
743 1812 894 1883 παρὰ
941 1816 1125 1879 πᾶσιν,
1181 1817 1248 1886 ἣν
1293 1818 1358 1870 ἐκ
1401 1817 1690 1888 προσώπου
1731 1819 1830 1890 τῆς
1870 1821 2151 1891 Ῥωμαίων
2185 1853 2230 1909 Β

585 1901 910 1976 Ἐκκλησίας
923 1909 989 1978 τῇ
1009 1908 1309 1981 Κορινθίων
1323 1910 1708 1964 διετυπώσατο.
1742 1913 1827 1964 Ἐν
1900 1912 1997 1982 τῆς
2016 1912 2152 1982 πρὸς

584 1993 869 2065 Ἐϐραίους
897 1999 1068 2053 πολλὰ
1095 2005 1341 2073 νοήματα
1371 2002 1655 2074 παραθεὶς,
1673 2003 1772 2073 ἤδη
1791 2003 1846 2057 δὲ
1874 2005 1966 2057 καὶ
1993 2005 2152 2057 αὺτο-
2260 2003 2266 2010 ’

569 2084 712 2150 λεξεὶ
745 2090 926 2159 ῥητοῖς
953 2090 1012 2154 ἐξ
1030 2093 1200 2163 αὐτῆς
1228 2093 1657 2165 χρησάμενος,κ.
1683 2112 1734 2148 τ.
1765 2095 1813 2148 λ.

644 2180 938 2250 Epistolam
963 2193 1209 2240 nostram
1241 2204 1385 2258 saepe
1410 2189 1603 2243 iisdem
1628 2189 1812 2243 verbis
1830 2184 1931 2250 uti,
1950 2204 2071 2258 quae
2097 2189 2151 2244 in

573 2272 816 2342 Epistola
846 2277 912 2331 ad
937 2276 1195 2334 Hebraeos
1223 2280 1601 2346 inveniuntur,
1621 2297 1780 2336 nemo
1807 2281 1985 2336 nescit
2015 2282 2149 2353 (28).

571 2366 636 2437 (f)
681 2367 917 2437 Cyrillus
942 2370 1721 2444 Hierosolymitanus,Catech.
1749 2375 1901 2429 18.c.
1928 2375 1981 2441 8,
2001 2375 2154 2430 fabu-

716 2461 821 2514 lam
850 2461 919 2517 de
950 2464 1204 2531 phoenice
1244 2464 1286 2536 (l
1310 2464 1480 2521 Clem.
1513 2467 1626 2536 25),
1659 2475 1721 2522 ut
1749 2468 1864 2538 ipse
1894 2476 2148 2534 testatur,

712 2572 779 2609 ex
810 2558 1048 2618 epistola
1072 2555 1369 2614 Clementis
1401 2561 1627 2629 profert.

571 2646 644 2717 (ε)
679 2649 1010 2722 Epiphanius
1043 2653 1174 2706 haer.
1204 2637 1302 2715 27,
1325 2669 1378 2706 ιι.
1405 2653 1439 2706 6
1461 2673 1473 2706 :
1497 2653 1666 2722 Λέγει
1697 2655 1810 2723 γὰρ
1834 2654 2141 2726 (Clemens)

709 2740 780 2792 ἐν
803 2740 912 2810 μιᾷ
961 2743 1080 2796 τῶν
1107 2744 1445 2797 ἐπιστολῶν
1491 2746 1708 2799 αὑτοῦ·
1749 2765 1767 2796 ι
1821 2746 2148 2815 Ἀναχωρῶ,

718 2835 944 2904 ἄπειμι,
975 2834 1320 2902 ἐνσταθήτω
1366 2839 1400 2889 ό
1425 2835 1575 2901 λαὸς
1604 2835 1710 2890 τοῦ
1762 2837 1928 2892 Θεοῦ.
1971 2857 1989 2889 ι
2032 2836 2146 2892 Cfr.

711 2930 730 2982 I
758 2929 958 2993 Clem.,
990 2945 1041 2984 c.
1070 2928 1160 2983 54.

572 3023 652 3092 (In)
691 3017 1051 3092 Hieronymus
1093 3019 1268 3074 Catal.
1307 3021 1487 3087 script.
1520 3024 1645 3075 eccl.
1687 3034 1740 3075 c.
1768 3019 1874 3076 15:
1920 3019 2149 3090 Scripsit

714 3115 1012 3181 (Clemens)
1034 3127 1097 3166 es
1124 3128 1348 3181 persona
1378 3111 1631 3167 Romana:
1659 3112 1912 3168 Ecclesitz
1947 3114 2016 3167 ad
2046 3113 2148 3167 Ec-

2260 609 2662 684 ἀρχαῖκὼτερον
2691 611 2750 680 (f.
2783 613 3208 686 ἀρχαῖκώτερος)
3231 632 3243 644 ⁸
3263 613 3371 682 Ζῇ,
3403 614 3586 683 φησὶν,
3614 617 3648 666 ό
3674 615 3844 686 Θεὸς.

2259 702 2357 756 καὶ
2386 705 2646 772 όΚύριος
2689 707 2923 774 Ἰησοῦς
2965 707 3240 774 Χριστὸς,
3273 707 3372 761 καὶ
3413 705 3743 775 τόΠνεῦμα
3773 706 3849 759 τὸ

2258 794 2428 866 ἅγιον
2457 795 2591 868 (29).

2332 889 2440 945 Sed
2495 890 2681 945 futiles
2719 899 2849 945 sunt
2888 890 3104 945 illorum
3137 892 3403 959 rationes,
3456 892 3551 962 qui
3584 891 3725 945 hanc
3766 890 3844 945 ob

2257 995 2484 1037 causam
2516 983 2852 1037 authentiam
2886 983 3134 1054 epistola:
3164 991 3368 1040 nostra:
3396 986 3840 1057 fimpugnarunt;

2258 1072 2499 1129 fortasse
2537 1075 2681 1130 enim
2713 1089 2902 1129 omnes
2950 1075 3002 1129 hi
3045 1075 3174 1138 loci,
3224 1089 3458 1146 quorum
3505 1092 3708 1147 parvus
3751 1083 3847 1132 est

2257 1181 2541 1229 numerus,
2572 1166 2700 1220 olim
2729 1177 2850 1236 post
2875 1175 3036 1236 caput
3063 1167 3131 1222 57
3158 1168 3498 1237 legebantur,
3525 1169 3614 1223 ubi
3644 1168 3841 1224 folium

2259 1255 2531 1328 integrum
2546 1258 2767 1313 excidit.
2792 1257 2952 1314 Certe
2970 1258 3154 1327 ῥῆσις
3172 1261 3264 1314 illa
3292 1260 3588 1322 Basilii.'ut
3607 1259 3843 1333 Freyius

2258 1350 2492 1414 monuit,
2527 1360 2933 1422 peropportune
2968 1352 3044 1404 illi
3076 1352 3197 1406 loco
3229 1354 3511 1416 convenit,
3536 1365 3589 1407 et
3621 1369 3842 1407 accom-

2256 1443 2467 1499 modari
2501 1451 2676 1514 potest
2709 1444 2762 1498 in
2789 1445 3018 1513 epistola
3050 1444 3118 1498 ad
3145 1445 3305 1500 linem
3338 1445 3690 1500 decurrente.

2327 1535 2391 1590 γ.
2420 1534 2539 1590 Iam
2565 1537 2632 1590 de
2657 1537 2955 1606 integritate
2978 1537 3270 1592 dicendum
3303 1546 3407 1592 est.

2257 1628 2334 1700 (a)
2365 1627 2567 1683 Eodem
2602 1643 2746 1682 anno
2781 1628 2939 1694 1653,
2971 1644 3083 1697 quo
3114 1630 3348 1699 primum
3377 1629 3606 1698 epistola
3646 1635 3843 1683 nostra

2395 1720 2540 1790 typis
2568 1720 2918 1789 vulgabatur,
2952 1718 3174 1774 Hieron.
3201 1717 3515 1788 Biguouius,
3541 1719 3694 1776 lctus
3730 1720 3841 1774 Pa-

2399 1813 2626 1876 risinus,
2659 1814 3022 1882 integritatem
3070 1813 3193 1882 ejus
3240 1814 3294 1866 in
3329 1813 3549 1868 dubium
3595 1815 3838 1878 vocavit,

2394 1905 2579 1974 plures
2607 1905 2886 1958 clausulas
2918 1913 2971 1957 et
2999 1919 3158 1957 voces
3185 1904 3430 1974 epistola:
3460 1907 3710 1974 genuina:
3743 1906 3839 1959 ad-

2395 1998 2539 2053 ditas
2553 2013 2674 2052 esse
2691 2005 2907 2067 putans.
2924 1994 3231 2050 Praesertim
3251 1995 3367 2050 viro
3379 1996 3696 2051 doctissimo
3719 1998 3840 2052 dis-

2390 2089 2624 2160 plicebat

2325 2182 2405 2251 (α)
2445 2183 2690 2236 narratio
2714 2181 2780 2236 de
2817 2166 3074 2251 phoenice
3103 2194 3153 2233 c.
3187 2179 3279 2235 25.

2323 2273 2400 2343 (β)
2439 2274 2754 2344 frequentia
2797 2275 3190 2344 epitheton-um.

2321 2370 2401 2436 (γ)
2438 2384 2542 2422 vox
2573 2367 2759 2429 λαῖκός
2787 2383 2837 2422 c.
2871 2368 2940 2421 40
2966 2377 3018 2420 et

2322 2460 2394 2531 (δ)
2431 2462 2586 2515 locus
2631 2461 2829 2530 capitis
2853 2461 2961 2516 47:
3014 2458 3104 2514 ubi
3137 2457 3383 2516 Ecclesia
3414 2459 3837 2516 Corinthiorum

2249 2553 2454 2624 ἀρχαία
2486 2565 2731 2608 vocatur.

2322 2646 2428 2716 Ipsi
2476 2647 2757 2716 respondit
2789 2644 2944 2716 Hugo
2967 2643 3209 2715 Grotius,
3232 2647 3373 2716 (30),
3401 2628 3560 2700 inter.
3577 2647 3686 2700 alia
3711 2662 3836 2698 mo-

2249 2757 2389 2796 nens
2416 2741 2752 2796 Clementem
2783 2743 2904 2797 sine
2932 2741 3098 2795 dubio
3122 2732 3277 2810 teque
3306 2756 3367 2794 ac
3396 2748 3685 2794 auctorem
3706 2740 3831 2808 Epi-

2252 2834 2408 2888 stolae
2454 2833 2522 2888 ad
2556 2831 2814 2889 Hebraeos
2843 2831 3092 2887 Gracum
3137 2848 3446 2888 sermonem
3494 2848 3562 2886 ex
3595 2833 3840 2888 eruditis

2250 2927 2569 2981 auctoribus
2586 2927 2856 2989 hausisse,
2877 2926 3108 2996 ideoque
3127 2925 3373 2979 liheriori
3405 2923 3668 2986 dictione,
3698 2938 3838 2991 non,

2249 3026 2309 3072 ut
2363 3017 2730 3090 ἑϐραῒζουσιν,
2779 3018 2836 3072 in
2871 3017 3130 3072 minutias
3177 3017 3423 3080 concisa,
3477 3015 3572 3070 sed
3624 3015 3840 3086 largius

2251 3109 2462 3175 ﬂuenti,
2493 3126 2655 3164 usum
2688 3125 2837 3164 esse.

712 3207 927 3260 rlesiam
977 3204 1373 3259 Corinthiorum
1422 3205 1572 3258 valde
1617 3206 1797 3260 utilem
1837 3207 2138 3274 epistolam,
2167 3207 2214 3267 ο
2313 3201 2467 3267 Quod
2501 3199 2870 3256 narrationem
2907 3199 2975 3255 de
3023 3200 3273 3270 pbanice
3315 3199 3526 3263 attinet,
3575 3199 3666 3252 alii
3693 3214 3837 3269 quo-

714 3314 833 3366 qua:
886 3309 933 3351 et
975 3298 1030 3350 in
1069 3295 1336 3351 nonnullis
1368 3296 1497 3351 locis
1538 3296 1741 3366 publice
1784 3299 1993 3368 legitur,
2029 3316 2146 3369 quae

713 3393 842 3445 mihi
873 3393 1077 3447 videtur
1106 3393 1403 3446 characteri
1432 3393 1689 3459 epistola,
1724 3410 1842 3461 qua:
1864 3395 1959 3448 sub
1985 3394 2148 3448 Pauli

713 3489 926 3540 nomine
956 3487 1024 3540 ad
1081 3487 1333 3542 llebrwos
1378 3489 1567 3558 fertur,
1613 3489 1903 3542 convenire.
1951 3487 2061 3542 Sed
2100 3499 2150 3542 et

712 3582 892 3634 multis
917 3579 980 3634 de
1000 3581 1180 3636 eadem
1201 3583 1446 3651 epistola,
1461 3601 1564 3636 non
1583 3583 1754 3636 solum
1777 3581 2040 3646 sensibus,
2057 3583 2146 3636 sed

704 3676 867 3743 juxta
889 3674 1161 3728 verborum
1181 3692 1385 3745 quoque
1418 3676 1656 3730 ordinem
1677 3676 1935 3729 abutitur.

644 3767 788 3820 Idem
837 3767 932 3820 lib.
995 3781 1086 3820 xw
1149 3765 1945 3836 Comment.inIsai.,c.Ln,13
1978 3786 1990 3820 :
2023 3765 2148 3821 Cle-

572 3875 740 3917 mens,
773 3859 854 3911 vir
891 3857 1233 3924 apostolicus.
1266 3859 1356 3928 qui
1392 3867 1509 3924 post
1541 3857 1758 3910 Petrum
1799 3859 1934 3910 rexit
1966 3857 2149 3911 Eccle-

570 3953 618 4006 si
638 3950 928 4013 un,srribit
957 3947 1024 4001 ad
1039 3947 1342 4004 Corinthios
1366 3965 1382 4001 :
1404 3967 1421 3999 ι
1447 3949 1720 4017 Sceptrum
1749 3948 1864 4011 Dei,
1895 3949 2148 4004 Dominus

570 4044 726 4097 Jcsns
754 4041 1026 4103 Christus,
1058 4059 1162 4096 non
1187 4043 1322 4096 venit
1356 4043 1410 4095 in
1430 4043 1701 4110 jactantia
1727 4041 2002 4108 superbire,
2030 4059 2148 4094 cum

569 4139 733 4205 possit
765 4137 967 4196 omnia,
985 4134 1075 4188 sed
1105 4137 1158 4205 in
1185 4133 1503 4190 humilitate.
1530 4155 1549 4186 ι
1576 4133 1688 4188 Cfr.
1717 4133 1737 4185 l
1766 4133 1963 4196 Clem.,
1981 4149 2030 4188 c.
2061 4135 2147 4189 16.

646 4229 791 4285 Idem
824 4231 920 4283 lib.
966 4241 984 4281 ι
1015 4228 1320 4284 Comment.
1340 4227 1394 4280 in
1411 4225 1508 4296 Ep.
1526 4231 1594 4284 ad
1611 4226 1956 4296 Eph.,c.n,2
1983 4247 1997 4282 :
2027 4225 2149 4282 Cle-

571 4340 739 4384 mens,
767 4324 821 4376 in
854 4320 1080 4391 epistola
1109 4336 1208 4373 sua
1232 4320 1452 4373 scribit:
1480 4318 1720 4374 Oceanus
1744 4325 1795 4372 et
1825 4318 2028 4382 mundi,
2061 4321 2153 4389 qui

574 4425 724 4469 trans
749 4415 922 4483 ipsum
955 4421 1097 4467 sunt.
1129 4411 1244 4465 tlfr.
1275 4410 1494 4466 IClem.
1527 4426 1579 4466 c.
1608 4411 1700 4465 29.

643 4507 790 4564 Idem
821 4505 955 4561 ibid.
1011 4505 1106 4559 lib.
1149 4522 1208 4570 ιι,
1253 4504 1319 4571 agl
1349 4521 1490 4563 (λιν.
1520 4505 1543 4559 1
1585 4523 1598 4558 :
1641 4503 1804 4574 Cujus
1836 4506 1910 4558 rei
1941 4512 1989 4558 et
2024 4503 2142 4560 Cle-

571 4617 716 4655 mens
747 4591 815 4652 ad
847 4596 1147 4653 Corinthios
1172 4597 1316 4650 testis
1349 4606 1426 4650 est
1451 4611 1468 4648 :
1497 4614 1516 4646 ι
1558 4596 1834 4650 Vinculum
1857 4597 2139 4654 cbaritatis

573 4693 672 4747 Dei
692 4692 808 4761 quis
837 4691 1028 4760 poterit
1057 4692 1346 4744 enarrare?
1385 4710 1404 4740 ι
1437 4688 1553 4743 Cfr.
1585 4687 1795 4744 IClem.
1819 4704 1868 4743 c.
1899 4690 1989 4746 49.

643 4781 982 4838 Testimonia
1015 4783 1378 4852 posteriorum
1411 4788 1712 4835 taceamus.

644 4872 732 4929 IV.
763 4867 1032 4929 Nonnulli~
1052 4883 1298 4927 veterum
1341 4873 1492 4926 locos
1518 4872 1764 4943 epistola:
1791 4872 2143 4930 Clementinze

573 4969 822 5033 laudant,
853 4969 947 5039 qui
973 4968 1028 5021 in
1068 4968 1276 5022 nostris
1300 4966 1708 5036 exemplaribus
1731 4981 1837 5019 non
1863 4967 2140 5037 leguntur.

574 5062 639 5119 Ε.
671 5078 727 5134 g.
757 5060 1022 5124 Basilius,
1054 5061 1148 5114 lib.
1183 5060 1250 5115 de
1293 5057 1501 5129 Spiritu
1530 5068 1721 5113 sancto
1743 5073 1793 5114 c.
1825 5058 1917 5124 29,
1962 5075 2018 5113 ιι.
2050 5059 2140 5122 72,

575 5284 696 5353 (ῑὸ)
733 5281 885 5336 Multi
929 5289 1307 5353 autumarunt,
1329 5292 1422 5334 aut
1451 5281 1782 5353 Clementem
1821 5281 2000 5352 ipsum
2026 5284 2146 5350 epi-

719 5355 916 5407 stolam
962 5353 1027 5405 ad
1076 5350 1332 5405 llebrmos
1365 5352 1676 5420 scripsisse,
1717 5361 1808 5405 aut
1842 5350 1991 5407 certe
2024 5369 2143 5406 eam

718 5426 772 5477 in
811 5439 910 5478 sua
937 5422 1224 5494 scribenda
1258 5423 1922 5494 anteoculos_habuisse.
1963 5420 2147 5494 Longe

719 5495 878 5546 aliter
907 5492 1138 5560 conjicit
1168 5491 1427 5546 Dr.Mack
1475 5489 1725 5557 (Tubing.
1768 5487 1928 5544 theol.
1967 5487 2144 5553 ρααῖν..

727 5559 1206 5641 ιηΙεεΙιγιῙιῚεὸξ,
1277 5561 1410 5616 fasc.
1477 5578 1568 5623 ιιι,
1617 5577 1667 5641 p.
1733 5562 1838 5615 585
1875 5563 2043 5684 88¢),
2094 5561 2147 5616 id

727 5649 909 5684 aaens.
955 5643 1010 5683 ut
1049 5631 1209 5683 nobis
1245 5637 1522 5684 ostendat.
1568 5633 1856 5684 emstolam
1950 5633 2147 5684 lenien-

723 5649 909 5700 agens.
948 5631 1010 5683 ἰιι
1049 5631 1209 5683 nobis
1245 5637 1522 5693 ostendat,
1568 5632 1856 5699 epistolam
1903 5631 2147 5685 Clemen-

722 5701 1045 5768 tisEpistola
1071 5701 1136 5752 ad
1171 5700 1428 5753 llebraaos
1453 5701 1620 5754 fuisse
1651 5701 1906 5768 priorem,
1936 5713 1989 5755 et
2009 5702 2148 5756 hanc

724 5773 788 5824 ad
821 5773 1120 5826 Clementis
1151 5771 1436 5839 epistolam
1479 5771 1616 5825 bene
1659 5771 1799 5840 apud
1832 5771 2146 5837 Corinthios

728 5842 1179 5898 introduccndam
1234 5840 1558 5904 confectam,
1617 5851 1669 5894 et
1718 5857 1822 5896 una
1851 5858 1973 5896 cum
2022 5845 2146 5898 Cle-

2249 3309 2356 3364 que
2395 3301 2661 3358 veterum,
2692 3309 2740 3348 e.
2774 3309 2824 3363 g.
2860 3291 3082 3349 Tacitus
3117 3285 3336 3363 (Annal.
3373 3309 3447 3354 vr,
3493 3292 3590 3359 23)
3622 3303 3675 3345 et
3722 3292 3838 3345 Pli-

2249 3386 2377 3439 nius
2408 3383 2512 3456 (H.
2536 3382 2609 3438 Ν,
2631 3398 2728 3451 vn,
2761 3385 2830 3439 49
2866 3401 2881 3449 ;
2914 3398 3031 3448 xm,
3062 3383 3094 3436 9
3126 3400 3140 3449 ;
3172 3398 3320 3447 xxxx,
3352 3382 3405 3452 9)
3434 3383 3611 3438 eidem
3632 3383 3838 3439 fabula:

2197 3483 2202 3488 ‘
2251 3478 2410 3532 Iidem
2448 3474 2739 3531 habebant.

2321 3565 2622 3621 Ecclesiam
2671 3567 3082 3623 Corinthiorum
3129 3565 3240 3635 jam
3291 3579 3320 3618 a
3379 3566 3695 3628 Clemente,
3745 3583 3836 3622 rc-

2251 3671 2440 3730 spectu
2473 3661 2700 3714 aliarum
2729 3658 3124 3721 Ecclesiarum,
3157 3657 3392 3728 ἀρχαίαν
3422 3659 3686 3727 appellari
3729 3674 3821 3728 po.

2250 3754 2446 3816 tuisse,
2477 3769 2637 3807 nemo
2667 3754 2904 3823 negabit.

2323 3844 2566 3916 Denique
2587 3847 2653 3901 de
2678 3862 2810 3901 voce
2835 3847 3045 3914 λαῖιιός
3068 3863 3190 3920 quae
3207 3845 3441 3901 dicenda
3470 3852 3620 3912 sunt,
3650 3847 3705 3900 in
3732 3861 3835 3901 no-

2253 3938 2323 3994 tis
2355 3939 2420 3991 ad
2452 3955 2500 3993 c.
2529 3940 2599 3994 40
2625 3941 2888 4010 reperies.
3321 4007 3324 4010 λ

2254 4032 2333 4102 (b)
2366 4031 2543 4102 Supra
2578 4034 2690 4103 jam
2721 4033 2983 4099 diximus,
3015 4033 3348 4090 Clementem
3395 4031 3834 4089 Alexandrinum

2395 4127 2564 4179 multa
2580 4127 2826 4196 epistola:
2855 4135 3059 4181 nostra:
3089 4127 3272 4196 capita
3299 4127 3375 4194 (1.
3399 4125 3703 4188 9—12.17.
3743 4126 3831 4181 18.

2391 4218 2480 4273 21.
2528 4218 2618 4274 22.
2651 4219 2735 4272 36.
2775 4219 2863 4273 58.
2897 4219 2987 4274 40.
3034 4220 3123 4272 Μ.
3158 4218 3246 4274 48.
3290 4218 3510 4274 49.50.
3556 4220 3645 4274 51.
3690 4219 3834 4288 53.),

2395 4318 2538 4364 tecto
2580 4308 2810 4363 Romani
2842 4310 3140 4366 Clementis
3173 4314 3413 4373 nomine,
3446 4311 3832 4380 excerpsisse,

2393 4414 2445 4458 et
2497 4403 2814 4457 abbreviata
2874 4404 3018 4458 libro
3080 4411 3277 4472 quarto
3336 4401 3675 4457 Stromatum
3746 4406 3836 4457 iu-

2397 4497 2637 4552 texuisse
2666 4495 2801 4565 (51).
2829 4493 3114 4551 Eduardus
3141 4485 3271 4549 ve’ro
3285 4494 3592 4550 Bernardus
3626 4504 3681 4549 et
3705 4493 3832 4548 Cle-

2390 4589 2543 4644 ricus
2577 4588 2630 4641 in
2676 4595 2909 4657 utraque
2939 4587 3450 4643 Amstaelodamensi
3480 4587 3833 4642 Coteleriana

2383 4682 2622 4736 editione
2651 4679 2874 4735 Patrum
2904 4681 3352 4751 apostolieorum,
3394 4681 3834 4751 suspicabantur

2389 4791 2583 4831 omnes
2611 4775 2712 4829 hos
2744 4777 2893 4829 locos
2938 4773 3368 4829 Alexandrinum
3402 4773 3583 4843 ipsum
3623 4773 3834 4828 habere

2388 4877 2690 4932 auctorem,
2720 4883 2750 4922 e
2778 4868 2940 4938 cujus
2971 4867 3112 4922 libro
3148 4866 3535 4936 interpolatam
3571 4881 3699 4922 esse
3725 4883 3832 4920 uo-

2387 4971 2554 5018 stram
2581 4962 2868 5032 epistolam
2895 4960 3251 5015 contendunt.

2317 5055 2431 5112 Illis
2462 5056 2701 5112 accessit
2727 5053 3051 5111 Laurentius
3066 5051 3328 5108 Mosbeim
3352 5048 3419 5106 Ὺ.
3451 5051 3515 5107 C.
3554 5051 3690 5123 (59.).
3717 5051 3830 5123 Ipsi

2390 5283 2590 5336 mentis
2613 5280 2845 5348 epistola
2869 5279 3048 5348 datam
3072 5292 3194 5348 esse
3215 5275 3280 5348 ad
3308 5276 3645 5348 corinthios.
3677 5277 3828 5329 Μειρ..

2387 5352 2537 5428 ῌιιιιι
2592 5341 3069 5428 inip'itgnavitAVV'.
3109 5341 3173 5395 F.
3215 5345 3390 5426 Ilinek
3435 5347 3840 5428 irinjillntaniti
3867 5391 3888 5398 .-

2386 5423 2536 5478 Stud.
2570 5434 2618 5476 et
2641 5414 2781 5476 Κτιῖ.
2845 5419 3010 5475 1839.
3046 5414 3180 5471 fasc.
3237 5417 3319 5479 iv,
3348 5434 3399 5486 p.
3431 5417 3568 5470 1002
3593 5433 3675 5484 sq.

2321 5494 2434 5565 (29)
2479 5495 2736 5565 Reliquos
2797 5492 2946 5545 locos
2997 5489 3241 5559 reperies
3283 5488 3336 5542 in
3373 5489 3620 5542 Gallaml.
3677 5490 3824 5544 Bibl.

2282 5575 2321 5621 ι.
2351 5564 2390 5623 l,
2419 5564 2480 5623 ιι.
2515 5564 2580 5616 44
2606 5580 2688 5623 sq.

2354 5580 2390 5623 ι,
2428 5580 2480 5632 p.
2515 5580 2580 5616 ea
2606 5580 2688 5631 sq.

2322 5635 2432 5698 (50)
2466 5632 2601 5686 Vide
2635 5648 2822 5701 supra,
2859 5631 2962 5683 col.
2995 5631 3082 5684 l7.

2321 5705 2433 5772 (5-1)
2470 5706 2584 5756 (Σίν.
2616 5703 2736 5755 Νυι.
2771 5703 2804 5753 ‘2
2835 5702 2898 5752 :ltl
2933 5717 2980 5753 c.
3014 5703 3066 5753 9.

2324 5767 2440 5847 (32)
2477 5772 2652 5830 lnstit.
2680 5776 2804 5830 hist.
2831 5772 2939 5828 chr.
2965 5773 3225 5843 majores,
3278 5786 3330 5833 ιι.
3365 5767 3491 5822 2η.
3523 5783 3607 5837 sq.
