4070 6316
166 358 264 414 ηπ

1403 337 1744 396 ΡηοοΕΜιΑ
1784 329 2170 390 γΑιιιοιιωι.

3341 277 3442 370 ias

235 472 440 528 Seculo
467 478 648 524 autem
676 467 828 522 tertio
863 463 1162 521 secundam
1202 460 1503 515 Clementis
1544 459 1748 526 episto-
1783 467 1821 516 Α
1849 450 2159 504 Wocherus
2209 445 2382 499 lenuit
2423 443 2475 497 in
2514 443 2766 497 versione
2815 455 2910 495 sua
2953 437 3153 508 prior.s
3195 435 3435 503 epistola

166 564 363 619 lamin
397 579 501 616 usu
547 571 601 616 et
645 560 973 614 auctoritate
1019 556 1211 618 fuisse,
1252 569 1320 608 ex
1365 551 1754 620 Apostolorum

168 671 384 710 canone
418 653 489 707 85
515 655 892 706 demonstrare
924 655 1154 722 conatus
1170 652 1255 698 est
1285 638 1752 706 Gallandius(52).

170 745 279 801 Sed
339 743 546 798 erravit
589 741 674 794 vir
711 739 1087 794 doctissimus.
1131 733 1265 787 Nam
1310 744 1619 802 postremus
1655 727 1757 780 iste

168 853 345 891 canon
373 852 485 890 non
516 842 642 888 ante
673 832 832 886 linem
877 829 1050 884 seculi
1094 827 1274 897 quinti
1314 822 1600 878 confectus
1647 825 1754 880 est,

170 930 464 1000 utegregie
490 927 679 982 docuit
700 925 793 978 Dr.
818 921 1178 977 Sebastianus
1204 918 1269 972 de
1295 916 1432 986 Drey
1458 913 1520 967 V.
1537 911 1598 967 C.
1617 907 1753 979 (55).

233 1020 478 1082 Primus,
509 1019 604 1087 qui
643 1015 896 1070 secnndaa
936 1009 1235 1066 Clementis
1273 1006 1516 1076 epistola:
1565 1001 1758 1055 memi-

171 1111 269 1170 nit,
307 1109 582 1162 Eusebius
625 1115 730 1168 est,
772 1117 1021 1164 monens,
1066 1106 1118 1153 et
1175 1099 1424 1151 alteram
1460 1090 1758 1149 Clementis

173 1203 464 1270 epistolam
498 1198 769 1267 proferri;
805 1194 896 1248 sed
944 1173 1063 1248 eam
1105 1206 1213 1244 non
1254 1186 1480 1259 perinde
1511 1183 1760 1259 ac‘prio-

174 1308 286 1346 rem
335 1302 522 1345 notam
561 1304 706 1352 esse,
752 1285 1012 1358 quoniam
1043 1298 1147 1338 nec
1176 1291 1387 1337 veteres
1416 1293 1481 1333 ca
1524 1276 1608 1339 usi
1641 1274 1762 1329 fue-

174 1386 284 1438 rint
305 1384 444 1453 (54).

244 1499 451 1553 Deinde
480 1499 621 1552 inest
645 1497 758 1552 hac
781 1495 1009 1566 epistola
1033 1488 1390 1547 celeberrimo
1421 1485 1497 1538 illi
1527 1483 1762 1538 Alexan-

176 1591 334 1644 drino
368 1590 570 1652 codici,
606 1590 658 1643 in
705 1588 891 1643 Museo
925 1583 1242 1641 Britannico
1288 1575 1622 1633 Londinensi
1672 1590 1763 1629 as-

178 1694 417 1737 servato.
455 1681 653 1735 Seculo
685 1684 852 1751 igitur
876 1678 940 1732 IV
971 1685 1027 1732 et
1068 1675 1110 1729 ν
1139 1675 1395 1731 Clemens
1433 1669 1598 1738 hujus
1647 1667 1764 1736 epi-

179 1775 332 1828 stola:
375 1784 570 1826 auctor
607 1788 637 1826 a
681 1771 869 1825 multis
908 1769 1223 1839 putabatur.
1259 1763 1379 1829 Quo
1410 1761 1558 1831 jure,
1582 1759 1759 1813 nesci-

181 1879 323 1919 mus.
383 1864 598 1918 Pariter
651 1879 752 1917 nos
795 1862 957 1926 latet,
1008 1858 1210 1929 quibus
1256 1854 1368 1909 nixi
1425 1854 1763 1922 argumentis

182 1954 551 2025 Hieronymus
582 1953 695 2025 (55)
725 1963 779 2008 et
807 1952 1038 2016 Photius
1073 1948 1185 2019 (56)
1211 1948 1354 2000 hanc
1408 1943 1700 2014 epistolam
1733 1956 1764 1994 a

182 2046 463 2100 veteribus
492 2045 839 2114 reprobatam
867 2039 1286 2104 contenderim;
1321 2050 1443 2090 nam
1496 2032 1767 2086 Eusebius

183 2138 310 2191 talia
340 2153 456 2190 non
489 2136 717 2206 profert,
743 2133 1082 2203 antiquiores
1119 2137 1300 2183 autem
1341 2141 1571 2202 prorsus
1607 2123 1674 2176 de
1703 2136 1767 2176 ea

182 2227 367 2280 silent.
414 2225 536 2280 Non
591 2239 778 2279 errare
829 2231 884 2278 te
932 2229 1140 2294 putem,
1190 2219 1237 2274 si
1281 2216 1672 2286 Hieronymum
1716 2219 1771 2267 et

184 2315 442 2370 Photium
491 2313 714 2369 Eusebii
750 2313 916 2368 verba
960 2311 1146 2365 minus
1188 2320 1336 2362 recte
1381 2306 1769 2375 interpretatos

183 2423 307 2462 esse
336 2407 722 2462 contenderes.
751 2404 891 2474 Ergo
921 2410 1166 2457 veterum
1197 2397 1512 2454 testimonia
1549 2393 1775 2447 authen-

186 2504 314 2556 tiam
345 2501 514 2569 hujus
552 2499 801 2570 epistolae
831 2512 942 2551 non
971 2503 1162 2564 aperte
1195 2504 1417 2561 negare,
1449 2483 1772 2557 antiquissi-

187 2608 401 2647 morum
459 2599 641 2646 autem
696 2589 920 2643 Patrum
967 2585 1248 2643 silentium
1297 2587 1609 2653 suspectam
1650 2592 1772 2634 eam

186 2683 440 2747 reddere,
465 2683 612 2737 clare
636 2680 999 2752 perspicimus
1033 2677 1169 2750 (57).

255 2817 390 2885 Quae
419 2835 586 2888 quum
617 2818 690 2872 ita
723 2817 852 2885 sint,
893 2815 1180 2886 epistolam
1215 2813 1412 2884 ipsam,
1452 2825 1549 2866 seu
1592 2808 1776 2880 potius

190 2909 580 2980 fragmentum,
604 2911 749 2981 quod
775 2910 952 2963 adhuc
977 2914 1228 2977 superest
1251 2906 1306 2959 in
1328 2905 1518 2960 codice
1541 2901 1777 2957 Alexan-

188 3002 373 3065 drino,
407 3003 670 3056 adeamus
695 3007 929 3071 oportet,
955 2999 1375 3068 investigantes,
1401 3011 1532 3050 num
1562 2995 1778 3048 intema

185 3092 241 3146 ei
265 3091 436 3147 insint
467 3093 690 3156 indicia,
723 3093 923 3162 quibus
944 3090 1199 3144 Clemens
1222 3097 1409 3144 noster
1433 3087 1554 3156 ejus
1585 3092 1778 3139 auctor

189 3184 415 3253 probari
464 3186 660 3254 possit.
709 3185 1008 3239 Audiamus
1064 3182 1385 3236 Wottonum
1419 3179 1555 3252 (58).
1588 3177 1777 3246 Quoad

192 3278 414 3346 stylum,
465 3278 662 3347 inquit,
721 3287 770 3330 et
811 3277 1020 3329 dicendi
1066 3274 1367 3328 methodum
1413 3272 1667 3343 (epistola
1711 3269 1777 3343 ll)

193 3380 271 3422 est
303 3369 435 3423 adeo
465 3368 742 3424 dissimilis
773 3385 804 3420 a
837 3368 1014 3437 priora
1039 3383 1102 3420 ac
1141 3365 1466 3427 indubitata,
1497 3372 1556 3416 ut
1595 3363 1779 3416 merito

194 3464 434 3519 dubitari
465 3463 651 3531 possit,
694 3477 764 3513 an
802 3461 870 3513 sit
915 3476 1028 3514 vere
1076 3457 1384 3514 Clementis.
1418 3455 1619 3510 Eadem
1666 3455 1780 3523 jam

195 3558 439 3612 Joannes
455 3553 1018 3614 Morinusmonuerat,
1043 3550 1232 3604 dicens
1249 3548 1359 3619 (59)
1385 3567 1397 3602 :
1425 3545 1584 3599 Illius
1610 3545 1780 3615 stylus

196 3658 254 3700 ut
283 3646 478 3714 prioris
511 3661 612 3697 non
639 3652 716 3697 est
740 3641 980 3710 simplex,
1011 3640 1101 3694 sed
1132 3641 1446 3710 argutulus;
1477 3657 1581 3694 non
1603 3648 1783 3706 sponte

197 3737 393 3804 ﬂuens,
448 3733 536 3788 sed
583 3749 679 3801 pro
719 3733 948 3786 auctoris
985 3741 1140 3800 captu
1184 3730 1418 3784 studiose
1445 3729 1782 3793 elaboratus;

200 3848 304 3884 non
335 3825 683 3898 ἁπερισδικὸς
711 3838 758 3880 et
788 3811 1178 3894 nonnumquam
1220 3822 1662 3886 ἀνανταπόδοτος,
1694 3820 1785 3876 sed

201 3922 481 3974 verborum
511 3917 786 3980 ambitum,
813 3917 1096 3970 antitheses
1126 3931 1410 3983 earumque
1441 3913 1785 3966 redditionem

195 4015 486 4068 ambitiose
540 4013 776 4082 a/fectat.
841 4010 1054 4064 Morino
1110 4009 1413 4063 assentitur
1465 4006 1784 4060 criticorum

203 4109 466 4178 princeps
502 4103 813 4159 Richardus
841 4102 1032 4157 Simon
1066 4101 1203 4171 (60),
1236 4114 1397 4170 quem
1425 4099 1671 4168 plerique
1701 4112 1790 4151 se-

202 4201 317 4253 cuti
344 4205 496 4253 sunt.
522 4196 778 4251 Eamdem
812 4203 1026 4265 partem
1078 4193 1397 4248 novissimis
1448 4189 1788 4260 temporibus

285 4331 403 4400 (52)
435 4328 576 4402 Bibl.
622 4329 788 4402 Vieter.
819 4330 917 4383 PP
961 4339 1000 4383 t.
1033 4328 1071 4392 I,
1103 4328 1314 4402 Proleg.
1355 4346 1410 4402 p.
1453 4346 1542 4402 sv.

1855 542 2154 598 Clementis
2178 538 2313 610 (61).
2347 538 2692 603 Quicumque
2715 535 3012 589 secundum
3040 532 3200 585 istam
3237 518 3438 598 epist».

1856 635 1962 686 lam
1992 640 2195 686 attente
2221 629 2468 700 legerint,
2493 642 2692 697 negare
2724 641 2830 678 non
2870 629 3144 693 poterunt,
3188 635 3440 690 unguunt

1858 726 2006 779 inter
2036 724 2209 794 ipsam
2236 729 2290 777 et
2327 721 2566 792 priorem
2608 717 2735 789 styli
2779 716 3152 770 diversitatem
3205 712 3444 766 interce-

1857 816 2008 871 dere.

1928 905 2134 959 Praeter
2185 903 2464 958 silentium
2533 896 3045 967 antiquissimorum
3095 891 3322 944 Patrum
3381 904 3445 942 ac

1862 997 1987 1066 styli
2010 994 2385 1048 diversitatem
2415 991 2466 1044 id
2499 992 2661 1044 etiam
2693 987 3064 1056 suspicionem
3111 981 3446 1050 suppositio-

1861 1089 1948 1142 nis
1978 1087 2138 1141 nobis
2179 1085 2374 1153 injicit,
2406 1083 2551 1152 quod
2573 1081 2803 1136 dimidia
2834 1093 2962 1147 pars
2987 1075 3184 1144 capitis
3225 1074 3296 1126 225
3335 1075 3448 1142 pri-

1862 1193 1963 1231 ma:
1986 1177 2229 1245 epistula:
2259 1174 2313 1227 in
2344 1172 2639 1227 secundam
2671 1185 2889 1239 quoque
2919 1174 3002 1221 est
3033 1172 3247 1232 recepta
3273 1178 3321 1214 c.
3358 1162 3443 1213 Η.

1928 1263 2069 1318 Bene
2123 1261 2272 1316 addit
2314 1259 2551 1315 Grabius
2582 1257 2716 1329 (62),
2748 1257 2894 1310 haud
2926 1255 3170 1324 epistola:
3211 1252 3446 1307 formam

1861 1353 2064 1407 habere
2090 1352 2272 1415 istam,
2302 1365 2422 1422 quae
2451 1348 2690 1403 secunda
2716 1345 3012 1401 Clementis
3043 1343 3110 1396 ad
3132 1340 3450 1396 Corinthios

1863 1445 2085 1505 dicitur,
2133 1443 2360 1513 ipsaque
2421 1441 2782 1508 inscriptione
2821 1453 2947 1490 cum
2990 1442 3116 1488 voto
3162 1434 3349 1502 juncta
3393 1433 3450 1486 in

1867 1533 2213 1602 frontispicio
2239 1545 2450 1593 carere,
2483 1530 2662 1599 qualis
2699 1540 2882 1582 tamen
2921 1525 2977 1578 in
3016 1524 3274 1578 omnibus
3307 1523 3451 1591 Apo-

1867 1626 2132 1681 stolorum
2195 1636 2260 1677 ac
2324 1623 2567 1676 virorum
2635 1618 3065 1689 apostolicorum
3128 1613 3325 1668 litteris
3381 1612 3451 1666 ad

1868 1716 2226 1787 particulares
2264 1712 2537 1765 Ecclesias
2574 1709 2738 1773 datis,
2783 1709 2947 1777 inque
2974 1706 3091 1776 ipsa
3124 1705 3298 1773 prima
3330 1701 3453 1758 Cle-

1796 1802 1837 1855 Β
1868 1805 2084 1869 mentis,
2119 1805 2278 1874 plane
2311 1809 2510 1857 exstat.
2545 1799 3007 1868 Homiliaapotius
3048 1811 3212 1866 quam
3244 1794 3450 1863 episto—

1867 1897 1934 1952 lae
1969 1897 2201 1951 similem
2247 1902 2397 1948 recte
2423 1893 2692 1961 judicavit
2743 1889 3104 1949 Vendelinus,
3143 1885 3238 1956 qui
3270 1893 3455 1938 tamen

1873 1987 2057 2040 minus
2098 1994 2245 2040 recte
2287 1984 2389 2054 ipsi
2428 1982 2694 2038 Clementi
2723 1995 2842 2036 eam
2881 1977 3201 2046 adscripsit,
3239 1985 3293 2027 et
3333 1983 3456 2042 post

1867 2093 1993 2132 eum
2036 2076 2344 2131 Dodwellus
2374 2073 2604 2128 Dissert.
2647 2066 2674 2120 1
2753 2071 2808 2125 in
2845 2067 3172 2138 lremeum,§
3196 2065 3278 2120 Ἦ)
3317 2065 3451 2134 (65).

1864 2167 2132 2224 Clementi
2171 2175 2362 2225 nostro
2395 2167 2535 2220 hanc
2566 2163 2854 2234 epistolam
2890 2159 3176 2214 vindicare
3227 2157 3458 2212 studue-

1870 2259 2318 2314 runtCotelerius
2343 2252 2979 2331 (64),Coutantius(65),
2995 2250 3318 2306 Gallandius
3341 2247 3457 2320 (66)
3484 2264 3488 2266 ·

1870 2359 1924 2404 et
1959 2349 2265 2420 anperus
2300 2348 2436 2420 (67).
2470 2347 2580 2402 Sed
2605 2347 2694 2400 vix
2721 2345 2775 2398 in
2799 2352 2983 2414 partes
3011 2356 3142 2397 suas
3165 2349 3216 2395 te
3239 2340 3461 2394 trahent

1871 2443 1975 2498 viri
1998 2440 2324 2506 doctissimi,
2357 2454 2482 2493 cum
2514 2438 2758 2508 ipsorum
2797 2441 3119 2504 argumenta
3153 2432 3262 2485 sint
3294 2430 3458 2492 levia,

1873 2532 2089 2603 ipsique
2112 2530 2289 2601 magis
2320 2527 2722 2599 objectionibus
2753 2525 2984 2578 aliorum
3020 2521 3221 2575 bellum
3248 2519 3461 2573 indixe-

1875 2623 2008 2688 rint,
2035 2635 2200 2691 quam
2230 2634 2386 2674 suam
2418 2617 2732 2687 opinionem
2759 2613 3132 2685 probaverint.
3168 2609 3306 2662 Illud
3335 2610 3464 2664 abs-

1875 2729 1982 2785 que
2027 2713 2176 2767 omni
2225 2710 2393 2764 dubio
2446 2709 2664 2763 facilius
2704 2713 2851 2770 erat;
2889 2719 3014 2758 nam
3065 2702 3339 2756 neminem
3379 2701 3465 2754 fu-

1874 2778 2004 2875 g-iet,
2033 2803 2407 2856 llermannum
2431 2797 2730 2854 Venemam
2765 2794 2880 2866 (68)
2913 2793 3162 2862 aliosque
3191 2778 3466 2844 nonnum-

1877 2911 2041 2967 quam
2072 2896 2304 2950 leviores
2328 2900 2522 2947 contra
2551 2889 2888 2944 authentiam
2915 2885 3079 2954 hujus
3105 2884 3351 2954 epistola:
3376 2884 3467 2938 ob-

1873 2989 2141 3060 jectiones
2171 3002 2294 3042 esse
2318 3000 2503 3040 ausos.
2535 2981 2644 3037 Sed
2684 2980 2889 3036 nemini
2920 2977 3269 3033 defensorum
3302 2977 3468 3044 hujus

1880 3081 2124 3152 epistola:
2154 3081 2306 3132 firma
2336 3083 2657 3148 argumenta
2679 3088 2778 3145 pro
2797 3071 3078 3128 Clemente
3098 3077 3320 3124 auctore
3342 3086 3468 3140 pro-

1805 3145 1849 3204 C
1882 3175 2025 3231 ferre
2048 3171 2298 3242 contigit.

1943 3266 2128 3321 Placet
2161 3264 2321 3317 nobis
2347 3260 2534 3315 Grabii
2563 3257 2858 3321 sententia,
2884 3271 2914 3310 a
2947 3254 3226 3312 Moehlero
3253 3247 3496 3325 quoque"

1880 3365 2097 3425 recepta
2130 3352 2265 3424 (69),
2299 3352 2460 3406 istam
2503 3349 2668 3419 vulgo
2703 3348 2906 3402 dictam
2939 3347 3228 3416 epistolam
3273 3362 3471 3401 secun-

1882 3447 2008 3500 dam
2039 3443 2338 3498 Clementis
2358 3441 2530 3495 fuisse
2553 3455 2715 3493 unam
2736 3455 2798 3493 ex
2825 3439 3066 3494 homiliis
3088 3439 3263 3494 cidem
3289 3440 3470 3508 (false)

1883 3539 2200 3608 adscriptis,
2226 3535 2418 3605 quales
2453 3534 2636 3602 plures
2679 3547 2786 3585 una
2829 3532 2999 3587 fuisse
3037 3539 3185 3602 patet
3221 3547 3285 3585 ex
3325 3533 3472 3584 Ana-

1884 3629 2040 3687 stasii
2073 3626 2399 3682 Antiocheni
2432 3625 2638 3690 Quaest.
2674 3622 2765 3677 96.

1956 3719 2288 3780 Wochcrus,
2321 3717 2473 3770 nullo
2517 3723 2669 3770 certo
2705 3713 3066 3768 fundamento
3114 3716 3300 3779 nixus,
3345 3715 3471 3770 Dio-

1886 3812 2066 3883 nysio,
2101 3809 2350 3866 Corinthi
2394 3807 2679 3877 episcopo,
2719 3803 2862 3858 hanc
2897 3805 3185 3875 epistolam
3227 3806 3475 3861 tribuen-

1885 3906 2010 3960 dam
2043 3920 2166 3957 esse
2190 3909 2347 3971 putat
2373 3900 2510 3972 (70).

1959 3993 2195 4048 Grabius
2239 4001 2419 4045 autem
2455 4005 2596 4060 opus
2633 3989 2739 4044 hoc
2777 3990 3023 4059 spurium
3060 3989 3240 4044 medio
3273 3991 3475 4046 saeculo

1886 4087 1976 4154 llI,
2015 4095 2140 4161 post
2173 4085 2424 4157 Origenis
2487 4094 2757 4154 tempora,
2810 4083 3077 4137 Cleu'ienti
3129 4082 3473 4152 suppositum

1888 4183 2060 4238 fuisse
2085 4181 2397 4252 suspicatur
2434 4179 2674 4252 (71-78).

1891 4329 2001 4383 tur,
2051 4333 2280 4387 quarum
2322 4324 2582 4387 respectu
2615 4313 2681 4367 de
2723 4312 2971 4387 pluribus
3012 4311 3306 4387 Clementis
3358 4313 3476 4387 epi-

437 4382 594 4471 iNeue
643 4382 1111 4470 Untersuclutngen
1161 4382 1292 4453 iibe;
1308 4382 1407 4471 dire,
1447 4382 1806 4456 Constitutio-
1892 4382 2234 4471 ειριίεξιοίιυί
2267 4382 2527 4468 dem—’3‘}
2559 4384 2623 4471 ξ’,
2656 4383 2910 4471 εεειξῃᾳεξέ
2940 4394 3141 4471 ἓθξίξω
3178 4382 3476 4462 (ξιυίηθίηίθ

204 4453 514 4542 miliaad
540 4453 785 4542 (Iunones
829 4471 922 4524 der
980 4453 1242 4541 A'posteL,
1306 4453 1601 4542 Tﬁbingen
1642 4453 1862 4538 πεπυ
1895 4461 2140 4540 epistolis.
2163 4453 2438 4542 expressis
2477 4455 2659 4511 verbis
2697 4453 2888 4507 nullibi
2939 4453 3273 4522 Epiphanius
3321 4456 3476 4507 testi-

209 4557 264 4610 p.
298 4541 425 4604 570,
476 4539 600 4603 577,
635 4543 756 4595 ωδ.

253 4628 256 4632 ’
291 4612 406 4678 (54)
449 4613 587 4666 Hist.
613 4613 740 4666 eccl.
765 4626 845 4667 In.
869 4608 938 4662 38
965 4623 978 4658 :
1017 4607 1209 4660 ’ἰστέον
1237 4606 1313 4667 δὲ,
1334 4605 1416 4667 ’ὡς
1444 4605 1537 4678 icui.
1563 4603 1790 4678 seurépa

209 4699 295 4742 τις
323 4674 465 4733 εἶύαι
506 4682 718 4747 λέγεται
759 4679 852 4731 τοῦ
897 4678 1210 4748 Κλήμεντος
1255 4674 1546 4796 ὲπιστολίὲ·
1579 4676 1639 4727 οὐ
1685 4674 1791 4744 μὴν

209 4751 289 4796 ἔθ’
310 4753 512 4796 ὁμοίως
529 4754 593 4796 τῇ
615 4747 852 4796 ποαεέοα
869 4749 962 4796 καί
978 4748 1179 4796 ταύτην
1197 4746 1469 4796 γνώριμον
1531 4745 1791 4796 marcius-

205 4751 289 4802 ἔθ’
310 4753 512 4820 ὁμοίως
615 4747 852 4820 προτέρᾳ
869 4749 962 4820 κᾳὶ
978 4745 1179 4820 zaqu
1197 4746 1469 4820 γνώριμον
1499 4745 1793 4820 ὲπιεξτάμε-

213 4821 281 4873 θα
303 4839 315 4849 ·
339 4815 420 4873 ὅτι
456 4815 730 4890 Mat-ads;
757 4815 1016 4890 ἄρχαίους
1213 4815 1584 4890 κεχρημένους
1613 4816 1788 4890 ἴσμεγ.

285 4891 401 4960 (55)
438 4883 615 4947 Catal.
655 4883 978 4960 script'eccl.
1011 4903 1061 4942 c.
1095 4883 1452 4960 15":__Fertur
1473 4896 1526 4960 et
1563 4883 1795 4938 secunda

209 4955 326 5029 ejus
361 4955 566 5013 nomine
595 4955 838 5029 epistola,
866 4975 982 5028 qua:
1013 4975 1044 5011 a
1068 4958 1325 5029 veteribus
1354 4955 1684 5029 reprobatur.

287 5031 382 5096 (56
433 5033 572 5088 Bibl.
607 5023 725 5101 eod.
745 5023 902 5101 CXlll-t
939 5029 1001 5101 Ἡ
1113 5028 1378 5101 λεγρμέγη
1407 5023 1796 5101 δβυτέρᾳῂπρὸς

211 5092 341 5161 τοῦς
370 5102 566 5162 αὐτοὺς
593 5105 606 5167 (
630 5097 978 5168 Corinthios)
1021 5099 1098 5160 ὼς
1137 5092 1288 5160 νόθὸς
1317 5092 1792 5168 ἀᾰτοδοκιμὰζεέαι.

213 5168 486 5223 Praeterea
519 5165 745 5235 Pliotius
781 5165 967 5235 notat,
989 5169 1274 5235 epistolam
1315 5168 1455 5220 hanc
1492 5165 1794 5235 secundam

212 5241 362 5322 dicta
387 5240 630 5322 quaedam
656 5234 1108 5322 peregrinav'elut
1137 5255 1166 5294 e
1195 5252 1352 5291 sacra
1384 5235 1666 5322 Scriptura
1703 5234 1799 5322 Iin-

210 5304 438 5372 ducere,
475 5304 948 5378 interpretationes
988 5309 1231 5361 locorum
1259 5304 1619 5378 quorumdam
1665 5304 1799 5378 alic-

211 5382 404 5434 niores
430 5374 696 5449 proferre,
747 5395 849 5435 nec
878 5379 1250 5433 continentem
1277 5374 1560 5431 'orationis
1596 5374 1796 5429 seriem

210 5464 276 5503 ac
321 5453 772 5520 consequentiam
799 5465 1039 5520 servare.

287 5519 404 5588 (57)
448 5517 705 5575 Nonnulli
742 5519 1113 5590 Epiphaniam
1162 5533 1378 5588 quoque
1418 5517 1668 5590 epistolm
1701 5530 1802 5590 no:

211 5605 350 5666 ςεςεε
377 5585 1019 5666 semanimi-ebore
1061 5585 1420 5666 emendum.
1457 5585 1667 5666 quippe
1705 5585 1798 5665 qui

213 5660 388 5740 (liter.
415 5661 506 5722 υ,
528 5661 576 5740 ’6
619 5672 673 5740 et
705 5656 918 5740 56ξ15)
964 5660 1031 5740 de
1056 5660 1309 5740 pluribus
1339 5656 1637 5738 Clementis
1665 5656 1802 5740 rpi-

211 5732 377 5784 stolis
432 5731 594 5785 verba
648 5732 832 5786 faciat.
885 5728 988 5786 Sed
1049 5731 1103 5782 1·
1153 5728 1488 5797 Epiphanius
1541 5728 1803 5797 epistolas

213 5817 439 5873 quoque
473 5804 594 5859 illas
632 5803 699 5858 ad
734 5803 953 5872 virgines
986 5796 1354 5858 Clementinas
1395 5809 1615 5869 putasse
1651 5796 1804 5851 vitle-

1891 4530 2136 4599 monium
2164 4530 2383 4599 praebet.

1961 4600 2075 4670 (58)
2117 4597 2275 4653 Praef.
2294 4669 2297 4670 ν
2317 4612 2542 4670 p._ccvi.

1985 4658 2074 4728 59')
2113 4658 2345 4725 Exercit.
2371 4666 2564 4721 Biblic.
2600 4663 2704 4730 l.l,
2736 4679 2786 4719 c.
2817 4665 2869 4730 t,
2897 4660 3034 4730 5,,9.
3075 4658 3311 4717 Exercit.
3347 4662 3400 4716 9.
3463 4663 3474 4672 ε

1985 4727 2074 4808 eo)
2110 4741 2250 4794 Bibl.
2276 4737 2451 4792 Chois.
2506 4735 2570 4790 T.
2600 4737 2638 4799 l,
2673 4727 2721 4789 c'.
2749 4727 2921 4808 ᾔδη».
2955 4727 3080 4808 ese.

1965 4799 2079 4881 (6i)
2122 4809 2216 4863 Die
2236 4808 2409 4861 Briefe
2426 4808 2523 4861 der
2553 4799 2972 4881 apostolischeir
2997 4799 3479 4881 VaeterhClemcus

1894 4871 2003 4935 und
2034 4871 2390 4949 Polycarpus,
2419 4871 2844 4949 neuiibersetzt
2867 4871 2974 4923 und
3027 4873 3126 4923 mit
3169 4871 3480 4949 Einlei‘tun-

1895 4968 1998 5022 gen
2032 4936 2936 5022 undiCommentarienlegebat
2975 4956 3080 4994 ven
3167 4936 3240 4994 Μ.
3267 4939 3313 4992 .l.
3349 4937 3475 4991 \Vo-

1903 5014 2305 5084 EhenTiihing.
2340 5018 2496 5071 1850.
2524 5032 2575 5085 p.
2609 5014 2737 5085 205.
2759 5014 2884 5068 208.

1970 5090 2082 5156 (ea)
2126 5085 2375 5156 Spicileg.
2419 5084 2613 5156 i._i.’_p.
2643 5084 2772 5137 268.

1970 5100 2082 5156 (ua)
2126 5100 2375 5208 δριειιεὲ.
2419 5100 2456 5140 ι.
2492 5100 2530 5139 l.
2562 5100 2653 5154 9.:

1958 5158 2072 5230 (65)
2099 5155 2293 5230 _Grab_i_i
2363 5154 2513 5230 pigil.
2539 5151 2575 5206 ι.
2602 5168 2653 5206 c.

1960 5213 2072 5298 (64)
2098 5226 2156 5298 In
2193 5213 2469 5298 edit._PP.
2501 5230 2674 5298 apost:
2711 5228 2751 5273 t.
2778 5216 2821 5298 l_,
2851 5232 2906 5287 p.

1960 5286 2071 5368 (65)
2112 5297 2287 5368 Epist.
2318 5286 2687 5368 Rom._ponti[.
2722 5299 2759 5342 l.
2793 5291 2836 5354 1,
2855 5286 2914 5358 ’p.
2948 5286 3037 5340 54.

1962 5362 2073 5438 (66)
2107 5362 2360 5438 bibliotli.
2400 5374 2437 5438 I_.
2469 5362 2513 5414 l.’
2541 5363 2748 5438 l’roleg.
2779 5375 2831 5428 p.
2852 5373 2978 5438 “xiv.

1963 5429 2073 5508 (67)
2109 5433 2664 5508 llist.__tlteol.crast.
2696 5429 2733 5508 I_.
2762 5446 2814 5498 p.
2849 5429 2940 5482 ‘22.

1964 5491 2076 5576 (68)
2099 5508 2213 5561 Cir.
2247 5503 2495 5559 Galland.
2529 5501 2670 5554 Bibl.
2707 5491 2824 5555 l.'c.
2876 5516 2928 5568 p.
2969 5512 3101 5565 xvn,
3132 5503 3184 5551 et
3218 5491 3475 5563 Lumpcr.

1894 5583 1930 5636 Ι.
1966 5598 2039 5638 υ..
2067 5595 2118 5648 p.
2153 5576 2243 5630 3'7.

1966 5642 2082 5717 (69)
2107 5645 2316 5700 Patrol.
2351 5643 2474 5717 t._l,
2509 5655 2562 5710 p.
2598 5642 2666 5693 65
2700 5656 2783 5710 sq.

1968 5712 2082 5788 (70')
2117 5719 2176 5770 L.
2205 5734 2254 5771 c.
2288 5712 2500 5788 p.204.

1969 5781 2178 5860 (una)
2227 5781 2432 5855 spicit,
2459 5794 2497 5837 l.
2527 5784 2566 5852 ι,
2594 5797 2645 5851 ρ.
2672 5781 2796 5836 sua.
