4074 6328
612 404 714 468 sai
1405 398 1463 456 δ.
1496 372 1885 455 agamus
1916 396 1939 450 ι
1969 393 2134 452 non.
2172 389 2375 450 pom.
2410 378 2640 446 OPERA
2671 372 2997 442 canum:
3744 368 3861 426 sse

611 516 788 599 vero,
825 512 978 586 ﬁdei
1010 512 1348 583 Catholica
1374 510 1579 575 hostis
1609 512 1881 592 gloriam
1910 509 2229 591 propriam
2257 505 2582 589 quaesivit,
2615 504 2746 568 imo
2775 497 3081 567 Ecclesiae
3116 492 3653 566 humiliationem,
3692 489 3861 552 dum

610 624 983 687 thesaurum
1011 613 1457 680 absconditum
1495 613 1834 673 re'seraret.

688 722 867 786 Beati
890 718 1156 801 quidem
1185 709 1534 783 Clementis
1559 707 1880 789 Epistolas
1908 706 1991 768 ad
2034 708 2341 786 Virgines,
2375 700 2679 801 laudibus
2707 697 2990 801 extulit;
3021 693 3162 801 sed,
3191 710 3338 801 cum
3371 688 3565 801 simul
3607 690 3855 800 imma-

608 824 880 887 culatam
907 788 1141 883 Christi
1172 825 1474 892 sponsam
1516 788 1831 870 convnciis
1861 806 2222 884 impeteret,
2255 798 2698 866 adversarium
2741 793 2975 863 Christi
3007 802 3079 855 se
3110 791 3355 869 detegit
3386 798 3448 852 et
3472 788 3859 852 ministrum

607 927 874 994 Satanas,
902 917 1017 998 qui
1047 911 1449 989 transﬁgurat
1475 924 1544 987 se
1577 907 1646 968 in
1674 902 1975 985 angelum
2008 904 2173 966 lucis
2196 903 2239 966 ³.

686 1025 826 1085 Non
856 987 1079 1082 omnes
1108 1013 1220 1095 qui
1252 987 1431 1073 extra
1463 1004 1813 1068 Ecclesiam
1836 1010 2010 1077 sunt,
2031 1000 2254 1065 hostili
2283 1014 2539 1077 semper
2568 995 2801 1075 spiritu
2830 992 3208 1074 loquuntur.
3241 987 3477 1061 Junius
3505 987 3847 1061 Patricius,

608 1113 1237 1192 Oxoniensis,aliam
1261 1124 1528 1193 cperam
1581 1111 1786 1177 sancti
1842 1108 2193 1176 Clementis
2233 1105 2594 1187 publicans,
2629 1102 2698 1164 in
2733 1099 3085 1163 Ecclesiam
3116 1100 3462 1160 Romanam
3497 1112 3625 1157 non
3658 1095 3851 1155 inve-

606 1224 827 1296 hitur;
856 1235 1001 1298 quaa
1056 1211 1368 1279 catholica
1426 1226 1685 1279 sanctas
1716 1213 2011 1277 Clemens
2040 1227 2296 1290 semper
2324 1208 2503 1283 dicit,
2539 1220 2873 1285 nunquam
2918 1203 2988 1266 in
3040 1198 3398 1265 Catholicos
3465 1198 3848 1277 detorquet;

605 1326 712 1390 his
739 1339 884 1405 quae
936 1319 1015 1382 ad
1050 1332 1269 1398 pacem
1304 1314 1770 1377 restituendam
1821 1318 2078 1376 sanctus
2138 1308 2431 1372 Clemens
2462 1305 2723 1385 profert,
2774 1304 2854 1365 ad
2884 1300 3274 1367 seditionem
3310 1297 3843 1377 discordiamque

606 1402 1029 1507 spargendum
1065 1417 1301 1483 nullibi
1331 1415 1657 1488 abutitur;
1690 1414 1760 1477 in
1794 1416 2039 1475 Petram
2087 1408 2393 1474 Ecclesia)
2418 1407 2743 1469 immotam
2771 1402 2966 1465 inferi
2992 1407 3204 1480 portas
3236 1413 3638 1462 commovere
3695 1413 3835 1459 non

606 1534 829 1591 tentat.

690 1626 959 1690 Veniam
984 1622 1184 1701 igitur
1204 1619 1282 1681 ab
1318 1616 1622 1681 omnibus
1660 1616 2059 1692 orthodoxis,
2090 1617 2447 1694 praesertim
2489 1628 2640 1672 vero
2670 1625 2706 1675 a
2736 1614 2797 1670 te
2830 1621 3045 1686 spero,
3077 1600 3455 1701 ﬁdelissime
3502 1597 3767 1672 Prassul,
3788 1597 3857 1701 si

602 1729 857 1790 beatum
880 1695 1272 1787 Clementem
1295 1718 1582 1799 virgines
1606 1716 2046 1795 alloquentem
2096 1714 2288 1777 novis
2331 1710 2682 1791 producam
2712 1715 2783 1772 et
2810 1701 3246 1786 dignioribus,
3279 1698 3631 1762 dummodo
3686 1695 3857 1758 mihi

603 1850 729 1895 non
762 1829 1055 1900 illudam,
1088 1822 1480 1886 ornamentis
1510 1821 1836 1886 vestitum.
1864 1828 1925 1881 et
1961 1817 2017 1881 si
2056 1835 2317 1881 sensum
2348 1813 2695 1879 verborum
2728 1809 2871 1891 ejus
2896 1826 2933 1872 a
2966 1802 3281 1872 Wetstini
3309 1798 3856 1875 interpretatione

602 1955 864 2017 prorsus
894 1933 1201 2003 alienum,
1232 1942 1364 1991 non
1387 1923 1589 1987 semel
1630 1941 1966 2003 usurpem.

684 2040 866 2101 Nunc
895 2033 1056 2116 quid
1089 2031 1157 2092 in
1187 2027 1304 2090 hac
1328 2024 1771 2109 publicatione
1804 2022 2198 2087 intenderim
2230 2023 2357 2101 piis
2389 2020 2690 2085 omnibus
2722 2013 3072 2080 lectoribus
3103 2008 3426 2073 declarare
3457 2022 3667 2087 opera
3698 2021 3860 2084 pre-

602 2142 766 2205 tium
790 2139 1043 2218 judico.
1073 2130 1288 2196 fusius
1318 2129 1388 2190 in
1407 2129 1650 2209 prmia
1678 2127 2127 2190 dissertatione
2156 2126 2601 2188 discussurus.

682 2209 922 2303 Doctus
948 2234 1198 2306 Binius,
1260 2228 1375 2310 qui
1407 2227 1718 2290 scribebat
1757 2227 1871 2290 diu
1900 2235 2244 2307 antequam
2301 2227 2754 2289 invenirentur
2809 2217 3114 2299 Epistolas
3162 2213 3365 2277 sancti
3395 2210 3739 2276 Clementis
3768 2209 3863 2270 ad

610 2344 919 2421 Virgines,
943 2349 1253 2414 expresse
1292 2332 1633 2412 proﬁtetur
1662 2349 1771 2394 eas
1807 2332 2172 2404 exstitisse,
2195 2332 2647 2410 canonicasque
2674 2328 2878 2390 fuisse
2910 2319 3283 2405 appellatas,
3303 2318 3472 2380 sicut
3497 2315 3861 2395 Epistolam

604 2441 875 2523 primam
911 2436 990 2499 ad
1020 2431 1414 2506 Corinthios,
1450 2432 1605 2511 quia
1626 2432 1695 2507 jn
1730 2430 2019 2493 ﬁdelium
2069 2430 2336 2494 cmtibus
2366 2430 2767 2510 legebantur.

686 2539 804 2601 Hic
834 2553 953 2616 ego
976 2543 1221 2597 tantum
1252 2530 1459 2596 dicam
1490 2535 1664 2614 quod
1720 2534 1777 2595 si
1814 2552 1921 2596 eas
1954 2534 2354 2599 authenticas
2387 2551 2532 2597 esse
2564 2550 2694 2595 non
2753 2529 3020 2593 ﬁrmiter
3050 2523 3432 2597 tenuissem,
3457 2523 3612 2595 imo,
3650 2520 3706 2584 si
3737 2521 3866 2582 mi-

604 2644 855 2706 nimum
882 2639 1075 2704 etiam
1104 2636 1373 2699 dubium
1404 2638 1483 2699 de
1514 2655 1732 2701 earum
1762 2636 2053 2718 genuino
2078 2646 2338 2705 auctore
2370 2637 2437 2699 in
2467 2642 2679 2697 mente
2710 2630 3148 2703 remansisset,
3180 2626 3258 2689 ab
3294 2625 3393 2688 eis
3432 2624 3755 2687 vertendis
3790 2632 3861 2684 et

604 2744 987 2826 evulgandis
1011 2757 1276 2821 prorsus
1303 2740 1786 2814 abstinuissem,
1824 2737 1926 2803 vel
1958 2738 2240 2800 rationes
2272 2737 2497 2800 saltem
2524 2735 2707 2798 dubii
2730 2733 2855 2795 mei
2888 2728 3363 2809 exposuissem.

684 2850 821 2909 Non
854 2841 1143 2906 eamdem
1173 2846 1344 2902 certe
1369 2840 1781 2901 securitatem
1835 2839 2202 2917 exprimere
2236 2838 2418 2901 valeo
2447 2837 2615 2899 circa
2647 2850 2873 2913 verum
2915 2845 3180 2893 sensum
3209 2828 3287 2889 ab
3340 2833 3598 2888 auctore
3637 2826 3865 2914 inten-

605 2962 741 3016 tum
776 2972 792 3013 :
826 2966 971 3013 cum
1002 2945 1175 3009 enim
1204 2943 1415 3006 adhuc
1445 2944 1853 3006 desideretur
1884 2944 2312 3023 primigenius
2344 2957 2565 3004 earum
2593 2945 2809 3001 textus
2839 2938 3122 3003 Graecus,
3155 2929 3516 2991 timendum
3547 2934 3643 2990 est
3675 2942 3859 2989 sem-

605 3076 721 3139 per
768 3072 849 3118 ne
907 3050 1298 3131 quandoque
1356 3048 1665 3111 erraverit
1718 3048 2016 3127 Syriacus
2058 3046 2399 3124 interpres.
2438 3045 2513 3107 Ut
2544 3048 2616 3108 ut
2660 3041 2767 3114 sit,
2800 3054 2927 3101 non
2962 3033 3189 3097 dubito
3241 3034 3405 3113 quin
3456 3032 3857 3107 Wetstinus,

605 3136 798 3221 etiam
842 3155 1174 3233 Syriacum
1215 3157 1493 3229 vertens,
1529 3150 1749 3230 plures
1786 3151 1926 3231 ipse
1957 3148 2279 3213 addiderit
2304 3165 2600 3212 errores:
2633 3148 2911 3225 ideoque
2948 3156 3076 3204 non
3115 3140 3316 3201 semel
3350 3136 3428 3199 ab
3454 3136 3597 3217 ejus
3627 3140 3856 3199 sensi-

605 3256 728 3316 bus
763 3248 1140 3314 exorbitavi.
1169 3244 1235 3307 Si
1274 3256 1444 3310 recta
1468 3256 1529 3309 et
1559 3263 1840 3327 congrua
1867 3246 2101 3309 fuisset
2134 3246 2444 3309 Wetstini
2475 3244 2936 3319 interpretatio,
2964 3241 3130 3304 nihil
3162 3242 3297 3306 fere
3327 3244 3860 3321 redarguendum

607 3365 777 3419 esset
801 3356 870 3416 in
901 3350 1321 3414 translatione
1342 3345 1583 3409 Gallica
1619 3347 1691 3408 D.
1727 3345 2016 3408 Boistard
2046 3345 2125 3411 de
2157 3345 2514 3427 Premagny
2547 3364 2563 3405 :
2590 3346 2870 3424 ideoque
2906 3360 3037 3406 non
3056 3342 3649 3421 interpretationem
3678 3344 3856 3422 ejus,

607 3459 720 3520 sed
756 3452 1206 3517 annotationes
1240 3463 1454 3526 carpo.

686 3560 844 3621 Cum
876 3570 1027 3617 vero
1060 3548 1225 3613 nihil
1256 3544 1552 3610 absolute
1573 3550 1822 3605 certum
1852 3543 1931 3605 de
1963 3542 2272 3608 ﬁdelitate
2298 3543 2399 3608 vel
2430 3545 2761 3608 erroribus
2812 3545 3242 3628 interpretum
3278 3550 3576 3613 adirmari
3626 3561 3856 3631 queat,

606 3662 867 3723 absente
892 3661 1073 3717 textu
1102 3644 1453 3729 primitivo,
1487 3660 1601 3705 cur
1628 3650 1689 3705 et
1719 3642 1857 3723 ipse
1891 3660 2120 3707 novam
2151 3645 2745 3725 interpretationem
2776 3664 3119 3726 aggressus
3143 3668 3287 3713 sum
3319 3653 3347 3711 ‘2
3379 3652 3544 3713 Huic
3573 3654 3858 3731 ςυωεὶιο

607 3762 675 3822 in
702 3758 943 3840 Ρνωυίνι
971 3751 1415 3818 dissertatione
1446 3745 1857 3809 satisfaciam.
1890 3748 2109 3809 Dicam
2142 3755 2357 3812 tamen
2394 3748 2668 3827 plurima
2700 3766 2896 3812 sacra)
2925 3751 3267 3829 Scriptura:
3289 3753 3487 3816 loca‘a
3520 3755 3859 3820 Wetstino

608 3868 717 3923 aut
748 3875 875 3921 non
904 3855 1108 3919 fuisse
1138 3849 1374 3931 agnita,
1406 3855 1515 3909 aut
1548 3850 1711 3910 male
1745 3846 1993 3910 reddita
2022 3847 2225 3911 fuisse
2270 3867 2285 3907 :
2319 3850 2612 3930 quamvis
2646 3848 2711 3915 id
2740 3850 2988 3913 crcditu
3020 3852 3279 3914 diﬂicile
3316 3853 3515 3915 videri
3545 3864 3733 3934 queat
3765 3858 3858 3921 de

608 3960 749 4022 viro
783 3964 907 4020 tam
942 3956 1057 4019 diu
1087 3955 1153 4016 in
1188 3954 1386 4014 sacris
1412 3952 1645 4014 litteris
1677 3958 1953 4018 versato.
1987 3953 2133 4028 Sed,
2166 3954 2226 4015 si
2256 3952 2388 4016 haec
2421 3952 2560 4015 loca
2580 3954 2863 4033 agnovit,
2892 3972 3007 4016 cur
3025 3972 3429 4019 communem
3458 3959 3647 4020 etiam
3675 3963 3859 4039 apud

608 4075 762 4121 suos
791 4050 1384 4135 interpretationem
1432 4050 1827 4131 abjudicavit
1854 4054 1884 4113 ἲ
1918 4053 2185 4118 Errores
2221 4052 2535 4117 Wetstini
2587 4053 3022 4118 aberrationes
3054 4055 3437 4119 traductoris
3473 4058 3702 4121 Gallici
3744 4060 3857 4123 in-

608 4164 958 4225 duxerunt.

685 4259 1008 4339 Prm'cipua
1041 4258 1241 4337 igitur
1268 4257 1423 4319 mihi
1474 4274 1630 4321 cura
1676 4257 1973 4320 incubuit
2004 4266 2095 4334 ut,
2128 4259 2199 4322 in
2230 4258 2347 4325 hac
2375 4260 2543 4324 silva
2572 4261 2985 4338 densissima,
3014 4264 3267 4327 divinas
3292 4265 3658 4346 detegerem
3691 4286 3855 4333 sen-

608 4363 839 4424 tentias
872 4376 1110 4438 easque
1135 4355 1627 4420 manifestarem.
1663 4359 1759 4420 An
1792 4365 2037 4419 rectum
2068 4359 2190 4420 iter
2214 4360 2564 4435 tenuerim,
2588 4360 2840 4441 judicet
2865 4362 3014 4441 pius
3045 4380 3115 4424 ac
3148 4362 3445 4427 eruditus
3487 4363 3708 4441 lector,
3748 4368 3859 4429 in-

607 4461 834 4543 primis
860 4465 1069 4521 textus
1103 4458 1550 4519 antecedentes
1583 4459 2131 4537 consequentibus
2151 4460 2494 4545 jungendo
2547 4471 2610 4526 et
2647 4464 3095 4542 comparando.
3132 4463 3519 4530 Dialectices
3555 4466 3727 4528 enim
3752 4486 3859 4531 re-

608 4561 793 4642 gulas
850 4577 977 4622 non
1038 4558 1365 4638 ignorabat
1413 4566 1675 4621 sanctus
1755 4559 2081 4637 Clemens,
2141 4580 2259 4625 nec
2320 4565 2603 4646 supponi
2666 4566 2856 4631 debet
2914 4574 3131 4630 contra
3174 4565 3320 4627 illas
3376 4564 3665 4632 voluisse
3713 4571 3857 4633 dis-

609 4680 852 4725 serere.

682 4753 1013 4835 Prteterea,
1047 4778 1127 4845 ne
1171 4776 1377 4822 unum
1406 4760 1671 4841 quidem
1700 4768 1947 4825 textum
1978 4779 2221 4826 novum
2244 4764 2603 4843 introduxi,
2631 4767 2745 4831 sed
2776 4785 3035 4849 semper
3063 4775 3371 4838 Wetstini
3402 4776 3856 4856 interpretatio

609 4865 820 4928 oculis
847 4864 1007 4928 meis
1036 4862 1321 4943 subjecta
1354 4872 1473 4938 est,
1508 4865 1659 4928 dum
1692 4866 2084 4948 irregulares
2114 4877 2175 4931 et
2219 4879 2538 4934 contortas
2578 4871 2718 4952 ejus
2749 4873 3112 4940 locutiones
3149 4880 3525 4942 rectitudini
3570 4880 3855 4941 naturali

610 4965 1045 5029 restituebam.
1088 4968 1216 5027 Nec
1248 4964 1496 5043 primus
1530 4966 1697 5027 viam
1730 4966 1891 5029 hanc
1924 4967 2258 5049 ingressus
2282 4988 2425 5032 sum
2476 4989 2491 5033 :
2528 4972 2714 5035 multi
2748 4973 2922 5036 enim
2964 4982 3109 5038 ante
3142 4994 3267 5055 me,
3301 4976 3370 5039 in
3430 4975 3853 5056 antiquorum

610 5073 943 5127 auctorum
962 5064 1410 5143 explicatione,
1436 5070 1735 5145 audaces,
1757 5076 1828 5133 ut
1856 5071 1951 5133 sic
1982 5070 2231 5152 lo‘quar,
2254 5072 2658 5153 conjecturas
2683 5077 3067 5153 emiserunt,
3091 5096 3235 5159 quas
3270 5088 3516 5158 postea,
3536 5078 3857 5148 abomni-

611 5167 733 5229 bus
763 5165 1063 5237 eruditis,
1106 5173 1175 5227 ut
1212 5169 1511 5232 veritates
1564 5171 1971 5235 inconcussa
2005 5182 2272 5253 recepta;
2302 5185 2474 5239 sunt.
2501 5179 2635 5257 Ego
2666 5194 2818 5240 vero
2857 5180 3205 5254 rarissxme,
3236 5198 3353 5242 nec
3374 5177 3585 5243 forsan
3616 5182 3851 5257 semel,

614 5270 808 5334 meris
831 5268 1101 5331 innixus
1134 5286 1278 5331 sum
1303 5270 1732 5351 conjecturis;
1772 5275 1909 5348 sed,
1940 5281 2009 5336 ut
2052 5275 2429 5354 plurimum,
2461 5294 2608 5355 pars
2649 5278 2939 5356 quasdam
2967 5286 3181 5342 textus
3205 5281 3406 5361 agniti
3438 5283 3514 5343 ad
3554 5282 3855 5348 notitiam

613 5374 844 5455 partis,
877 5389 1006 5450 prie
1037 5372 1420 5437 confusione
1456 5374 1797 5438 verborum
1830 5376 2087 5458 ignotae,
2123 5394 2221 5440 me
2274 5378 2567 5441 deduxit.
2596 5380 2660 5442 Si
2694 5378 2828 5442 fere
2870 5380 3116 5462 ubique
3147 5379 3338 5443 verba
3382 5380 3687 5442 Wetstini
3738 5384 3860 5443 ab-

612 5474 989 5569 dicaverim,
1019 5472 1211 5535 etiam
1266 5479 1524 5554 quando
1559 5478 1769 5561 ipsius
1805 5481 2032 5544 sensui
2064 5482 2333 5557 stabam,
2367 5482 2608 5545 nedum
2644 5482 2997 5559 adversari,
3035 5482 3255 5564 potius
3296 5498 3539 5545 morem
3575 5483 3702 5561 ipsi
3737 5502 3858 5565 ge—

614 5596 781 5659 rere,
808 5580 1195 5644 existimavi.
1243 5584 1350 5645 Sic
1380 5585 1554 5647 enim
1588 5586 1878 5668 loquitur
1902 5587 1969 5651 in
1993 5580 2261 5651 suorum
2289 5587 2798 5669 Prolegomenon
2830 5589 3251 5654 conclusione
3285 5605 3360 5646 zu:
3388 5588 3855 5651 Conversionis

614 5674 854 5746 Latina)
899 5682 1051 5745 vitia
1081 5692 1143 5746 et
1174 5684 1630 5769 inelegantiam
1664 5692 1985 5774 benignus
2045 5694 2243 5759 lector
2291 5693 2677 5760 condonabit
2721 5693 2973 5760 homini
3017 5695 3085 5760 in
3116 5710 3312 5775 opere
3366 5708 3536 5757 novo
3583 5700 3649 5777 et
3692 5692 3858 5757 satis

684 5833 705 5866 ⁸
732 5831 771 5889 il
803 5833 930 5893 Cor.
970 5852 1046 5902 xl,
1086 5836 1169 5893 lt.
