4074 6328
234 357 347 413 333
1162 352 1519 412 EPISTOLE
1556 353 1642 408 AD
1676 353 1838 409 ἫΒο

1874 353 2018 412 NES.
2046 387 2116 398 -——
2147 355 2511 413 PROGIMIA.
3378 352 3483 409 55‘

240 470 522 533 molesro
546 486 770 548 parum
802 472 1169 541 exercitato,
1216 476 1277 531 et
1306 470 1662 532 amicorum
1709 470 1901 533 etiam
1932 471 2252 545 consiliis,
2276 471 2428 534 licet
2459 470 2751 549 undique
2781 470 3112 545 expetitis,
3142 468 3477 532 destituto.

232 574 572 648 Quosdam
604 574 795 635 etiam
826 572 941 652 qui
972 568 1041 630 in
1076 573 1324 629 textum
1344 566 1691 645 'Syriacum
1725 566 2125 647 irrepserunt
2158 586 2521 643 errores...,
2556 569 2750 632 etiam
2803 584 2905 631 me
2961 584 3095 632 non
3143 576 3473 645 monente,

236 671 435 734 facile
462 672 763 752 corriget.
802 694 833 731 ι

333 790 547 881 Prima
576 790 771 869 hujus
792 786 925 853 loci
956 790 1145 855 verba
1182 787 1491 853 Wetstini
1547 788 1928 853 mouestiam
1990 787 2473 859 commendant:
2521 792 2887 872 posteriora
2913 804 3058 873 qua
3111 811 3242 857 non
3297 795 3488 858 intel-

243 888 493 951 lexerit
525 897 635 952 aut
666 890 1047 969 neglexerit,
1073 889 1481 953 conﬁtentur.
1507 889 1889 953 Modestiam
1926 887 2159 964 laudo;
2191 891 2553 953 tenebrosis
2585 892 2771 968 locis,
2805 900 3115 972 quantum
3144 892 3331 957 inme
3365 904 3515 983 ‘esl,_

241 988 459 1052 lucem
492 988 728 1082 aﬂ’ero;
780 988 1263 1071 negligentiam,
1308 989 1535 1071 siqua
1560 990 1783 1068 fuerit,
1816 1009 2109 1072 reparare
2140 1010 2361 1057 conor.
2396 995 2625 1059 Nonne
2677 995 2772 1059 sic
2802 996 3112 1060 Wetstini
3167 997 3333 1061 votis
3375 998 3489 1061 ob-

239 1094 543 1166 tempero
570 1089 599 1148 τ

322 1216 602 1279 Omnem
644 1212 781 1287 fere
811 1229 1175 1279 sermonem
1207 1230 1400 1276 suum
1432 1219 1691 1275 sanctus
1731 1211 2028 1277 Clemens
2059 1231 2092 1278 e
2118 1213 2407 1280 fontibus
2451 1217 2653 1284 sacris
2681 1218 3063 1294 desumpsit.
3096 1205 3306 1285 Nullis
3335 1240 3489 1303 ergo

239 1313 577 1391 laboribus
628 1332 919 1395 parcens,
966 1312 1236 1375 eosdem
1282 1311 1494 1375 fontes
1549 1311 1811 1375 assidue
1843 1314 2044 1386 adivi,
2076 1318 2510 1396 quos,utjam
2552 1318 2795 1383 dictum
2837 1329 2957 1413 est,
3006 1326 3375 1390 Wetstinus
3403 1346 3486 1409 ne

238 1412 611 1489 suspicatus
659 1409 925 1491 quidem
963 1410 1170 1473 fuisse
1224 1411 1504 1474 videtur.
1558 1412 1737 1474 Unde
1788 1418 2003 1473 textus
2041 1411 2404 1491 deprompti
2448 1409 2899 1491 fuerint,‘fere
2947 1421 3195 1503 ubique
3241 1426 3485 1500 notavi,

238 1507 471 1571 saltem
504 1509 761 1587 quando
798 1508 1047 1587 phrasis
1079 1507 1236 1571 satis
1262 1508 1508 1587 integra
1542 1507 1837 1587 apparuit
1865 1529 1882 1567 :
1911 1524 2039 1569 non
2070 1507 2246 1570 enim
2281 1510 2661 1576 vocabulum
2706 1524 3046 1599 quodlibet
3093 1545 3346 1592 sacrum
3378 1508 3487 1593 in;

237 1609 448 1673 dicari
478 1611 724 1691 debuit,
758 1629 838 1674 ne
862 1611 1223 1675 innumera
1252 1610 1462 1674 forent
1491 1618 1678 1673 nota.
1706 1609 2087 1689 Versionem
2117 1608 2441 1692 adoptavi,
2473 1631 2605 1679 non
2624 1618 3037 1707 Septuaginta
3058 1630 3490 1711 Interpretum

237 1725 358 1780 aut
413 1716 681 1780 alterius
749 1716 1042 1797 cujusvis
1075 1717 1499 1789 traductoris;
1532 1714 1647 1778 sed
1681 1716 1988 1794 Vulgata,
2029 1712 2149 1776 etsi
2199 1714 2487 1778 nondum
2546 1724 2831 1799 tempore
2888 1727 3090 1790 sancti
3141 1728 3487 1793 Clementis

236 1823 571 1884 existeret.
604 1824 761 1894 Imo,
794 1824 862 1883 in
892 1817 1135 1883 cateris
1167 1816 1351 1887 locis,
1384 1812 1862 1895 quandoiibera
1894 1812 2054 1874 mihi
2084 1819 2331 1890 poterat
2362 1832 2507 1877 esse
2539 1816 2881 1885 verborum
2911 1821 3085 1888 idem
3115 1826 3484 1911 significan-

237 1922 409 1985 tium
442 1920 696 1995 electio,
731 1919 984 1999 pratuli
1016 1916 1150 1979 fere
1181 1931 1437 1994 semper
1465 1930 1653 1977 voces
1684 1930 1721 1974 a
1751 1912 2024 1993 Vulgata
2062 1922 2491 1978 consecratas.

327 2047 552 2107 Lector
580 2051 862 2113 attentus
898 2051 962 2105 et
994 2040 1320 2121 prudens,
1352 2038 1541 2101 modo
1575 2035 1915 2098 nrimitiva
1943 2033 2247 2111 Ecclesia
2280 2038 2595 2117 tantisper
2624 2041 2852 2110 calleat
2884 2047 3223 2126 spiritum,
3254 2064 3482 2113 mam.

235 2143 419 2205 bitur
448 2142 560 2205 has
598 2144 873 2224 legendo
911 2142 1264 2220 Epistolas,
1301 2138 1579 2202 extrins..
1606 2141 1683 2200 .is
1719 2155 1882 2219 quas
1922 2138 2200 2217 prabent
2228 2140 2734 2215 authenticitatis
2766 2150 3303 2227 probationibus,
3336 2171 3486 2218 sen-

236 2244 490 2325 tietque
521 2263 711 2326 quam
744 2244 1012 2306 insulsa
1048 2244 1316 2322 viroque
1355 2249 1529 2320 gravi
1572 2239 1857 2319 indigna
1892 2239 2023 2302 sint
2050 2240 2489 2305 cavillationes
2520 2246 2594 2307 D.
2632 2246 2712 2310 de
2742 2250 3116 2333 Prémagny.
3148 2252 3299 2316 Sine
3331 2252 3483 2317 fuco

237 2353 360 2407 aut
388 2346 745 2408 ambitiosis
778 2344 1171 2407 ornamentis
1204 2350 1491 2405 sanctum
1523 2343 1911 2416 Pontiﬁcem,
1947 2342 2181 2420 spiritu
2214 2342 2568 2421 apostolico
2603 2348 2866 2425 plenum
2890 2397 2908 2425 ,
2937 2352 3225 2417 locutum
3250 2356 3485 2429 fuisse,

236 2467 437 2517 nemo
466 2450 741 2533 partium
772 2450 986 2515 studio
1022 2449 1275 2512 alienus
1296 2491 1315 2522 ,
1348 2446 1759 2508 inﬁciabitur.
1792 2446 1958 2507 Hinc
1987 2446 2215 2507 doctus
2242 2448 2480 2508 Junius
2512 2450 2821 2512 Patricius
2842 2452 2972 2530 jam
3005 2453 3311 2517 odoratus
3341 2455 3486 2517 fue-

235 2562 340 2616 rat
372 2554 911 2618 authenticitatem
946 2556 1167 2634 prima
1201 2552 1403 2617 sancti
1433 2549 1780 2617 Clementis
1813 2551 2117 2637 Epistola
2141 2552 2219 2615 ad
2249 2553 2639 2616 Corinthios.

326 2675 565 2735 Monita
593 2692 738 2755 qua
770 2673 1130 2751 virginibus
1161 2675 1434 2748 dantur,
1465 2690 1500 2736 a
1531 2673 1878 2752 Scripturis
1915 2673 2148 2751 sacris,
2180 2682 2251 2738 ut
2273 2675 2406 2756 jam
2436 2675 2573 2738 dixi
2597 2717 2617 2746 ,
2646 2678 2761 2739 sed
2794 2680 3141 2757 prasertim
3170 2699 3205 2743 a
3234 2685 3490 2764 scriptis

238 2772 680 2850 apostolorum
712 2780 772 2835 et
802 2775 1340 2855 evangelistarum
1364 2818 1380 2847 ,
1415 2780 1756 2836 eruuntur.
1791 2773 1887 2835 Ad
1921 2776 2182 2838 eosdem
2229 2778 2618 2857 quandoque
2670 2778 3013 2841 revertitur
3058 2798 3289 2844 sensus
3338 2784 3487 2863 pius

244 2874 543 2937 Pontifex
577 2896 593 2935 :
625 2880 748 2936 tam
778 2875 1007 2937 ardens
1038 2880 1132 2935 est
1160 2874 1301 2952 ejus
1345 2872 1744 2935 desiderium
1786 2872 2148 2951 virginibus
2179 2875 2320 2935 suis
2363 2874 2723 2952 inspirandi
2764 2892 3043 2940 amorem
3087 2878 3392 2943 virtutum
3425 2892 3490 2945 et

258 2975 571 3037 vitiorum
613 2975 973 3037 horroreml
1008 2976 1287 3055 Oblique
1328 2974 1699 3054 perstringit
1732 2974 2126 3039 Christianos
2156 2976 2557 3057 hypocritas,
2608 2977 2722 3057 qui
2772 2980 3057 3044 carnales
3092 3000 3327 3045 sensus
3367 2986 3493 3047 sub

249 3074 639 3137 vestimento
685 3075 939 3153 pietatis
994 3073 1433 3146 occultabant;
1483 3071 1801 3150 pracipue
1848 3090 2000 3135 vero
2048 3073 2319 3150 perfidos
2363 3072 2695 3136 hareticos
2742 3075 2857 3154 qui
2894 3076 3025 3155 jam
3066 3088 3218 3142 tunc
3266 3080 3488 3144 Eccle-

247 3176 419 3238 siam
449 3176 837 3249 lacerabant,
870 3191 1165 3253 quosque
1193 3172 1421 3251 pagani
1456 3170 1691 3249 sapius
1722 3170 2199 3243 confundebant
2227 3189 2373 3247 cum
2402 3173 2574 3236 veris
2604 3172 2841 3239 Christi
2869 3176 3237 3257 discipulis.

322 3298 439 3359 His
470 3293 887 3372 temporibus,
912 3294 1447 3373 quemadmodum
1483 3290 1698 3364 hodie,
1724 3294 1994 3355 castitati
2021 3309 2089 3355 se
2116 3293 2513 3357 devovebant
2543 3293 2837 3372 duplicis
2860 3298 3115 3376 generis
3146 3318 3439 3378 persona
3471 3327 3489 3368 :

240 3400 480 3481 primo,
505 3398 617 3478 qui
647 3397 726 3459 ad
756 3395 1187 3459 ministerium
1222 3410 1469 3456 sacrum
1501 3394 1924 3467 vocabantur;
1954 3393 2191 3457 deinde
2223 3395 2335 3474 qui
2372 3394 2439 3456 in
2467 3395 2703 3457 saculo
2736 3407 3168 3474 remanentes,
3196 3399 3489 3465 homines

240 3502 351 3564 vel
386 3500 678 3572 femina,
711 3498 790 3559 ad
822 3495 1279 3576 perfectionem
1331 3491 1765 3571 evangelicam
1803 3492 2169 3555 tendebant.
2205 3493 2534 3555 Prioribus
2579 3503 2836 3558 sanctus
2874 3497 3170 3560 Clemens
3202 3516 3489 3571 comme-

243 3608 450 3666 morat
480 3598 832 3663 vocationis
870 3595 1369 3665 sublimitatem,
1405 3610 1484 3655 ne
1515 3592 1825 3672 degeneri
1850 3594 2337 3657 conversatione
2385 3594 2559 3657 illam
2596 3596 2983 3675 deprimant.
3042 3602 3140 3673 Et,
3175 3603 3488 3682 quoniam

242 3697 575 3762 humilitas
606 3702 820 3758 custos
851 3694 946 3756 est
976 3693 1122 3755 vita
1151 3687 1458 3770 angelica
1486 3706 1679 3769 quam
1716 3689 1955 3761 ducere
1981 3691 2216 3753 debent
2247 3694 2601 3770 prasertii’n
2624 3695 2863 3757 Christi
2897 3698 3202 3773 ministri,
3227 3711 3492 3765 sanctus

244 3798 542 3863 Pontifex
572 3795 937 3875 superbiam
959 3836 976 3865 ,
1009 3807 1399 3870 quocunque
1436 3806 1504 3850 se
1552 3796 1754 3887 vertat
1784 3796 1847 3851 et
1876 3790 2257 3864 abscondat,
2286 3798 2739 3874 persequitur,
2771 3797 3044 3877 ejusque
3080 3801 3349 3865 latebras
3378 3805 3491 3866 de-

240 3900 405 3979 tegit
435 3900 503 3961 in
535 3896 981 3979 pradicatione
1003 3939 1019 3968 ,
1054 3892 1430 3956 exorcismis
1452 3935 1469 3966 ,
1503 3892 1880 3971 caterisque
1916 3892 2163 3955 actibus
2195 3891 2387 3958 etiam
2418 3898 2865 3965 sanctissimis.
2897 3904 3293 3970 Cum‘autem
3328 3927 3489 3988 pra—

242 4003 532 4080 sumptio
565 4020 634 4064 ac
663 3999 991 4063 temeritas
1035 3998 1349 4077 plurimos
1378 3996 1447 4058 in
1476 3997 1907 4076 perditionem
1946 3997 2325 4062 induxerint
2348 4045 2364 4074 ,
2398 4008 2731 4070 cautiones
2776 4008 3063 4089 suggerit
3100 4012 3337 4090 quibus
3367 4034 3486 4094 pe-

242 4105 527 4170 riculum
559 4102 899 4166 devitetur.

328 4225 651 4304 Utrisque,
684 4224 753 4286 id
781 4228 877 4283 est
906 4215 1158 4282 clericis
1190 4222 1249 4276 et
1289 4215 1652 4307 virginibus
1688 4216 1751 4278 in
1787 4219 2025 4281 saculo
2061 4218 2466 4300 degentibus,
2500 4229 2571 4285 ut
2608 4233 2902 4288 sanctum
2929 4229 3221 4294 timorem
3252 4235 3487 4297 animis

241 4337 475 4385 eorum
505 4308 793 4394 incutiat,
816 4318 1066 4397 lapsum
1097 4313 1357 4377 exhibet
1389 4316 1811 4392 quarumdam
1849 4317 2290 4380 columnarum
2312 4338 2456 4399 qua
2479 4320 2882 4387 inconcussa
2910 4335 2972 4389 et
3002 4325 3283 4392 immota
3308 4334 3484 4395 credi

244 4428 561 4500 poterant.
596 4420 705 4482 Eis
732 4427 942 4481 tamen
972 4419 1259 4481 animum
1289 4418 1501 4488 addit,
1537 4436 1897 4484 memorans
1933 4422 2168 4501 gratias
2210 4424 2802 4506 protectionemque
2836 4444 2874 4489 a
2899 4429 3056 4494 calo
3102 4444 3484 4513 praparatas

240 4520 581 4583 animabus
610 4518 810 4582 cautis
838 4534 909 4580 ac
936 4517 1390 4596 prudentibus.

333 4638 728 4708 Wetstinus,
757 4636 869 4715 qui
900 4642 1067 4697 certe
1099 4634 1345 4728 laudari
1377 4646 1660 4701 meretur
1688 4638 1864 4719 quod
1898 4641 2100 4702 sancti
2133 4642 2478 4706 Clementis
2508 4646 2815 4725 epistolas
2862 4668 2992 4715 non
3041 4654 3484 4734 depravaverit

239 4738 485 4801 absona
517 4735 833 4815 elegantia
854 4750 999 4815 qua
1022 4751 1284 4796 sensum
1314 4754 1537 4799 earum
1568 4738 1987 4802 intervertere
2020 4742 2358 4818 potuisset,
2384 4744 2844 4825 negligentiam
2878 4751 3339 4819 interdum-eas
3368 4757 3484 4822 de-

242 4838 651 4900 decorantem
688 4836 981 4913 admisit,
1013 4854 1157 4917 qua
1190 4839 1464 4901 multum
1498 4857 1728 4903 nocere
1758 4842 1981 4904 debuit
2012 4844 2295 4921 ipsarum
2324 4850 2711 4913 auctoritati.
2747 4852 2926 4917 Adeo
2961 4874 3182 4936 parum
3231 4863 3481 4923 curavit

240 4941 640 5021 conjungere
685 4942 965 5017 auctoris
994 4942 1097 5003 sui
1129 4943 1585 5022 cogitationes,
1622 4952 1692 5006 ut
1727 4963 1834 5008 eas
1871 4947 2090 5026 potius
2144 4948 2900 5037 disjungere'studuisse
2942 4960 3260 5026 videatur.
3301 4964 3476 5028 Nihil

130 5098 137 5099 ,
241 5046 457 5102 tamen
487 5040 744 5103 facilius
774 5048 907 5104 erat
944 5062 1134 5124 quam
1165 5046 1467 5125 phraseos
1494 5049 1809 5128 regularis
1839 5052 2253 5117 constructio.

324 5166 527 5229 Venia
560 5167 718 5229 mihi
747 5171 1132 5234 concedatur
1160 5171 1215 5234 si
1247 5171 1528 5235 laborem
1572 5174 1819 5237 viribus
1860 5174 2022 5239 forte
2054 5185 2214 5240 meis
2262 5178 2664 5260 superiorem
2706 5187 3193 5267 assumpserim.
3228 5188 3475 5252 Homo-

241 5286 481 5349 nymus
510 5271 683 5333 filius
711 5275 956 5337 Patrem
1007 5277 1320 5340 honorare
1356 5278 1575 5341 voluit.
1610 5281 1919 5343 Praterea
1949 5282 2187 5361 sapius
2230 5284 2397 5371 clare
2441 5289 2742 5367 exprimit
2779 5291 3003 5354 beatus
3052 5292 3348 5355 Clemens
3375 5310 3479 5355 sa-

242 5386 713 5440 cramentorum
754 5380 1052 5443 Ecclesia
1083 5398 1273 5443 usum
1296 5426 1314 5458 ,
1342 5388 1697 5459 prasertim
1731 5383 1962 5447 divina
1988 5387 2431 5465 Eucharistia,
2467 5379 2789 5473 sacraque
2827 5396 3301 5476 exomologesis
3331 5411 3476 5475 pec-

241 5490 574 5551 catorum;
607 5482 1044 5547 intemeratam
1076 5486 1329 5549 extollit
1359 5487 1797 5571 virginitatem
1822 5491 2213 5555 beatissima
2235 5496 2480 5571 Maria,
2507 5515 2651 5577 qua
2679 5496 2819 5561 cali
2851 5499 3198 5561 Dominum
3227 5504 3475 5577 gremio

240 5598 367 5644 suo
401 5590 650 5661 gestare
684 5584 941 5647 meruit.
987 5586 1232 5648 Pectori
1264 5604 1408 5650 meo
1436 5588 1645 5651 dulcis
1682 5597 1813 5667 erat
1843 5593 2250 5679 reproductio
2270 5587 2473 5675 hujus
2503 5598 2783 5678 antiqua
2818 5598 2960 5660 ﬁdei
2997 5600 3298 5663 Romana
3326 5616 3472 5681 qua

238 5690 502 5761 semper
520 5684 741 5749 eadem
759 5682 906 5759 fuit,
926 5697 1023 5748 est
1053 5685 1275 5749 eterit.
1295 5686 1595 5751 Sanctum"
1611 5689 2001 5754 Clementem
2030 5709 2240 5755 amare
2271 5695 2458 5757 debet
2486 5695 2715 5769 Gallia,
2736 5714 2880 5776 qua
2906 5696 2985 5758 ab
3012 5697 3156 5776 ipso
3186 5698 3474 5776 suscepit

244 5781 470 5861 plures
501 5784 819 5857 antistites
856 5805 1034 5864 suos,
1063 5806 1547 5871 generososque
1582 5801 1914 5875 martyres.
1939 5798 2140 5860 Nemo
2167 5804 2382 5862 autem
2417 5814 2564 5862 eum
2598 5792 2745 5878 plus
2783 5799 3052 5881 diligere
3080 5818 3154 5866 ac
3180 5800 3467 5890 venerari
