4074 6328
3836 102 3875 119 Ε.

680 270 788 328 ω
1457 272 1513 327 8.
1548 271 1942 329 CLEMENTIS
1974 271 1995 327 l
2028 270 2198 329 80M.
2228 271 2328 328 P03

2324 270 2435 328 NT.
2473 268 2701 327 OPERA
2732 267 3059 328 GENUINA.
3798 271 3931 328 356

679 387 869 451 debet
897 400 1086 467 quam
1115 386 1461 467 episcopus
1492 386 1607 467 qui
1636 389 1809 450 claro
1847 390 1989 467 ejus
2018 389 2279 451 nomine
2308 388 2681 465 insignitur,
2707 388 2952 467 quique
2986 402 3323 476 successor
3350 393 3446 448 est
3473 388 3674 451 sancti
3706 388 3826 469 buj
3840 406 3934 450 us

680 488 1013 565 Eutmpii,
1053 488 1340 567 episcopi
1378 495 1440 551 et
1482 489 1813 569 martyris,
1850 507 2045 571 quem
2084 490 2166 552 ad
2207 489 2746 569 evangelizandos
2791 490 3100 550 Santones
3149 485 3372 549 beatus
3414 485 3709 551 Clemens
3758 488 3931 567 ipse

681 585 963 646 miserat.

761 684 981 743 Latine
1008 681 1377 762 Galliceque
1412 682 1583 745 hunc
1608 682 1843 745 librum
1874 684 2092 758 edidi;
2127 700 2255 746 non
2290 685 2466 747 enim
2512 698 2628 761 pro
2666 682 2824 744 solis
2860 680 3279 763 popularibus
3309 682 3471 745 meis
3512 682 3927 755 scribebam,

680 780 794 842 sed
827 798 942 859 pro
973 782 1271 843 omnibus
1300 780 1488 843 etiam
1520 786 1838 846 extraneis
1856 786 2091 865 quibus
2114 785 2246 847 haec
2274 785 2461 847 lectio
2498 786 2802 863 prodesse
2829 790 3093 863 poterat.
3120 784 3429 845 Caeterum
3463 784 3927 847 necessarium

680 891 812 945 erat
853 901 1177 963 Opponere
1213 883 1615 947 translationi
1648 888 1932 950 confusae
1960 886 2269 949 Wetstini
2316 896 2560 963 textum
2611 886 2853 948 clarum
2898 893 2959 947 et
2989 884 3299 947 lucidum.
3344 883 3591 945 Utinam
3626 884 3926 946 aediﬁca-

678 983 856 1045 tione
904 974 969 1045 et
1012 986 1509 1049 sanctiﬁcatione
1546 991 1836 1053 omnium
1868 990 2179 1053 lectorum
2236 993 2408 1053 Deus
2440 990 2739 1069 Optimus
2786 987 3106 1050 Maximus
3140 976 3483 1063 adimpleat
3513 986 3723 1053 cordis
3767 986 3921 1049 mei

678 1080 1001 1141 desideria
1038 1082 1052 1140 l

756 1175 1034 1253 Epistola
1068 1177 1225 1253 huic,
1258 1183 1543 1249 Antistes
1574 1190 1837 1267 optime,
1871 1190 2126 1271 longior
2161 1190 2489 1270 apparebit
2517 1189 2929 1269 quibusdam,
2964 1188 3316 1266 prmsertim
3337 1188 3629 1268 longiore
3653 1188 3926 1251 disser-

675 1275 915 1338 tatione
972 1295 1115 1342 eam
1186 1284 1644 1366 subsequente.
1696 1292 1914 1368 Aliud,
1962 1310 2174 1373 spero,
2220 1293 2545 1375 judicium
2604 1294 2749 1369 erit,
2788 1298 3188 1357 momentum
3238 1287 3433 1369 hujus
3466 1287 3611 1349 libri
3650 1288 3926 1365 pondo-

674 1377 895 1441 rantis.

752 1475 818 1536 Si
847 1476 1005 1557 quid
1039 1479 1107 1541 in
1139 1480 1259 1545 hoc
1286 1498 1505 1561 opere,
1545 1486 1731 1549 velin
1766 1486 1913 1549 aliis
1944 1487 2492 1567 publicationibus
2520 1489 2705 1563 meis,
2732 1488 2946 1551 minus
2976 1496 3268 1552 exactum
3305 1488 3404 1551 vel
3424 1488 3875 1551 ortbodoxum
3896 1532 3919 1561 ,

673 1584 891 1640 contra
923 1579 1340 1657 voluntatem,
1362 1582 1521 1645 mihi
1556 1583 1841 1662 elapsum
1865 1583 2085 1659 fuerit,
2119 1585 2241 1647 hoc
2271 1592 2479 1647 totum
2509 1584 2786 1666 subjicio
2818 1588 3198 1649 correctioni
3238 1596 3469 1649 sancta
3519 1587 3737 1649 Matris
3777 1588 3920 1647 Ec-

671 1679 885 1743 clesim
915 1683 1231 1755 Romanae,
1266 1682 1557 1765 sacrique
1589 1684 1769 1747 illius
1808 1686 2105 1760 Verticis,
2137 1684 2378 1767 quibus
2411 1685 2700 1764 spondeo
2726 1701 2797 1748 ac
2818 1686 2971 1766 juro
3002 1690 3433 1755 omnimodam
3466 1691 3918 1765 acsinceram,

671 1780 897 1861 intimo
932 1798 1011 1845 ex
1038 1786 1247 1860 corde,
1279 1787 1647 1852 ﬁdelitatem
1680 1797 1741 1852 et
1769 1790 2225 1853 obedientiam.

750 1878 874 1950 Qui
906 1879 1061 1941 mihi
1090 1882 1421 1959 inspiravit
1452 1892 1519 1945 ut
1543 1884 1662 1948 hoc
1684 1902 1851 1966 opus
1877 1886 1995 1947 tibi
2049 1888 2436 1964 dedicarem,
2464 1888 2701 1951 Praesul
2729 1891 3162 1968 ornatissime,
3201 1897 3399 1970 Deus,
3431 1894 3720 1957 omnium
3752 1892 3923 1956 fons

672 1972 1007 2051 bonorum,
1035 1980 1296 2057 spiritui
1328 1989 1441 2044 tuo
1470 1982 1914 2048 indesinenter
1940 1986 2131 2060 adsit,
2162 1995 2355 2068 teque
2406 1989 2524 2052 diu
2553 1988 2857 2053 Ecclesia
2884 1990 3106 2068 decus,
3142 1995 3427 2059 fidelium
3487 1996 3707 2059 lumen
3747 1996 3919 2058 ani-

673 2091 939 2152 marum,
972 2088 1034 2143 et
1062 2083 1417 2145 Praesulum
1448 2086 1800 2167 exemplar,
1834 2089 2226 2152 incolumem
2257 2099 2495 2156 servet.

750 2182 929 2244 Tuus
958 2184 1040 2247 in'
1060 2185 1310 2250 Cbristo
1344 2193 1406 2248 et
1439 2185 1637 2247 Maria
1663 2185 2140 2251 addictissimus
2167 2205 2423 2265 servus,

2947 2344 2991 2419 ἐ·
3033 2342 3243 2405 CLEM
3253 2343 3395 2404 ENS

2454 2490 2788 2539 EPISCOPUS
2848 2493 3266 2539 IUPBLLENSIS
3320 2494 3402 2537 ΕΤ
3447 2492 3915 2537 εΑΝτοκεκειι.

1087 2611 1371 2663 Scribebam
1392 2613 1633 2676 Eupolin,
1662 2613 1745 2663 die
1763 2616 1931 2663 octava
1949 2613 2222 2665 Nativitatis
2248 2615 2299 2666 Β.
2329 2616 2392 2666 ll.
2415 2616 2473 2668 γ.
2498 2617 2635 2668 1852.

686 2797 3896 2830 mm

1814 2939 1923 3013 DE
1966 2944 2277 3013 DUABUS
2324 2949 2736 3011 EPISTOLIS

1020 3104 1689 3243 Sana-rx
1763 3125 2764 3242 «manus
2818 3119 3553 3241 nonam:

1883 3350 2673 3445 AD’VIRGINES

1478 3560 2428 3677 DISSERTATIO
2505 3561 3073 3680 PR/EVIA

746 3791 823 3853 ln
890 3804 1017 3869 qua
1046 3783 1434 3867 expenditur
1483 3800 1709 3848 earum
1767 3780 2220 3923 authenticitgs
2244 3789 2330 3923 ne?
2370 3780 2759 3845 refelluntur
2806 3780 3203 3864 objectiones
3251 3802 3395 3863 qua)
3433 3784 3584 3849 huic
3614 3804 3820 3868 oppo-

2197 3878 2235 3922 u
2318 3878 2417 3923 ur.

2365 3879 2417 3923 ι’.

2254 4188 2301 4245 Α
2400 4176 2632 4233 Prorsus
2658 4179 2928 4232 firmatum
2959 4184 3041 4234 est
3071 4179 3213 4247 quod
3245 4194 3640 4247 persenseram,
3672 4184 3901 4253 quando

2332 4272 2388 4325 in
2416 4269 2820 4341 possessionem
2854 4283 3027 4323 meam
3057 4269 3228 4324 amba:
3280 4270 3396 4325 ista:
3419 4272 3673 4342 Epistolas
3701 4292 3899 4345 perve-

944 4198 1111 4239 ιΑτιο
1149 4197 1299 4239 μονιε
1338 4197 1499 4239 HUIUS
1522 4198 1943 4240 PUBLICA‘I‘IONIS.

736 4365 837 4422 Diu
868 4364 1184 4422 desideravi
1216 4374 1269 4419 et
1304 4364 1527 4436 quaesivi
1567 4364 1703 4419 duas
1732 4365 1903 4420 sancti
1934 4363 2228 4421 Clementis

666 4456 898 4513 Romani
981 4455 1251 4527 Epistolas
1326 4454 1391 4508 ad
1447 4453 1695 4525 Virgines
1735 4496 1751 4522 ,
1830 4472 1948 4526 quae
2022 4456 2228 4511 saeculo

666 4547 1015 4620 praecedenti,
1083 4546 1266 4602 divina
1325 4544 1538 4601 favente
1580 4545 1946 4613 Providentia,
1995 4546 2228 4602 iuventae

664 4639 895 4694 fuerant.

734 4730 1001 4787 Noveram
1028 4730 1247 4800 quidem
1305 4729 1507 4784 acriter
1557 4726 1920 4800 impugnatam
1970 4728 2139 4785 fuisse
2196 4745 2225 4783 a

664 4819 1212 4893 pseudo-reformatis
1282 4835 1469 4875 earum
1548 4820 2032 4883 authenticitatem,
2107 4835 2227 4889 qua:

665 4916 828 4969 etiam
861 4912 1185 4984 quibusdam
1202 4911 1498 4969 Catholicis
1543 4926 1743 4979 anceps
1788 4918 1841 4967 et
1892 4911 2054 4965 dubia
2110 4913 2225 4966 visa

666 5008 860 5061 fuerat.
892 5003 1028 5060 Cum
1061 5012 1238 5059 autem
1267 5011 1414 5059 certe
1448 5004 1642 5059 scirem
1673 5007 1726 5057 in
1753 5004 1835 5059 his
1858 5003 2083 5073 reperiri
2106 5019 2225 5073 qua:

666 5096 902 5169 perfecte
931 5095 1302 5164 congruebant
1335 5094 1659 5149 testimoniis
1695 5094 1869 5147 sancti
1910 5092 2223 5165 Hieronymi

664 5196 719 5243 et
748 5187 920 5243 sancti
944 5185 1257 5256 Epipbauii,
1283 5186 1603 5255 suspicabar
1631 5201 1661 5239 a
1689 5185 1974 5257 discipulis
2001 5184 2223 5240 Lutberi

665 5286 719 5335 et
748 5278 956 5333 Calvini
991 5278 1103 5332 haec
1145 5276 1483 5346 antiquitatis
1523 5288 1869 5331 monumenta
1916 5276 2086 5333 fuisse
2138 5292 2224 5330 re-

667 5371 890 5443 probate
921 5370 1189 5441 praecipue
1216 5384 1280 5423 ex
1308 5370 1433 5423 odio
1475 5368 1821 5438 virginitatis.
1846 5376 1900 5423 et
1929 5384 1957 5422 a
1997 5368 2222 5439 quibus-

666 5461 788 5513 dam
821 5458 1104 5514 catholicis
1138 5458 1258 5513 ideo
1304 5473 1412 5511 non
1461 5456 1631 5512 fuisse
1658 5458 1895 5512 admissa
1934 5457 2075 5527 quod
2111 5457 2222 5510 haec

2319 4370 2550 4436 nerunt,
2600 4375 2802 4430 easque
2841 4369 3043 4415 attente
3094 4363 3452 4419 consideravi.
3497 4364 3722 4437 Insuper
3774 4370 3897 4423 sola

2332 4452 2607 4516 Wetstini,
2648 4454 2738 4522 qui
2772 4452 2871 4506 has
2900 4468 2929 4507 e
2970 4450 3193 4522 Syriaco
3224 4454 3279 4508 in
3326 4453 3575 4510 Latinum
3628 4466 3892 4524 verterat.

2330 4545 2658 4616 negligentia
2689 4545 2935 4599 suﬂicere
2962 4545 3091 4599 mihi
3123 4547 3237 4601 visa
3266 4558 3365 4612 est,
3398 4556 3456 4601 ut
3478 4548 3645 4603 lector
3668 4566 3897 4620 respue-

2329 4643 2409 4687 ret
2442 4633 2704 4701 scriptum
2750 4633 2883 4687 adeo
2914 4634 3248 4688 inconditum
3299 4654 3311 4689 :
3370 4638 3580 4694 etiamsi
3631 4641 3772 4693 enim
3805 4643 3891 4695 vel

2330 4724 2553 4777 minime
2592 4724 2966 4779 attenderetur
2988 4724 3231 4799 ruditati,
3265 4742 3331 4781 ne
3378 4728 3554 4783 dicam
3583 4730 3888 4801 imperitiae,

2328 4809 2662 4876 Latinitatis,
2721 4814 3024 4878 rarissime,
3068 4824 3128 4869 ut
3183 4817 3294 4885 jam
3346 4817 3479 4884 dixi,
3519 4829 3697 4876 textus
3735 4820 3888 4876 Scri-

2328 4913 2500 4975 pturas
2531 4905 2797 4976 interpres
2826 4906 3203 4961 animadvertit
3232 4917 3285 4962 et
3307 4912 3561 4980 agnovit;
3584 4929 3680 4969 nec
3704 4914 3890 4971 forsan

2327 4997 2509 5053 minus
2559 5012 2685 5052 raro
2742 5000 2982 5053 auctoris
3058 4999 3141 5053 sui
3200 5001 3357 5069 plene
3406 5017 3628 5058 sensum
3685 5009 3881 5077 attigit.

2325 5091 2455 5145 lnde
2512 5090 2714 5144 factum
2769 5097 2854 5145 est
2926 5101 2980 5145 ut
3030 5093 3251 5162 [saepius
3318 5096 3731 5167 inintelligibilis
3790 5114 3889 5157 aut

2326 5182 2593 5237 barbarus
2673 5182 2915 5251 prodiret
2990 5183 3115 5253 tius
3193 5186 3369 5240 sancti
3438 5185 3732 5246 Clementis
3802 5192 3885 5245 la.

2324 5276 2442 5329 bor.

2393 5363 2681 5437 Exhorrui,
2714 5361 2905 5426 fateor,
2936 5362 3075 5416 hanc
3095 5363 3463 5421 difﬁcultatum
3492 5368 3677 5423 silvam
3710 5368 3893 5439 ingre-

2326 5456 2561 5511 diendo:
2594 5470 2692 5509 nec
2720 5453 2943 5508 deerant
2973 5456 3210 5511 rationes
3256 5458 3452 5527 quibus
3504 5459 3572 5513 ab
3603 5459 3685 5515 his
3724 5462 3893 5513 extri-

666 5566 696 5604 a
733 5551 997 5619 suspectis
1021 5552 1273 5607 manibus
1312 5549 1489 5605 oblata
1544 5564 1652 5606 non
1693 5549 1828 5606 satis
1859 5557 2069 5606 mature
2092 5564 2227 5618 pon-
2259 5535 2300 5591 Β
2332 5548 2521 5602 candis
2550 5546 2730 5603 dumis
2754 5562 3079 5602 removerer.
3114 5546 3213 5605 Hic
3242 5549 3384 5603 enim
3425 5551 3576 5605 labor
3606 5551 3749 5621 exigi
3781 5568 3893 5609 non

665 5640 943 5698 derassent

2336 5647 2511 5711 potest
2550 5638 2620 5694 ab
2651 5638 2904 5709 episcopo
2952 5638 3098 5695 mille
3156 5639 3279 5697 aliis
3324 5642 3581 5711 gravibus
3626 5642 3774 5701 curis
3806 5644 3893 5698 in.
