4074 6328
216 302 326 359 351

1140 304 1499 364 EPISTOLE
1555 304 1646 361 AD
1715 301 2056 360 VIRGINES.
2092 334 2160 348 —-
2190 296 2557 356 PHOCEMIA.

3358 291 3466 349 35?

217 422 394 470 tento.
434 415 705 476 Praeterea
755 420 998 475 sciebam
1044 423 1311 478 sectarios
1361 438 1472 478 non
1521 421 1792 492 aequiores
1823 425 1869 481 Α
1894 420 1989 475 sed
2019 428 2075 475 et
2097 419 2374 489 defunctus
2410 416 2582 470 adhuc
2611 415 2916 469 locutusest
2939 413 2981 476 τ’,
3012 409 3280 480 dum,per
3310 407 3466 478 plura

197 505 439 562 futuros
467 523 590 564 esse
619 523 744 580 erga
774 511 1236 568 elucubrationem
1268 529 1466 576 meam,
1503 520 1791 583 postquam

216 596 475 664 ejusdem
531 600 748 669 generis
779 599 950 656 fetum
993 618 1024 656 a
1057 603 1232 658 sodali
1275 604 1481 660 editum
1513 610 1625 657 tam
1676 603 1794 658 dire

222 686 570 746 lacesserint.
630 689 1015 761 Expendebam
1069 709 1288 764 quoque
1340 695 1636 760 modicum,
1698 692 1793 764 qui

219 781 436 848 sperari
488 789 693 851 posset,
739 784 901 853 hujus
947 785 1194 855 opusculi
1250 785 1540 842 fructum:
1593 786 1795 843 fratres

221 870 372 922 enim
403 873 576 926 nostri
607 882 875 938 errantes,
899 874 1013 930 hoc
1043 875 1191 930 edito
1239 876 1440 942 libello,
1470 891 1580 932 non
1613 879 1796 933 minus

220 976 391 1029 quam
439 963 600 1017 a‘htea
648 964 951 1034 virginitati
987 965 1188 1021 infensi
1218 977 1400 1032 erunt,
1431 968 1642 1023 etiamsi
1675 969 1797 1023 luce

221 1053 431 1107 clarius
466 1055 786 1124 probaretur
814 1057 1157 1112 authenticas
1179 1073 1302 1113 esse
1338 1058 1515 1114 sancti
1536 1059 1796 1116 Clemen-

222 1143 296 1197 tis
333 1141 607 1214 Fpistolas
646 1147 712 1201 ad
747 1146 1017 1218 Virgines.
1041 1147 1158 1201 Non
1187 1147 1453 1218 siquidem
1479 1149 1609 1203 huic
1658 1165 1798 1219 pon-

221 1233 357 1288 tifici
383 1235 596 1290 felicior
626 1239 905 1310 obtingere
935 1254 1056 1294 sors
1088 1248 1265 1308 potest
1285 1254 1451 1309 quam
1471 1240 1598 1296 divo
1623 1240 1798 1297 Paulo

221 1328 382 1395 'cujus
417 1335 537 1383 erat
594 1331 918 1402 discipulus.
975 1333 1241 1386 Catholici
1304 1335 1405 1388 hoc
1441 1349 1584 1388 novo
1636 1350 1797 1405 argu-

223 1423 411 1469 mento
440 1432 549 1472 non
604 1419 848 1490 indigent
882 1430 941 1475 ut
996 1421 1304 1475 doctrinam
1347 1429 1550 1477 sanctae
1605 1423 1797 1479 matris

224 1505 488 1562 Ecclesiae
507 1511 934 1565 commendatam
961 1512 1216 1566 habeant.
1268 1511 1530 1580 Tandem,
1565 1515 1795 1580 aiebam,

225 1597 272 1652 si
304 1596 416 1653 Deo
443 1600 709 1669 placuerit
756 1603 1034 1657 emendari
1077 1611 1132 1658 et
1189 1605 1519 1676 explicatum
1577 1608 1800 1677 prodire

224 1705 366 1759 Opus
399 1690 570 1755 istud,
624 1691 798 1746 lucem
857 1708 922 1748 ac
967 1695 1324 1760 voluntatem,
1361 1707 1425 1750 ut
1459 1695 1795 1766 perficiatur,

224 1780 524 1850 inspirabit
552 1783 645 1837 uni
681 1799 749 1838 ex
778 1791 860 1838 tot
889 1785 995 1855 piis
1048 1775 1368 1842 doctoribus
1392 1788 1488 1857 qui
1537 1786 1800 1844 insudant

224 1873 388 1929 hodie
408 1875 464 1928 in
485 1874 743 1930 eruendis
778 1883 832 1931 et
855 1876 1174 1947 evulgandis
1196 1885 1276 1932 tot
1303 1885 1547 1933 veterum
1577 1877 1798 1938 Patrum

223 1961 505 2017 thesauris
536 1963 894 2020 absconditis.

299 2049 530 2121 Semper
569 2059 746 2108 tamen
780 2056 1142 2122 perseveravit
1167 2055 1226 2110 in
1248 2071 1337 2112 me
1363 2065 1543 2112 motus
1574 2057 1803 2114 interior

224 2153 339 2206 quo
366 2140 617 2197 adhunc
657 2143 898 2198 laborem
927 2146 1183 2216 urgebar.
1221 2147 1307 2201 An
1365 2148 1456 2202 ille
1490 2157 1670 2204 motus
1706 2165 1802 2205 su-

226 2231 593 2300 pernaturalis
631 2231 794 2286 fuerit
853 2247 956 2287 nec
985 2233 1272 2298 allirmare,
1331 2250 1434 2289 nec
1485 2251 1684 2306 negare
1705 2252 1805 2291 au-

226 2319 350 2376 deo.
376 2320 564 2375 Dicam
597 2323 939 2378 solummodo
958 2323 1102 2393 quod
1133 2338 1229 2393 per
1263 2324 1446 2393 plures
1467 2341 1638 2380 annos
1667 2341 1805 2381 cun-

227 2419 469 2467 ctantem
499 2420 723 2467 sanctus
751 2412 1001 2469 Clemens
1028 2415 1180 2470 intus
1209 2429 1436 2484 arguere
1471 2430 1556 2471 me
1582 2415 1806 2470 videba-

227 2508 353 2566 tur;
382 2501 543 2572 quasi
567 2501 939 2570 lidejussorem
953 2509 1007 2556 et
1025 2502 1331 2572 adjutorem
1360 2507 1541 2573 Operis
1568 2502 1804 2558 olIerens

229 2605 350 2645 sese
385 2609 400 2645 :
437 2599 496 2645 ut
522 2591 975 2662 quemadmodum
1006 2593 1122 2664 ipse
1153 2593 1520 2665 virginitatem
1551 2595 1805 2651 laudibus

229 2693 610 2745 exornaverat,
645 2683 931 2752 cautisque
968 2683 1192 2738 monitis
1240 2699 1360 2737 eam
1395 2686 1802 2753 pramunierat,

230 2774 311 2830 sic
335 2789 438 2844 ego
471 2773 832 2844 Epistolarum
861 2791 1082 2830 suarum
1106 2776 1580 2830 authenticitatem
1610 2784 1804 2830 contra

230 2864 582 2920 oblocutores
607 2866 820 2921 naviter
862 2866 1134 2922 ﬁrmarem
1171 2885 1186 2922 :
1226 2868 1317 2938 qui
1365 2868 1502 2920 enim
1542 2869 1710 2935 aperit
1746 2884 1804 2921 os

230 2966 501 3010 mutorum
531 2957 574 3023 ί,
619 2959 805 3022 etiam,
841 2958 1061 3027 quando
1112 2959 1248 3024 vult,
1301 2959 1718 3029 loquacissimos
1751 2967 1806 3014 et

230 3048 632 3105 audacissimos
670 3059 850 3106 mutos
873 3051 1055 3106 ellicit.

303 3138 484 3205 Quare
509 3141 719 3198 diutius
746 3137 1109 3207 'liaasitassem,
1135 3158 1259 3199 cum
1292 3143 1456 3213 hujus
1483 3145 1677 3213 libelli,
1709 3163 1806 3218 per

228 3241 315 3286 tot
344 3233 542 3286 saecula
597 3233 930 3299 absconditi,
965 3237 1265 3305 publicatio
1295 3238 1362 3292 ad
1410 3238 1674 3308 majorem
1712 3240 1807 3296 Dei

229 3321 466 3391 gloriam
504 3331 559 3377 et
622 3324 691 3378 ad
735 3334 944 3380 sanctae
997 3327 1188 3383 matris
1226 3327 1484 3383 Ecclesiae
1544 3327 1807 3386 honorem

229 3427 462 3482 vergere
495 3423 620 3468 nata
645 3417 824 3471 esset?

306 3504 466 3560 Certe
495 3506 542 3560 si
571 3506 686 3561 sola
711 3508 1023 3578 eloquentia
1057 3509 1113 3564 in
1145 3512 1368 3582 scriptis
1395 3511 1635 3581 antiquis
1658 3527 1808 3582 quaa-

227 3611 473 3666 teretur,
501 3605 556 3658 in
578 3605 850 3662 oblivione
881 3609 1114 3678 relinqui
1147 3611 1454 3679 potuissent
1481 3613 1659 3667 sancti
1685 3613 1808 3668 Cle-

229 3696 440 3750 mentis
466 3694 722 3765 Epistolae
759 3713 896 3767 quas
947 3699 1290 3768 publicamus
1325 3722 1339 3757 :
1394 3703 1516 3757 libri
1572 3719 1809 3774 namque

187 3842 190 3843 ν
231 3786 749 3854 superabundantes
800 3789 1073 3858 politioris
1127 3792 1452 3849 litteratum
1489 3802 1544 3850 et
1595 3796 1809 3851 eximiae

229 3893 468 3948 pocseos
497 3878 854 3950 undequaqne
875 3881 941 3935 ad
964 3898 1064 3937 nos
1087 3894 1472 3951 pervenerunt.
1503 3885 1568 3940 Et
1598 3887 1808 3941 utinam

231 3972 530 4042 periissem
559 3979 637 4026 tot
680 3988 844 4043 opera
893 3975 1053 4044 plena
1106 3975 1444 4033 foeditatibus
1482 3987 1537 4033 et
1570 3981 1805 4034 immun-

230 4062 391 4116 ditiis
439 4063 630 4116 vitium
681 4065 956 4133 eleganter
1007 4065 1444 4122 insinuantibusl
1497 4068 1737 4132 Utinam,
1779 4089 1810 4128 e

231 4160 460 4219 contra,
511 4155 816 4209 conservati
887 4154 1137 4220 fuissent,
1193 4174 1383 4213 eorum
1438 4161 1597 4226 loco,
1647 4163 1810 4218 innu-

231 4246 376 4300 meri
433 4257 748 4302 sanctorum
798 4247 1023 4304 Patrum
1094 4252 1336 4306 thesauri
1417 4253 1618 4322 injuria
1671 4263 1810 4311 tem-

227 4352 434 4408 porum
503 4337 745 4405 amissi,
828 4340 1218 4414 ccelestemque
1291 4344 1614 4415 sapientiam
1696 4348 1810 4418 spi-

229 4439 423 4488 rantes
439 4429 453 4486 ι

519 4629 755 4670 Ριιετιυκ
781 4629 940 4670 HUIUS
961 4631 1267 4672 XONUHENTI
1290 4633 1526 4682 ANTIQUI.

315 4701 535 4768 Verum,
572 4707 669 4761 has
699 4709 842 4763 inter
869 4709 1109 4772 divitias,
1154 4711 1291 4764 tanti
1345 4713 1508 4766 nullae
1551 4711 1808 4766 aestimari

231 4793 440 4851 debent
467 4798 659 4866 quanti
686 4798 927 4852 virorum
982 4801 1403 4868 apostolicorum
1438 4803 1638 4872 scripta
1692 4818 1812 4872 qum

231 4887 418 4959 prima
443 4887 880 4945 Christianorum
906 4893 1134 4962 vestigia
1164 4893 1323 4949 nobis
1376 4894 1651 4964 detegunt,
1675 4911 1812 4964 prae-

233 4977 399 5045 cipue
422 4984 600 5030 autem
630 4976 673 5030 si
703 4993 767 5031 ex
802 4979 886 5034 his
917 4979 983 5033 ad
1017 4997 1118 5035 nos
1157 4981 1344 5036 reboet
1402 4983 1648 5051 quaedam
1673 4983 1810 5038 echo

235 5075 448 5123 remota
479 5068 771 5138 pontificiae
819 5072 970 5126 vocis
1003 5087 1122 5142 qua:
1152 5073 1369 5142 penitus
1396 5073 1668 5127 exstincta
1700 5090 1813 5128 cre-

234 5158 493 5215 debatur.
526 5160 682 5226 Quis,
715 5177 900 5232 porro,
937 5179 1128 5228 sonus,
1163 5172 1285 5234 post
1318 5160 1689 5235 apostolorum
1715 5181 1813 5219 vo-

234 5267 382 5319 cem,
413 5251 615 5305 clarior
665 5255 824 5310 nobis
870 5258 952 5326 vel
983 5257 1204 5312 charior
1241 5272 1363 5312 esse
1403 5263 1584 5326 potest
1646 5271 1812 5326 quam

236 5356 346 5395 vox
375 5343 550 5396 sancti
582 5341 875 5400 Clementis
907 5363 1028 5416 qua:
1059 5347 1220 5403 toties
1253 5347 1308 5401 in
1363 5347 1604 5402 ﬁdelium
1655 5349 1815 5402 coeti-

235 5436 350 5490 bus
384 5451 545 5493 aures
583 5447 818 5494 attentas
856 5439 1125 5508 implevit,
1159 5448 1378 5510 pectora
1425 5449 1614 5495 sancta
1662 5455 1815 5494 com-

234 5528 440 5584 movitl
471 5527 591 5584 Non
623 5529 784 5592 modo
813 5545 1049 5601 namque
1098 5531 1215 5602 ipse
1255 5531 1444 5588 vivens
1474 5530 1811 5602 praedicavit,

1894 513 2115 576 saecula,
2148 510 2322 582 ipsius
2352 509 2557 578 scripta
2602 505 2852 566 ﬁdelibus
2888 503 3220 572 legerentur.
3249 496 3325 552 Eo
3365 511 3468 568 pu-

1892 604 2008 660 rior
2059 617 2198 674 aqua
2223 609 2409 657 manat
2432 616 2542 672 quo
2569 599 2704 656 fonti
2734 595 3093 669 propinquior
3139 600 3248 656 est.
3295 589 3468 644 Nemo

1892 710 2022 752 vero
2050 694 2228 750 nescit
2257 692 2416 747 fidem
2447 706 2512 746 ac
2560 688 2776 745 vivendi
2808 688 3038 744 formam
3085 685 3262 740 cordi'
3289 680 3465 737 sancti

1894 784 2194 841 Clementis
2225 781 2521 838 instillatas
2572 780 2744 836 fuisse
2788 779 2860 834 ab
2909 779 3044 848 ipsis
3077 773 3337 846 apostolis
3365 770 3470 826 Pe-

1894 884 1981 930 tro
2005 886 2060 932 et
2079 875 2252 930 Paulo
2283 888 2514 945 quorum
2540 873 2846 944 discipulus
2876 879 3015 926 erat.
3041 868 3247 923 Horum
3286 878 3470 920 mores

1906 967 2278 1024 sanctissimos
2306 978 2492 1018 coram
2518 961 2751 1019 intuitus
2777 970 2883 1027 est,
2904 961 3229 1029 exterisque
3251 957 3470 1010 intuen-

1899 1058 1998 1112 dos
2028 1072 2092 1113 ac
2125 1058 2420 1113 imitandos
2455 1056 2742 1129 proposuit
2795 1073 2817 1110 :.
2865 1053 3068 1127 dignus
3100 1048 3346 1130 profecto
3374 1045 3470 1116 qui

1897 1149 1968 1204 ab
2015 1147 2135 1219 ipso
2181 1146 2342 1204 Petro
2389 1149 2446 1203 in
2517 1159 2894 1204 successorem
2951 1143 3245 1213 eligeretur
3283 1158 3297 1193 :
3351 1137 3473 1208 ejus

1896 1241 2098 1311 quippe
2131 1241 2386 1304 scientia,
2409 1239 2543 1302 vita,
2579 1235 2900 1309 martyrium
2930 1234 3067 1292 satis
3116 1232 3418 1304 probarunt
3441 1245 3474 1282 a

1897 1331 2039 1384 coelo
2095 1329 2419 1401 inspiratam
2479 1328 2652 1385 fuisse
2726 1336 2841 1381 tam
2903 1324 3170 1394 eximiam
3243 1319 3472 1376 electio-

1873 1473 1876 1476 .
1897 1435 2045 1477 nem.

1970 1511 2143 1577 Quale
2193 1510 2296 1565 fuit
2344 1509 2492 1567 illius
2539 1510 2798 1564 meritum
2845 1507 3008 1577 cujus
3064 1500 3478 1577 prmdcstinatio

1897 1601 2138 1673 gloriosa
2167 1600 2238 1655 ab
2271 1601 2391 1671 ipso
2425 1599 2584 1655 beato
2624 1597 2790 1652 Paulo
2835 1593 3092 1666 praedicta
3146 1591 3261 1660 est!
3302 1587 3475 1657 Quem

1899 1695 2150 1749 certatim
2206 1691 2456 1748 laudibus
2497 1690 2730 1747 ell‘erunt
2766 1687 3023 1744 maximis
3077 1682 3325 1763 lgnatius
3364 1679 3481 1735 An-

1901 1785 2208 1849 tiochenus,
2242 1783 2477 1839 lrenaaus
2521 1780 2929 1852 Lugdunensis,
2959 1777 3216 1846 Clemens
3241 1773 3479 1842 Alexan-

1900 1875 2114 1938 drinus,
2165 1873 2452 1945 Origenes,
2510 1872 2804 1936 Eusebius,
2845 1866 3204 1930 Athanasius,
3236 1863 3478 1936 Cyrillus

1902 1962 2456 2034 Hierosolymitanus,
2513 1961 2747 2032 Optatus
2797 1957 3183 2019 'Milevitanus,
3242 1952 3482 2024 Epipha-

1902 2055 2053 2118 nius.
2085 2052 2344 2117 Basilius,
2373 2050 2762 2121 Hieronymus,
2793 2047 3063 2112 'Rulinus,
3115 2043 3480 2114 Augustinus,

1903 2145 2209 2200 Eucherius
2238 2141 2641 2213 Lugdunensis,
2677 2138 3063 2206 innumerique
3091 2136 3218 2190 aliil

1973 2235 2093 2291 Non
2126 2235 2258 2290 solae
2287 2233 2467 2289 sancti
2489 2230 2789 2288 Clementis
2832 2231 2900 2286 ad
2945 2228 3197 2300 Virgines
3224 2223 3484 2297 Epistolas

1903 2337 2212 2398 temporum
2245 2327 2502 2396 injuriam
2559 2325 2864 2389 subierant,
2918 2323 3154 2394 plurima
3203 2320 3309 2374 alia
3341 2317 3483 2372 tanti

1905 2420 2180 2491 pontificis
2211 2423 2418 2490 scripta
2469 2418 2674 2471 amissa
2704 2423 2951 2481 sunt,.et
2993 2429 3117 2485 qua:
3161 2414 3481 2482 supersunt.

1906 2522 1998 2570 aut
2029 2514 2218 2569 mutila
2272 2520 2366 2568 aut
2418 2521 2678 2582 corrupta
2722 2512 2788 2565 ad
2839 2525 2941 2566 nos
2966 2508 3292 2578 transmissa
3329 2513 3480 2562 sunt.

1907 2605 2165 2662 Dominus
2197 2612 2377 2659 autem
2436 2604 2526 2673 qui
2576 2601 2805 2657 custodit
2861 2617 2983 2656 oua
3012 2599 3329 2656 Sanctorum
3361 2610 3487 2649 suo-

1907 2713 2025 2750 rum
2056 2696 2098 2760 ',
2159 2709 2355 2764 eaque,
2391 2707 2515 2748 cum
2575 2692 2674 2747 sibi
2729 2693 2932 2763 placet,
2982 2688 3214 2750 revelat,
3279 2684 3487 2754 scripta

1907 2788 2071 2841 etiam
2102 2800 2294 2840 eorum
2347 2782 2698 2854 quandoque,
2746 2798 2844 2852 per
2888 2780 3216 2850 quemlibet,
3267 2775 3488 2834 etiamsi

1908 2875 2168 2930 Ecclesiae
2195 2873 2480 2928 catholicae
2512 2883 2853 2935 extraneum,
2882 2867 3218 2925 manifestat.

1981 2968 2094 3036 Sic,
2150 2981 2294 3022 anno
2343 2965 2504 3029 1655,
2555 2962 2913 3018 doctissimus
2943 2960 3143 3016 Junius
3182 2957 3484 3025 Patricius,

1831 3082 1878 3144 ο
1909 3059 2240 3116 Oxoniensis
2265 3097 2283 3124 ,
2314 3056 2484 3112 edidit
2523 3047 2711 3110 Graece
2743 3053 3044 3144 Latineque
3064 3052 3304 3144 primam
3339 3048 3492 3118 ejus-

1915 3155 2034 3208 dem
2067 3151 2243 3206 sancti
2270 3147 2587 3217 Clementis,
2609 3145 2907 3216 Epistolam
2940 3143 3006 3197 ad
3053 3140 3391 3204 Corinthios,
3424 3153 3492 3193 ex

1916 3243 2302 3314 antiquissimo
2357 3238 2731 3308 manuscripto
2790 3233 3180 3308 Alexandrino.
3233 3229 3348 3296 Sic,
3379 3229 3493 3285 fere

1915 3334 2107 3389 diebus
2139 3331 2368 3394 nostris,
2391 3329 2628 3385 Joannes
2659 3325 2898 3381 Iacobus
2937 3323 3268 3394 Wetstinus,
3300 3335 3330 3375 e
3367 3333 3494 3390 pro-

1915 3421 2236 3478 testautium
2289 3422 2455 3475 etiam
2491 3432 2669 3489 grege,
2713 3415 2934 3488 Syriace
2965 3429 3028 3469 ac
3079 3412 3270 3486 Latine
3299 3410 3490 3474 edidit,

1915 3513 2165 3585 Lugduni
2197 3513 2543 3576 Batavorum,
2565 3509 2708 3573 duas
2736 3508 2871 3561 alias
2900 3507 3077 3561 sancti
3103 3503 3398 3560 Clementis
3424 3503 3491 3558 ad

1916 3605 2171 3676 Virgines
2211 3603 2510 3674 Epistolas,
2567 3616 2707 3672 quas
2737 3615 2805 3654 ex
2861 3598 3086 3668 antiquo
3115 3595 3494 3665 manuscripto

1920 3697 2146 3769 Syriaco
2202 3696 2338 3752 Novi
2393 3693 2748 3758 Testamenti,
2793 3691 2984 3762 Alepo,
3037 3688 3108 3744 ab
3164 3688 3494 3758 imperatore

1917 3790 2224 3844 Turcarum
2259 3788 2449 3850 misso,
2480 3786 2646 3842 eruit.

1988 3882 2224 3935 Litteras
2273 3879 2448 3934 sancti
2505 3874 2806 3931 Clementis
2856 3873 2922 3928 ad
2969 3871 3288 3928 Corinthios
3327 3878 3490 3927 vocat

1917 3982 2142 4031 sanctus
2184 3971 2420 4027 lrenaeus
2457 3969 2850 4038 potentissimas
2883 3967 2926 4022 ⁸.
2980 3965 3222 4020 Primam
3272 3964 3339 4019 ad
3388 3979 3485 4020 eos

1921 4069 2218 4139 Epistolam
2257 4074 2484 4121 sanctus
2515 4061 2880 4132 Hieronymus
2913 4064 3168 4141 testatur_
3201 4056 3493 4128 specialius

1918 4173 2038 4213 esse
2063 4156 2216 4215 valde
2245 4155 2447 4209 utilem.
2492 4171 2510 4205 ι
2559 4151 2685 4206 Hac
2717 4149 2967 4212 videtur,
3017 4150 3128 4214 ait,
3181 4149 3506 4203 characteri'

1920 4251 2192 4320 Epistolas,
2217 4263 2336 4318 qua:
2367 4246 2467 4300 sub
2492 4243 2644 4297 Pauli
2675 4241 2896 4295 nomine
2925 4240 2992 4294 ad
3015 4228 3267 4296 Hebraeos
3298 4239 3490 4305 fertur,

1918 4341 2208 4397 convenire
2239 4339 2314 4394 ⁸.»
2354 4337 2499 4391 idem
2533 4341 2766 4396 sanctus
2814 4333 3006 4388 doctor
3039 4333 3251 4388 dubitat
3292 4332 3360 4388 de
3387 4348 3488 4386 au-

1850 4427 1892 4480 1)
1923 4432 2262 4488 thenticitate
2298 4428 2617 4500 posterioris
2679 4426 2921 4498 epistolae
2952 4426 3128 4482 sancti
3194 4425 3490 4482 Clementis

1917 4524 1985 4579 ad
2013 4517 2352 4578 Corinthios.

1920 4722 2176 4763 IOIENTA
2232 4719 2351 4768 ρυλε
2401 4719 2677 4760 Αετιωυιιτ
2732 4718 3049 4758 NOSTHARUI
3117 4717 3493 4759 EPISTOLARUI

2443 4789 2972 4830 LUTHBNTICITA'I'EI.

1991 4887 2066 4949 De
2099 4889 2367 4944 ambabus
2415 4888 2679 4958 Epistolis
2714 4903 2853 4957 quas
2883 4887 3065 4950 hodie,
3114 4894 3237 4956 post
3266 4885 3493 4942 Wetsti-

1901 4996 2072 5042 .num.
2099 4980 2466 5048 publicamus,
2495 4979 2716 5033 locutus
2742 4985 2826 5031 est
2857 4987 3081 5034 sanctus
3102 4975 3488 5047 Hieronymus,

1918 5074 2010 5127 lib.
2042 5089 2058 5125 ι
2105 5082 2288 5126 contra
2315 5071 2658 5125 Jovinianum
2685 5111 2700 5136 ,
2729 5071 2917 5125 dicens
2944 5088 2956 5125 :
3017 5089 3036 5121 ι
3067 5069 3129 5122 Hi
3163 5078 3290 5124 sunt
3317 5085 3490 5124 eunu-

1918 5165 2007 5218 chi
2037 5181 2176 5234 quos
2237 5163 2504 5218 castravit
2539 5162 2648 5218 non
2699 5163 3023 5226 necessitas,
3074 5161 3168 5215 sed
3213 5161 3484 5226 voluntas,

1919 5265 2139 5326 pr0pter
2168 5271 2395 5325 regnum
2442 5256 2725 5327 caelorum.
2759 5255 2839 5309 Ad
2865 5255 2967 5309 hos
2998 5261 3050 5306 et
3080 5252 3330 5308 Clemens
3363 5269 3488 5307 suc-

1921 5364 2108 5404 cessor
2134 5348 2367 5418 apostoli
2417 5345 2564 5402 Petri
2597 5348 2812 5417 scripsit
2839 5345 3130 5416 epistolas;
3163 5361 3488 5416 omnemque

1918 5454 2055 5510 pene
2083 5453 2391 5494 sermonem
2426 5455 2584 5493 suum
2615 5439 2682 5494 de
2713 5439 3047 5510 virginitatis
3078 5439 3314 5509 puritate
3355 5454 3487 5493 con-

1920 5529 2125 5585 texuit:
2155 5537 2208 5585 et
2238 5529 2495 5600 deinceps
2527 5529 2682 5585 multi
2709 5529 3014 5600 apostolici,
3036 5537 3090 5584 et
3118 5539 3405 5600 martyres,
3436 5534 3492 5586 et

315 5706 332 5740 ⁸
365 5705 492 5780 Sap.
527 5723 583 5776 x,
609 5707 696 5763 21.
777 5709 800 5742 ³
829 5711 995 5769 Hebr.
1023 5727 1100 5779 xt,
1131 5710 1185 5768 4.
1261 5711 1282 5744 ³
1311 5709 1459 5770 Psal.
1491 5728 1688 5781 xxxtu,
1713 5713 1804 5769 ‘21.

1904 5714 1968 5771 ‘l.
2005 5728 2087 5781 ιιι,
2117 5729 2146 5768 c
2216 5715 2272 5770 3.
2345 5714 2364 5745 '
2389 5712 2460 5768 De
2499 5714 2679 5783 script.
2733 5711 2886 5781 εδει,
2917 5728 2967 5768 c.
3003 5710 3093 5769 l5.
