4096 6318
673 333 779 391 359

1402 352 1405 353 '
1458 334 1515 390 S.
1552 328 1945 390 CLEMENTIS
1977 332 1997 385 ι
2032 331 2198 391 ROM.
2235 334 2438 392 ΡΟΝΤ.
2477 336 2703 397 QPEBA
2736 335 3061 394 GENUINA.

3805 334 3913 395 ὅθί

673 451 914 506 illustres
940 456 1049 505 tam
1078 452 1363 506 sanctitate
1395 465 1559 521 quam
1589 452 1898 522 eloquentia
1924 451 2067 517 viri,
2094 466 2232 522 quos
2259 472 2305 528 Α
2336 452 2417 508 las
2434 454 2500 507 ad
2516 454 2851 511 Corinthios.
2869 454 3022 509 Patet
3043 454 3209 511 etiam
3232 453 3416 510 Grzeee
3440 453 3702 523 scriptum
3729 451 3919 509 fuisse

668 557 739 599 ex
767 541 1003 614 propriis
1038 543 1255 613 scriptis
1282 558 1444 599 nosse
1466 544 1724 613 perfacile
1758 551 1895 599 est.»

741 637 819 694 De
848 638 1043 695 iisdem
1068 636 1329 709 Epistolis
1362 637 1445 693 sic
1474 637 1715 709 loquitur
1746 644 1972 692 sanctus
1998 634 2237 707 Epipha-

669 728 798 785 nius
820 728 843 759 '
874 747 889 783 :
922 745 943 779 ι
974 728 1096 798 ipse
1120 728 1371 783 Clemens
1422 728 1547 783 illos
1593 742 1688 798 per
1713 728 1897 782 omnia
1940 724 2141 781 refutat
2178 726 2235 781 in

669 818 757 874 his
784 834 923 889 quas
950 819 1174 891 scripsit
1196 818 1444 889 epistolis
1467 819 1829 875 circularibus
1858 832 1981 889 quae
2008 818 2063 872 in
2104 832 2235 873 san-

550 898 551 901 “
666 909 772 965 ctis
802 907 1065 985 Ecclesiis
1089 911 1408 979 leguntur...
1425 908 1809 982 Virginitatem
1829 909 2083 964 Clemens
2103 907 2233 963 edo-

664 999 782 1053 cuit
812 1016 829 1067 ;
857 999 951 1055 isti
982 1002 1289 1071 repudiant.
1324 999 1418 1056 ille
1442 1001 1609 1064 etiam
1636 997 1893 1054 Davidem
1922 1006 1977 1055 et
2005 997 2229 1054 Samso-

667 1105 791 1145 nem
814 1104 1113 1162 omnesque
1136 1092 1428 1162 prophetas
1447 1090 1821 1159 commendat;
1846 1090 2109 1146 Ebionitte
2128 1088 2225 1146 de-

666 1185 957 1235 testantur.
972 1200 992 1234 ο

736 1268 862 1329 Hac
909 1272 1096 1337 verba,
1170 1271 1478 1328 certissime
1536 1273 1674 1329 adeo
1722 1273 1871 1329 clare
1932 1271 2227 1341 designant

662 1362 922 1433 epistolas
950 1377 1092 1433 quas
1140 1364 1208 1419 de
1238 1363 1564 1436 Virginitate
1597 1366 1820 1435 scripsit
1850 1373 2076 1422 sanctus
2102 1366 2226 1424 Cle-

662 1468 838 1521 mens,
890 1465 953 1509 ut
978 1454 1068 1519 .Ade
1117 1470 1306 1511 earum
1342 1456 1631 1511 existentia
1674 1456 1914 1511 dubitari
1964 1466 2220 1528 nequeat.

660 1544 973 1613 Enimvero,
1003 1558 1226 1604 sanctus
1267 1548 1540 1614 Clemens,
1572 1549 1730 1619 juxta
1776 1548 1997 1603 beatum
2030 1547 2224 1606 Hiero-

659 1657 905 1713 nymum,
919 1642 1162 1696 omnium
1186 1647 1427 1698 virorum
1447 1643 1869 1714 apostolicorum
1889 1648 2221 1713 martyrum-

660 1746 765 1805 que
791 1735 1083 1790 sanctitate
1112 1750 1177 1791 ac
1222 1736 1534 1806 eloquentia
1576 1735 1870 1792 illustrium
1906 1736 2001 1806 qui
2052 1736 2217 1792 hocce

2338 542 2688 615 archetypum
2718 547 2949 601 duarum
2976 546 3339 617 Epistolarum
3370 546 3437 601 ad
3470 544 3714 616 Virgines
3748 560 3760 596 :
3790 560 3923 599 ver-

2336 634 2420 689 sio
2445 638 2643 707 quippe
2676 636 2900 709 Syriaca
2922 640 3077 709 plura
3108 637 3739 713 conservavitvocabnla
3785 652 3913 705 qua:

2317 740 2484 782 .mere
2508 726 2698 783 Grzeca
2721 739 2849 784 sunt
2866 730 2966 802 (l).
2992 726 3259 800 Tempore
3275 743 3384 799 quo
3406 736 3629 785 sanctus
3660 726 3913 797 pontifex

2333 818 2575 888 scripsit,
2601 819 2748 874 nulla
2764 820 3117 890 probabiliter
3165 818 3434 875 existebat
3484 820 3662 873 adhuc
3712 832 3907 872 sacra-

2331 920 2453 963 rum
2500 908 2907 981 Scripturarum
2940 910 3121 967 versio
3182 910 3392 975 Latina,
3432 910 3622 964 saltem
3669 908 3911 962 authen-

2330 999 2439 1054 tica
2464 1014 2480 1053 :
2513 1008 2567 1056 et
2593 1000 2722 1056 inde
2750 1001 2949 1071 conjici
2978 1009 3159 1072 potest
3186 1016 3286 1055 cur
3309 1000 3495 1056 Grece
3521 999 3705 1070 potius
3734 1012 3904 1068 quam

2328 1087 2520 1146 Latine
2546 1098 2772 1149 sanctus
2798 1090 3051 1147 Clemens
3077 1105 3242 1161 opera
3280 1105 3379 1145 sua
3418 1089 3701 1159 scripserit
3728 1104 3743 1140 :
3770 1102 3907 1142 cum

2325 1181 2505 1245 enim,
2568 1189 2630 1235 ut
2692 1182 3026 1252 plurimum,
3094 1199 3163 1237 ex
3220 1183 3401 1237 verbis
3460 1181 3634 1237 sacris
3687 1194 3927 1243 εει-ωηο,

2325 1284 2450 1324 nem
2481 1285 2641 1325 suum
2671 1272 2929 1336 texuerit,
2984 1272 3160 1327 multo
3198 1271 3535 1327 commodius
3566 1278 3619 1325 et
3648 1269 3903 1325 securius

2324 1354 2496 1411 citare
2516 1364 2727 1426 poterat
2755 1360 3165 1416 translationem
3195 1360 3437 1416 Graecam
3465 1374 3586 1431 quae
3628 1360 3680 1414 in
3723 1361 3901 1413 mani-

2322 1441 2428 1500 bus
2472 1445 2717 1501 omuium
2770 1455 2911 1512 erat,
2974 1463 3139 1518 quam
3185 1448 3488 1503 sententias
3539 1446 3593 1500 in
3642 1444 3903 1498 Latinam

2321 1543 2534 1593 vertere
2568 1538 2827 1610 linguam.
2858 1536 3042 1595 Utitur
3055 1555 3185 1610 ergo
3206 1538 3408 1609 jugiter
3436 1538 3687 1592 versione
3706 1534 3898 1588 Graeca

2320 1622 2532 1683 Veteris
2555 1627 2912 1694 Testamenti,
2946 1632 3115 1693 etiam
3170 1629 3391 1700 quando
3418 1628 3486 1681 ah
3519 1626 3782 1682 Hebraica
3814 1624 3897 1679 le—

2318 1716 2504 1775 ctione
2529 1721 2757 1776 recedit.
2779 1720 2936 1786 Quod
2963 1731 3117 1777 certe
3138 1735 3390 1790 magnam
3410 1718 3633 1774 denotat
3656 1715 3900 1785 antiqui-

658 1826 842 1880 thema
871 1826 1211 1882 tractandum
1262 1832 1650 1896 susceperunt,
1691 1826 2082 1897 antesignanus
2109 1838 2214 1883 est.

2319 1816 2484 1866 tatem
2520 1812 2746 1867 istarum
2778 1811 3163 1883 Epistolarum.
3209 1811 3545 1868 Vetustatem
3585 1809 3750 1864 etiam
3810 1821 3901 1861 ar-

659 1914 773 1973 lmo
800 1918 868 1975 de
892 1920 1083 1975 iisdem
1112 1918 1369 1990 Epistolis
1414 1925 1650 1974 testatur
1702 1925 1929 1973 sanctus
1980 1917 2218 1991 Epipha-

657 1995 785 2067 nius
812 2025 931 2067 eas.
960 2012 1138 2066 adhuc
1168 2026 1270 2068 suo
1320 2019 1587 2082 tempore,
1646 2010 1704 2065 in
1759 2009 2019 2072 Ecclesiis
2048 2013 2216 2069 lectas

656 2098 846 2157 fuisse.
879 2100 1135 2168 Quaedam
1164 2102 1388 2173 insuper
1418 2109 1608 2158 narrat
1653 2118 1774 2173 qua:
1794 2104 1851 2157 in
1883 2101 1968 2157 his
1995 2100 2233 2177 Episto--

656 2193 746 2257 lis,
778 2201 833 2248 et
857 2209 1125 2265 nusquam
1151 2194 1303 2259 alibi,
1333 2202 1562 2251 sanctus
1589 2191 1841 2250 Clemens
1870 2200 2103 2249 tractat:
2134 2196 2215 2249 vl-

654 2284 875 2350 delicet,
920 2301 1040 2357 qua
1088 2286 1342 2352 attinent,
1388 2286 1490 2342 hac
1539 2287 1601 2342 in
1655 2299 1753 2351 re,
1806 2285 1876 2340 ad
1930 2283 2210 2351 Davidem,

656 2375 973 2433 Samsonem
1002 2384 1055 2431 et
1086 2378 1401 2448 prapbetas.

723 2465 1047 2525 Lambertus
1074 2467 1341 2523 Gruterus
1368 2464 1696 2531 Venradius,
1728 2466 1821 2537 qui
1845 2467 1954 2523 duo
1986 2464 2101 2523 fere
2120 2482 2213 2525 ste-

648 2558 774 2613 cula
796 2566 923 2614 ante
953 2557 1287 2616 Wetstinum
1316 2557 1617 2621 scribebat,
1640 2571 1903 2628 expresse
1937 2558 2091 2628 ponit
2114 2557 2214 2612 has

648 2644 923 2719 Epistolas
954 2649 1097 2704 inter
1130 2650 1303 2703 sancti
1350 2647 1645 2705 Clementis
1695 2648 1898 2718 scripta
1925 2662 2047 2718 quae
2066 2647 2215 2703 desi-

646 2740 927 2797 derantur.
986 2738 1135 2795 ldem
1192 2742 1360 2796 sentit
1409 2739 1699 2808 Baronius,
1739 2740 1831 2795 cui
1867 2738 2210 2797 Rondininus

644 2832 961 2888 consentire
978 2820 1210 2888 videtur.

713 2923 898 2979 Abbas
932 2922 1245 2987 Gratianus,
1271 2923 1365 2994 qui
1392 2938 1569 2995 nuper
1590 2921 1658 2978 de
1678 2921 1867 2980 Graeco
1886 2924 1939 2979 in
1968 2922 2207 2982 ltalicam

641 3010 885 3083 linguam
910 3012 1153 3067 traduxit
1179 3013 1409 3082 primam
1437 3012 1734 3083 Epistolam
1760 3013 1935 3069 sancti
1960 3014 2210 3070 Clemen-

642 3106 718 3161 tis
753 3102 820 3158 ad
846 3105 1180 3180 Corinthios,
1219 3121 1384 3175 super
1438 3104 1555 3162 haec
1582 3106 1744 3163 verba
1796 3121 1919 3177 quae
1953 3123 2106 3163 num.
2140 3106 2210 3162 38

2316 1903 2433 1973 guit
2460 1905 2704 1960 narratio
2730 1906 2953 1963 lotionis
2988 1907 3184 1978 pedum
3212 1920 3353 1977 quae,
3388 1903 3727 1974 temporibus
3770 1915 3905 1971 apo-

2314 1993 2543 2059 stolicis,
2568 2011 2599 2049 a
2618 2006 2885 2065 provecta:
2910 1997 3087 2053 atatis
3127 1995 3447 2051 mulieribus
3477 1993 3653 2047 adhuc
3670 2004 3903 2062 perage-

2314 2084 2497 2151 batur,
2518 2094 2571 2141 et
2591 2102 2734 2157 quae,
2766 2090 2825 2143 ni
2850 2089 3028 2157 fallor,
3069 2089 3273 2159 ubique
3316 2086 3553 2142 cessavit
3606 2091 3731 2157 post
3776 2082 3901 2138 dies

2315 2179 2739 2247 apostolicorum
2768 2181 3034 2239 virorum.
3074 2182 3245 2237 Nemo
3304 2179 3494 2235 mirari
3532 2177 3695 2233 debet
3742 2175 3898 2246 quod

2313 2278 2540 2327 sanctus
2566 2271 2815 2329 Clemens
2860 2272 3016 2329 initio
3042 2281 3097 2329 et
3122 2270 3229 2328 line
3285 2272 3477 2326 harum
3528 2268 3897 2339 Epistolarum

2314 2371 2539 2417 vocetur
2564 2361 2872 2434 Discipulus
2899 2363 3048 2419 Petri
3077 2363 3326 2433 apostoli,
3357 2372 3482 2416 cum
3512 2360 3694 2431 potius
3749 2356 3900 2412 beati

2314 2444 2468 2506 Pauli
2492 2452 2793 2523 discipulus
2835 2463 3125 2509 censeatur
3155 2470 3169 2507 :
3202 2451 3465 2524 Origenes
3511 2450 3681 2515 enim,
3714 2448 3899 2503 sancti

2313 2539 2609 2600 Clementis
2648 2545 2795 2599 aetati
2836 2552 2948 2599 tam
2988 2545 3224 2611 vicinus,
3261 2545 3340 2600 sic
3385 2545 3500 2613 ipse
3550 2541 3793 2611 loquitur
3836 2538 3899 2593 in

2315 2634 2615 2690 Philocalia
2647 2636 2677 2667 τη
2705 2650 2719 2687 :
2754 2632 2993 2691 Clemens
3028 2635 3319 2700 Romanus,
3346 2635 3494 2690 Petri
3526 2633 3754 2703 apostoli
3804 2632 3896 2685 di-

2313 2723 2564 2791 scipulus.
2604 2721 2792 2793 Siqua
2821 2733 3080 2795 praetcrea
3112 2725 3245 2781 ﬁdes
3275 2725 3601 2797 quibusdam
3632 2723 3900 2793 Recogni-

2313 2816 2515 2870 tionum
2541 2814 2631 2885 (9)
2650 2818 3061 2874 narrationibus
3092 2818 3451 2882 concedatur,
3482 2816 3693 2871 nullum
3723 2815 3898 2870 disci-

2312 2906 2500 2976 pulum
2529 2908 2614 2961 vel
2643 2910 2899 2963 comitem
2920 2910 3096 2980 magis
3125 2909 3407 2965 assiduum
3458 2923 3523 2962 ac
3571 2906 3893 2961 unanimem

2312 2997 2503 3055 habuit
2532 3000 2727 3055 beatus
2778 2998 2978 3057 Petrus
3018 3014 3183 3071 quam
3223 3006 3473 3055 sanctum
3526 2996 3889 3052 Clementem.

2312 3088 2453 3157 Quid
2476 3101 2654 3148 autem
2692 3092 3035 3157 incredibile,
3067 3094 3177 3147 imo
3210 3091 3338 3162 quid
3366 3106 3476 3146 non
3502 3088 3741 3143 maxime
3762 3102 3893 3157 pro.

645 3194 811 3266 hujus
840 3171 1095 3265 Epistula:
1122 3171 1511 3267 reperiuntur:
1569 3196 1674 3263 Qui
1701 3171 1859 3251 carne
1882 3207 2059 3252 castus
2109 3206 2209 3262 est,
2237 3171 2278 3228 C
2314 3181 2491 3237 habile
2525 3182 2670 3251 Ψιοά
2699 3190 2924 3237 Sanctus
2945 3181 3221 3247 Clemens.
3258 3182 3349 3259 (11³1
3377 3178 3657 3235 Romanus
3696 3186 3813 3233 ετδί
3835 3185 3891 3231 εί

641 3304 705 3342 ne
726 3286 1026 3355 insolescat,
1076 3290 1244 3343 sciens
1306 3289 1473 3344 alium
1500 3304 1618 3344 esse
1649 3291 1739 3361 qui
1767 3291 1814 3345 ei
1840 3291 2211 3345 continentiam

638 3377 845 3431 donat:
896 3377 1011 3433 ait:
1040 3395 1061 3431 ι
1088 3376 1319 3443 Quidam
1374 3380 1621 3436 sentiunt
1665 3380 1812 3435 hunc
1863 3381 2041 3462 locum
2066 3381 2211 3437 desi-

637 3469 791 3540 gnari
824 3484 857 3524 a
885 3480 1075 3525 sancto
1102 3468 1407 3542 Epiphanio
1450 3479 1505 3527 et
1550 3486 1584 3528 a
1634 3480 1828 3529 sancto
1854 3472 2205 3545 Hieronymo,

636 3562 859 3634 quando
886 3570 1139 3620 asserunt
1164 3572 1413 3620 sanctum
1442 3564 1777 3621 Clementem
1801 3566 1870 3621 de
1898 3566 2209 3637 virginitate

608 3648 1004 3712 disseruisse:
1046 3656 1143 3712 sed
1170 3657 1421 3727 quamvis
1455 3672 1716 3727 expresse
1765 3659 1837 3713 ibi
1887 3660 2088 3713 mentio
2118 3659 2207 3712 iiat

636 3746 705 3801 de
732 3746 982 3801 castitate
1008 3756 1062 3802 et
1085 3749 1443 3812 continentia,
1474 3763 1599 3801 cum
1630 3748 1745 3803 haec
1769 3749 1967 3819 raptim
1996 3756 2204 3804 tantum

636 3838 911 3904 dicantur,
953 3840 1163 3896 videtur
1191 3841 1532 3911 probabilius
1559 3841 1629 3897 de
1679 3841 1766 3897 his
1820 3840 2064 3897 materiis
2108 3854 2207 3898 ex-

636 3929 851 3987 tensivo
874 3930 1055 3997 modo,
1106 3938 1160 3987 et
1207 3947 1275 3987 ex
1310 3932 1558 4003 professo
1603 3941 1899 3988 tractatum
1950 3933 2119 3989 fuisse
2151 3933 2205 3989 in

630 4021 871 4092 quodam
890 4038 956 4077 ex
983 4023 1237 4093 capitulis
1264 4025 1439 4081 sancti
1458 4022 1752 4080 Clementis
1772 4041 1892 4096 qum
1918 4042 2047 4082 casu
2080 4042 2204 4097 per-

633 4114 837 4169 ierunt.
868 4112 1140 4169 Firmatur
1164 4115 1280 4170 hzec
1318 4116 1632 4187 conjectura
1660 4119 1952 4174 ratiocinio
1998 4128 2053 4175 et
2092 4135 2203 4177 non

633 4205 889 4274 ambigua
916 4208 1218 4263 assertione
1237 4208 1619 4277 praedictorum
1650 4217 2021 4267 sanctorum.»

705 4294 826 4351 Non
853 4296 934 4352 sic
962 4297 1206 4368 profecto
1237 4299 1453 4356 locutus
1491 4300 1685 4357 fuisset
1730 4302 2067 4359 honorabilis
2098 4303 2204 4359 iste

634 4389 892 4458 scriptor,
923 4390 970 4446 si
997 4390 1065 4445 ad
1091 4406 1215 4447 eum
1254 4395 1593 4463 pervenisset
1626 4395 1820 4451 notitia
1870 4396 2202 4453 inventionis

634 4479 1002 4551 Epistolarum
1060 4498 1196 4553 quas
1250 4486 1427 4540 denuo
1482 4488 1539 4542 in
1580 4486 1756 4543 lucem
1798 4486 2034 4553 edimus,
2081 4496 2203 4561 post

636 4570 966 4627 Wetstinum
996 4581 1051 4629 et
1073 4573 1137 4627 D.
1170 4574 1238 4629 de
1265 4572 1585 4649 Prémagny.
1615 4577 1905 4643 Praeterea,
1936 4594 2047 4634 non
2076 4588 2201 4634 tan-

633 4668 751 4715 tum
776 4662 1016 4731 capitula
1041 4664 1288 4734 quaidam
1312 4665 1553 4722 indicant
1580 4670 1756 4723 sancti
1786 4668 2119 4739 Epiphanius
2152 4679 2204 4727 et

634 4750 1018 4821 Hieronymus,
1048 4754 1144 4809 sed
1176 4752 1443 4825 Epistolas
1466 4757 1722 4829 integras.
1742 4756 2034 4815 Veniamus
2060 4777 2204 4817 nunc

632 4840 699 4894 ad
731 4840 1079 4909 probationes
1106 4841 1451 4899 iutriusecas.
1476 4842 1655 4900 Prima
1682 4847 1891 4901 eruitur
1927 4862 1991 4903 ex
2020 4846 2201 4918 lingua

635 4930 975 5001 primigenia.
1000 4932 1259 4998 Quamvis
1281 4942 1506 4991 sanctus
1522 4934 1790 4993 'Clemens
1815 4943 1970 4992 esset
2000 4936 2202 4991 Roma-

635 5041 762 5090 nus,
792 5026 941 5080 nulla
970 5034 1340 5082 memorantur
1368 5028 1543 5099 ipsius
1574 5030 1777 5099 scripta
1824 5046 1946 5101 quae
1998 5030 2196 5084 Latino

634 5127 886 5172 sermone
913 5117 1263 5187 evulgaverit.
1294 5117 1478 5175 Graece
1506 5120 1728 5192 scripsit
1756 5122 1944 5178 ambas
1974 5120 2194 5191 Episto-

650 5288 651 5291 γ
703 5317 732 5352 ι
755 5317 953 5390 Epipb.
982 5330 1167 5377 contra
1198 5321 1492 5388 Ebionitas,
1524 5324 1718 5381 haeres.
1748 5324 1915 5389 50,11.
1956 5324 2043 5381 15.

704 5455 783 5527 (1)
825 5456 1083 5528 Exemplo
1103 5462 1212 5517 sint
1235 5462 1354 5518 ista:
1372 5477 1534 5517 voces
1562 5480 1577 5517 :
1604 5462 1969 5525 Eucharistia.
1996 5463 2194 5527 asotia,

632 5526 946 5605 kindgmos,
986 5526 1494 5605 _pra:ris,__schemu,
1539 5535 1701 5605 laxis,
1734 5532 1989 5605 diotheke,
2037 5550 2192 5605 agon.

632 5598 915 5675 natalexei.
942 5598 1326 5675 philodelphia,
1350 5602 1670 5671 philoxenia,
1698 5602 2048 5675 philargyria,
2071 5598 2189 5673 phi-

631 5666 905 5739 loproteja.
936 5666 1285 5739 pqraiteistai.
1319 5666 1425 5729 etc.

704 5737 781 5809 (ἓ)
805 5728 952 5809 Opus
982 5728 1577 5816 Recognitionsmquod
1607 5746 1677 5801 ab
1717 5744 1956 5818 antiquis
2000 5754 2192 5801 sancto

2186 5328 2207 5359 '
2231 5325 2438 5382 Philoc.
2470 5342 2519 5382 c.
2544 5327 2635 5381 23.

2310 3271 2674 3335 Christianus.
2706 3269 2890 3328 Romae
2917 3280 3108 3331 sancto
3135 3272 3298 3329 Petro
3324 3271 3640 3335 adhaaserit,
3683 3270 3889 3339 ipsius-

2294 3380 2415 3435 ,que
2444 3365 2745 3436 discipulus
2776 3364 2941 3421 fuerit
2968 3366 3061 3421 diu
3099 3372 3390 3436 antequam
3421 3370 3647 3420 sanctus
3673 3360 3884 3417 Paulus

2310 3455 2535 3511 Romam
2559 3457 2805 3512 veniret?

2376 3549 2598 3604 Certum
2626 3556 2713 3605 est
2768 3556 3017 3605 sanctum
3073 3548 3406 3606 Clementem
3451 3548 3637 3603 Roma:
3696 3556 3885 3602 natum

2308 3641 2481 3697 fuisse
2524 3652 2675 3712 patre
2712 3641 2915 3698 Fausto
2949 3658 3111 3713 quem
3165 3640 3575 3695 Faustihianum
3636 3641 3886 3711 plerique

2308 3734 2615 3798 nominaut,
2648 3742 2818 3789 matre
2851 3718 2979 3789 vero
3001 3733 3281 3789 Mathidia.
3306 3734 3351 3786 A
3380 3733 3701 3803 parentibus
3721 3733 3887 3788 Athe-

2306 3841 2427 3889 nas,
2459 3827 2549 3881 ubi
2579 3835 2709 3880 tunc
2758 3827 2995 3881 maxime
3024 3824 3291 3881 ﬂorebant
3318 3826 3522 3900 studia,
3561 3824 3631 3879 ad
3662 3824 3886 3880 discen-

2304 3917 2430 3972 dam
2469 3915 2865 3988 philosophiam
2922 3917 3123 3971 missus
3173 3924 3257 3972 est
3290 3932 3304 3968 :
3333 3914 3591 3987 brevique
3636 3931 3885 3985 tempore

2303 4009 2549 4064 scientiae
2564 4010 2826 4080 princeps
2853 4008 2954 4063 fuit
2978 4009 3340 4064 existimatus.
3374 4007 3511 4064 Cum
3548 4017 3735 4063 autem
3760 4008 3883 4077 epi-

2303 4100 2527 4155 nionum
2556 4100 2790 4155 varietas
2820 4100 3112 4169 ancipitem
3141 4099 3293 4153 illum
3324 4098 3559 4154 ediceret
3582 4114 3881 4168 quemnam

2304 4194 2628 4250 sententiam
2647 4191 3064 4261 amplecteretur
3079 4190 3145 4246 de
3174 4190 3585 4245 sublimioribus
3598 4189 3883 4259 religionis

2302 4285 2713 4356 quaestionibus.
2736 4284 2793 4339 in
2810 4298 3005 4337 manus
3033 4282 3307 4353 Principis
3330 4281 3707 4351 apostolorum
3737 4282 3880 4337 inei-

2302 4380 2450 4435 disse
2478 4377 2674 4441 fertur,
2704 4384 2760 4432 et
2785 4378 2855 4432 ab
2876 4377 3063 4446 ipsoin
3076 4375 3599 4431 comitemitinerum
3616 4390 3881 4446 assump-

2306 4479 2414 4537 tus,
2435 4470 2514 4525 sic
2529 4470 2631 4526 sub
2644 4472 2736 4525 tali
2754 4470 3012 4540 magistro
3034 4468 3285 4538 profecit,
3309 4478 3387 4532 ut,
3412 4470 3601 4523 eodem
3618 4468 3875 4538 jubente,

2309 4562 2711 4633 praedicationis
2726 4576 2923 4616 munus
2936 4574 3323 4631 nonnunquam
3338 4558 3603 4628 impleret.
3619 4558 3879 4627 Magnum

2307 4656 2504 4710 deinde
2550 4654 2777 4709 Paulum
2834 4652 3078 4718 audivit,
3130 4650 3491 4721 eumdemque
3557 4650 3881 4721 aliquandiu

2308 4750 2601 4805 comitatus
2624 4756 2707 4804 est
2738 4748 2863 4804 :cui
2904 4747 2976 4801 ita
3006 4762 3065 4802 se
3092 4746 3361 4816 probavit,
3394 4755 3454 4801 ut
3474 4746 3545 4801 ab
3574 4746 3697 4815 ipso
3734 4747 3881 4801 inter

2309 4841 2611 4912 praecipuos
2641 4848 2696 4895 et
2723 4839 3104 4894 sanctissimos
3134 4837 3411 4908 Evangelii
3443 4839 3878 4895 collaboratores

2308 4933 2470 4988 fuerit
2499 4938 2817 4986 numeratus
2841 4930 2883 4985 ⁸.
2910 4927 3043 4992 ιηιο,
3074 4929 3287 4999 probati
3310 4930 3632 4999 scriptores,
3660 4936 3722 4983 ut
3749 4946 3879 4986 san-

2300 5033 2423 5081 ctus
2473 5022 2869 5093 Hieronymus,
2934 5020 3291 5091 probabiliter
3341 5029 3535 5091 putant
3587 5036 3617 5075 a
3678 5032 3877 5078 sancto

2300 5116 2466 5172 Paulo
2492 5125 2742 5172 sanctum
2768 5113 3100 5170 Clementem
3138 5113 3308 5185 fuisse
3350 5114 3655 5169 adhibitum
3696 5123 3761 5170 ut
3786 5117 3871 5171 in-

2710 5326 2732 5358 ⁸
2756 5323 2992 5394 Philipp.
3020 5338 3095 5389 iv,
3124 5322 3181 5379 5.

2299 5463 2566 5520 Clementi
2590 5462 2878 5524 tribuitur,
2936 5459 3059 5514 fuse
3108 5468 3298 5514 narrat
3345 5458 3643 5514 relationes
3693 5462 3875 5518 sancti

2299 5534 2595 5589 Clementis
2623 5548 2744 5586 cum
2768 5537 2961 5584 sancto
2988 5527 3171 5585 Petro.
3197 5530 3241 5583 A
3290 5526 3479 5584 Graeco
3520 5531 3576 5583 in
3610 5526 3869 5587 Latinum

2298 5619 2515 5658 versum
2541 5610 2623 5658 est
2656 5616 2684 5654 a
2723 5596 2944 5653 Ruﬁno.
2982 5598 3185 5654 Omnes
3220 5598 3554 5653 conﬁtentur
3590 5599 3661 5653 ab
3703 5600 3858 5656 hare

2298 5673 2423 5728 ticis
2444 5678 2758 5740 corruptum
2776 5672 2943 5725 fuisse
2965 5670 3161 5726 librum
3175 5671 3319 5725 hunc
3337 5670 3631 5740 caeteroqui
3649 5670 3863 5727 sublim

2297 5744 2634 5815 philosophia
2660 5742 2895 5814 plenum.
