4096 6318
213 406 314 462 661

1170 387 1532 446 EI’iSTOLE
1569 386 1656 439 AD
1691 378 2031 437 VIRGINES.
2067 408 2132 418 -—
2177 373 2538 428 PIlLKEMIA.

3345 358 3450 411 362

213 523 609 593 terpretaretur
666 515 963 585 Epistolam
999 512 1064 564 ad
1115 509 1362 565 Hebraeos
1413 512 1778 573 nuncupatam
1811 506 1855 562 Α
1884 495 2102 549 clesiam
2139 493 2426 547 occasione
2477 488 2639 560 hujus
2674 483 3075 557 publicationis.
3107 475 3452 536 Credenduiu

212 592 596 682 Clementique
618 609 896 663 dictatam.
923 604 1065 659 Idem
1086 601 1307 672 quidam
1351 597 1660 664 conjectant
1704 592 1783 645 ‘de

213 704 458 760 secunda
487 701 630 757 beati
659 698 802 752 Petri
835 694 1094 765 Epistola.

285 795 524 852 Decebat
553 806 682 846 vero
710 791 871 844 talem
909 786 1086 839 virum
1111 783 1179 840 de
1215 780 1529 850 virginitate
1560 777 1787 844 ejusque

187 887 470 944 custodia
513 883 777 946 scribere,
806 895 966 949 quem
995 883 1266 931 testantur
1295 869 1501 940 antiqui
1534 875 1784 921 auctores

213 995 312 1049 per
330 992 550 1033 omnem
575 976 738 1028 vitam
769 973 824 1024 in
847 984 981 1039 pura
1015 975 1313 1033 sanctaque
1335 961 1648 1030 virginitate
1673 974 1788 1027 per-

213 1070 490 1126 mansisse
531 1066 626 1136 (3).
660 1061 913 1118 Permisit
942 1059 1156 1113 demum
1204 1053 1464 1134 Dominus
1495 1061 1554 1105 ut
1582 1050 1787 1120 pretio-

213 1182 311 1222 sus
345 1165 437 1218 ille
479 1163 769 1224 thesaurus
819 1155 1008 1209 tandiu
1064 1152 1408 1207 desideratus
1439 1164 1469 1202 a
1517 1156 1786 1203 sectatore

212 1248 844 1325 pseudo-reformationis
873 1253 926 1300 et
973 1244 1327 1305 inveniretur,
1373 1252 1426 1294 et
1469 1255 1787 1309 agnoscere-

212 1351 326 1404 tur,
351 1352 408 1396 et
443 1334 942 1395 defenderetur.Ne
974 1341 1151 1386 autem
1186 1332 1309 1383 talis
1332 1328 1572 1384 inventio
1595 1330 1651 1382 in
1683 1329 1786 1381 ful-

211 1428 456 1488 mentum
481 1430 662 1484 veniat
695 1427 974 1481 catholicae
1003 1424 1282 1483 doctrinae,
1302 1421 1424 1476 inde
1443 1420 1785 1474 occasionem

212 1524 383 1579 sumit
408 1523 659 1576 inventor
689 1515 1026 1582 declamandi
1057 1521 1250 1567 contra
1274 1511 1598 1575 Ecclesium,
1632 1509 1784 1572 auia,

212 1615 268 1669 in
306 1614 393 1669 his
419 1611 700 1683 Epistolis«
729 1610 862 1664 nihil
892 1606 1181 1677 reperitur,
1214 1611 1273 1656 ut
1297 1606 1373 1656 ait
1414 1603 1526 1665 ille,
1550 1602 1617 1655 de
1639 1601 1788 1654 hier-

209 1706 401 1760 archia
423 1746 436 1767 ,
463 1704 597 1758 nihil
636 1703 703 1756 de
739 1700 1065 1754 monachatu
1111 1707 1164 1751 et
1199 1695 1462 1750 coenobiis
1484 1733 1498 1758 ,
1533 1693 1668 1747 nihil
1720 1695 1786 1745 de

209 1795 462 1853 terminis
492 1803 547 1849 et
574 1793 820 1848 formulis
847 1789 1100 1860 loquendi
1137 1803 1235 1860 per
1276 1787 1505 1840 concilia
1549 1787 1784 1840 inventis

210 1895 268 1942 et
297 1888 547 1950 sancitis,
575 1900 605 1938 a
634 1883 838 1954 quibus
866 1883 949 1934 vix
975 1895 1035 1934 se
1057 1879 1412 1934 abstinuisset
1463 1876 1785 1932 saeculorum

209 1977 560 2046 sequentium
593 1973 847 2042 scriptor.
886 1987 905 2022 ι

287 2067 479 2124 Studio
505 2073 667 2121 sectae
702 2078 815 2118 sua:
843 2062 1104 2130 abreptus
1134 2065 1187 2112 et
1207 2059 1534 2119 obcmcalus,
1561 2051 1788 2117 Wetsti-

209 2178 320 2219 nus
353 2176 462 2215 non
489 2154 875 2219 animadvertit
903 2169 981 2216 se,
1024 2153 1116 2206 tali
1152 2152 1572 2213 declamatione,
1607 2148 1786 2202 infen-

211 2269 338 2309 sum
378 2251 620 2322 praebere
657 2246 1027 2302 monumentis
1055 2244 1219 2299 etiam
1252 2243 1451 2319 quibus
1504 2243 1621 2311 ipse
1672 2243 1787 2294 sin-

211 2357 340 2400 cera
367 2359 432 2401 ac
448 2342 673 2396 immota
695 2337 1041 2392 veneratione
1061 2334 1319 2388 adhaeret.
1349 2332 1605 2403 Agnoscit
1621 2338 1785 2391 certe,

207 2451 338 2492 cum
365 2435 621 2495 omnibus
649 2430 898 2493 eruditis,
929 2426 1396 2480 authenticitatem
1428 2424 1613 2493 primae
1658 2414 1782 2491 Epi-

211 2527 371 2583 stola‘.
397 2524 570 2581 sancti
599 2519 895 2576 Clementis
921 2518 988 2571 ad
1032 2515 1348 2569 Corinthios
1393 2528 1552 2583 quam
1585 2501 1788 2565 invenit

211 2633 284 2673 ac
317 2615 594 2689 evulgavit
622 2612 818 2665 Junius
836 2608 1107 2662 Patricius
1139 2606 1486 2676 Anglicanus.
1517 2603 1571 2658 In
1605 2604 1787 2657 multis

209 2723 379 2780 porro
409 2707 572 2778 hujus
603 2703 855 2773 Epistola:
876 2700 1033 2762 locis,
1067 2698 1372 2752 hierarchia
1412 2699 1556 2752 clare
1586 2712 1790 2750 memo-

209 2809 391 2863 ratur,
412 2797 506 2853 sed
530 2795 725 2849 nullibi
773 2792 957 2847 forsan
992 2787 1331 2863 splendidius
1373 2804 1534 2857 quam
1582 2803 1636 2841 n.
1695 2786 1784 2848 40,

209 2892 282 2947 de
333 2904 445 2960 quo
493 2887 807 2942 exscribere
849 2883 1002 2952 juvat
1024 2881 1189 2935 verba
1244 2894 1364 2948 quae
1423 2893 1783 2947 sequuntur:

215 2997 236 3030 ι
279 2976 509 3032 Summo
536 2972 806 3048 sacerdoti
841 2987 938 3026 sua
969 2970 1156 3023 munia
1191 2969 1394 3023 tributa
1425 2977 1585 3031 sunt,
1617 2975 1673 3021 et
1699 2981 1785 3022 sa-

209 3058 527 3124 cerdotibus
550 3065 704 3119 locus
733 3063 987 3134 prOprius
1025 3064 1335 3132 assignatus
1364 3067 1471 3122 est,
1503 3067 1554 3113 et
1603 3057 1786 3113 Ievitis

209 3172 314 3233 sua
339 3158 526 3211 munia
544 3155 886 3209 incumbunt.
917 3150 1089 3206 Homo
1117 3152 1288 3206 laicus
1319 3149 1605 3220 praeceptis
1633 3148 1786 3206 laicis
1815 3177 1858 3233 ο

209 3231 629 3314 constringitur.
675 3261 698 3297 ι

289 3337 457 3392 Unice
485 3344 541 3387 ut
579 3331 943 3389 hierarchiam
970 3341 1330 3401 agnoscerent
1372 3337 1426 3384 et
1461 3342 1790 3384 veneraren-

211 3435 310 3482 tur
338 3427 542 3494 scripta
559 3422 752 3477 "fuerat
781 3423 896 3476 haec
939 3419 1179 3492 Epistola
1209 3420 1275 3474 ad
1306 3419 1646 3482 Corinthios,
1695 3420 1787 3488 qui

211 3520 443 3574 monitis
473 3517 650 3572 sancti
682 3515 979 3570 Clementis
1006 3513 1347 3575 obedientes,
1377 3511 1443 3564 ad
1467 3510 1788 3565 submissio-

211 3625 338 3663 ηοω
367 3617 425 3662 et
447 3622 638 3677 pacem
654 3605 859 3674 reversi
891 3610 1037 3657 sunt.
1073 3601 1145 3656 De
1175 3600 1500 3656 monacha‘tu
1524 3609 1579 3653 et
1603 3614 1789 3654 caeno-

210 3699 320 3755 biis
374 3714 565 3754 verum
600 3705 686 3752 est
734 3702 982 3750 sanctum
1032 3694 1365 3751 Clementem
1389 3707 1488 3746 nec
1545 3695 1786 3746 locutum

210 3789 407 3852 fuisse,
448 3803 550 3843 nec
601 3787 748 3857 loqui
783 3786 1046 3858 potuisse,
1076 3801 1199 3838 cum
1231 3792 1471 3853 tempore
1519 3798 1621 3837 suo
1674 3784 1780 3838 ista

213 3897 326 3937 non
361 3879 703 3944 existerent;
737 3878 830 3933 sed
863 3878 1104 3947 virgines
1132 3877 1292 3931 docet
1346 3875 1469 3944 pius
1520 3875 1784 3944 pontifex,

210 3983 272 4031 ut
301 3976 450 4030 inter
473 3973 762 4028 saeculares
793 3971 846 4025 in
871 3969 1058 4025 eadem
1084 3970 1268 4023 vivant
1305 3967 1638 4038 perfectione
1666 3986 1786 4038 quae

209 4081 242 4118 a
277 4063 568 4118 monachis
591 4069 773 4132 postea
815 4067 870 4115 et
905 4059 1196 4114 cmnobitis
1225 4058 1510 4124 observata
1541 4067 1644 4113 est.
1675 4058 1785 4114 Nec

210 4157 454 4211 diﬂiteor
478 4155 643 4210 etiam
677 4154 763 4207 his
793 4153 849 4206 in
878 4151 1136 4223 Epistolis
1165 4166 1272 4204 non
1305 4144 1535 4220 reperiri
1575 4149 1785 4204 formu—

213 4250 296 4305 las
317 4246 579 4318 loquendi
605 4244 983 4300 conciliorum.
1014 4241 1152 4298 IIinc
1183 4257 1283 4311 ego
1304 4257 1521 4312 quoque
1557 4241 1784 4295 authen-

208 4340 482 4394 ticitatem
537 4337 730 4390 harum
797 4333 1163 4403 Epistolarum
1221 4332 1381 4387 facile
1435 4333 1779 4398 concludam,

211 4426 376 4483 modo
398 4427 484 4481 bis
509 4423 872 4480 sanctissimis
902 4422 1136 4476 coetibus
1165 4421 1297 4476 nihil
1324 4421 1662 4477 detrahatur.

553 4621 780 4660 INSULSE
812 4618 1078 4659 WETSTINI
1125 4618 1443 4658 INVECTIVrE.

277 4695 510 4752 Gratum
549 4695 788 4748 animum
820 4694 980 4747 unice
1006 4692 1307 4760 exprimere
1335 4693 1627 4746 voluissem
1658 4708 1783 4763 erga

211 4789 547 4844 Wetstinum
586 4801 684 4855 pro
719 4783 980 4840 beneficio
1021 4781 1165 4852 quod
1223 4781 1481 4838 Ecclesiae
1511 4791 1564 4838 et
1601 4784 1786 4837 erudi-

210 4881 349 4935 tioni
374 4879 630 4951 prazstitit
654 4879 753 4932 has
783 4878 1106 4946 publicando
1136 4881 1308 4935 sancti
1338 4875 1637 4930 Clementis
1656 4875 1782 4944 Epi-

210 4973 413 5037 stolas;
438 4970 533 5025 sed
553 4969 793 5024 dolorem
822 4969 980 5025 simul
1012 4971 1265 5025 cohibere
1305 4984 1415 5023 non
1458 4967 1602 5027 licet,
1635 4969 1779 5036 quod

212 5064 385 5134 gratis
406 5070 518 5116 tam
548 5061 811 5133 injustam
839 5075 898 5117 se
917 5041 1227 5116 e'xhibuerit
1254 5074 1381 5130 erga
1411 5065 1659 5113 sanctam
1688 5057 1784 5112 Ec-

317 5239 350 5290 '.
375 5234 439 5290 S.
472 5232 612 5298 Iren.
633 5233 770 5290 Adv.
816 5235 968 5302 luem,
998 5235 1037 5292 L
1064 5250 1147 5297 in,
1179 5235 1306 5291 c.5.

277 5433 358 5502 (ὃ)
581 5431 980 5510 testimoniuttL
1015 5433 1288 5510 invenitur
1341 5432 1395 5486 in
1463 5433 1787 5510 quibusdam

209 5500 619 5570 exemplaribus
640 5500 909 5573 Epistolas
947 5501 1004 5573 S.
1038 5504 1224 5573 Ignatii
1255 5500 1508 5572 martyris
1531 5504 1596 5556 ad
1629 5503 1779 5555 Phil-

213 5568 594 5642 adelphenses.
639 5568 824 5641 Ibique
847 5568 1268 5642 alluditsanctus
1286 5568 1482 5642 praesul
1511 5574 1792 5626 Antioche-

215 5640 347 5722 nus'
372 5640 612 5722 consilio
647 5655 677 5692 a
705 5640 1610 5722 sanctomCIementenad.Virgines
1660 5643 1789 5695 dato

214 5709 464 5781 imitandi
501 5707 825 5781 Petram,“
880 5708 1099 5776 Filium,
1134 5719 1184 5765 et
1211 5707 1483 5781 Spiritumv
1521 5722 1784 5766 sanctum.

219 5779 274 5834 Si
302 5782 530 5836 vitiatus
563 5779 726 5833 fuerit
753 5780 857 5834 iste
906 5783 1079 5835 sa’ncti
1110 5779 1300 5852 Ignatii
1341 5780 1515 5849 locus,
1549 5797 1671 5838 cum
1731 5783 1787 5836 in

501 5875 772 5935 Ps'rnOL.
805 5874 922 5934 Gn.
962 5875 1010 5937 I.

1886 593 1969 639 est
1999 593 2127 637 tunc
2157 583 2226 636 ab
2264 582 2356 636 illo
2376 579 2725 650 praefoCatam
2760 575 2930 630 fuisse
2963 572 3309 628 conscientia:
3332 585 3453 638 pro-

1886 678 2016 748 prias
2046 689 2230 729 vocem
2261 674 2408 727 intus
2458 679 2646 724 contra
2690 672 2869 738 ipsum
2901 666 3313 728 reclamantem;
3360 661 3455 715 sed

1885 770 2011 822 talis
2047 775 2132 821 est
2162 765 2360 834 saepius
2393 761 2637 816 conditio
2664 774 2854 814 eorum
2895 755 2991 825 qui
3051 770 3111 810 se
3157 752 3458 824 tyrannicae

1888 858 2114 912 hzeresis
2136 857 2268 926 jugo
2291 856 2693 924 maneiparunt,
2727 858 2787 903 ut
2819 863 2928 903 non
2985 847 3208 901 credant
3259 843 3363 899 sibi
3391 844 3457 895 lis

1888 964 2011 1007 cere
2042 953 2206 1006 unius
2240 947 2487 1005 veritatis
2513 943 2976 1017 prmdicationem,
3008 940 3141 1008 quin
3173 937 3334 992 simul
3365 937 3453 989 las-

1886 1046 2017 1099 dant
2046 1043 2353 1097 columnam
2374 1042 2428 1093 et
2460 1039 2855 1092 firmamentum
2880 1030 3124 1086 veritatis

1955 1135 2123 1206 Igitur
2175 1133 2478 1189 Wetstinus
2524 1127 2659 1183 satis
2698 1125 2909 1180 insulse
2965 1123 3238 1177 invehitur
3262 1121 3316 1174 in
3348 1117 3460 1174 Ro-

1887 1205 2104 1277 manam
2137 1221 2460 1281 Ecclesiam,
2485 1217 2674 1268 dicens
2705 1213 2833 1266 huic
2876 1209 3166 1280 displicere
3216 1205 3460 1275 discipli-

1888 1330 2012 1368 nam
2042 1315 2096 1368 In
2129 1312 2393 1382 Epistolis
2423 1307 2598 1362 sancti
2627 1303 2922 1359 Clementis
2970 1301 3224 1354 traditam
3263 1317 3276 1352 :
3310 1297 3461 1351 ideov

1888 1421 1993 1475 que
2048 1405 2147 1460 bas
2211 1404 2280 1456 ah
2332 1400 2577 1455 Ecetesia
2631 1403 2870 1452 semotas
2901 1406 2998 1463 per
3027 1399 3108 1444 tot
3149 1389 3346 1444 saecula
3376 1389 3458 1440 la-

1888 1496 2063 1549 tuisse
2096 1511 2154 1548 :c
2194 1493 2385 1547 Solent
2428 1490 2595 1552 enim,
2655 1485 2752 1553 ait,
2799 1484 2892 1555 qui
2921 1484 2976 1538 in
3008 1480 3251 1534 Ecclesia
3281 1478 3458 1547 domi-

1887 1593 2110 1648 nantur,
2138 1600 2268 1646 non,
2292 1585 2435 1654 quod
2459 1596 2570 1653 prae
2591 1595 2650 1634 se
2673 1578 2874 1641 ferunt,
2898 1589 3079 1629 mores
3105 1587 3234 1634 suos
3264 1581 3316 1625 et
3343 1568 3462 1638 opi-

1889 1683 2081 1736 niones
2104 1683 2171 1737 ad
2198 1679 2502 1736 doctrinam
2528 1676 2656 1733 olim
2685 1675 2936 1732 traditam
2965 1673 3331 1731 conformare,
3365 1668 3458 1722 sed

1889 1774 2192 1827 doctrinam
2224 1781 2460 1826 \eterem
2488 1771 2552 1824 ad
2590 1785 2772 1824 mores
2800 1775 2853 1822 et
2885 1766 3173 1835 Opiniones
3204 1762 3288 1816 sui
3321 1767 3458 1814 tein—

1888 1866 2036 1931 poris
2087 1863 2396 1929 inﬂectere;
2431 1869 2485 1915 et
2514 1862 2604 1914 ubi
2644 1859 2809 1913 nimis
2845 1856 3172 1911 manifestus
3220 1859 3303 1907 est
3348 1850 3462 1904 dis—

1889 1968 2108 2014 sensus,
2146 1963 2238 2008 aut
2260 1953 2315 2007 vi
2354 1965 2536 2021 agere,
2562 1957 2656 2004 aut
2681 1947 2913 2003 ﬂammis
2949 1947 3119 2000 libros
3149 1944 3458 1997 abolere....

1887 2044 2108 2099 Minime
2132 2051 2316 2098 tamen
2339 2044 2569 2098 decebat
2584 2050 2646 2096 ut
2669 2043 2736 2095 ab
2770 2041 2855 2095 his
2891 2038 2985 2108 qui
3019 2053 3076 2093 se
3105 2034 3459 2089 traditionum

1887 2142 2131 2189 veterum
2162 2133 2549 2188 tenacissimos
2579 2147 2703 2186 esse
2737 2130 3059 2200 gloriantur,
3084 2125 3464 2195 repudiaretur

1887 2228 2142 2282 Clemens
2169 2234 2359 2281 noster
2387 2225 2481 2294 qui
2505 2225 2641 2278 vidit
2671 2224 2858 2278 beatos
2888 2219 3185 2291 apostolos,
3236 2223 3290 2269 et
3337 2219 3462 2266 etim

1887 2321 1996 2374 illis
2027 2324 2381 2374 conversatus
2403 2320 2525 2379 iuit,
2552 2324 2605 2370 et
2637 2313 2814 2367 adhuc
2851 2315 2906 2366 in
2934 2311 3164 2365 auribus
3197 2306 3464 2377 pradica—

1888 2410 2090 2462 tionem
2126 2407 2520 2476 apostolorum,
2540 2413 2594 2459 et
2623 2403 2967 2457 traditionem
2993 2415 3101 2470 prae
3150 2397 3323 2451 oculis
3368 2395 3466 2448 ha-

1889 2497 2228 2554 beat’.iHas
2254 2496 2489 2565 injurias
2520 2494 2817 2564 protulisse
2848 2509 2955 2546 non
2981 2495 3291 2550 contentus,
3313 2485 3466 2538 addit

1889 2587 2197 2646 Wetstinus
2230 2605 2247 2637 ‹
2284 2585 2530 2639 Clericos
2560 2598 2668 2636 non
2698 2582 2810 2653 pati
2835 2597 2894 2636 se
2937 2580 3139 2652 privari
3190 2574 3467 2629 familiari-

1887 2688 1997 2733 tate
2016 2695 2138 2732 cum
2171 2677 2518 2742 mulieribus;
2550 2674 2780 2729 feminas
2798 2671 3066 2727 dominari
3087 2671 3140 2724 in
3165 2665 3461 2724 Ecclesias.

1890 2769 1960 2822 ita
1988 2776 2044 2822 ut
2074 2769 2141 2823 de
2154 2767 2477 2823 sacerdotali
2511 2766 2680 2836 gradu
2703 2763 3072 2832 favorjudicet
3101 2760 3460 2817 feminarum;

1889 2861 2151 2930 prmsules
2190 2855 2449 2912 Ecclesia:
2481 2857 2579 2910 has
2603 2855 2900 2910 Clementis
2932 2851 3226 2923 Epistolas,
3259 2848 3313 2901 in
3342 2845 3465 2914 qui-

1889 2957 1990 3010 bus
2010 2955 2189 3009 victus
2213 2963 2321 3007 tam
2347 2951 2529 3008 tenuis
2559 2950 2996 3010 commendatur,
3049 2955 3104 3000 et
3151 2959 3221 2997 ne
3270 2941 3461 2996 umbra

1887 3046 2108 3117 quidem
2143 3045 2487 3099 auctoritatis
2530 3041 2824 3112 reperitur,
2874 3035 3271 3106 contempsisse
3301 3040 3464 3102 atque

1893 3136 2186 3205 abjecisse,
2215 3151 2340 3189 cum
2368 3134 2528 3188 hodie
2568 3133 2654 3186 vel
2679 3130 2848 3185 intimi
2873 3129 3082 3182 ordinis
3114 3127 3347 3180 clericus
3397 3123 3464 3177 ad

1893 3232 2212 3301 dignitatem
2247 3243 2404 3282 suam
2456 3226 2729 3297 pertinere
2755 3223 2986 3292 judicet,
3020 3228 3082 3274 ut
3131 3229 3188 3275 et
3247 3219 3463 3273 lautiori

1893 3325 2018 3378 cibo
2043 3329 2318 3386 vescatur,
2361 3325 2416 3374 et
2459 3319 2512 3372 in
2564 3315 2967 3386 spiritualibus,
3010 3318 3465 3382 'personamapo-

1892 3415 2015 3471 stoli
2042 3415 2124 3468 vel
2143 3412 2418 3481 propheta:
2437 3410 2539 3465 sibi
2567 3415 2766 3464 sumat.
2810 3424 2828 3457 ι
2864 3404 3125 3468 Tandem,
3155 3403 3247 3456 vix
3286 3413 3466 3471 sperat

1891 3502 2199 3558 Wetstinus
2219 3502 2318 3556 has
2341 3501 2612 3570 Epistolas
2646 3495 2988 3550 anthenticas
3019 3493 3241 3564 agnosci
3273 3493 3342 3553 ab
3379 3493 3465 3546 his

1889 3607 2123 3664 quorum
2172 3606 2353 3645 mores
2381 3605 2488 3644 non
2520 3594 2668 3651 sunt,
2721 3591 2781 3638 ut
2821 3584 2918 3651 ait,
2968 3585 3161 3637 harum
3202 3582 3466 3636 doctrina:

1889 3685 2222 3741 conformes.

2197 3863 2482 3930 κεεροκξιο
2521 3875 2824 3916 ικνεοτινῑε
2859 3875 3047 3914 πετετ
3057 3874 3146 3912 INI.

1962 3954 2260 4009 Minoribus
2325 3952 2577 4021 expensis
2643 3959 2854 4020 poterat
2906 3947 3212 4001 Wetstinus
3264 3931 3470 3997 famam.

1891 4048 2113 4101 solantis
2143 4045 2418 4113 reformati
2451 4044 2554 4097 sibi
2573 4042 2919 4111 conquirere,
2935 4038 3182 4110 quamvis
3212 4037 3457 4092 dubitem

1887 4154 2016 4193 num
2049 4138 2229 4206 reipsa
2259 4134 2631 4205 acquisiverit.
2681 4132 2825 4200 Quot
2865 4147 3098 4201 namque
3133 4133 3462 4201 persecutio—

1886 4249 2003 4294 nes.
2023 4237 2162 4304 apud
2184 4250 2335 4298 suos,
2377 4235 2545 4290 subiit
2592 4242 2814 4304 propter
2841 4227 3204 4297 Epistolarum
3236 4229 3460 4281 istarum
3555 4293 3567 4306 .

1885 4325 2334 4395 publicationem!
2373 4324 2499 4395 Ipsi,
2524 4325 2720 4378 nedum
2754 4322 2806 4376 in
2838 4320 3201 4391 patrocinium
3232 4319 3463 4372 authen-

1887 4419 2112 4471 ticitatis
2146 4433 2308 4487 quam
2335 4417 2667 4479 vindicabat,
2696 4415 2937 4468 faverent
2973 4409 3461 4465 declamationibus

1812 4515 1853 4568 D
1882 4510 2001 4578 ejus
2024 4517 2212 4563 contra
2235 4509 2532 4565 Ecclesiam
2563 4519 2619 4565 et
2651 4511 2855 4563 clerum
2895 4504 3245 4566 catholicum,
3274 4503 3328 4555 in
3368 4501 3462 4555 de-

1885 4605 2237 4665 clamatorem
2273 4608 2452 4674 ipsnm
2478 4603 2793 4658 debaccliati
2833 4608 2982 4654 sunt.
3022 4597 3135 4650 Imo
3173 4593 3283 4649 fere
3323 4594 3464 4647 inter

1887 4695 2352 4751 solosCatholicos
2380 4695 2746 4764 Epistolarum
2779 4688 3171 4748 autlienticitas
3209 4685 3463 4739 defenso—

1886 4800 1975 4840 res
2012 4793 2064 4838 et
2119 4785 2411 4840 advocatos
2466 4787 2708 4839 invenit..
2745 4783 2844 4837 IIic
2888 4781 3202 4836 memorabo
3250 4785 3460 4836 tantum

1887 4875 2128 4930 Diarium
2159 4877 2506 4941 eruditorum,
2537 4876 2741 4931 mensis
2774 4873 2902 4930 Jun.
2938 4875 3043 4927 vol.
3077 4869 3170 4934 XI,
3209 4869 3369 4930 I758,
3405 4884 3456 4937 p.

1888 4968 2012 5022 446.
2039 4967 2285 5022 Diarium
2318 4968 2463 5023 istud
2507 4967 2709 5022 fatetur
2747 4967 2942 5021 harum
2976 4963 3340 5034 Epistolarum
3378 4962 3462 5014 in-

1888 5062 2199 5115 ventionem
2220 5043 2343 5118 esse
2371 5060 2591 5114 maximi
2610 5046 2904 5123 momenti;
2928 5054 3320 5111 Commentaria
3343 5053 3465 5106 Trio

1895 5430 2142 5501 pluribus
2167 5430 2570 5501 exemplaribus
2582 5429 2781 5501 existat
2795 5425 3064 5501 ejusmodi
3090 5424 3462 5501 interpolatio,

1893 5497 2013 5572 quae
2049 5497 2402 5570 probabiliter
2447 5500 2688 5572 anterior
2715 5507 2799 5551 est
2822 5497 3103 5572 amissioni
3148 5503 3462 5572 nostrarum

1894 5565 2299 5643 Epistolarum.
2341 5570 2669 5643 credendum
2713 5568 2917 5643 .est_ab
2946 5567 3148 5643 eisdem
3205 5565 3463 5643 Epistolis

1894 5636 2196 5696 m'utuatam
2230 5640 2399 5694 fuisse
2422 5639 2799 5704 invitationem
2826 5636 3072 5690 imitandi
3105 5644 3215 5689 tres
3230 5636 3459 5689 sanctis-

1895 5713 2042 5767 siniae
2101 5704 2390 5763 Trinitatis
2418 5705 2919 5781 V'personaszquod
2974 5714 3121 5759 certe
3168 5720 3368 5759 novum
3412 5709 3460 5756 et

1892 5797 2055 5852 grave
2075 5781 2283 5848 pra:th
2314 5779 2746 5848 authenticitatis
2771 5788 3175 5847 argumentum.

3138 5869 3221 5953 ia
