4096 6318
692 364 803 417 563

1507 354 1561 409 5.
1599 349 1987 408 οιειιΕΝτιε
2021 348 2038 403 1
2072 346 2238 406 ROM.
2272 343 2474 401 ΡΟΝΤ.
2510 342 2734 399 OPERA
2766 339 3086 398 GENUINA.

3815 329 3923 383 564

689 480 917 532 mtuam:
937 517 951 540 ,
977 478 1113 548 Aug.
1132 513 1149 543 ,
1188 473 1345 539 I758,
1376 489 1429 544 p.
1461 454 1638 537 2076;
1676 468 1998 530 Codescard,
2028 468 2084 521 in
2132 466 2250 519 Vita
2282 466 2326 523 Α
2352 470 2575 533 paverat
2598 460 2881 525 dispoliari
2904 457 3285 529 ﬂagitaverunt
3310 461 3365 510 et
3390 449 3745 507 obtinuerunt
3769 457 3927 499 anno

687 570 855 625 sancti
882 567 1160 625 Clementis
1180 583 1199 631 ,'
1222 566 1453 635 Caitlau,
1484 565 1539 619 in
1585 562 1781 618 selectae
1801 554 2112 623 Cotlectione
2147 557 2251 611 Pa-

687 669 826 715 trum
854 661 930 733 (4)
954 678 969 727 ;
996 669 1102 716 etc.

756 754 936 810 Hocce
973 754 1300 824 judiciorum
1332 749 1951 807 dlscrimenevidcnter
1999 746 2250 802 demons-

686 854 794 902 trat
825 846 1009 916 quibus
1048 846 1375 913 displicuerit
1412 843 1655 915 doctrina
1678 844 1732 895 in
1773 839 2024 909 Epistolis
2054 839 2247 891 nostris

687 940 919 1005 tradita,
989 939 1173 1009 quique
1238 937 1360 990 illas
1424 952 1625 1014 semper
1696 934 1922 989 latuisse
1976 941 2248 1001 pemptus-

684 1040 813 1086 sent.

754 1144 909 1212 Quod
951 1146 1127 1204 sentio
1158 1140 1386 1198 candide
1422 1132 1675 1194 fatebor:
1714 1136 1901 1194 nescio
1930 1142 2113 1195 utrum
2142 1134 2245 1188 sub

684 1238 1077 1293 lnfelicioribus
1138 1234 1399 1304 auspiciis
1466 1246 1626 1301 quam
1674 1230 1777 1285 sub
1837 1226 2141 1297 patrocinio
2190 1232 2244 1278 et

679 1337 923 1399 tempore
955 1327 1240 1389 .Wetstini,
1292 1325 1374 1378 hae
1398 1324 1646 1393 pretiosa:
1689 1319 1943 1390 Epistolas
1975 1315 2240 1386 publicari

680 1418 973 1490 potuerint.
993 1417 1284 1473 Caelibatus
1302 1410 1824 1484 pacatis-reformatis
1846 1422 2059 1476 setnper
2089 1404 2241 1459 odio-

680 1511 728 1565 si
774 1510 987 1581 quidam
1013 1509 1328 1576 reformatus
1358 1504 1660 1575 apologiam
1687 1498 2039 1556 incunabulis
2055 1494 2239 1549 Eccle-

678 1597 773 1652 sia:
815 1604 1143 1651 cosetaneam
1199 1595 1255 1648 in
1302 1595 1476 1648 lui-em
1536 1591 1729 1647 edebat
1759 1610 1773 1644 :
1804 1588 2100 1643 Luthcrum
2126 1585 2237 1639 dis-

678 1689 893 1759 cipulus
920 1688 1141 1744 Lutheri
1172 1686 1461 1757 pungebat.
1489 1683 1622 1750 Quis
1641 1684 1815 1747 favor,
1846 1698 1911 1738 ex
1935 1682 2035 1739 hac
2064 1687 2233 1751 parte,

678 1781 1012 1851 sperandus?
1037 1780 1092 1834 ln
1122 1794 1374 1851 proceres
1399 1778 1529 1832 cleri
1569 1775 1845 1839 catholici,
1870 1790 1976 1828 non
2015 1772 2237 1827 lacessi-
2269 1798 2313 1854 Β

678 1883 788 1935 tus,
825 1874 1179 1929 indistinctim
1221 1872 1519 1925 calumnias
1555 1878 1845 1931 struxerat,
1894 1865 2030 1937 ipsis
2060 1864 2237 1934 impu-

680 1964 845 2019 tando
876 1967 1055 2020 mores
1104 1978 1408 2034 perversos,
1440 1961 1773 2031 hypocrisim
1801 1974 1865 2012 ac
1904 1958 2235 2016 voluntatem

678 2057 1029 2113 comburendi
1086 2057 1252 2110 libros
1310 2070 1540 2125 quorum
1579 2054 1826 2109 doctrina
1868 2068 1979 2107 non
2026 2040 2237 2120 poterat

675 2148 745 2204 ad
789 2164 998 2213 eorum,
1062 2159 1121 2204 ut
1170 2149 1384 2213 aiebat,
1443 2147 1762 2219 pravitatem
1828 2151 1881 2199 et
1934 2143 2235 2215 nequitiam

676 2241 897 2296 inﬂecti.

749 2330 1032 2385 Maledicta
1061 2346 1163 2387 nec
1181 2330 1234 2383 in
1262 2336 1465 2385 sectam
1483 2328 1819 2384 accusatoris
1846 2342 1949 2393 nec
1972 2327 2029 2381 in
2058 2326 2237 2397 ipsum

668 2434 1052 2504 accusatorem
1077 2438 1317 2492 regerant
1348 2440 1363 2477 :
1395 2422 1527 2491 quid
1558 2423 1703 2477 enim
1736 2422 2057 2491 prodessent
2106 2435 2240 2475 conn-

668 2512 820 2590 ,vitia
842 2514 865 2557 ?
893 2513 1033 2578 Quid
1064 2512 1345 2567 vindicta?
1366 2513 1557 2573 Nemo.
1591 2513 1695 2567 nisi
1742 2512 2000 2573 insaniat,
2022 2509 2237 2564 ditﬁteri

673 2619 854 2683 potest
903 2604 1051 2662 mille
1106 2608 1305 2677 scripta
1367 2616 1639 2670 veterum,
1685 2606 1885 2676 injuria
1921 2613 2239 2673 .temporum

673 2702 874 2759 amissa
902 2711 955 2759 et
982 2698 1314 2761 oblitterata,
1340 2698 1599 2753 revixisse
1627 2697 1845 2752 tandem
1866 2711 1995 2750 cura
2012 2702 2065 2749 et
2091 2694 2242 2751 solli-

672 2795 915 2851 citudine
953 2796 1249 2866 praesertim
1285 2790 1602 2864 pontiﬁcum
1635 2790 1730 2859 qui
1779 2789 1945 2843 nullis
1980 2801 2241 2857 peperce-

673 2894 801 2943 runt
841 2888 1114 2957 expensis,
1156 2896 1217 2941 ut
1250 2886 1349 2941 hos
1386 2883 1772 2956 conquirerent
1800 2880 2093 2944 thesauros
2118 2878 2243 2931 abs-

672 2977 965 3033 conditos.-
995 2977 1189 3031 Merito
1234 2975 1475 3031 omnium
1519 2971 1654 3029 risui
1708 2985 1767 3025 se
1814 2977 2106 3040 exponeret
2147 2966 2241 3037 qui

672 3070 993 3124 immensam
1056 3081 1374 3137 comparare
1429 3065 1653 3121 auderet
1708 3060 1955 3133 cujusvis
2028 3061 2243 3129 generis

673 3162 936 3216 librorum
985 3159 1331 3228 antiquorum
1370 3158 1771 3211 multitudinem
1802 3172 1832 3210 a
1864 3157 2009 3225 clero
2047 3153 2238 3209 catho-

671 3254 781 3308 lico
807 3252 1163 3315 delectorum,
1192 3266 1316 3307 cum
1348 3249 1645 3306 rarissimis
1668 3250 2023 3304 sectariorum
2055 3248 2238 3303 inven-

672 3342 937 3397 tionibus.

742 3432 860 3489 Non
877 3432 978 3488 sibi
997 3432 1343 3487 consentiunt
1371 3431 1557 3487 hostes
1587 3431 1758 3500 nostri
1789 3413 1983 3484 :r‘nodo
2006 3420 2239 3497 namque

675 3533 933 3579 accusant
965 3522 1222 3579 Ecclesiae
1247 3520 1682 3592 proceresqnod
1717 3521 1917 3575 bellum
1953 3504 2238 3575 intulerint

674 3614 828 3669 libris
860 3622 1102 3668 veterum
1148 3613 1547 3675 licentioribus,
1590 3612 1751 3666 modo
1784 3611 1917 3681 ipsis
1970 3611 2238 3679 imputant

665 3706 840 3789 quod,
884 3721 950 3760 ex
1004 3705 1290 3769 industria,
1334 3704 1506 3761 moliti
1564 3703 1763 3759 fuerint
1815 3703 2237 3757 destructionem

674 3812 900 3866 operum
931 3798 1234 3854 castitatem
1274 3806 1626 3867 sanctamque
1667 3794 2009 3864 disciplinam
2036 3794 2239 3847 docen-

674 3888 830 3943 tium.

744 3978 926 4045 Quare
968 3979 1148 4033 clerus
1182 3980 1483 4036 catholicus
1506 4032 1510 4034 γ
1533 3978 1879 4038 insimulatur
1908 3992 1938 4031 a
1965 3976 2239 4033 Wetstine

674 4071 857 4125 nimiae
908 4069 1296 4126 familiaritatis
1346 4087 1469 4127 cum
1530 4071 1873 4133 mulieribus,
1929 4084 2053 4124 cum
2111 4068 2238 4123 inde

674 4165 943 4232 prazcipue
985 4162 1591 4232 pseudo-rcformationi
1638 4160 1935 4230 displiceat
1982 4159 2124 4230 quod
2169 4158 2239 4213 sit

675 4256 1004 4310 continens?
1044 4254 1163 4309 Haec
1195 4246 1353 4310 etiam
1401 4255 1545 4309 inter
1564 4268 1623 4308 se
1644 4252 2109 4323 pugnant.Arguit
2137 4250 2239 4305 Ec-

674 4350 854 4403 clesiae
899 4349 1158 4417 prmsules
1194 4359 1248 4401 et
1278 4346 1506 4401 clericos
1545 4344 1689 4414 quod
1736 4342 2159 4413 contempserint
2186 4350 2239 4396 et

675 4441 974 4510 objecerint
1012 4440 1187 4494 sancti
1213 4438 1507 4493 Clementis
1546 4437 1837 4507 Epistolas,
1882 4435 2065 4491 studio
2102 4436 2239 4506 gulae

676 4536 730 4583 et
757 4530 1022 4594 ambitus;
1052 4527 1196 4582 unde
1232 4528 1432 4597 gradus
1465 4528 1888 4588 ecclesiasticos,
1918 4534 1977 4580 ut
2006 4542 2101 4581 eos
2134 4528 2241 4581 cri-

678 4622 936 4681 minatur,
956 4628 1245 4690 usurpant;
1274 4618 1414 4673 unde
1441 4635 1655 4688 quoque
1676 4619 1779 4673 sibi
1810 4624 2067 4689 arrogant
2112 4633 2243 4686 apo-

676 4713 943 4767 stolorum
996 4713 1081 4766 vel
1130 4702 1512 4782 prophetarum
1582 4692 1932 4779 qualitates
1964 4709 2240 4773 Miserum,

677 4818 832 4867 sane,
863 4803 1167 4873 perfugium
1204 4802 1590 4875 haeresis,quae
1626 4818 1762 4872 quos
1812 4806 2113 4861 aversatur,
2165 4802 2244 4855 sic

678 4894 879 4965 injuste
910 4894 1258 4950 dehonestat!
1294 4892 1615 4963 Speravitne
1639 4892 1945 4947 Wetstinus
1972 4892 2057 4945 his
2090 4892 2241 4947 insa-

678 4988 767 5042 nis
792 4986 1236 5041 accusationibus
1262 4999 1358 5039 ora
1392 4985 1646 5039 claudere
1674 4999 1863 5039 eorum
1893 4985 2010 5055 qui,
2040 4984 2092 5037 in
2126 4984 2241 5052 ipso

678 5075 1112 5132 Lutberanorum
1151 5091 1329 5146 grege,
1380 5091 1503 5129 eum
1537 5085 1595 5128 ut
1634 5074 1977 5129 Socinianum
2023 5060 2243 5146 pestife-

680 5183 910 5239 rumque
930 5176 1245 5223 novatorem
1262 5165 1644 5231 denuntiantes
1660 5181 1686 5211 α
1699 5166 1868 5220 gradu
1900 5183 2056 5230 quem
2080 5182 2233 5229 occu-

757 5346 799 5376 "
826 5342 1223 5414 Prolegomen..
1249 5359 1303 5396 n.
1342 5342 1427 5396 10.
1504 5342 1545 5375 ⁸³
1584 5340 1681 5412 Ep.
1709 5340 1841 5406 l,.n.
1866 5342 1916 5397 1.

760 5529 836 5597 (4)
878 5524 1172 5597 ριιθι-ρΑιιὶε
1204 5524 1428 5597 ultimus
1458 5525 1690 5597 scriptor
1720 5534 1936 5585 nostras
1971 5521 2243 5597 Epistolas

689 5592 796 5652 non
830 5596 1047 5649 admisit
1069 5595 1120 5646 in
1146 5610 1248 5648 sua
1270 5592 1604 5658 Collectioué,
1634 5610 1755 5647 eum
1781 5609 1875 5649 eas
1908 5592 2245 5647 anthentieas

691 5682 935 5722 essenon
990 5665 1184 5733 neget?
1239 5663 1523 5718 Probabile
1576 5671 1659 5718 est
1700 5673 1791 5717 aut
1819 5665 1928 5733 null
2054 5677 2240 5733 earum

690 5736 965 5803 exemplar
993 5736 1045 5787 in
1068 5731 1274 5789 manus
1302 5734 1434 5803 ejus
1453 5733 1731 5796 pervenire
1766 5732 2029 5803 potuisse,
2057 5740 2149 5793 aut
2196 5731 2241 5784 si

690 5802 963 5874 quoddam
985 5805 1308 5875 pervenerit,
1338 5802 1528 5879 pedem
1555 5804 1677 5875 ejus
1705 5802 1943 5875 retrogrs
2008 5817 2095 5855 um
2122 5817 2242 5855 esse

2500 554 2523 607 ?

2500 554 2523 607 ?

2352 554 2554 699 "ﬁlim
2574 642 2736 714 digna
2759 649 2843 697 est
2876 640 3016 694 ratio
3045 653 3207 709 quam
3238 636 3392 691 affert
3412 633 3477 689 de
3505 604 3832 688 exorcismis
3862 625 3922 679 in

2348 734 2617 806 principio
2644 728 2899 788 Ecclesiae
2928 730 3206 789 adhibitis,
3239 740 3488 798 quosque
3517 723 3631 776 vult
3651 716 3918 773 confundi

2347 841 2470 881 cum
2526 840 2657 879 cura
2694 830 3040 895 aegrotorum.
3107 819 3236 874 Inde
3272 818 3437 873 etiam
3502 826 3690 867 ansam
3748 810 3922 863 sumit

2346 916 2642 981 accusandi
2706 916 2977 970 indireete
3046 912 3341 967 bodiernos
3409 905 3667 959 Ecclesiae
3736 900 3918 960 ritus,

2346 1007 2643 1064 asserendo
2672 1007 2800 1061 olim
2843 1007 3034 1061 saltem
3082 1016 3295 1057 omnem
3329 998 3538 1052 fraudis
3565 1004 3619 1051 et
3646 995 3918 1064 impastu—

2344 1116 2419 1161 τε
2447 1100 2837 1170 suspicionem,
2863 1112 3079 1152 omnem
3121 1090 3329 1150 sordidi
3360 1098 3596 1160 quaestus
3624 1100 3776 1155 spem
3818 1085 3915 1137 ab—

2344 1191 2534 1247 fuisse.

3091 1283 3163 1296 β

2534 1386 2905 1429 ΩΟΙΡΕΝΞΔΤΙΟ
2938 1381 3255 1424 ιιυῠετιτιιε
3295 1377 3616 1419 PBECEDENT
3626 1374 3694 1414 IS.

2408 1462 2736 1527 Wetstinus,
2765 1463 2820 1516 in
2858 1461 3158 1515 Ecclesiam
3198 1456 3523 1529 catholicam
3555 1449 3785 1519 ejusque
3809 1448 3919 1501 cle-

2339 1574 2457 1613 rum
2486 1557 2766 1617 invehens,
2799 1564 2957 1609 sectae
2986 1567 3099 1606 sua:
3118 1549 3342 1618 vestigia
3374 1554 3592 1599 secutus
3619 1549 3723 1597 est.
3753 1541 3917 1609 igno-

2336 1664 2559 1705 scamus
2586 1648 2696 1701 illi:
2717 1639 2992 1700 nesciebat
3021 1637 3433 1716 fortassisquid
3462 1641 3661 1704 ageret.
3691 1630 3912 1685 Nullum

2338 1739 2464 1793 inde
2494 1738 2598 1807 ipsi
2648 1732 2993 1790 commodum
3017 1714 3257 1786 obvenit.
3278 1714 3479 1782 tullus
3512 1722 3720 1794 pseudo
3744 1720 3919 1775 reforv

2337 1833 2467 1888 moti
2496 1830 2710 1901 patroni
2751 1829 2806 1881 in
2836 1827 3095 1894 collegam
3127 1822 3288 1893 primi
3313 1822 3745 1874 insurrexerunt.
3792 1812 3916 1867 Uti-

2336 1940 2461 1981 nam
2500 1924 2628 1977 hinc
2659 1919 2923 1990 potuisset
2945 1915 3245 1984 intelligere
3279 1912 3333 1965 in
3371 1912 3490 1965 solo
3510 1907 3700 1961 matris
3727 1904 3920 1958 Eccle-

2339 2017 2432 2070 sia:
2459 2014 2665 2083 gremio
2686 2010 3125 2067 veritatemcum
3148 2002 3307 2057 laude
3329 2016 3465 2056 vera
3487 1998 3761 2067 dignoque
3795 1992 3920 2047 suf-

2338 2100 2511 2176 fragio
2542 2102 2761 2158 defendi
2804 2116 2870 2154 ac
2914 2095 3279 2169 prepugnaril
3314 2092 3423 2147 Nec
3446 2090 3720 2145 Wetstino
3750 2102 3784 2139 a
3806 2083 3919 2140 Ca-

2338 2197 2554 2252 tholicis
2578 2190 2931 2262 denegandus
2969 2196 3053 2243 est
3086 2201 3247 2256 quem
3280 2184 3329 2239 ei
3361 2178 3691 2236 consectarii
3725 2176 3918 2243 dispu-

2336 2293 2474 2351 tant,
2515 2261 2742 2339 meritus
2774 2282 2968 2335 bonos.
3002 2261 3137 2341 Quis
3175 2290 3339 2344 porro
3362 2280 3654 2327 extraneus
3676 2266 3915 2337 partium

2339 2376 2537 2434 studiis
2586 2376 2761 2445 ipsum
2825 2387 2933 2425 non
2990 2366 3232 2441 laudabit
3294 2364 3409 2418 bmc
3474 2358 3831 2445 loquentem?
3871 2356 3918 2386 “

2345 2464 2578 2521 c.Erunt
2607 2441 2760 2518 'forte
2795 2461 2994 2531 quibus
3026 2458 3219 2511 barum
3261 2441 3626 2524 Epistolarum
3674 2449 3919 2517 scriptor

2338 2559 2609 2615 videbitur
2659 2563 2714 2610 et
2758 2550 3106 2608 matrimonio
3144 2562 3267 2601 esse
3302 2543 3563 2614 iniquior,
3600 2540 3914 2594 caelibatum

2337 2652 2469 2705 vero
2497 2650 2726 2703 nimium
2779 2643 3062 2702 extollere,
3101 2638 3319 2707 quando
3354 2634 3653 2705 virginibus
3706 2631 3919 2685 sanetis

2337 2737 2771 2796 excellentiorem
2813 2734 2867 2787 in
2922 2731 3079 2785 curiis
3126 2730 3303 2782 locum
3361 2726 3545 2779 datum
3602 2720 3667 2775 iri
3721 2718 3916 2774 statuit

2340 2846 2503 2903 quam
2546 2826 2868 2898 conjugibus
2903 2822 3109 2878 sanctis
3142 2821 3293 2881 “,et
3324 2816 3597 2871 moments
3632 2826 3798 2882 quam
3826 2810 3915 2865 vel

2342 2899 2674 2980 humanitas,
2698 2916 2782 2971 vel
2808 2913 2998 2970 saeculi
3023 2909 3199 2966 nostri
3221 2904 3569 2962 consuetudo
3608 2902 3730 2968 fert,
3761 2899 3917 2983 omni

2342 3006 2814 3071 cummulieribus
2862 3001 3230 3056 familiaritate
3258 3006 3309 3051 et.
3337 2995 3665 3050 commercio
3694 2992 3918 3045 interdi-

2264 3129 2306 3187 ρ
2343 3119 2487 3166 cere,
2508 3100 2821 3167 aditumque
2844 3108 3034 3149 earum
3060 3099 3113 3146 et
3137 3103 3441 3153 sermonem
3472 3085 3731 3155 defugere
3760 3084 3917 3152 jube-

2336 3207 2422 3261 re,‘
2446 3209 2515 3248 ne
2534 3189 2662 3263 quid
2688 3206 2754 3245 ex
2784 3185 3106 3257 contagione
3129 3179 3457 3247 incommodi
3482 3177 3834 3247 accipiamus,
3854 3182 3917 3227 ut

2335 3284 2516 3343 verbis
2543 3280 2774 3338 Caesaris
2799 3289 2944 3334 utar.

2412 3401 2434 3433 ι
2474 3375 2668 3440 Aliter.
2701 3374 2896 3435 fateor,
2916 3372 2990 3425 'de
3028 3368 3277 3422 caelibatu
3310 3370 3367 3419 et
3408 3359 3759 3416 matrimonio
3787 3373 3917 3413 sen-

2335 3469 2401 3524 tit
2430 3459 2683 3522 Clemens
2716 3476 2876 3530 quam
2924 3458 3223 3521 Lutherus;
3257 3462 3311 3508 at
3346 3452 3586 3507 nondum
3611 3448 3913 3523 probatum

2336 3566 2421 3613 est
2446 3557 2595 3610 illum
2637 3554 2777 3607 male
2804 3547 3045 3605 sensisse
3090 3560 3107 3597 :
3150 3542 3339 3611 siquis
3375 3540 3520 3594 enim
3558 3538 3775 3607 genium
3812 3533 3913 3586 de-

2338 3648 2575 3709 fraudat,
2607 3652 2660 3699 et
2689 3644 2994 3711 voluptates
3043 3637 3205 3693 etiam
3245 3634 3430 3688 licitas
3478 3628 3708 3699 spernit,
3743 3638 3802 3679 ut
3847 3626 3917 3679 e‘o

2334 3742 2534 3811 melius
2568 3747 2623 3793 et
2654 3712 2963 3805 expeditius
2982 3731 3243 3796 doctrinae
3272 3724 3547 3795 Evangelii
3577 3730 3630 3777 et
3659 3720 3916 3776 curandae

2339 3830 2596 3885 Ecclesia:
2623 3841 2818 3881 vacare
2833 3824 3147 3895 possit,eur
3171 3826 3281 3876 nOn
3310 3820 3365 3873 in
3390 3818 3557 3872 altera
3588 3816 3698 3869 vita
3734 3814 3941 3881 majus

2337 3937 2373 3977 a
2415 3919 2524 3974 Deo
2578 3918 2857 3989 praemium
2916 3920 3181 3985 speraret,
3230 3926 3393 3980 quam
3436 3908 3514 3962 iiIi
3557 3907 3651 3976 qui
3705 3911 3913 3976 partem

2337 4011 2601 4069 mercedis
2631 4026 2745 4065 suae
2766 4009 2877 4079 jam
2902 4008 2956 4061 in
2987 4006 3091 4060 hac
3117 4005 3228 4059 vita
3245 4000 3602 4071 receperunt?
3620 3998 3914 4057 Caeterum,

2336 4103 2588 4159 Clemens
2646 4115 2749 4155 nec
2785 4098 3092 4153 caelibatum
3156 4095 3330 4164 jubet,
3392 4106 3493 4146 nec
3545 4088 3768 4157 nuptias
3818 4101 3932 4163 γε(

2338 4184 2441 4259 tat,
2490 4200 2547 4246 ut
2600 4202 2714 4245 tum
2762 4206 2827 4245 ex
2902 4190 3021 4258 ipso
3082 4188 3201 4241 loco
3275 4183 3442 4253 modo
3522 4182 3686 4233 allato
3743 4182 3911 4248 patet,

2338 4294 2452 4339 tum
2483 4299 2549 4337 ex
2592 4284 2697 4335 alia
2741 4280 2984 4348 ejusdem
3010 4278 3252 4347 Epistula
3282 4275 3486 4342 scripta
3534 4268 3784 4323 adversus
3826 4282 3913 4317 eos

2341 4376 2430 4446 qui
2474 4374 2871 4429 matrimonium
2922 4372 3197 4440 rejiciunt,
3254 4382 3417 4434 quam
3444 4362 3639 4433 legisse
3680 4365 3916 4413 testatur

2272 4482 2319 4541 ι)
2346 4465 2642 4537 Dionysius
2669 4464 2936 4518 Barsalibi
2965 4503 2979 4529 ,
3005 4460 3145 4531 apud
3176 4458 3437 4519 Asseman
3468 4457 3509 4487 “
3546 4474 3558 4509 :
3590 4467 3691 4506 nec
3729 4450 3794 4503 de
3815 4462 3918 4501 cae-

2343 4560 2546 4614 libatus
2568 4556 2788 4628 praemio
2810 4554 3105 4625 quidquam
3137 4550 3269 4604 dicit
3291 4548 3563 4603 diversqu
3595 4544 3665 4598 ab
3697 4543 3766 4597 iis
3794 4556 3916 4612 qua:

2342 4648 2545 4703 Paulus
2570 4648 2830 4701 docuerat
2862 4644 2927 4697 “.
2954 4661 2972 4694 ι

2342 4867 2727 4907 ειρεθιιιυκτυκ
2772 4865 2837 4902 AC
2889 4848 3272 4903 BEFELLUNTUR
3311 4857 3573 4897 RATIONES
3623 4852 3811 4901 QUlBUS
3861 4853 3914 4889 υ.

2414 4938 2482 4975 DE
2522 4936 2793 4975 PREIAGNY
2822 4935 2870 4972 IN
2904 4932 3098 4971 DUBIUII
3132 4930 3372 4972 REVOCAT
3402 4923 3917 4967 AUTBENTICITATEI

2418 5006 2670 5045 AIBABUI
2707 5003 3076 5043 EPISTO‘LARUI
3114 5001 3302 5040 SANCTI
3340 4996 3663 5037 CLEIIENTIS.

2422 5082 2728 5151 Stephanus
2743 5079 3071 5134 Franciscus
3096 5075 3343 5130 Boistard
3369 5074 3436 5128 de
3464 5072 3791 5156 Premagny,
3819 5068 3917 5121 ho—

2351 5176 2505 5223 nesta
2548 5168 2770 5234 familia,
2802 5165 3123 5236 Rothomagi
3153 5173 3335 5225 natus,
3357 5166 3441 5215 vir
3473 5176 3682 5231 magna:
3716 5159 3920 5213 littera-

1995 5343 2036 5373 "
2065 5342 2579 5413 Biblioth.'_0rient.,
2613 5351 2655 5397 t.
2680 5341 2745 5407 ll,
2777 5357 2833 5412 p.
2864 5342 2985 5396 155.
3062 5340 3147 5395 "1
3193 5339 3321 5396 Cor.
3356 5348 3457 5403 vn,
3506 5337 3556 5393 9.

2351 5524 2418 5578 ad
2451 5524 2624 5578 solum
2661 5531 3011 5593 conspectum
3062 5522 3287 5576 hirsuta:
3319 5518 3695 5575 translationis
3733 5516 3915 5593 Wets:

2350 5595 2469 5649 tini.
2503 5593 2701 5648 Eadem
2738 5589 3011 5653 decausa,
3054 5608 3153 5662 ego
3185 5594 3296 5661 ipse
3321 5592 3502 5660 plures
3533 5604 3706 5662 annos
3731 5589 3914 5642 distuli

2349 5680 2530 5718 meum
2574 5665 2833 5734 laborem,
2854 5663 2946 5734 qui
2978 5660 3183 5718 utinam
3208 5660 3390 5718 adhuc
3422 5668 3609 5717 sancto
3638 5660 3917 5721 Clemente

2350 5734 2603 5805 indignus
2635 5748 2742 5789 non
2769 5733 2864 5789 sit!
