4074 6328
170 404 274 460 865

1118 402 1481 460 Εριετοιε
1516 400 1608 456 AD
1643 395 1987 455 VIRGINES.
2022 428 2088 439 -——
2128 395 2488 455 PBO‘EMIA.

3341 396 3451 453 366

168 524 329 581 tune,
374 518 519 572 inter
544 518 849 589 pracipuos
882 517 1157 573 moderns:
1189 518 1545 589 philosophiae
1575 525 1761 589 patro:
1787 520 1833 574 Α
1862 512 2079 584 pidatus
2102 506 2277 579 esset,
2306 527 2485 583 praeco
2508 513 2686 565 laetus
2716 511 2772 565 in
2796 511 3016 566 Oriente
3044 518 3097 565 et
3130 506 3447 577 Occidente;

168 623 273 663 nos
293 649 311 673 ,
336 624 572 679 quorum
604 611 812 665 amicus
842 618 977 673 erat,
1010 618 1281 672 versatus,
1330 611 1615 664 innumera
1648 604 1760 661 fere

167 700 440 770 opuscula
472 715 502 753 a
532 716 593 756 se
611 706 912 772 composita
952 703 1081 771 legit
1122 716 1309 755 coram
1332 700 1625 755 Academia
1652 698 1761 753 ilo-

164 792 540 862 thomagensi,
608 794 768 861 cujus
820 794 1125 849 membrum
1177 800 1316 847 erat.
1375 792 1559 847 Solam
1627 807 1759 846 vero

166 883 573 939 traductionem
595 883 855 940 Gallicam
882 891 1191 939 nostrarum
1220 882 1584 954 Epistolarum
1606 884 1760 937 evul-

167 980 341 1047 gavit,
365 978 619 1050 quamvis
650 976 802 1029 varia
823 975 1178 1031 scientiarum
1213 974 1508 1044 penetralia
1538 975 1753 1030 adierit.

165 1066 469 1140 Catalogus
528 1065 1024 1135 manuscriptorum
1078 1079 1201 1134 quae
1251 1064 1469 1133 reliquit
1515 1064 1613 1135 (5)⁴
1646 1080 1755 1119 non

164 1159 393 1214 exhibet
419 1158 693 1213 hominem
718 1157 839 1211 fidei
878 1155 1183 1226 infensum.
1216 1154 1325 1211 Nec
1354 1163 1535 1211 tamen
1569 1156 1754 1227 negari

167 1258 350 1318 potest
382 1248 763 1304 adnotatidnes
809 1249 929 1317 ejus
962 1248 1225 1318 plurimas
1258 1248 1498 1303 versioni
1537 1248 1755 1319 subjec-

166 1348 252 1393 tas
277 1340 701 1409 reprehensione
722 1340 915 1411 dignas
931 1355 1072 1405 esse,
1102 1348 1163 1395 ut
1186 1341 1393 1413 patebit
1417 1331 1483 1395 ex
1514 1340 1601 1398 his
1633 1355 1763 1413 quas

163 1424 333 1485 modo
359 1432 606 1487 dicturus
634 1446 775 1486 sum.

240 1521 501 1576 Ordinem
543 1536 747 1592 sequar
799 1533 1153 1575 numerorum
1194 1536 1336 1590 quos
1378 1520 1547 1577 aiiixit
1582 1520 1646 1578 ι).
1684 1523 1753 1581 de

163 1605 471 1680 Prcmagny
500 1609 556 1663 in
583 1610 700 1665 suis
727 1607 1195 1662 adnotationibus.

237 1698 281 1755 ι.
331 1696 430 1753 Vix
468 1699 724 1753 morabor
755 1707 813 1751 ut
846 1696 1074 1768 probem
1133 1704 1327 1750 contra
1374 1694 1749 1752 adnotatorem

164 1802 278 1841 non
325 1802 522 1842 nocere
559 1786 927 1857 Epistolarum
978 1785 1378 1841 authenticitati
1430 1794 1747 1841 sanctorum

1860 603 1955 674 qui
1986 604 2245 659 eximium
2278 604 2402 659 ﬁdei
2433 620 2546 659 sua:
2575 604 2746 662 decus
2775 602 3007 672 accepit,
3061 608 3235 655 totum
3283 615 3449 656 mun-
3483 666 3489 670 Ι

1862 687 1989 753 dum
2054 697 2257 753 docens
2291 699 2583 767 justitiam,
2633 705 2686 752 et
2733 696 2801 750 ad
2859 694 3174 750 Occidentis
3225 692 3450 750 veniens

1862 793 2180 855 terminum.
2210 799 2264 846 et
2298 793 2400 847 sub
2446 791 2716 861 praefectis
2760 790 3083 849 martvrium
3115 802 3314 857 passus
3345 786 3445 856 (6;,

1859 885 1934 940 ita
1965 901 1995 940 e
2033 885 2236 949 mundo
2264 885 2537 954 migravit,
2567 889 2731 951 atque
2762 881 2817 935 in
2851 881 3027 934 locum
3057 888 3305 934 sanctum
3348 876 3446 930 ab-

1858 976 1940 1038 iit,
1974 975 2248 1046 patientiae
2298 988 2552 1049 magnum
2602 972 2883 1043 exemplar
2929 970 3129 1024 iactus.
3164 968 3259 1023 His
3310 958 3481 1022 viris

1856 1068 1951 1137 qui
1988 1066 2226 1121 divinam
2259 1067 2425 1120 vitam
2456 1066 2753 1126 duxerunt,
2786 1070 3075 1134 aggregata
3122 1066 3209 1114 est
3251 1058 3445 1130 ingens

1856 1159 2153 1228 electorum
2186 1150 2502 1220 multitudo,
2534 1176 2554 1209 ι
2590 1164 2698 1211 etc.

1927 1246 2019 1308 ιγ.
2057 1248 2289 1307 Dubiam
2319 1265 2443 1305 esse
2484 1250 2678 1302 harum
2712 1244 3083 1317 Epistolarum
3112 1241 3446 1306 authenticl-

1855 1352 2045 1409 tatem,
2076 1343 2204 1398 inde
2234 1341 2551 1413 pronuntiat
2578 1339 2647 1394 'D.
2676 1339 2742 1393 de
2772 1337 3073 1408 Premagny
3103 1334 3274 1406 quod,
3286 1330 3444 1404 juxta

1856 1434 2060 1504 ipsum,
2089 1430 2434 1503 impossibile
2461 1432 2533 1485 sit
2563 1429 2837 1498 conjicere
2866 1426 3197 1497 quibusnam
3228 1424 3447 1494 scripta

1851 1524 2079 1582 fuerint.

1923 1616 1989 1671 Et
2015 1622 2200 1671 tamen
2226 1615 2400 1686 magis
2428 1615 2577 1669 clara
2601 1629 2727 1669 esse
2749 1628 2855 1667 non
2882 1618 3114 1682 possunt
3135 1608 3300 1664 verba
3320 1622 3445 1678 qua!

1852 1708 2009 1764 initio
2037 1708 2226 1779 prima;
2257 1706 2510 1776 Epistula:
2535 1706 2885 1775 reperiuntur
2924 1722 2936 1757 :
2974 1700 3231 1757 Omnibus
3278 1697 3441 1768 virgi-

1851 1800 2004 1854 nibus
2036 1800 2199 1853 beatis
2220 1799 2310 1868 qui
2333 1798 2407 1867 (7)
2434 1799 2819 1851 constituerunt
2845 1810 3050 1852 servare
3079 1791 3443 1862 virginitatem

161 1890 229 1929 ³ο
274 1874 558 1930 beatorum
596 1874 874 1929 Vocabula
929 1874 1129 1943 (ιυίὺιιε
1172 1873 1346 1926 "mu"
1380 1881 1605 1928 53"““5
1628 1872 1748 1927 Cle‘
1785 1848 1826 1903 Β
1852 1900 2063 1961 propter
2100 1848 2637 1960 regnitmcwtorum.
2671 1887 2753 1941 Ad
2804 1886 2906 1942 bos
2956 1886 3104 1941 solos
3151 1848 3442 1951 utriusque

166 1980 344 2020 tuens.
372 1962 440 2022 Ut
469 1966 537 2018 ab
556 1979 625 2020 eo
653 1962 901 2026 adhiberi
934 1964 1229 2032 potuerint,
1252 1961 1525 2018 sufficeret
1553 1963 1751 2019 unicus

160 2054 363 2109 horum
393 2055 681 2109 verborum
704 2069 837 2109 usus
865 2055 922 2109 in
955 2051 1104 2108 Novo
1123 2050 1492 2119 Testamento,
1519 2054 1612 2109 ubi
1639 2052 1748 2110 ire-

158 2151 395 2214 quenter
416 2142 798 2213 reperiuntur.

233 2235 300 2290 Ii.
335 2234 603 2290 lndirecte
638 2244 692 2289 et
735 2241 1082 2291 transeunter
1126 2234 1445 2305 perstringit
1475 2234 1741 2304 apostola-

158 2336 275 2383 tum
316 2327 460 2382 beati
490 2326 637 2383 Petri
668 2325 875 2381 Romae.
909 2326 1003 2381 Ille
1027 2335 1210 2380 autem
1244 2326 1498 2381 incursus
1530 2341 1752 2397 respon—

158 2436 284 2475 sum
314 2436 421 2474 non
440 2427 682 2473 meretur
707 2433 721 2472 :
758 2417 1028 2472 innumeri
1054 2420 1253 2489 quippe
1283 2417 1407 2471 libri
1431 2418 1742 2482 exstabant,

158 2518 406 2579 tempore
430 2508 490 2562 D.
506 2506 574 2563 de
588 2508 911 2579 Premagny,
939 2515 993 2562 et
1020 2524 1167 2563 nunc
1194 2518 1427 2573 exstant,
1456 2509 1748 2578 probantes

156 2600 373 2655 nullum
413 2601 759 2667 insulsiorem
789 2600 843 2654 iu
876 2600 1151 2656 mentibus
1180 2601 1525 2656 eruditorum
1562 2616 1732 2656 rema-

157 2710 291 2750 nere
320 2710 489 2764 posse
510 2693 906 2750 dubitationem
938 2711 1104 2766 quam
1134 2696 1200 2751 de
1238 2695 1398 2767 longa
1433 2694 1608 2750 sancti
1639 2694 1743 2749 Pe-

156 2788 230 2840 tri
250 2784 439 2839 Roma:
468 2786 897 2841 commoratione
924 2804 938 2841 :
980 2786 1035 2840 in
1056 2786 1159 2840 hoc
1189 2787 1335 2841 enim
1366 2786 1610 2842 historiae
1633 2786 1748 2841 fac-

155 2890 215 2937 to
248 2880 539 2935 unanimes
563 2886 690 2933 sunt
716 2894 841 2934 cum
871 2888 981 2933 tota
1008 2889 1155 2934 retro
1186 2879 1510 2950 antiquitate
1540 2880 1747 2936 doctis-

156 2972 284 3027 simi
315 2971 630 3040 scriptores,
656 2979 772 3025 tum
802 2971 945 3027 inter
960 2971 1441 3035 Catholicosrtum
1472 2972 1635 3027 etiam
1658 2972 1743 3027 in-

154 3071 243 3121 ter
278 3071 665 3134 protestantes.

1853 1998 2019 2037 sexus
2046 1982 2284 2051 virgines
2323 1978 2765 2049 scriptas-fuisse
2818 1978 2918 2032 has
2966 1974 3238 2044 Epistolas
3268 1988 3442 2045 agno-

1851 2076 1929 2131 vit
1957 2082 2180 2132 sanctus
2209 2072 2570 2143 Hieronymus
2606 2090 2619 2124 :
2662 2071 2737 2124 ita
2768 2076 2827 2123 ut
2877 2067 3123 2121 animum
3156 2066 3290 2121 mire
3325 2063 3446 2137 dis-

1848 2171 2087 2219 tractum
2131 2163 2333 2217 habere
2384 2162 2633 2216 debuerit
2681 2159 2744 2216 Ι).
2780 2158 2845 2213 de
2876 2156 3179 2227 Premagny
3212 2154 3306 2225 qui
3340 2170 3440 2210 su-

1848 2269 1946 2325 pra
1986 2256 2133 2310 dicta
2180 2255 2346 2310 verba
2393 2255 2547 2323 prius
2589 2253 2658 2307 ab
2698 2256 2818 2323 ipso
2849 2251 3043 2307 Latine
3076 2248 3437 2319 transcripta.

1849 2348 2045 2404 deinde
2073 2349 2131 2403 in
2162 2355 2408 2403 nostram
2447 2346 2689 2415 linguam
2716 2351 2979 2408 verterat,
3026 2343 3248 2413 quando
3298 2340 3439 2395 dixit

1848 2441 2049 2510 conjici
2096 2455 2205 2495 non
2255 2450 2420 2511 posse
2454 2439 2656 2509 quibus
2706 2436 2826 2491 ista:
2867 2436 3280 2506 destinarentur
3310 2432 3441 2504 Epi-

1847 2533 2021 2589 stolae.

1917 2623 2055 2678 Boni
2082 2622 2323 2692 pastoris
2352 2618 2587 2674 ollicium
2619 2618 2880 2689 implebat
2924 2626 3150 2673 sanctus
3180 2614 3436 2671 Clemens

1847 2715 1975 2770 dum
2021 2714 2346 2786 invigilaret‘
2370 2713 2692 2785 perfectioni
2736 2728 2927 2767 eorum
2959 2712 3052 2781 qui
3080 2708 3438 2767 illustriorem

1845 2808 2025 2879 gregis
2055 2807 2262 2862 Christi
2292 2808 2597 2877 portionem
2631 2805 2891 2861 elﬁciunt.
2926 2803 3166 2859 Dilectus
3189 2804 3439 2874 discipu-

1848 2897 1934 2951 lus
1959 2897 2076 2965 ipse
2094 2897 2272 2951 locum
2294 2897 2348 2949 in
2369 2896 2524 2950 cmlis
2545 2895 3033 2950 honoratissimum
3058 2895 3138 2949 eis
3165 2893 3438 2965 assignat.

1846 2984 2143 3057 Postquam
2190 2988 2337 3042 enim
2386 2987 2659 3041 nuntiavit
2692 3001 2787 3042 cos
2826 2986 3029 3040 habere
3059 3002 3258 3042 nomen
3296 2989 3438 3057 Αθηί

1848 3075 1944 3133 Dei
1972 3080 2027 3132 et
2054 3075 2231 3131 Patris
2262 3077 2383 3145 ejus
2427 3076 2693 3145 scriptum
2729 3075 2784 3129 in
2824 3071 3104 3131 frontibus
3128 3076 3267 3141 suis,
3302 3075 3440 3133 dicit

228 3153 317 3208 ΙΙΙ.
348 3154 576 3207 Miratur
597 3152 742 3225 (ιυοά
768 3158 962 3210 sancto
986 3154 1157 3210 Paulo
1186 3156 1377 3211 titulus
1396 3156 1578 3212 Divini
1607 3158 1743 3217 Apo-
1765 3184 1810 3241 Ο
1845 3185 1940 3224 θοι
1991 3177 2215 3223 cantare
2276 3176 2402 3244 gnte
2464 3156 2647 3224 sedem
2707 3169 2982 3223 canticum
3038 3184 3262 3234 novum,
3288 3170 3447 3239 quod,

152 3251 284 3304 uoti
339 3265 368 3303 a
425 3258 884 3318 contemporaneo
950 3250 1253 3314 tribuatur,
1308 3250 1462 3322 isque
1519 3260 1744 3308 vocetur

152 3343 453 3413 Apostolus
482 3341 603 3417 sine
629 3342 867 3396 numinis
891 3341 1262 3405 additione,et
1293 3358 1390 3413 per
1419 3352 1744 3401 antonoma-

152 3432 318 3487 siam.
360 3430 469 3485 Sed
506 3438 735 3486 sanctus
762 3431 1013 3487 Clemens
1054 3432 1111 3486 in
1166 3433 1342 3503 prima
1380 3433 1623 3504 Epistola
1677 3436 1743 3492 ad

152 3520 476 3575 Corinthios
496 3558 511 3582 ,
536 3535 660 3589 qua
681 3521 994 3579 authentica
1034 3522 1102 3576 ab
1126 3523 1381 3579 omnibus
1406 3526 1741 3595 agnoscitur,

150 3611 290 3666 dicit
324 3629 336 3664 :
377 3628 395 3661 ι
440 3609 650 3665 Sumite
680 3609 977 3680 Epistolam
1017 3610 1161 3666 beati
1188 3609 1366 3669 Pauli.
1403 3632 1421 3665 ι
1458 3613 1742 3679 Quodnam

150 3710 369 3757 tantum
426 3702 723 3765 discrimen
768 3709 852 3757 est
906 3702 1049 3757 inter
1089 3702 1323 3756 divinum
1372 3712 1427 3759 et
1487 3704 1744 3761 beatum?

150 3791 380 3847 Nullum
420 3792 687 3863 proiecto.
739 3790 1012 3848 Praeterea
1048 3801 1343 3863 utrumque
1389 3797 1739 3863 vocabulum,

149 3886 403 3953 tempore
428 3882 604 3938 sancti
618 3882 917 3938 Clementis
930 3894 935 3905 '
949 3883 1321 3939 indiﬂ‘erenter
1350 3886 1738 3955 usurpabatur.

150 3972 296 4029 Hinc
323 3975 376 4028 in
390 3974 538 4029 Actis
567 3976 812 4046 martyrii
834 3977 1007 4031 sancti
1030 3974 1220 4045 lgnatii
1242 3978 1590 4044 Antiocheni,
1621 3996 1744 4051 quas

148 4066 363 4136 scripta
393 4074 523 4121 sunt
561 4066 630 4121 ab
652 4067 780 4136 ‘ejus
795 4067 1102 4137 discipulis,
1136 4068 1331 4138 legitur
1364 4068 1440 4137 (n.
1465 4069 1520 4139 9)
1562 4091 1574 4125 :
1613 4090 1629 4121 ι
1673 4070 1741 4126 Ut

153 4154 550 4213 convenienter
592 4156 641 4212 ei
676 4158 823 4229 quod
879 4153 1019 4213 dixit
1075 4158 1294 4213 divinus
1343 4158 1569 4226 Paulus,
1626 4162 1742 4233 ipse

148 4260 377 4325 quoque
400 4247 550 4301 iteret
574 4248 948 4315 spectaculum
970 4247 1197 4313 mundo,
1226 4256 1279 4304 et
1302 4235 1509 4321 angelis
1548 4258 1602 4307 et
1637 4254 1739 4307 ho-

150 4336 422 4392 minibus.
456 4355 475 4389 ›
500 4334 669 4409 Igitur
696 4335 799 4393 hac
830 4346 990 4395 atate
1008 4338 1278 4410 ejusmodi
1302 4357 1464 4398 voces
1493 4343 1740 4401 adhiberi

152 4426 433 4482 solebant.

1848 3277 2009 3317 nemo
2058 3269 2257 3331 pra‘ter
2305 3262 2452 3321 illos,
2495 3267 2721 3315 cantare
2768 3266 2980 3331 potest,
3017 3262 3275 3331 additque
3310 3280 3322 3316 :
3361 3261 3436 3315 Ili

1847 3362 1979 3405 sunt
1999 3352 2087 3423 qui
2128 3369 2244 3405 cum
2284 3350 2592 3404 mulieribus
2620 3367 2721 3404 non
2758 3361 2882 3403 sunt
2928 3352 3251 3422 coinquinati
3282 3368 3299 3405 :
3329 3354 3438 3406 vir-

1844 3445 1991 3515 gines
2032 3444 2171 3498 enim
2215 3453 2356 3499 sunt.
2406 3442 2479 3495 Hi
2532 3450 2824 3512 sequuntur
2877 3442 3086 3513 Aguum
3128 3458 3437 3513 quocunque

1844 3537 1990 3590 ierit.
2037 3535 2111 3589 Hi
2152 3536 2311 3603 empti
2364 3543 2485 3589 sunt
2532 3549 2597 3588 ea:
2628 3532 2925 3588 hominibus
2969 3534 3222 3602 primitiae
3250 3533 3357 3589 Deo
3384 3548 3437 3588 et

1844 3630 1996 3698 Agna
2015 3627 2080 3695 ε’.

1916 3717 1981 3773 ν.
2024 3716 2259 3772 Domino
2283 3719 2348 3774 de
2376 3717 2701 3789 Pre’magny.
2734 3726 2860 3786 post
2888 3715 3223 3771 Wetstinum
3256 3717 3436 3771 anim-

1846 3810 2129 3866 advertere
2176 3812 2385 3881 placet,
2439 3809 2577 3862 nihil
2631 3810 2687 3861 in
2738 3808 2823 3862 his
2890 3806 3152 3877 Epistolis
3196 3807 3433 3861 inveniri

1844 3904 2051 3958 dictum
2101 3901 2169 3958 de
2218 3900 2522 3957 hierarchia
2560 3910 2610 3953 et
2643 3900 3017 3958 ecclesiastica
3050 3900 3379 3953 auctoritate
3413 3918 3427 3954 :

1843 4002 1898 4051 et
1920 3995 2045 4051 inde
2071 3994 2399 4049 concludere
2427 3992 2539 4046 vult
2563 3991 2786 4045 dubiam
2820 4007 2945 4045 esse
2976 4006 3164 4044 earum
3197 3989 3433 4044 authen-

1842 4088 2131 4141 ticitatem.
2173 4084 2393 4139 Dixerat
2434 4097 2563 4137 vero
2589 4080 2901 4136 Wetstinus
2930 4079 3072 4133 hanc
3101 4079 3434 4135 authentici-

1845 4187 2011 4233 tatem
2070 4176 2502 4245 astruipraecise
2552 4176 2648 4231 illo
2700 4177 2941 4232 silentio.
3006 4171 3283 4231 Wetstjno
3314 4171 3432 4241 jam

1844 4285 2167 4340 responsura
2196 4269 2342 4330 dedi,
2362 4267 2551 4324 Restat
2568 4284 2697 4339 ergo
2717 4276 2773 4324 ut
2804 4267 3167 4337 respondeam
3201 4267 3434 4322 adnota-

1844 4360 1949 4417 tori
1982 4359 2183 4414 ibidem
2211 4358 2567 4428 quaestionem
2592 4360 2796 4413 nullam
2830 4358 3000 4414 fuisse
3021 4359 3088 4416 de
3118 4358 3431 4414 hiemrchia

1841 4458 1895 4506 et
1920 4451 1987 4505 de
2008 4451 2333 4506 auctoritate
2358 4450 2756 4507 ecclesiastica.
2789 4449 2985 4506 Omnia
3026 4459 3239 4520 tempus
3265 4458 3321 4506 et
3352 4451 3435 4506 lo-

219 4517 339 4575 Nec
366 4518 739 4605 mirumquod
768 4520 932 4575 etiam
967 4532 1097 4576 tunc
1142 4530 1365 4579 sanctus
1389 4521 1594 4582 Paulus
1642 4541 1739 4597 per
1772 4519 1813 4573 D
1844 4557 1967 4597 cum
2000 4558 2162 4597 suum
2191 4541 2415 4598 habent,

152 4612 602 4666 antonomasiam
650 4611 945 4685 Apostolus
992 4614 1172 4670 dictus
1226 4615 1410 4682 fuerit,
1444 4634 1569 4674 cum
1619 4629 1736 4675 tam

148 4704 422 4787 divinitus
454 4704 522 4758 ad
555 4706 917 4774 apostolatum
963 4705 1126 4761 fuerit
1172 4719 1420 4775 vocatus,
1473 4728 1538 4766 ac
1583 4722 1736 4768 tanto

150 4798 407 4851 encomio
440 4811 467 4848 a
495 4805 690 4851 sancto
724 4796 882 4852 Petro
906 4798 1070 4853 fuerit
1103 4801 1375 4856 celebrata
1406 4806 1672 4873 sapientia
1695 4808 1738 4844 ίι

151 4885 283 4941 talis
314 4886 437 4951 viri,
470 4888 587 4957 qui,
610 4897 669 4942 ut
699 4890 773 4943 ait
800 4898 1025 4945 sanctus
1044 4890 1297 4949 Clemens
1327 4894 1383 4947 in
1414 4896 1586 4963 prima
1610 4895 1737 4967 Epi-

151 4977 299 5032 stola
345 4978 413 5031 ad
444 4976 859 5036 Corinthios":
903 5000 921 5033 ι
952 4982 1234 5039 Patientia:
1278 4987 1561 5055 praemium
1592 4990 1733 5043 obti-

150 5068 300 5133 nuit,
331 5083 457 5124 cum
485 5078 712 5128 catenas
741 5073 941 5145 septies
962 5084 1257 5145 portasset,
1289 5079 1622 5149 vapulasset,
1653 5082 1732 5137 ia-

220 5269 264 5301 “
307 5267 350 5321 ll
380 5267 528 5327 Petr.
556 5265 843 5331 tlt,l5,i6.
908 5274 949 5305 "
973 5274 1039 5332 Ν.
1072 5278 1125 5333 5.
1205 5281 1247 5312 η
1284 5268 1507 5353 Apocal.
1542 5302 1650 5341 xxv.

212 5466 300 5552 (ξ)
327 5466 1099 5552 iiuncmatalogumbenigne
1137 5478 1275 5552 mihi
1322 5480 1625 5552 transmisit
1661 5480 1726 5537 D.

142 5535 204 5620 ξ).
221 5535 1181 5620 .Krchiepiscopusvﬂotllomagensis
1204 5565 1326 5603 cum
1360 5550 1509 5605 brevi
1532 5535 1727 5606 notitia

143 5608 1064 5703 hu]iis-auctorisf‘Tanto‘Praasuli
1096 5631 1275 5703 grates
1302 5622 1540 5703 rependo
1573 5623 1725 5703 debi-

140 5684 227 5761 tas
272 5684 745 5761 pro'istohtotque
790 5685 913 5741 aliis
954 5684 1231 5761 beneﬁciis
1266 5684 1395 5761 mihi
1440 5692 1717 5759 praestitis.

144 5746 291 5803 Hinc
312 5750 480 5831 didici
511 5752 571 5805 υ.
598 5746 672 5831 de
702 5753 1021 5831 Premagnv
1043 5759 1185 5812 inter
1210 5746 1488 5831 religionis
1515 5746 1719 5831 ample;

146 5832 247 5873 xus
291 5829 419 5877 ante
466 5828 696 5877 mortem
737 5840 793 5879 sc
823 5826 1136 5896 projeeisse.
1169 5826 1386 5886 obiit—5
1430 5826 1716 5889 Februarii

1916 4632 2005 4689 Vl.
2051 4632 2297 4704 Vitiligat
2341 4650 2560 4704 quoque
2608 4634 2673 4689 D.
2705 4635 2773 4691 de
2803 4634 3107 4707 Premagny
3136 4650 3303 4706 super
3332 4648 3432 4689 vo-

1841 4725 2055 4780 cabulis
2091 4726 2333 4795 Apostoli
2376 4736 2430 4783 et
2469 4727 2765 4798 Evangelii,
2804 4726 2963 4799 quasi
3021 4728 3125 4782 hoc
3182 4735 3431 4797 tempore

1840 4819 2095 4888 usurpari
2140 4834 2251 4873 non
2303 4817 2833 4877 d'ebuerintuLiceat
2866 4821 2999 4875 mihi
3041 4821 3227 4875 dicere
3272 4820 3426 4873 litem

1837 4906 1983 4959 hanc
2020 4920 2143 4961 esse
2191 4921 2539 4977 summopere
2582 4910 2866 4965 ridiculam
2904 4928 2917 4965 :
2958 4918 3247 4981 postquam
3278 4909 3427 4963 enim

1838 5008 2001 5049 voces
2049 4995 2167 5051 istae
2209 5012 2239 5051 a
2284 4997 2528 5063 Christo,
2562 5000 2631 5055 ab
2674 5001 2936 5073 apostolis
2981 5008 3034 5056 et
3077 5000 3429 5072 evangelistis

1838 5085 2096 5142 adhibita:
2129 5087 2351 5160 fuerint,
2389 5091 2515 5161 quis
2544 5092 2727 5147 dicere
2753 5093 2978 5149 auderet
3009 5107 3041 5148 a
3066 5101 3259 5148 sancto
3302 5091 3427 5149 Cle-

1833 5497 1975 5537 anno
2008 5484 2166 5549 i767,
2202 5488 2360 5545 annis
2395 5496 2556 5542 natus
2586 5489 2672 5544 58.

1890 5553 1979 5637 (6)
2022 5554 2103 5637 Ex
2120 5558 2360 5637 historia
2391 5560 2658 5637 discimus
2691 5558 2830 5618 duos
2856 5562 3029 5621 fuisse
3066 5564 3254 5621 Romae
3282 5583 3421 5637 prse-

1829 5622 2000 5699 ieetos
2021 5626 2224 5699 _ultimo
2249 5628 2485 5684 Neronis
2517 5646 2683 5684 anno.
2722 5683 2743 5699 κ

1896 5695 1974 5777 (7)
2017 5697 2405 5781 scribiturqui
2438 5716 2543 5755 non
2581 5695 2877 5781 qua,"me
2899 5704 3145 5779 Epistola
3165 5707 3420 5781 dirigitur

1824 5766 1890 5821 ad
1926 5767 2165 5839 virgines
2201 5766 2491 5842 utriUsque
2522 5766 2709 5830 sexus.
