4096 6318
683 365 788 422 587

1498 362 1558 417 S.
1592 358 1987 419 CLEMENTIS
2022 357 2039 411 l
2076 357 2243 413 80M.
2282 354 2484 412 P031.
2520 355 2749 409 UPERA
2782 354 3106 411 GENUINA.

3839 350 3955 401 3M!

684 488 864 536 mente
918 496 1029 535 non
1084 477 1329 549 potuisse
1377 477 1664 533 adhiberi?
1714 476 2015 547 Utramque
2070 490 2257 531 vocem
2288 471 2535 539 Amagis
2585 471 2768 527 lavere
2817 470 3116 541 virginitati
3169 466 3497 524 beatissima:
3540 462 3722 519 Maria
3778 478 3954 532 quam

683 579 909 628 sanctus
940 570 1193 625 Clemens
1238 570 1294 624 in
1338 569 1526 625 eadem
1564 569 1707 623 linea
1737 575 1987 638 usurpat,
2015 567 2262 622 scribens

681 663 751 717 ad
780 663 1096 718 Corinthios
1127 662 1357 731 primam
1391 661 1711 731 Epistolam,
1742 670 1805 715 ut
1828 661 1941 731 jam
1972 659 2106 722 dixi,
2144 659 2265 713 sine

682 753 1054 810 controversia
1077 754 1467 808 autlienticam.
1503 772 1521 805 α
1550 753 1817 824 Apostoli,
1853 751 2051 821 inquit,
2083 767 2136 804 n.
2169 750 2260 816 4:2,

682 845 836 901 missi
869 862 896 900 a
930 844 1161 901 Domino
1188 844 1319 903 Jesu
1348 845 1589 910 Christo,
1620 845 1971 916 Evangelium
2003 842 2263 913 praedica-

681 947 830 993 runt.
864 958 884 991 ι

756 1029 863 1085 Sed
896 1032 1090 1102 quaerit
1124 1030 1187 1087 D.
1228 1030 1297 1087 de
1328 1030 1632 1101 Premagny
1679 1038 1859 1084 utrum
1912 1029 1967 1083 in
2015 1028 2265 1084 versione

684 1120 911 1193 Syriaca
969 1127 1313 1194 reperiantur
1369 1125 1471 1177 ista
1526 1122 1790 1176 vocabula
1828 1141 1841 1177 :
1878 1119 2217 1190 Evangelium
2244 1159 2260 1184 ,

681 1215 1005 1282 Apostolus?
1038 1215 1364 1285 Respondeo
1392 1215 1445 1269 id
1476 1214 1625 1285 parvi
1659 1213 1884 1275 referre,
1936 1213 2095 1265 modo
2139 1227 2267 1266 sen-

681 1318 777 1361 sus
811 1306 953 1361 idem
982 1308 1338 1377 exprimatur.
1372 1304 1445 1360 Ut
1477 1312 1657 1360 autem
1690 1304 1992 1358 curiositati
2022 1306 2141 1372 ejus
2174 1318 2264 1357 sa-

680 1397 977 1459 tisfaciam,
1004 1397 1183 1452 dicam
1211 1398 1266 1451 in
1293 1396 1519 1469 Syriaco
1542 1397 1771 1467 exprimi
1800 1404 2009 1449 tantum
2041 1411 2262 1451 sensum

682 1489 834 1544 verbi
860 1490 1124 1557 Apostoli,
1155 1490 1209 1543 id
1240 1498 1325 1543 est
1349 1491 1526 1554 missi,
1571 1499 1626 1544 et
1674 1488 2044 1543 introductum
2094 1486 2265 1542 fuisse

682 1582 1014 1637 vocabulum
1047 1581 1343 1651 Evangelii.
1379 1580 1499 1637 Non
1544 1582 1783 1637 consulit
1827 1595 1939 1635 sua:
1980 1579 2136 1634 fama:
2168 1580 2263 1649 qui

685 1672 787 1728 has
816 1676 1026 1731 nzenias
1054 1674 1334 1744 proponit.

753 1764 865 1821 Vli.
907 1765 1013 1833 Qui
1047 1767 1275 1822 libidine
1317 1765 1728 1821 contradicendi
1774 1765 2043 1835 abripitur
2094 1763 2291 1835 solem.

682 1857 862 1927 ipsum
891 1857 1263 1928 splendentem
1293 1870 1536 1927 negaret,
1570 1870 1662 1911 aut
1691 1858 1812 1927 ejus
1837 1857 2185 1913 existentiam
2206 1857 2260 1911 in

682 1948 908 2002 dubium
959 1957 1265 2005 revocaret.
1301 1948 1393 2005 Sic
1438 1949 1500 2005 D.
1532 1951 1597 2006 de
1625 1952 1928 2023 Premagny
1960 1953 2105 2006 litem
2138 1968 2263 2007 sus-

683 2040 816 2095 citat
861 2043 1071 2097 auctori
1126 2040 1496 2113 Epistolarum
1535 2045 1664 2112 quia
1704 2061 1806 2099 nec
1863 2059 2260 2115 praecursorem

684 2131 897 2187 Domini-
929 2134 1229 2203 Baptistam
1262 2136 1572 2205 appellavit,
1596 2151 1697 2191 nec
1727 2137 1983 2189 dilectum
2017 2137 2263 2208 discipu-

683 2225 793 2279 lum
815 2225 1229 2295 Evangelistam.
1264 2229 1391 2283 inde
1415 2224 1577 2282 etiam
1607 2229 1893 2299 perpendit
1918 2238 2100 2286 utrum
2142 2246 2261 2284 sm-

683 2313 767 2374 ine
818 2326 1017 2371 nostrae
1064 2318 1321 2391 Epistolm
1360 2318 1682 2375 antecedere
1714 2320 1991 2389 potuerint
2021 2322 2266 2389 publica-

681 2409 886 2462 tionem
918 2416 972 2463 et
998 2408 1364 2480 cognitionem
1393 2409 1673 2481 Evangelii
1704 2406 1879 2466 sancti
1900 2411 2147 2469 Joannis.
2168 2413 2265 2467 Mi-

683 2517 805 2555 sera
836 2516 1065 2570 prorsus
1110 2502 1422 2557 discussio!
1457 2502 1513 2556 Si
1545 2504 1689 2558 enim
1723 2506 2121 2560 antecesserint
2150 2507 2266 2560 ista:

683 2592 941 2663 Epistolas
986 2595 1409 2665 publicationem
1458 2595 1735 2665 Evangelii
1788 2596 1965 2651 sant-ti
2014 2595 2263 2661 Joannis,

681 2700 783 2739 cur
810 2700 1000 2738 eorum
1037 2685 1419 2755 antiquitatem
1451 2686 1769 2757 impugnat?
1801 2686 1926 2750 Sed,
1956 2688 2145 2757 procul
2174 2689 2268 2742 dn-

682 2775 797 2840 bio,
831 2775 1011 2829 adhuc
1040 2775 1341 2832 distractus
1390 2784 1507 2832 erat
1558 2776 1787 2846 legendo
1823 2784 1877 2833 et
1908 2778 2267 2832 exscribendo

683 2866 783 2920 has
814 2866 1086 2935 Epistolas
1112 2887 1124 2921 :
1154 2868 1360 2937 pluries
1389 2868 1532 2922 enim
1564 2866 1635 2921 ibi
1668 2876 1893 2921 sanctus
1916 2866 2167 2922 Clemens
2189 2868 2269 2921 ci-

683 2959 820 3013 tavit
865 2958 1214 3038 Evangelium
1248 2961 1423 3014 sancti
1453 2959 1706 3015 Joannis.
1742 2959 1799 3013 In
1832 2961 1949 3016 solo
1980 2977 2034 3014 n.
2068 2962 2135 3015 15
2178 2978 2267 3016 5e-

682 3051 875 3105 cunda:
900 3051 1175 3120 Epistolte,
1204 3052 1286 3106 bis
1319 3052 1486 3121 hujus
1514 3052 1867 3123 Evangelium
1900 3052 2128 3106 adduxit
2166 3072 2180 3107 :
2216 3054 2269 3107 i‘

2366 563 2529 617 verba
2559 564 2735 617 sancti
2766 562 2943 618 Lucae.
2974 562 3093 616 Non
3127 559 3287 615 facile
3332 568 3513 614 tamen
3539 557 3797 624 concipio
3824 554 3952 631 qui-

2364 651 2594 707 busnam
2620 655 2800 709 verbis
2828 662 3054 708 sanctus
3078 652 3259 707 Lucas
3286 652 3491 705 clarius
3521 648 3836 719 exprimere
3857 660 3953 717 po-

2365 747 2560 802 tuisset
2612 744 2855 817 Dciparae
2900 746 3269 816 virginitatem
3313 758 3477 814 quam
3507 743 3610 796 hoc
3639 754 3950 796 sermone:

2366 839 2518 893 Dixit
2547 849 2720 891 autem
2742 838 2917 892 Maria
2945 838 3013 891 ad
3035 838 3327 907 Angelum:
3350 833 3623 901 Quomodo
3656 833 3745 901 ﬁet
3774 829 3950 888 istud.

2364 931 2612 1000 quoniam
2640 931 2811 983 virum
2843 948 2945 984 non
2973 929 3268 999 cognosco?
3317 926 3384 979 Et
3424 922 3739 992 respondens
3783 935 3955 989 ange-

2367 1020 2470 1079 lus,
2500 1019 2637 1072 dixit
2684 1021 2733 1072 ei
2762 1034 2781 1073 :
2814 1018 3049 1088 Spiritus
3101 1026 3317 1072 sanctus
3357 1015 3677 1085 :uperveniet
3709 1014 3768 1065 in
3797 1020 3868 1075 te,
3898 1016 3954 1063 et

2363 1113 2530 1164 virtus
2574 1112 2840 1165 Altissimi
2886 1110 3223 1165 obumbrabit
3268 1108 3412 1163 tibi:
3443 1108 3661 1176 ideoque
3710 1114 3763 1159 et
3806 1102 3955 1175 quod

2365 1214 2610 1257 nascetur
2634 1220 2699 1258 ea:
2730 1215 2777 1257 te
2803 1214 3051 1258 sanctum
3081 1200 3356 1256 vocabitur
3377 1197 3558 1252 Filius
3590 1197 3687 1250 Dei
3708 1197 3774 1251 ".

2437 1296 2526 1353 1X.
2573 1297 2804 1351 Miratur
2850 1297 3016 1350 etiam
3060 1294 3351 1355 adnotator
3381 1307 3411 1344 a
3445 1297 3635 1345 sancto
3664 1289 3958 1343 Clemente

2364 1388 2611 1442 adhiberi
2663 1389 2780 1443 haec
2826 1389 2993 1443 verba
3033 1406 3049 1441 :
3085 1386 3347 1440 Dominus
3390 1392 3571 1437 uester
3597 1378 3760 1434 Iesus
3789 1379 3955 1434 Chri-

2366 1488 2473 1540 tus,
2504 1479 2603 1532 Dei
2655 1476 2853 1534 Filius.
2892 1477 3150 1547 Nunquid
3204 1475 3375 1546 igitur
3406 1474 3643 1527 insolitze
3674 1479 3839 1526 erant
3867 1470 3957 1523 ha

2365 1584 2529 1623 voces
2576 1584 2697 1638 qua:
2747 1568 2909 1623 toties
2937 1567 3285 1636 reperiuntur
3312 1570 3367 1617 et
3404 1563 3457 1614 in
3492 1558 3865 1629 Evangelistis
3893 1563 3956 1611 et

2366 1662 2421 1714 in
2446 1657 2706 1729 Epistolis
2736 1661 3106 1730 apostolorum
3126 1658 3149 1711 ?
3168 1656 3324 1722 Quod
3356 1654 3401 1711 si
3427 1654 3540 1707 haec
3567 1648 3955 1706 nondum’sul;

2371 1753 2577 1817 liciant,
2616 1753 2836 1807 remitto
2878 1752 3064 1827 adhuc
3109 1747 3495 1820 philosophum
3539 1743 3959 1813 Rothomagen-

2295 1816 2482 1900 Bsem
2541 1844 2609 1898 ad
2669 1821 2985 1914 Symbolum
3015 1816 3389 1911 apo—stolorum
3448 1835 3593 1906 quod
3645 1829 3957 1888 Christiani

2366 1952 2580 1999 omnes,
2612 1943 2858 2004 tempore
2902 1932 3077 1988 sancti
3122 1928 3441 1991 Clementis,
3473 1926 3781 1981 recitabant
3809 1924 3964 1978 sicut

2363 2038 2419 2085 et
2460 2045 2593 2091 nos,
2640 2027 2888 2082 dicentes
2924 2045 2937 2079 :
2972 2024 3041 2078 Et
3092 2024 3147 2077 in
3197 2021 3385 2076 Iesum
3414 2020 3690 2075 Christum
3746 2016 3961 2071 Filium

2363 2121 2477 2191 ejus
2511 2120 2722 2173 unicum
2755 2118 3039 2171 Dominum
3074 2125 3334 2169 nostrum.

2434 2210 2553 2265 Non
2580 2210 2811 2263 libenter
2833 2207 2960 2277 legit
2990 2205 3371 2260 simultaneam
3397 2207 3559 2256 trium
3584 2214 3957 2272 personarum

2365 2301 2794 2357 enuntiationem
2839 2313 2868 2350 a
2916 2304 3110 2350 sancto
3155 2293 3431 2349 Clemente
3461 2307 3803 2362 expressam.
3838 2291 3963 2345 Cur

2367 2407 2497 2446 vero
2524 2406 2632 2444 non
2661 2405 2814 2458 aeque
2839 2386 3197 2456 displicerent
3218 2386 3267 2440 ei
3295 2386 3459 2440 verba
3487 2383 3696 2439 Christi
3726 2383 3793 2437 ad
3820 2398 3963 2452 app-

2368 2491 2537 2539 stoms
2574 2505 2584 2537 :
2621 2482 2818 2534 Euntes
2848 2496 2991 2549 ergo,
3022 2478 3198 2531 docete
3226 2493 3405 2531 omnes
3435 2487 3639 2547 gentes,
3669 2474 3962 2543 baptizan-

2369 2585 2444 2631 tes
2483 2591 2569 2629 eos
2614 2574 2668 2626 in
2715 2573 2922 2626 nomine
2956 2570 3158 2632 Patris,
3190 2578 3238 2621 et
3273 2566 3422 2630 Filii,
3456 2577 3505 2621 et
3550 2566 3785 2635 Spiritus
3818 2582 3962 2619 san-

2367 2672 2538 2725 cti”?
2565 2668 2854 2722 Pntatne'a
2887 2665 3173 2734 discipulis
3202 2662 3407 2718 Christi
3461 2662 3565 2716 hoc
3614 2669 3961 2731 prmeeptum

2368 2777 2478 2816 non
2531 2759 2700 2814 fuisse
2746 2756 2977 2811 lideiiter
3026 2761 3079 2807 et
3125 2752 3366 2823 quotidie
3391 2751 3777 2806 observatum?
3809 2750 3961 2805 Num

2367 2852 2644 2910 existimat
2678 2866 2707 2904 a
2734 2847 2927 2920 primis
2943 2846 3272 2901 Christianis
3291 2860 3398 2899 non
3413 2844 3758 2898 ell‘ormatum
3779 2843 3964 2898 fuisse

2369 2946 2582 3016 signum
2617 2942 2797 2996 crucis
2828 2940 2881 2993 in
2911 2940 3131 2993 nomine
3156 2935 3353 2999 Patris,
3383 2942 3437 2991 et
3464 2932 3607 2998 Filii,
3629 2943 3685 2988 et
3710 2933 3958 3003 Spiritus

2372 3035 2587 3094 sancti?
2631 3032 2905 3087 Audacter
2953 3029 3085 3081 dicit
3128 3041 3303 3097 usque
3354 3026 3419 3079 ad
3470 3040 3672 3079 annum
3704 3024 3808 3078 165
3836 3031 3958 3078 tres

684 3141 871 3195 Mirati
902 3153 1024 3196 sunt
1051 3144 1175 3213 quia
1208 3160 1326 3196 cum
1358 3144 1574 3197 muliere
1603 3144 1914 3213 loquebatur
1945 3144 2025 3208 ‘7;
2053 3144 2113 3197 2⁸
2138 3143 2268 3198 Noli

2372 3124 2733 3182 sanctissimae
2753 3120 3040 3174 Trinitatis
3059 3132 3322 3188 personas
3345 3132 3623 3189 nunquam
3651 3115 3820 3170 fuisse
3834 3129 3961 3169 ver-

682 3250 763 3287 me
778 3243 990 3303 tangere
1012 3249 1030 3286 :
1048 3234 1279 3287 nondum
1296 3236 1436 3288 enim
1457 3237 1668 3289 ascendi
1690 3236 1759 3287 ad
1778 3235 1996 3290 Patrem
2015 3252 2183 3291 meum
2200 3237 2265 3293 ’⁸.

682 3323 820 3387 Ctun
871 3340 1002 3393 ergo
1051 3334 1277 3381 sanctus
1321 3324 1576 3382 Clemens
1634 3326 1885 3383 citaverit
1930 3326 2035 3380 hoc
2091 3325 2267 3381 sancti

682 3415 915 3471 Joannis
944 3415 1323 3487 Evangelium,
1354 3432 1537 3472 nonne
1571 3418 1795 3473 evidens
1816 3425 1900 3473 est
1934 3418 2066 3472 illud
2100 3418 2270 3482 fuisse

685 3517 815 3564 ante
862 3517 1082 3565 nostras
1110 3510 1382 3579 Epistolas
1414 3509 1717 3580 scriptum?
1759 3508 1899 3564 Hinc
1926 3509 2092 3565 etiam
2123 3516 2271 3578 patet

687 3614 1089 3668 praecursorem
1139 3599 1354 3659 Domini
1384 3616 1413 3655 a
1444 3613 1636 3657 sancto
1684 3598 1962 3656 Clemente
1998 3609 2057 3656 ut
2087 3600 2271 3671 Bapti-

684 3698 825 3744 statn
875 3688 1049 3745 fuisse
1097 3692 1386 3761 agnitum:
1430 3691 1485 3746 in
1540 3691 1720 3760 primo
1771 3690 2041 3760 siquidem
2091 3690 2273 3760 capite

685 3778 965 3848 Evangelii
1015 3780 1192 3835 sancti
1244 3780 1493 3848 Joannis,
1522 3782 1703 3838 sexies
1732 3782 1926 3838 beatus
1961 3796 2272 3853 praecursor

684 3871 983 3939 Daptizans
1018 3874 1345 3943 appellatur.

758 3961 894 4019 V'lll.
936 3963 1055 4018 Jam
1090 3966 1348 4034 superius
1371 3964 1484 4019 dixi
1526 3982 1669 4037 aagre
1698 3966 1925 4021 concedi
1950 3981 2114 4036 posse
2142 3982 2269 4021 san-

686 4060 835 4106 ctum
887 4052 1223 4108 Clementem
1302 4053 1564 4109 strictiori
1617 4055 1838 4110 vinculo
1893 4072 2018 4110 cum
2078 4064 2271 4111 sancto

686 4143 855 4199 Paulo
876 4160 1041 4215 quam
1068 4160 1193 4200 cum
1223 4154 1417 4201 saneto
1446 4145 1607 4202 Petro
1636 4147 1861 4218 ligatum
1894 4149 2064 4204 fuisse
2084 4168 2098 4205 :
2121 4166 2272 4205 com.

689 4238 925 4290 moratio
969 4251 1205 4307 namque
1247 4239 1423 4293 sancti
1466 4238 1612 4294 Petri
1643 4238 1831 4295 Romae
1859 4242 2029 4297 multo
2056 4242 2273 4298 diutur-

688 4329 833 4393 nior,
869 4328 1329 4383 necessitudinem
1360 4346 1578 4400 quoque
1606 4333 1777 4384 multo
1809 4334 2096 4387 arctiorem
2132 4334 2275 4405 inter

689 4432 785 4471 eos
813 4418 1116 4487 producere
1144 4416 1332 4472 debuit
1356 4422 1529 4489 :quod
1567 4420 1844 4476 latendum
1867 4430 2032 4485 esset,
2058 4424 2270 4479 etiamsi

2370 3217 2456 3272 bis
2484 3214 2828 3284 conjunctas.
2863 3209 3093 3263 Fallitur
3123 3226 3139 3263 :
3169 3206 3415 3277 quotidie
3448 3206 3592 3260 enim
3643 3205 3959 3274 conjuncta

2369 3308 2591 3364 fuerunt
2645 3306 2700 3359 in
2757 3302 2929 3363 forma
2978 3298 3344 3368 baptismatis,
3376 3306 3429 3351 et
3476 3296 3531 3349 in
3560 3295 3717 3365 signo
3746 3296 3955 3350 crucis.

2369 3402 2480 3455 imo
2513 3399 2567 3451 in
2597 3396 2816 3465 scriptis
2846 3394 3024 3449 sacris
3051 3400 3103 3446 et
3135 3392 3189 3444 in
3221 3390 3511 3444 traditione
3538 3386 3704 3456 hujus
3732 3394 3953 3456 tempo-

2367 3492 2447 3547 ris
2493 3491 2614 3544 iilas
2661 3488 2847 3542 unitas
2897 3485 3068 3540 luisse
3113 3471 3396 3537 evidenter
3425 3489 3593 3550 patet.
3616 3479 3776 3533 'Satis
3804 3478 3955 3532 enim

2368 3584 2517 3639 clare
2570 3590 2683 3636 tres
2729 3577 3091 3635 sanctissima:
3143 3573 3435 3642 Trinitatis
3478 3576 3739 3629 Personae
3775 3569 3958 3639 expri—

2370 3683 2593 3729 muntur
2639 3670 2801 3726 simul
2844 3670 2899 3723 in
2931 3668 3016 3722 his
3046 3666 3189 3719 beati
3220 3663 3371 3717 Pauli
3404 3662 3586 3716 verbis
3642 3661 3709 3714 ad
3759 3650 3958 3714 Corin—

2350 3767 2516 3826 ..thios
2543 3764 2764 3832 scriptis
2797 3780 2810 3816 :
2846 3759 3035 3813 Gratia
3063 3754 3282 3809 Domini
3341 3752 3513 3807 nostri
3557 3749 3688 3805 Iesu
3724 3748 3954 3812 Christi,

2369 3870 2419 3914 et
2451 3858 2683 3911 Charitas
2718 3855 2836 3918 Dei,
2876 3862 2923 3907 et
2951 3847 3360 3905 communicatio
3386 3844 3560 3898 sancti
3588 3842 3849 3911 “Spiritus,
3884 3842 3957 3893 sit

2371 3966 2487 4001 cum
2516 3945 2754 4001 omnibus
2786 3943 2927 3998 vobis
2945 3942 3025 4007 “;
3061 3947 3114 3993 et
3144 3937 3211 3991 ad
3280 3930 3500 3987 eosdem
3524 3934 3570 3965 "
3605 3953 3617 3987 :
3652 3932 3957 4001 Conﬁrmat

2372 4059 2465 4095 nos
2493 4042 2548 4093 in
2575 4039 2807 4100 Christo,
2832 4044 2881 4089 et
2914 4034 3064 4087 unxit
3096 4047 3190 4083 nos
3224 4028 3383 4093 Deus,
3413 4034 3463 4080 et
3488 4024 3717 4094 signavit
3756 4034 3875 4087 nos,
3904 4031 3956 4075 et

2372 4133 2515 4187 dedit
2544 4133 2732 4201 pignus
2771 4126 3004 4195 Spiritus
3033 4124 3086 4175 in
3118 4118 3364 4174 cordibus
3393 4117 3613 4170 nostris.

2443 4223 2561 4277 Non
2593 4222 2776 4276 minus
2804 4220 2951 4272 clare
2977 4224 3200 4270 sanctus
3230 4209 3423 4266 Petrus
3447 4209 3662 4263 divinas
3689 4218 3957 4276 personas

2375 4317 2535 4371 simul
2563 4314 2885 4384 conjunctas
2912 4308 3182 4369 enuntiat,
3210 4306 3402 4358 dicens
3438 4320 3450 4355 :
3485 4300 3753 4354 Electis...
3777 4312 3961 4351 secun-

2376 4410 2502 4462 dum
2546 4404 2934 4477 prwscientiam
2978 4400 3073 4453 Dei
3122 4398 3331 4458 Patris,
3378 4396 3433 4447 in
3478 4390 3959 4460 sancti/irationem

691 4509 847 4562 nihili
866 4508 1233 4577 penderentur
1262 4516 1342 4563 tot
1372 4519 1616 4565 veterum
1639 4513 2089 4584 testimonidquae
2113 4531 2275 4570 sanc-

2380 4501 2632 4569 Spiritus,
2652 4499 2707 4551 in
2740 4495 3091 4552 obedientiam
3119 4501 3165 4546 et
3188 4489 3543 4556 aspersionem
3566 4483 3843 4555 sanguinis
3870 4480 3959 4536 Je-

691 4610 806 4655 tum
843 4601 1180 4657 Clementem
1210 4604 1388 4658 sancti
1420 4603 1565 4658 Petri
1597 4605 1848 4661 comitem
1900 4606 2074 4662 fuisse
2121 4609 2274 4662 evin-

691 4699 847 4755 cunt,
879 4702 933 4746 et
963 4708 1087 4747 eum
1119 4696 1188 4749 ab
1216 4695 1322 4749 hoc
1350 4696 1601 4766 apostolo
1629 4708 2008 4753 consecratum
2055 4700 2272 4771 episco-

690 4798 823 4852 pum
851 4785 1185 4839 unanimiter
1210 4787 1457 4843 tradunt.

765 4876 938 4932 Pudet
988 4895 1072 4935 me
1122 4879 1449 4949 redarguere
1481 4881 1627 4950 quod
1660 4883 1948 4937 ainotator
1980 4891 2087 4936 tam
2115 4900 2268 4939 erro-

693 4983 795 5023 nee
823 4968 1030 5039 profert
1058 4971 1125 5025 de
1154 4973 1383 5028 vocibus
1412 4971 1545 5026 Filii
1582 4973 1831 5041 Virginis,
1864 4991 2003 5043 quas
2035 4977 2270 5045 applicat

693 5070 919 5116 sanctus
941 5062 1192 5118 Clemens
1220 5063 1447 5118 Domino
1476 5073 1663 5119 nostro
1689 5063 1818 5121 Jesu
1849 5064 2269 5137 Christo:quasi

695 5153 887 5208 titulus
929 5154 1157 5226 Virginis
1197 5156 1472 5210 adhibitus
1522 5158 1764 5211 nondum
1819 5157 2013 5211 luisset
2059 5159 2127 5213 ad
2177 5159 2272 5213 de-

696 5244 1017 5311 signandum
1068 5244 1400 5300 Genitricem
1453 5245 1772 5303 Salvatoris.
1824 5246 2079 5318 Nunquid
2112 5248 2173 5302 [ἴ.
2207 5250 2273 5304 dc

693 5332 998 5407 Premaguy
1082 5336 1136 5390 in
1188 5336 1414 5393 dubium
1470 5341 1748 5394 revocavit
1804 5340 2271 5395 authenticilatem

696 5430 938 5501 Symboll
974 5429 1282 5498 apostolici,
1315 5431 1368 5485 in
1397 5447 1508 5502 quo
1549 5432 1792 5487 dicitur:
1830 5431 2006 5486 Natus
2057 5450 2123 5487 ea;
2161 5433 2276 5488 Ma-

696 5523 781 5573 ria
809 5521 1047 5590 virgine?
1078 5520 1186 5573 Aut
1233 5523 1480 5591 nunquid
1511 5513 1676 5576 verba
1711 5523 1825 5577 haec
1854 5523 2145 5592 quamdam
2177 5524 2274 5576 ob-

697 5612 1017 5664 scuritatem
1056 5610 1378 5666 involvunt?
1421 5611 1587 5665 Addit
1631 5613 1795 5666 verba
1826 5612 2003 5667 sancti
2036 5612 2274 5668 Matthzei

772 5726 813 5755 "
853 5723 1010 5779 Joan.
1046 5740 1120 5785 Iv.
1152 5724 1243 5779 ‘27.

705 5796 751 5828 “
790 5794 833 5852 ll
864 5793 993 5852 Cor.
1031 5811 1069 5865 ι,
1096 5794 1188 5852 21.

1354 5727 1395 5756 ³³
1435 5724 1594 5781 Joan.
1624 5742 1717 5788 xx,
1751 5726 1837 5781 i7.

1951 5728 1993 5758 ιο
2039 5726 2165 5779 Luc.
2193 5743 2230 5787 ι.
2266 5728 2354 5792 δι,
2385 5724 2473 5778 55.

1265 5795 1311 5840 ιζ
1349 5795 1369 5850 ι
1400 5795 1547 5853 Petr.
1583 5813 1623 5866 t,
1658 5797 1710 5859 i.
1735 5797 1791 5851 '2.
1870 5797 1914 5829 “
1956 5794 2161 5853 lJoan.
2193 5815 2246 5860 γ.
2280 5797 2332 5852 7.

2376 4615 2436 4653 su
2462 4592 2743 4651 Christi”.

2448 4685 2627 4754 Eque
2673 4691 2858 4751 aperte
2903 4683 3127 4732 sanctus
3168 4684 3407 4727 Joannes
3451 4668 3628 4724 dicit:
3666 4667 3789 4721 Tres
3832 4676 3958 4721 sunt

2374 4779 2462 4848 qui
2493 4774 2849 4829 testimonium
2877 4769 3008 4822 dant
3039 4769 3091 4821 in
3120 4765 3285 4819 cazlo:
3320 4762 3506 4824 Pater,
3526 4758 3746 4814 Verbum
3770 4768 3818 4811 et
3833 4757 3959 4828 Spi-

2374 4871 2508 4921 ritus
2540 4877 2753 4918 sanctus
2777 4877 2795 4925 ,°
2822 4871 2871 4914 et
2902 4860 2955 4912 hi
2981 4870 3086 4911 tres
3118 4872 3279 4909 unum
3312 4855 3512 4907 sunt“.

2449 4958 2710 5029 Equidem
2759 4952 3071 5009 infidelibus
3102 4947 3265 5018 primi
3298 4944 3597 5001 Christiani
3640 4959 3747 4998 non
3789 4944 3962 4998 debea

2355 5055 2507 5107 .bant
2551 5049 2797 5104 revelare
2842 5042 3215 5114 imprudenter
3256 5036 3513 5108 mysteria
3548 5036 3828 5106 religionis
3862 5053 3961 5091 no-

2378 5156 2525 5207 strre,
2557 5158 2625 5196 ne
2657 5142 2760 5194 ista
2811 5139 2879 5191 ab
2919 5136 3003 5190 eis
3028 5133 3429 5192 deriderentur,
3464 5136 3517 5182 et
3549 5128 3960 5197 persecutiones

2379 5239 2547 5309 gratis
2597 5233 3063 5296 suscitarentur,:
3111 5227 3342 5294 ideoque
3395 5223 3651 5277 Christus
3699 5222 3957 5275 dixerat:

2383 5332 2565 5386 Nolite
2595 5328 2723 5382 dare
2754 5334 2996 5378 sanctum
3027 5319 3268 5381 canibus,
3300 5334 3460 5386 neque
3490 5318 3715 5377 mittatis
3745 5330 3962 5385 marga-

2382 5425 2512 5478 ritas
2560 5429 2681 5471 ante
2718 5430 2936 5485 porcos;
2982 5427 3043 5464 ne
3086 5410 3222 5479 forte
3272 5408 3577 5462 conculcent
3624 5423 3714 5461 eas
3741 5407 3960 5477 pedibus

2382 5516 2515 5576 suis,
2539 5523 2589 5565 et
2620 5508 2853 5564 conversi
2872 5505 3178 5572 dirumpunt
3202 5499 3383 5565 vos”;
3415 5502 3511 5555 sed
3538 5498 3676 5553 adeo
3702 5497 3961 5568 frequens

2382 5614 2499 5663 erat
2528 5605 2670 5658 inter
2699 5578 2944 5656 initiatos
2973 5596 3333 5652 sanctissimae
3355 5591 3642 5646 Trinitatis
3664 5590 3961 5654 invocatio,

2585 5719 2628 5748 ²ο
2670 5713 2858 5767 Matth.
2899 5728 3093 5777 xxvtn,
3144 5711 3232 5765 l9.
3343 5709 3383 5739 "
3428 5705 3471 5759 ll
3504 5705 3633 5759 Crr.
3690 5702 3956 5767 stin-‘15.

2404 5795 2448 5826 "
2491 5789 2682 5844 Matth.
2713 5800 2808 5850 vn,
2836 5782 2893 5840 6.
