4074 6328
193 342 304 397 aes

1158 342 1517 401 EPISTOLE
1548 347 1641 403 an
1674 342 2120 403 γηιςιείινδμ-
2149 320 2530 401 pacatum

3344 334 3451 389 370

200 462 262 507 ut
290 460 488 507 auctor
530 424 750 524 Dialogi
788 453 1256 528 Philopatris‘qui
1288 460 1392 515 sub
1419 460 1639 529 Trajani
1686 462 1782 513 ltn-
1808 464 1853 519 Α
1882 458 2107 527 scipulis
2148 458 2263 512 suis
2304 464 2362 509 ut
2387 473 2482 509 eos
2528 455 2630 523 ipsi
2656 452 2987 523 abjicerent,
3017 448 3235 519 quando
3261 448 3397 503 dixit
3430 465 3445 502 :

197 546 352 614 peric
381 547 624 615 scripsit,
645 548 747 599 hac
771 547 888 616 ipsa
918 548 1129 603 ratione
1147 548 1769 615 Christianosderideat.

193 641 255 689 et
283 634 502 688 cuidam
533 635 674 689 ﬁdeli
704 636 851 690 dicat
880 655 893 690 :
922 636 1060 690 Jura
1092 640 1220 693 mihi
1246 657 1334 708 per
1360 641 1528 698 Deum
1557 642 1696 703 cali,
1722 656 1771 696 et

193 738 500 794 supremum
534 725 839 791 Dominum,
876 742 967 793 per
1006 727 1207 782 Filium
1253 730 1452 794 Patris,
1487 748 1577 800 per
1609 732 1774 800 Spiri-

195 824 311 869 tum
339 817 433 885 qui
465 833 497 868 a
526 814 684 870 Patre
714 818 977 887 procedit,
999 821 1167 875 Deum
1212 836 1376 875 unum
1406 824 1460 876 in
1490 825 1681 891 tribus,
1723 834 1773 879 et

196 908 398 960 trinam
430 908 485 960 in
511 921 635 963 uno.

266 997 559 1052 Abstinere
604 996 883 1054 debuisset
913 1000 984 1055 ab
1033 1003 1180 1056 omni
1224 1004 1578 1058 contentione
1610 1003 1671 1057 D.
1704 1004 1771 1059 de

192 1086 502 1159 Premagny
530 1089 821 1145 occasione
850 1091 1078 1147 alterius
1114 1101 1293 1148 textus
1324 1111 1482 1163 quem
1518 1096 1771 1163 deprom-

195 1185 381 1247 pserat
428 1186 648 1235 sanctus
695 1180 929 1237 Basilius
972 1183 1043 1236 ab
1089 1184 1197 1238 alio
1244 1187 1421 1240 sancti
1472 1185 1770 1241 Clementis

193 1286 360 1338 opere
383 1273 527 1341 quod
558 1274 736 1342 periit.
768 1274 861 1328 En
898 1276 988 1330 ille
1019 1283 1197 1331 textus
1243 1291 1258 1328 :
1307 1278 1543 1332 Clemens
1574 1278 1769 1332 Romao

190 1378 294 1414 stus
328 1364 594 1432 antiquior
632 1364 805 1417 dicit:
845 1365 978 1419 Viuit
1010 1366 1149 1420 Deus
1174 1405 1189 1429 .
1238 1377 1288 1422 et
1318 1368 1575 1422 Dominus
1613 1369 1767 1423 Jesus

190 1451 474 1521 Christus,
528 1464 577 1508 et
621 1454 850 1522 Spiritus
880 1467 1091 1511 sanctus
1138 1458 1204 1514 ".
1252 1458 1499 1513 Credidit
1544 1469 1769 1513 sanctus

191 1542 431 1600 Basilius
472 1546 585 1600 haec
630 1550 805 1601 sancti
853 1548 1151 1604 Clementis
1193 1551 1359 1603 verba
1409 1550 1656 1604 sullicere
1709 1558 1767 1603 ut

189 1637 531 1692 stabiliretur
558 1639 1098 1704 consubstantialitas
1122 1640 1280 1695 Verbi
1309 1640 1477 1694 divini
1501 1680 1514 1701 ,
1545 1641 1765 1694 Ariani-

184 1744 302 1797 que
329 1729 724 1785 refellerentur.
755 1730 867 1784 Hoc
887 1747 993 1784 non
1018 1732 1255 1785 admittit
1280 1732 1343 1786 D.
1362 1733 1428 1787 de
1444 1731 1763 1803 Premagny.

1877 547 2152 602 Dwmoncs
2190 547 2449 615 ejicite".
2508 543 2650 610 Quid
2698 544 2894 597 mirum
2946 542 3110 610 igitur
3160 540 3207 594 si
3260 547 3451 591 auctor

1876 636 2241 706 Epistolarum
2297 638 2517 707 regulas
2566 644 2772 690 statuat
2823 650 2959 704 quas
3009 631 3161 701 sequi
3218 630 3449 683 debeant

1872 730 2202 783 exorcistae?
2226 728 2367 796 Quid
2394 746 2555 798 porro
2580 730 2697 783 ista:
2718 727 2965 782 redolent
2987 727 3090 779 nisi
3120 724 3447 783 castitatem,

1875 820 2391 889 mortificationem,
2458 821 2860 875 humilitatem?
2916 818 3124 871 lndicat
3182 815 3314 886 quid
3377 818 3450 871 sit

1873 912 2139 979 agendum
2170 921 2228 964 ut
2260 913 2484 979 spiritus
2548 912 2822 981 malignus
2861 910 3161 965 efficaciter
3209 908 3449 977 expella-

1872 1011 2000 1067 tur;
2030 1002 2124 1055 sed
2160 1019 2267 1056 non
2325 1002 2446 1056 ideo
2480 1002 2687 1057 fraudis
2720 1002 2999 1055 insimulat
3034 1016 3131 1055 eos
3160 1001 3253 1069 qui
3307 999 3450 1052 hanc

1872 1092 2216 1145 cxorcizandi
2250 1094 2515 1146 rationem
2544 1108 2650 1146 non
2676 1088 3177 1159 adhibuerint.lpse
3192 1088 3447 1150 Christus

1871 1182 2057 1235 docuit
2102 1183 2399 1251 discipulos
2458 1200 2587 1237 suos
2646 1183 2973 1251 quibusnam
3021 1182 3190 1233 armis
3252 1180 3446 1232 muniti

1871 1292 2068 1347 pravos
2100 1277 2329 1344 spiritus
2353 1276 2626 1329 debellare
2662 1274 2954 1339 deberent;
2985 1272 3080 1327 sed
3113 1271 3321 1325 fraudis
3352 1280 3447 1324 aut

1871 1369 2138 1423 mendacii
2191 1384 2315 1435 reos
2356 1384 2478 1423 esse
2526 1383 2632 1421 non
2688 1367 3061 1437 pronuntiavit
3118 1364 3338 1436 quando
3394 1368 3445 1421 ei

1871 1469 2165 1515 narrarunt
2210 1478 2268 1516 se
2298 1468 2484 1530 Optato
2509 1461 2757 1515 caruisse
2798 1459 3013 1515 effectu.
3048 1456 3181 1511 Rem
3227 1458 3307 1514 sic
3351 1474 3447 1511 ex-

1871 1554 2023 1621 ponit
2070 1551 2413 1621 Evangelista
2458 1570 2469 1605 :
2525 1550 2669 1604 Tunc
2716 1549 2963 1618 discipuli
3005 1557 3335 1620 accesserunt
3375 1548 3445 1599 ad

1868 1641 2051 1696 Iesum
2081 1653 2302 1703 secreto.
2356 1651 2404 1695 et
2433 1642 2682 1695 dixerunt
2708 1656 2724 1693 :
2759 1642 2937 1707 Quare
2963 1638 3067 1693 nos
3114 1657 3217 1693 non
3269 1644 3437 1709 potui~

1872 1750 1986 1786 mus
2015 1734 2201 1801 ejicere
2239 1734 2434 1789 illum!
2464 1733 2613 1787 Dixit
2641 1734 2751 1795 illis
2798 1732 2954 1786 Iesus
2981 1750 3000 1788 :
3029 1719 3446 1809 Propterincre—

188 1818 337 1886 Quis
362 1836 493 1875 vero
539 1822 764 1877 haerebit
795 1823 938 1878 inter
962 1823 1280 1877 aliirmantis
1309 1831 1363 1877 et
1392 1793 1765 1893 negantisvau-
1800 1793 1840 1864 [ξ
1871 1793 2147 1879 ιιιιιὶειίιεπι
2182 1834 2428 1879 vestram.
2460 1826 2664 1886 Amen,
2693 1825 2900 1894 quippe,
2930 1824 3047 1877 dico
3070 1823 3236 1889 vobis,
3270 1807 3320 1877 si
3350 1823 3445 1876 Ita-

185 1912 540 1967 ctoritatem?

208 2019 213 2023 ’
258 2001 333 2058 Ι.
391 2000 558 2073 Egre
601 2004 675 2060 ‘D.
738 2002 808 2060 de
864 2002 1426 2075 Premagny‘videtur
1484 2004 1767 2072 suscipere

184 2094 357 2147 verba
380 2094 579 2164 quibus
610 2095 976 2166 Epistolarum
1008 2104 1201 2149 auctor
1248 2095 1440 2148 incitat
1488 2097 1556 2149 ad
1586 2096 1764 2149 imita-

183 2186 397 2237 tionem
426 2186 591 2240 trium
621 2188 929 2242 divinarum
968 2186 1616 2257 personarum.'Bemitto
1664 2189 1767 2244 hac

183 2276 255 2330 de
286 2291 347 2332 re
394 2277 653 2333 lectorem
697 2279 766 2334 ad
796 2296 858 2335 ea
891 2296 1011 2352 quae
1054 2281 1266 2350 subjeoi
1310 2282 1368 2337 in
1413 2280 1764 2335 adnotatione

185 2367 294 2420 loci
325 2366 505 2436 hujus.

254 2458 354 2513 Xl.’
368 2457 531 2517 Juxta
559 2462 932 2520 adnotatorem
958 2466 1183 2520 multum
1217 2474 1372 2520 nutat
1396 2464 1761 2537 Epistolarum

182 2562 503 2607 nostrarum
553 2547 855 2609 auctoritas
895 2570 962 2613 ex
994 2556 1185 2611 fraude
1237 2567 1291 2613 et
1329 2558 1603 2628 hypocrisi
1643 2572 1763 2625 qua!

181 2644 589 2711 exprobrantur
629 2646 958 2715 quibusdam
987 2648 1375 2704 directoribus.
1412 2648 1534 2702 Non
1567 2646 1759 2717 major,

182 2730 296 2797 ait,
344 2732 687 2786 declamatio—
712 2734 1103 2803 erat'lempore
1131 2736 1512 2805 Chrysoslomi.
1568 2735 1673 2791 Sed
1714 2737 1760 2791 si

185 2816 318 2877 inde
345 2838 544 2893 anceps
576 2834 722 2880 esset
748 2825 1111 2894 Epistolarum
1150 2831 1469 2894 auctoritas,
1501 2842 1759 2899 sequere-

185 2927 278 2968 tur
300 2914 494 2969 dubias
519 2932 738 2987 quoque
774 2918 1013 2986 judicari
1063 2935 1223 2989 posse
1271 2923 1556 2989 plerasque
1585 2923 1760 2976 sancti

184 3006 344 3060 Pa‘uli
376 3005 648 3077 Epistolas
681 3024 694 3060 :
734 3008 790 3061 in
819 3009 904 3063 his
931 3011 1075 3063 enim
1104 3010 1454 3065 vehementer
1486 3013 1764 3069 invehitur.

1870 1914 2081 1969 bueritis
2125 1916 2282 1985 ﬁdem
2322 1917 2458 1970 sicut
2496 1932 2721 1986 granum
2770 1917 2993 1984 sinapis,
3038 1916 3223 1969 dicetis
3276 1916 3445 1968 monti

1867 2008 2026 2061 huic:
2062 2008 2256 2064 Transi
2284 2010 2405 2063 hinc
2431 2010 2557 2064 illuc
2578 2025 2597 2064 :
2628 2018 2676 2061 et
2706 2008 2977 2073 transibit,
3008 2019 3057 2063 et
3081 2008 3214 2063 nihil
3247 2008 3444 2075 impos-

1864 2100 2016 2156 sibile
2053 2096 2154 2157 erit
2181 2102 2344 2158 vobis.
2400 2092 2514 2159 Hoc
2544 2121 2721 2157 autem
2771 2118 2931 2174 genus
2962 2119 3065 2155 non
3094 2099 3308 2169 ejicitur
3338 2099 3445 2152 nisi

1865 2208 1955 2259 per
1985 2194 2275 2247 orationem
2304 2202 2352 2249 et
2382 2194 2648 2263 jejunium
2667 2194 2732 2248 ³⁸.

1936 2283 2164 2336 Cessent
2188 2300 2317 2354 ergo
2352 2284 2656 2359 philosophi
2691 2285 2859 2354 hujus
2899 2283 3085 2338 saeculi
3131 2282 3186 2335 in
3234 2281 3443 2336 sanctis

1865 2372 2123 2428 Patribus
2174 2377 2486 2443 vituperare
2530 2390 2651 2446 qua:
2698 2375 2753 2427 in
2794 2372 3015 2431 Christo
3062 2372 3299 2426 revereri
3346 2370 3441 2426 de-

1864 2463 2016 2529 bent,
2046 2465 2148 2519 nisi
2176 2465 2311 2520 forte
2331 2466 2552 2520 Christo
2578 2465 3038 2520 renuntiaverint.

1936 2551 2043 2607 Sed
2084 2570 2173 2608 res
2203 2564 2393 2609 notatu
2435 2554 2757 2625 dignissima
2787 2563 2893 2615 est,
2914 2556 3201 2623 plerosque
3227 2552 3444 2625 haereti-

1864 2657 1960 2702 cos
1988 2653 2043 2698 et
2082 2647 2471 2715 philosophos,
2522 2647 2589 2700 ad
2640 2647 2812 2700 solam
2866 2644 3441 2702 commemorationem

1863 2728 2178 2792 daemonum
2204 2746 2257 2791 et
2276 2734 2717 2792 'exorcismorum
2741 2736 3143 2790 excandescere
3175 2744 3229 2789 et
3257 2734 3445 2804 exagi-

1862 2829 1969 2883 tari
2004 2831 2161 2899 quasi
2198 2820 2297 2900 ipsi
2323 2846 2353 2882 a
2389 2830 2725 2884 daemonibus
2755 2828 3155 2883 obsiderentur.

1936 2920 2053 2975 Xll.
2117 2922 2410 2974 Auctorem
2474 2920 2839 2990 Epistolarum
2906 2922 3085 2990 arguit
3149 2918 3443 2974 adnotator

1864 3015 2021 3083 quasi
2064 3020 2405 3066 narratorem
2458 3027 2647 3081 parum
2692 3026 2937 3065 veracem
2988 3027 3177 3066 eorum
3217 3027 3339 3080 quas
3374 3013 3443 3067 ad

185 3113 282 3153 vas
306 3099 593 3153 electionis
625 3107 819 3153 contra
847 3100 1495 3170 pseudo-apostolos.Nos
1516 3120 1644 3158 vero
1665 3104 1757 3174 qui
1786 3114 1828 3171 ο
1866 3103 2151 3157 Dominum
2186 3112 2433 3156 nostrum
2483 3100 2848 3172 pertinebant.
2887 3120 2904 3151 ι
2931 3100 3206 3165 Clemens,
3241 3102 3439 3172 inquit,

178 3198 439 3244 tenemus
471 3190 538 3243 ab
581 3190 734 3244 initio
762 3189 1080 3245 mendacem
1122 3207 1185 3246 ac
1216 3193 1544 3247 homicidam
1588 3195 1758 3253 fuisse

177 3281 510 3343 daztuonem,
543 3282 748 3335 scimus
786 3294 1003 3351 quoque
1029 3283 1096 3336 ab
1127 3283 1472 3339 incunabulis
1504 3286 1757 3343 Ecclesia:

178 3374 316 3429 huic
339 3382 543 3443 praesto
570 3374 737 3428 fuisse
760 3376 1041 3430 ministros
1065 3392 1299 3445 quorum
1330 3380 1584 3433 versutia:
1605 3382 1755 3435 omni

178 3472 431 3534 tempore
459 3466 711 3519 revelata:
743 3474 873 3518 sunt
897 3473 951 3519 et
982 3466 1195 3520 fortiter
1224 3468 1479 3536 explosae.
1509 3469 1624 3525 Non
1643 3471 1753 3529 ,de-

179 3558 289 3611 {uit
334 3555 547 3610 Satanae
576 3557 1027 3628 suppositum‘in
1077 3548 1193 3627 ipsa
1224 3558 1430 3615 Christi
1464 3563 1752 3631 secietate;

178 3664 287 3722 nec
314 3655 495 3702 tamen
531 3649 906 3702 testimonium
950 3648 1018 3702 de
1058 3649 1203 3703 illius
1224 3651 1455 3719 perfidia
1493 3654 1561 3707 ab
1590 3670 1757 3708 evan-

176 3739 397 3809 gelistis
421 3739 744 3807 praestitum,
778 3740 1055 3794 inﬁrmare
1088 3755 1325 3811 unquam
1356 3746 1532 3813 potuit
1562 3756 1755 3800 caetera

177 3844 309 3899 quas
331 3828 695 3897 scripserunt.

230 3918 556 3976 'OCcasione
579 3922 985 3989 possessionum
1026 3929 1081 3976 et
1108 3922 1561 3986 exorcismorum,
1592 3927 1757 3981 infert

175 4013 475 4069 adnotator
514 3998 570 4068 in
600 4014 709 4070 illis
735 4014 949 4068 abditas
979 4012 1153 4072 fuisse
1182 4030 1363 4070 meras
1400 4016 1619 4072 fraudes
1640 4059 1653 4081 ,
1688 4021 1755 4073 ab

177 4102 327 4157 Asiae
362 4101 573 4156 Judzis'
606 4100 901 4157 derivatas.
940 4099 1069 4155 Inde
1120 4104 1173 4155 in
1222 4118 1478 4176 campum
1531 4102 1754 4161 divertlt

178 4188 527 4257 morborum,
557 4193 857 4262 praesertim
894 4204 1083 4246 eorum
1117 4194 1206 4262 qui
1237 4196 1622 4253 convulsiones
1659 4215 1755 4268 pa-

178 4284 331 4339 riunt
353 4324 370 4349 ,
396 4283 596 4354 quibus
630 4283 814 4338 fideles
871 4283 1093 4339 delusos
1122 4284 1295 4340 fuisse
1325 4289 1557 4353 asserit,
1594 4291 1753 4360 quasi

177 4375 448 4429 daemonis
477 4373 825 4443 operationes
854 4373 909 4426 in
941 4372 1025 4427 his
1056 4374 1409 4444 fingerentur.
1441 4376 1573 4432 Post
1611 4380 1752 4435 hanc

1860 3211 1969 3249 non
2013 3202 2099 3249 est
2140 3194 2377 3263 diligens
2408 3193 2610 3249 relator
2654 3193 2911 3246 itinerum
2951 3192 3179 3246 Christi.
3222 3192 3445 3263 Absque

1858 3286 2025 3341 dubio
2058 3284 2237 3348 enim,
2291 3285 2475 3354 plures
2527 3284 2801 3337 comitata:
2849 3291 2976 3337 sunt
3006 3298 3128 3337 eum
3161 3284 3440 3343 mulieres.

1858 3378 2022 3446 paulo
2072 3384 2199 3429 ante
2232 3384 2395 3444 quam
2434 3374 2599 3426 vitam
2636 3356 3070 3425 consummaret.
3110 3370 3229 3424 Non
3275 3374 3443 3425 semel

1857 3469 2163 3537 hospitatus
2218 3476 2304 3520 est
2344 3480 2405 3517 ac
2450 3464 2799 3517 manducavit
2848 3464 2903 3515 in
2951 3464 3113 3516 domo
3157 3462 3340 3516 Maria:
3387 3471 3442 3517 et

1857 3558 2108 3621 Marthae;
2143 3571 2244 3610 nec
2277 3556 2442 3608 semel
2474 3555 2733 3609 mulieres
2763 3554 3075 3615 effuderunt
3104 3562 3441 3624 unguentum

1858 3664 2022 3718 super
2047 3656 2210 3720 caput
2238 3654 2290 3701 et
2331 3647 2494 3717 pedes
2526 3648 2692 3709 illius,
2729 3663 2746 3697 ι
2781 3654 2890 3700 etc.

1926 3740 2120 3793 Nullus
2169 3752 2252 3793 est
2300 3740 2354 3791 in
2412 3753 2709 3808 pauperum
2762 3737 2965 3791 scholis
3030 3736 3296 3806 puerulus
3346 3742 3442 3788 aut

1858 3830 2092 3900 puellula
2114 3845 2235 3898 quae
2264 3829 2507 3882 eamdem
2543 3842 2608 3880 ac
2631 3826 2993 3895 philoSOphus
3033 3824 3442 3894 Rotltomagen-

1858 3925 1934 3977 sis
1964 3921 2329 3976 eruditionem
2364 3918 2449 3970 hic
2496 3918 2799 3987 producere
2828 3931 2937 3970 non
2971 3916 3256 3969 valuisset.
3290 3914 3441 3967 Nun-

1855 4013 1990 4085 quid
2035 4019 2319 4082 propterea
2352 4008 2469 4062 ausi
2519 4008 2753 4061 fuissent
2778 4007 2983 4059 docere
3011 4012 3104 4059 aut
3147 4005 3443 4074 reprehen-

1856 4108 1987 4160 dere
2029 4105 2209 4158 virum
2258 4100 2663 4169 apostolicum,
2713 4113 2988 4152 summum
3039 4097 3347 4167 pontificem
3386 4104 3442 4151 et

1858 4194 2190 4265 martyrem?
2216 4192 2286 4245 Ut
2315 4199 2497 4245 autem
2530 4191 2951 4243 reclamationes
2975 4189 3179 4242 domini
3211 4186 3278 4241 de
3306 4186 3440 4243 Pre~

1856 4302 2052 4356 magny
2096 4284 2331 4353 alicujus
2376 4282 2633 4352 ponderis
2669 4288 2889 4342 essent,
2937 4280 3220 4335 debuisset
3268 4280 3441 4333 citare

1856 4377 2105 4447 quaedam
2138 4376 2313 4430 sancti
2346 4373 2641 4427 Clementis
2675 4372 2837 4425 verba
2866 4386 2988 4440 quae
3018 4372 3133 4424 suis
3169 4370 3438 4423 reclama-

175 4466 559 4535 irruptionem,
589 4463 944 4535 philosophus
978 4461 1431 4536 Rotbomagensis
1455 4471 1570 4522 ait:
1602 4470 1753 4538 «Quo
1786 4461 1827 4514 D
1859 4469 2101 4522 tionibus
2148 4466 2491 4519 occasionem
2539 4477 2750 4532 aequam
2798 4460 3110 4525 dedissent;
3146 4460 3238 4513 sed
3289 4460 3439 4513 nulla

176 4555 689 4627 major"antiquitas
712 4554 975 4609 ambabus
1001 4557 1207 4611 nostris
1226 4551 1487 4628 Epistolis
1509 4560 1749 4629 dabitur,

169 4664 245 4706 eo
297 4648 525 4719 propius
587 4647 655 4699 ad
732 4645 1002 4715 originem
1057 4649 1492 4706 Christianorum
1545 4656 1751 4729 abusus

174 4741 556 4797 adducentur:
581 4739 726 4810 quod
752 4747 836 4793 est
867 4738 1269 4795 incommodum
1299 4754 1353 4797 et
1382 4744 1597 4799 creditu
1646 4746 1754 4799 dif-

177 4834 342 4889 ﬁcilé.

246 4918 318 4979 At
348 4923 481 4999 mihi
516 4922 845 4993 respondere
898 4922 1247 4995 permittatur
1275 4943 1287 4977 :
1317 4940 1416 4979 cur
1449 4936 1623 4980 mutat
1654 4928 1751 4981 ad-

175 5023 400 5073 notator
422 5026 673 5071 naturam
712 5032 892 5071 rerum
922 5016 991 5072 de
1014 5017 1215 5086 quibus
1246 5018 1464 5073 locutus
1496 5028 1579 5073 est
1628 5020 1751 5089 Epi-

176 5110 444 5165 stolarum
505 5102 735 5162 auctor?
772 5106 850 5161 Ne
888 5122 1057 5160 unum
1101 5106 1319 5176 quidem
1376 5108 1601 5161 verbum
1662 5110 1753 5164 ille

176 5202 405 5272 protulit
433 5200 500 5253 de
544 5199 827 5255 fraudibus
859 5207 952 5254 aut
997 5200 1063 5254 de
1100 5200 1242 5253 fictis
1276 5200 1515 5266 morbis,
1548 5210 1641 5254 aut
1683 5201 1751 5256 de

174 5287 629 5347 convulsionibus
673 5292 890 5345 diabolo
938 5292 1235 5345 attributis.
1274 5290 1417 5361 Ergo
1467 5292 1520 5345 in
1569 5307 1747 5347 aerem

174 5386 394 5437 locutus
412 5390 498 5436 est
534 5381 595 5435 ῐ).
626 5382 693 5437 de
722 5381 1019 5453 Premagny
1041 5421 1055 5443 .
1099 5383 1329 5452 ejusque
1358 5396 1523 5451 opera
1554 5380 1734 5453 periit.

171 5474 495 5553 Certissime
530 5472 785 5529 Christus
819 5476 1014 5543 (velit,
1062 5474 1199 5527 nolit
1250 5474 1476 5529 criticus
1517 5476 1737 5543 noster)

171 5568 377 5639 abjecit
400 5566 516 5639 ipse
551 5568 846 5632 daemones,
892 5568 1255 5638 praecepitque
1280 5567 1542 5641 apostolis
1574 5582 1636 5622 ac
1659 5567 1745 5624 di-

1832 4574 2086 4648 'prorsus
2116 4556 2386 4627 ejusmodi
2419 4554 2580 4609 verba
2605 4553 2867 4608 existunt.
2900 4553 3120 4607 Dicetur
3151 4552 3288 4606 forte
3318 4568 3429 4605 non

1854 4668 2071 4715 verum,
2109 4650 2206 4705 sed
2251 4647 2822 4719 pseudo-Clementem
2851 4645 2941 4698 hic
2972 4645 3192 4714 impeti:
3229 4644 3440 4699 admitti

1854 4750 2032 4814 potest
2084 4738 2355 4810 ejusmodi
2404 4738 2715 4801 excusatio,
2750 4737 2882 4806 quin
2907 4735 3228 4805 admittatur
3257 4734 3430 4803 hypo-

1851 4835 2027 4890 thesis
2076 4833 2312 4904 gratuita
2364 4845 2529 4901 quam
2583 4838 2781 4884 textus
2825 4826 3016 4883 sedulo
3087 4828 3435 4881 examinatus

1857 4928 2085 4996 respuit.

1928 5017 2082 5083 Quod
2110 5024 2290 5071 autem
2324 5015 2613 5069 adnotator
2644 5008 2750 5066 tam
2802 5027 2993 5067 serena
3025 5010 3205 5065 fronte
3236 5012 3437 5064 asserit

1854 5111 2133 5166 Christum
2184 5126 2295 5163 non
2337 5108 2505 5163 semel
2554 5106 2887 5176 hospitatum
2949 5104 3120 5159 fuisse
3163 5105 3217 5156 in
3270 5103 3435 5155 domo

1859 5204 2081 5256 Marthae
2109 5209 2163 5257 et
2196 5200 2399 5263 Mariae,
2436 5194 2624 5254 verum
2655 5209 2738 5253 est
2768 5198 2987 5267 quidem
3038 5196 3105 5251 de
3152 5194 3429 5265 prandiis;

1851 5296 1945 5351 sed
1989 5295 2245 5350 facillime
2274 5292 2576 5347 contradici
2632 5298 2813 5361 potest
2845 5289 3022 5359 quoad
3063 5286 3430 5357 pernoctatio—

1851 5402 2017 5439 nem:
2062 5392 2276 5457 veteres
2322 5385 2468 5438 enim
2521 5383 2796 5437 tradidere
2840 5380 3120 5434 Christum
3177 5377 3434 5431 secedere

1850 5485 2170 5531 consuetum
2203 5477 2256 5528 in
2295 5484 2530 5529 montem
2564 5484 2616 5529 et
2645 5474 2993 5529 solitudinem
3035 5470 3257 5541 quando
3288 5483 3421 5535 apo-

1849 5567 1971 5621 stoli
2017 5566 2121 5634 ipsi
2180 5567 2246 5638 ad
2282 5568 2517 5635 quietem
2565 5563 2885 5621 sumendam
2920 5565 3117 5619 lectum
3151 5562 3424 5632 petebant.

146 5816 149 5817 ν
242 5744 289 5776 ’⁸
330 5732 564 5799 Βδεξιη
592 5739 780 5807 Spirit.
806 5736 953 5805 S.,c.
981 5742 1069 5797 29.
1148 5744 1189 5775 "
1234 5743 1422 5798 Mattn.
1452 5760 1505 5806 ι,
1537 5742 1589 5797 8.
1668 5741 1710 5773 "
1748 5740 1758 5795 l

1861 5737 1939 5793 th.
1968 5742 2099 5823 'xvn,
2132 5740 2197 5795 l3
2225 5750 2274 5794 ct
2303 5755 2419 5809 seq.
