4074 6328
677 361 781 421 δτι

1494 366 1550 423 8.
1585 363 1975 422 CLEMENTIS
2008 365 2028 420 I
2062 361 2227 420 30M.
2262 358 2468 417 ‘PONT.
2506 356 2734 414 OPERA
2765 354 3085 413 GENUINA.

3787 341 3899 399 8τί

669 473 818 559 που.
855 485 1041 548 porro
1066 479 1285 538 traditio
1344 482 1545 552 optime
1597 481 1850 550 congruit
1906 479 1993 536 bis
2047 479 2229 535 verbis
2261 480 2302 537 Α
2331 481 2478 528 clum
2529 480 2613 527 est
2653 487 2751 540 pro
2796 473 3054 559 prapheta
3086 480 3283 559 novum
3316 461 3639 559 cubiculum
3666 454 3894 559 omnino

667 564 984 639 Evangelii:
1011 569 1157 638 Eriit
1210 573 1265 626 in
1313 589 1537 630 montem
1569 591 1720 628 orare
1749 587 1769 626 :
1797 582 1846 628 ct
1887 581 2002 626 erat
2047 588 2230 640 perno-

666 668 816 714 ctans
847 663 899 714 in
929 663 1168 716 oratione
1207 662 1300 716 Dei
1334 664 1397 717 '.’.
1433 663 1511 718 En
1545 665 1744 718 factum
1780 665 2228 733 pernoctationis.

666 745 838 804 Visne
884 749 1082 804 habere
1106 751 1601 808 consuetudinem?
1629 752 1695 805 Et
1717 769 1972 822 egressus,
1993 752 2067 806 ait
2091 753 2227 805 idem

662 839 997 909 evangelista
1040 840 1107 895 de
1144 848 1387 910 tempore
1411 851 1680 897 nocturno
1711 844 1956 913 loquens,
1989 843 2118 904 ibat,
2147 858 2229 895 se-

659 928 891 982 cundum
949 933 1406 995 consuetudinem,
1485 914 1538 986 iis
1594 947 1818 988 montem
1873 933 2220 991 Oliuarum”.

661 1017 864 1076 Omnes
897 1021 1239 1092 evangelista:
1271 1023 1568 1092 signarunt,
1609 1027 1800 1080 sedulo
1844 1028 1989 1082 hunc
2023 1030 2224 1098 specia-

659 1110 764 1166 lem
808 1113 987 1167 locum
1039 1113 1304 1167 orationis
1349 1114 1551 1169 Christi
1596 1117 1649 1170 in
1695 1125 1876 1172 monte
1920 1116 2218 1183 Olivarum,

657 1213 916 1258 vocantes
963 1205 1112 1258 illum
1156 1206 1419 1274 pmdium
1443 1246 1457 1268 ,
1493 1207 1574 1260 vel
1609 1208 1821 1262 hortum
1853 1207 2215 1263 Gethsemani.

658 1291 721 1349 In
749 1293 965 1364 publico
984 1337 1001 1364 ,
1034 1296 1251 1352 easdem
1287 1296 1398 1351 fere
1430 1298 1723 1353 relationes
1751 1299 2002 1354 Christus
2032 1299 2218 1354 habuit

651 1400 781 1440 cum
832 1387 965 1441 viris
1015 1394 1069 1443 et
1129 1390 1451 1444 mulieribus
1498 1404 1513 1442 :
1573 1390 1639 1444 ad
1699 1391 2017 1446 salvandum
2071 1384 2226 1448 enim

653 1483 952 1546 utrumque
990 1491 1180 1532 sexum
1225 1488 1484 1545 venerat;
1542 1480 1636 1535 sed
1683 1481 1969 1550 privatim,
2023 1483 2214 1537 eodem

650 1563 816 1617 modo
847 1580 957 1619 non
1003 1580 1060 1620 se
1106 1566 1369 1636 gerebat:
1402 1566 1629 1637 ideoque
1676 1569 1944 1623 mirantur
1985 1573 2212 1640 apostoli

649 1653 872 1722 quando
898 1671 1021 1710 eum
1055 1657 1227 1711 solum
1256 1657 1455 1720 vident,
1488 1659 1736 1727 quamvis
1768 1660 1820 1715 in
1851 1671 2054 1731 aperto,
2086 1677 2208 1716 cum

649 1744 881 1801 muliere
916 1745 1259 1801 Samaritana
1285 1748 1703 1818 colloquentem.

2333 569 2643 633 separatum
2671 563 2738 618 ab
2755 575 2816 616 ea
2834 558 2899 625 ξ’.
2916 557 3434 615 'l'extusllebraicus
3462 565 3716 622 expresse
3743 546 3894 604 desi-

2332 658 2461 722 gnat
2487 651 2849 719 scparationis
2878 663 3092 702 murum
3121 645 3215 716 qui
3244 645 3544 699 adificatus
3570 646 3696 694 'est.
3770 635 3888 692 Hoc

2332 740 2597 810 ignoravit
2645 738 2707 792 D.
2740 739 2807 792 de
2840 736 3161 806 Premagny,
3193 734 3420 802 ideoque
3462 727 3889 798 insuperabilem

2322 831 2588 900 judicavit
2615 829 3138 898 argumentationem
3169 840 3345 885 suam.
3375 822 3609 877 Aliunde
3632 834 3739 874 non
3768 817 3890 872 exi-

2325 919 2402 988 git
2448 926 2669 971 sanctus
2699 917 2951 973 Clemens
2999 925 3060 971 ut
3087 917 3234 970 nulla
3279 915 3351 969 sit
3401 913 3598 966 mulier
3629 911 3683 964 in
3720 908 3885 964 domo

2322 1021 2485 1077 quam
2514 1007 2757 1060 habitant
2780 1007 3028 1062 homines
3055 1007 3312 1076 virgines,
3331 1002 3634 1073 presertim
3663 995 3885 1069 quando

2321 1078 2427 1154 iter
2451 1098 2698 1162 faciunt,
2730 1098 2826 1154 sed
2866 1108 2923 1152 ut
2955 1098 3161 1168 fugiant
3203 1094 3560 1151 contubernia
3609 1107 3733 1146 cum
3765 1104 3886 1142 mu--

2320 1188 2576 1252 lieribus,
2626 1199 2678 1243 et
2707 1199 2763 1243 ut
2792 1189 2926 1259 ipsis
2956 1203 3064 1242 non
3094 1187 3405 1242 ministrent
3447 1184 3723 1239 mulieres.
3762 1179 3883 1236 Jam

2317 1278 2432 1332 dixi
2484 1279 2794 1333 cubiculum
2849 1261 3016 1333 Eli'sei
3064 1277 3206 1348 apud
3263 1274 3659 1330 Sunamitidem
3709 1272 3885 1326 fuisse

2317 1378 2663 1440 separatum;
2698 1370 2774 1424 ibi
2806 1385 2938 1425 vero
2981 1368 3342 1423 ministerium
3373 1381 3404 1420 a
3430 1365 3754 1420 mulieribus
3775 1379 3884 1418 non

2315 1459 2610 1527 recipiebat
2654 1473 2666 1509 :
2703 1460 2780 1516 illi
2828 1460 2971 1514 enim
3002 1459 3300 1514 sulliciebat
3327 1473 3516 1514 servus
3544 1455 3638 1528 qui
3667 1467 3885 1524 semper

2314 1550 2682 1615 comitabatur
2711 1567 2858 1607 eum.

2381 1636 2568 1694 Nscvos
2600 1641 2794 1709 qumrit
2840 1639 3082 1694 invenire
3130 1639 3358 1694 critieus
3408 1634 3775 1708 philosophus
3825 1633 3883 1688 in

2312 1723 2578 1795 Epistolis
2623 1729 2831 1784 nostris
2881 1736 2938 1782 ut
2993 1729 3370 1783 auctoritatem
3440 1741 3629 1781 earum
3679 1726 3882 1780 elevet.

723 1793 879 1801 πη---
916 1793 1259 1801 _-.-._---_.._
1289 1793 1703 1818 “Hermum...

723 1834 798 1888 Ex
845 1851 911 1891 eo
962 1836 1105 1905 quod
1148 1845 1368 1892 sanctus
1394 1838 1642 1895 Clemens
1676 1841 1876 1896 Christi
1909 1844 2072 1898 verba
2113 1861 2204 1901 re-

2306 1793 2537 1871 Grandis
2563 1817 2746 1886 igitur,
2769 1819 2941 1887 ipsius
2968 1818 3194 1886 judicio,
3238 1833 3422 1873 naevus
3448 1826 3532 1872 est
3559 1815 3704 1886 quod
3743 1827 3883 1884 qua-

648 1926 838 1982 tulerit
866 1927 932 1982 ad
971 1928 1192 1981 Mariam
1246 1928 1614 1999 Magdalenam
1652 1933 1884 1988 dicentis
1917 1954 1930 1990 :
1965 1934 2093 1990 Νοιὶ
2128 1956 2206 1994 me

650 2023 860 2086 tangere
881 2057 897 2082 ,
932 2019 1259 2075 concludere
1282 2020 1443 2074 vellet
1473 2021 1791 2087 adnotator,
1835 2033 2022 2081 contra
2056 2025 2206 2080 Wet-

646 2107 886 2171 stinum,
919 2108 987 2160 ab
1037 2117 1258 2164 auctore
1291 2109 1652 2179 Epistolarum
1695 2115 1889 2168 melius
1928 2119 2202 2186 cognitum

643 2188 1014 2253 fuisse-sancti
1040 2198 1267 2254 Joannis
1291 2200 1634 2270 Evangelium
1664 2218 1822 2272 quam
1856 2203 2202 2276 Evangelium

640 2291 816 2343 sancti
845 2289 1075 2344 Matthtei
1108 2291 1199 2361 qui
1240 2291 1377 2344 hanc
1401 2293 1864 2348 circumstantiam
1894 2303 2054 2352 tacet.
2089 2297 2202 2354 Hoc

639 2380 983 2434 ratiocinium
1047 2382 1378 2452 philosopho
1422 2397 1612 2452 parum
1672 2388 1920 2442 convenit
1960 2404 1974 2444 :
2024 2405 2200 2461 neque

637 2469 784 2523 enim
829 2480 1046 2525 sanctus
1088 2470 1370 2527 Matthaaus
1391 2511 1406 2536 ,
1441 2487 1616 2544 neque
1650 2478 1831 2531 easteri
1859 2483 2200 2550 evangelista,

637 2560 946 2626 voluerunt,
968 2562 1075 2617 imo
1106 2565 1238 2618 velle
1270 2572 1562 2635 potuerunt
1595 2567 1835 2623 scribere
1865 2572 2047 2634 omnia
2078 2590 2198 2644 qua:

635 2650 888 2709 Christus
955 2655 1202 2725 gesserit.
1267 2655 1434 2726 igitur
1490 2659 1559 2713 ab
1625 2660 1728 2716 hoc
1790 2661 2006 2718 silentio
2057 2667 2196 2723 nihil

589 2802 591 2805 ,
635 2747 861 2800 omnino
884 2749 1134 2802 concludi
1165 2757 1363 2818 potest.
1395 2750 1496 2818 Qui
1528 2754 1672 2807 enim
1703 2755 2055 2812 concluderet
2099 2759 2197 2814 do-

631 2837 844 2893 tninum
891 2838 957 2894 de
1000 2838 1300 2914 Premagny
1341 2843 1476 2898 nihil
1510 2846 1655 2900 aliud
1704 2849 1994 2925 scripsisse
2031 2865 2192 2921 quam

628 2929 940 2986 versionem
973 2930 1230 2988 Gallicam
1264 2943 1574 2991 nostrarum
1612 2937 1975 3007 Epistolarum
2003 2982 2019 3006 ,
2067 2957 2191 2997 cum

632 3019 907 3090 adjunctis
962 3024 1436 3093 adnotationibus,
1482 3031 1619 3111 quia
1674 3032 1773 3086 has
1822 3033 1995 3088 solum
2051 3042 2192 3105 typis

634 3115 931 3177 mandavit,
956 3133 1062 3172 non
1090 3119 1222 3175 satis
1249 3120 1405 3178 fama:
1442 3125 1588 3184 illius
1617 3129 1954 3195 consuleret;
1999 3132 2192 3199 proba-
2219 3135 2258 3191 C

631 3203 814 3259 biliter
880 3223 1114 3279 namque
1165 3229 1303 3282 opus
1355 3217 1500 3271 istud
1567 3220 1762 3272 merito
1817 3220 2048 3276 inferius
2105 3231 2192 3279 est

631 3295 911 3364 sexaginta
941 3298 1064 3353 aliis
1092 3304 1368 3370 opusculis
1393 3305 1513 3375 ejus
1547 3323 1670 3377 quae
1698 3313 2067 3381 manuscripta
2107 3330 2190 3369 re-

630 3398 973 3445 manserunt.

701 3478 837 3536 Xlll.
874 3483 1162 3538 Auctorem
1206 3484 1572 3556 Epistolarum
1603 3498 1825 3544 accusat
1856 3490 1917 3547 D.
1949 3492 2015 3548 de
2058 3491 2188 3551 Pre-

629 3587 826 3642 magny
865 3576 1022 3643 quasi
1067 3577 1357 3632 infideliter
1404 3582 1640 3636 narrarit
1682 3582 1967 3638 historiam
2018 3585 2186 3644 Elisei

625 3671 682 3716 et
729 3662 1103 3722 Sunamitidis.
1139 3667 1242 3722 Sed
1279 3684 1398 3738 qua:
1430 3673 1618 3739 paucis
1648 3674 1828 3728 verbis
1860 3673 2024 3729 refert
2057 3691 2186 3732 san-

627 3761 749 3808 ctus
778 3754 1030 3811 Clemens
1061 3759 1261 3827 optime
1289 3762 1623 3817 concordant
1653 3769 1776 3818 cum
1810 3766 1972 3821 rebus
2002 3768 2187 3827 relatis

625 3841 683 3895 in
723 3850 919 3912 quarto
943 3845 1081 3901 libro
1111 3845 1611 3919 Regum,quamvis
1660 3869 1750 3909 res
1789 3856 2184 3916 minutissimas

625 3948 736 3989 non
770 3935 931 4001 fuerit
960 3947 1326 3995 consectatus.
1375 3942 1671 3998 Achilleam
1700 3945 2054 4017 philosophus
2089 3965 2187 4006 no.

625 4033 738 4080 ster
777 4029 1065 4082 aestimavit
1095 4029 1235 4084 hanc
1262 4032 1618 4111 objectionem
1647 4050 1669 4087 ει
1696 4033 1907 4092 Eliseus
1937 4051 2185 4109 accepta-

623 4120 702 4173 vit
730 4121 1042 4192 cubiculum
1075 4123 1128 4178 in
1159 4123 1320 4178 domo
1348 4125 1704 4184 Sunamitidis
1732 4143 1895 4201 :ergo
1925 4148 2032 4188 non
2066 4143 2186 4188 erat

624 4208 716 4263 hic
744 4211 1005 4279 ptopheta
1035 4220 1324 4270 extraneas
1353 4211 1502 4269 omni
1540 4219 1786 4273 relationi
1837 4237 1960 4275 cum
1992 4224 2182 4278 mulie-

624 4301 800 4354 ribus.
847 4299 989 4372 Ergo
1018 4311 1210 4357 auctor
1234 4303 1593 4375 Epistolarum
1623 4309 1814 4365 falsam
1845 4310 2056 4367 induxit
2086 4315 2184 4384 hy-

624 4391 919 4460 pothesim.
971 4391 1112 4462 Ergo
1160 4393 1391 4457 honorat
1439 4407 1687 4454 sanctum
1727 4400 2058 4459 Clementem
2089 4407 2179 4477 qui

626 4480 774 4536 hunc
817 4497 926 4536 non
971 4485 1160 4554 recipit
1194 4488 1351 4558 quasi
1399 4488 1625 4545 istarum
1670 4490 2033 4562 Epistolarum
2081 4511 2180 4551 au-

625 4581 854 4629 ctorcm.

699 4667 765 4724 Ut
803 4670 1048 4740 funditus
1096 4681 1219 4727 ruat
1261 4673 1569 4745 hujusmodi
1595 4667 2005 4749 argumentatio
2048 4685 2185 4740 satis

619 4762 726 4813 erit
741 4759 1000 4818 adnotare
1016 4763 1436 4833 hospitalitatem
1453 4783 1614 4837 quam
1630 4769 1902 4826 interdum
1921 4775 2180 4843 propheta

623 4853 823 4921 recepit
855 4854 996 4922 apud
1023 4853 1446 4927 Sunamitideml,
1475 4873 1583 4912 non
1619 4859 1788 4916 fuisse
1821 4863 2180 4921 cohabitatio-

619 4958 742 4999 nem
775 4959 936 5014 quam
969 4946 1217 5015 prohibet
1249 4956 1471 5006 sanctus
1498 4950 1772 5006 Clemens.

689 5035 975 5093 Enimvero
1020 5037 1216 5094 domus
1263 5039 1620 5098 Sunamitidis
1666 5058 1771 5097 una
1817 5054 1932 5100 erat
1973 5062 2038 5102 ex
2091 5049 2177 5105 his

617 5129 893 5198 opulentis
942 5131 1369 5189 habitationibus
1435 5152 1554 5206 qua:
1610 5139 1926 5208 plerumque
2002 5144 2176 5197 servis

616 5219 914 5275 abundant.
968 5221 1087 5292 Ipsa
1125 5223 1365 5280 declarat
1412 5241 1470 5280 se
1513 5228 1565 5282 in
1602 5229 1779 5283 medio
1809 5231 1989 5299 populi
2026 5234 2109 5287 sui
2132 5233 2174 5265 “

618 5313 774 5383 quasi
821 5313 1118 5383 principem
1159 5318 1438 5385 habitare,
1471 5330 1525 5374 et
1548 5323 1694 5374 nulla
1726 5339 1783 5377 re
1814 5324 2074 5394 indigere.
2113 5325 2173 5381 1n

614 5400 708 5458 illa
734 5402 914 5468 domo,
932 5406 1088 5476 quasi
1114 5410 1386 5464 transiens
1406 5411 1613 5467 habitat
1634 5413 1845 5469 Eliseus
1864 5431 1984 5469 cum
2019 5433 2176 5472 servo

617 5511 738 5553 suo.
787 5492 967 5562 Quare
1019 5500 1164 5554 enim
1207 5503 1308 5556 sub
1340 5501 1431 5556 dio
1470 5505 1880 5572 pernoctasset?
1919 5505 2176 5571 Quamvis

615 5594 796 5643 autem
843 5589 1039 5647 domus
1089 5591 1197 5648 illa
1222 5594 1399 5665 ampla
1429 5594 1568 5651 foret
1596 5604 1890 5668 vastaque,
1931 5608 2178 5654 constru-

2307 1915 2388 1960 ter
2416 1914 2637 1965 sanctus
2664 1908 2914 1963 Clemens
2940 1909 3282 1964 Christianos
3333 1906 3718 1968 nominaverit,
3752 1918 3882 1987 cum

2305 2011 2410 2050 vox
2449 1997 2550 2051 ista
2584 2005 2660 2052 ter
2702 2007 2912 2052 tantum
2955 1999 3014 2074 in
3053 1997 3205 2052 Novo
3244 1997 3594 2052 Testamento
3617 1993 3882 2080 reperia-

2305 2095 2414 2142 tur.
2466 2086 2946 2158 Perspicacitatem
2989 2091 3152 2158 hujus
3207 2089 3574 2144 adnotationis
3620 2087 3881 2157 judican-

2300 2176 2424 2230 dam
2465 2179 2717 2248 relinquo
2766 2179 2990 2234 cuilibet
3031 2179 3244 2234 lectori.
3288 2178 3345 2233 Si
3392 2180 3478 2233 cui
3530 2187 3716 2232 tamen
3768 2191 3882 2231 non

2300 2265 2569 2343 sulIlceret
2601 2269 2702 2322 hoc
2741 2284 3084 2339 responsum,
3119 2269 3262 2325 scire
3299 2269 3458 2323 debet
3493 2269 3598 2322 hoc
3637 2266 3880 2321 vocabu-

2299 2340 2409 2413 lum
2439 2359 2573 2413 adeo
2618 2375 2902 2415 commune
2941 2360 3110 2416 fuisse
3162 2362 3262 2417 hac
3291 2368 3474 2426 aetate,
3523 2373 3581 2415 ut
3633 2375 3663 2413 a
3700 2360 3881 2430 genti-

2297 2445 2440 2504 libus
2472 2452 2671 2516 passim
2707 2451 3078 2516 adhiberetur,
3113 2452 3253 2506 sicut
3281 2459 3426 2520 patet
3449 2467 3518 2505 ex
3549 2453 3696 2505 Actis
3729 2466 3880 2503 mar-

2299 2538 2423 2606 tyrii
2453 2538 2636 2594 Sancti
2671 2541 2867 2609 lgnatii
2898 2540 3226 2602 Antiochem’,
3261 2549 3315 2597 et
3343 2557 3406 2597 ex
3442 2541 3682 2611 Epistola
3707 2541 3879 2598 Plinii

2298 2627 2367 2682 ad
2399 2629 2691 2697 Traianum
2723 2633 3114 2700 imperatorem,
3140 2633 3203 2688 de
3227 2631 3568 2689 Christianis.

2365 2717 2503 2776 XIV.
2546 2720 2858 2777 Wetstinus
2890 2723 3221 2792 allegaverat
3267 2725 3647 2778 auctoritatem
3693 2722 3878 2778 sancti

2300 2810 2584 2881 Epiphanii
2637 2814 2731 2881 qui
2781 2814 3050 2869 haereticis
3102 2815 3200 2869 aevi
3245 2815 3334 2869 sui
3383 2814 3692 2884 opponebat
3742 2811 3876 2883 Epi-

2293 2904 2462 2961 stolas
2493 2905 2665 2959 sancti
2695 2903 2990 2960 Clementis
3023 2905 3090 2959 ad
3123 2907 3381 2976 virgines,
3410 2907 3464 2960 in
3495 2905 3694 2975 quibus
3724 2921 3876 2960 com-
3902 2923 3920 2941 ⁸

2295 3001 2668 3049 memorantur
2707 2993 2873 3058 Elias,
2910 2993 3103 3058 David,
3146 2994 3380 3050 Samson
3421 3002 3475 3048 et
3513 3010 3702 3049 omnes
3737 3009 3872 3060 pro--

2295 3084 2492 3153 phetze.
2521 3083 2601 3138 Ad
2635 3085 2738 3139 hoc
2768 3094 3148 3154 argumentum
3177 3085 3361 3140 reduci
3395 3092 3573 3156 potest
3605 3083 3870 3140 Wetstini

2294 3173 2639 3229 ratiocinatio
2665 3192 2677 3228 :
2709 3193 2727 3224 ι
2757 3173 2875 3229 Νοη
2901 3173 3075 3230 solum
3109 3174 3466 3245 Epiphanius,
3497 3177 3642 3231 sicut
3669 3175 3873 3231 Hiero-

2291 3277 2505 3332 nymus,
2544 3261 2820 3332 Epistolas
2853 3263 3055 3317 indicat
3085 3279 3224 3334 quas
3254 3261 3476 3319 sanctus
3506 3264 3759 3321 Clemens
3793 3265 3869 3319 ad

2287 3354 2523 3423 virgines
2556 3355 2933 3423 scripsit;.sed
2975 3355 3072 3410 has
3102 3355 3407 3424 specialiter
3437 3355 3709 3426 Epistolas
3743 3356 3868 3411 dis-

2286 3445 2855 3500 tinxit'enuntiatione
2885 3455 3064 3501 textus
3111 3448 3203 3516 qui
3251 3448 3308 3502 in
3351 3448 3562 3503 caeteris
3600 3448 3868 3518 operibus

2287 3534 2461 3588 sancti
2507 3534 2802 3590 Clementis
2853 3533 3045 3590 nullibi
3097 3535 3386 3605 reperitur.
3433 3533 3487 3588 In
3530 3536 3662 3590 solis
3709 3535 3865 3590 enim

2287 3624 2547 3694 Epistolis
2599 3626 2667 3681 ad
2719 3626 2956 3695 virgines
3004 3627 3208 3680 mentio
3243 3626 3297 3679 fit
3329 3625 3398 3682 de
3438 3625 3587 3691 Elia,
3631 3625 3862 3692 Davide,

2287 3713 2549 3769 Samsone
2573 3722 2627 3769 et
2657 3716 2909 3768 omnibus
2939 3714 3235 3785 pmphetis.
3268 3733 3286 3766 ι

2353 3802 2542 3874 Bobur
2574 3804 2734 3873 hujus
2782 3803 3052 3858 ratiocinii
3099 3805 3256 3874 quasi
3315 3820 3422 3859 non
3480 3803 3768 3860 advertens
3789 3804 3860 3860 ο.

2286 3868 2717 3962 ἁθθΡτεηιειεῐῖγ,
2751 3908 3058 3947 sermonem
3110 3868 3416 3964 gyroﬂectit
3457 3894 3525 3950 ad
3575 3884 3860 3953 inscitiam

2283 3979 2517 4048 exempli
2548 3981 2847 4043 Satnsonis,
2887 3981 3043 4051 quasi
3086 3982 3321 4052 pessime
3351 3997 3574 4040 sanctus
3603 3984 3860 4054 Clemens

2290 4057 2609 4122 Samsoaem
2658 4069 2762 4124 huc
2807 4071 3135 4126 induxisset.
3175 4073 3280 4126 Sed
3311 4075 3415 4128 etsi
3459 4077 3860 4132 concederetur

2284 4159 2505 4213 domino
2540 4160 2608 4215 de
2634 4159 2932 4234 Premagny
2962 4162 3281 4219 Samsonem
3311 4180 3418 4221 non
3461 4166 3716 4222 debuisse
3746 4168 3860 4224 huc

2285 4249 2578 4315 introduci,
2615 4266 2725 4304 non
2758 4253 2939 4310 minus
2969 4253 3171 4307 invicta
3209 4262 3354 4309 esset
3380 4257 3663 4312 conclusio
3699 4256 3859 4313 Wet-

2283 4339 2433 4401 stini,
2466 4340 2584 4407 qui,
2621 4355 2684 4393 ex
2721 4340 2822 4395 hac
2853 4343 3156 4412 prolatione
3201 4345 3678 4402 authenticitatem
3723 4348 3857 4420 Epi-

2289 4430 2546 4484 stolarum
2575 4441 2880 4486 nostrarum
2913 4431 3096 4489 infert.

2363 4519 2431 4575 Ut
2461 4529 2660 4586 autem,
2705 4539 2771 4578 ex
2801 4525 2902 4578 hac
2933 4527 3095 4579 etiam
3134 4527 3573 4600 parte,_debilem
3609 4546 3733 4586 esse
3762 4531 3858 4586 ad-

2285 4622 2588 4668 uotatorem
2627 4622 2839 4684 pateat,
2870 4616 2994 4670 dico
3039 4621 3285 4684 exempla
3325 4617 3608 4677 Samsonis
3651 4631 3706 4678 et
3745 4623 3856 4678 Da-

2283 4704 2421 4757 vidis
2453 4705 2679 4761 miriiice
2714 4706 2977 4764 inservire
3008 4711 3147 4765 thesi
3177 4712 3416 4767 auctoris
3461 4711 3851 4784 Epistolarum.

2285 4791 2341 4844 Si
2373 4807 2607 4862 namque
2638 4795 2924 4863 prudentia
2954 4799 3337 4868 prophetarum
3369 4817 3468 4857 nos
3497 4813 3688 4860 cautos
3726 4821 3854 4862 esse

2281 4894 2482 4944 monet,
2520 4885 2880 4953 quorumdam
2926 4897 3238 4944 sanctorum
3269 4895 3508 4948 virorum
3549 4909 3711 4953 casus
3755 4912 3854 4950 va-

2285 4975 2482 5029 lentior
2514 4976 2691 5029 adhuc
2720 4980 3033 5047 praedicatio
3063 4989 3144 5037 est
3174 4991 3232 5036 ut
3265 4985 3673 5056 nobismetipsis
3710 4989 3853 5044 dim-

2279 5064 2495 5120 damus.
2531 5064 2648 5119 Non
2682 5069 2857 5122 solum
2893 5068 3210 5127 Samsonem
3234 5082 3286 5128 et
3316 5074 3568 5130 Davidem
3611 5082 3853 5148 appellat

2280 5164 2502 5209 sanctus
2550 5154 2910 5228 iiieronymus
2967 5159 3020 5214 in
3074 5160 3174 5214 hac
3229 5163 3488 5226 materia,
3536 5152 3633 5218 sed
3681 5167 3850 5221 etiam

2281 5243 2642 5302 Saiomonem.
2702 5248 2901 5304 Omnes
2954 5259 3155 5306 norunt
3203 5235 3320 5308 haec
3375 5256 3553 5310 sancti
3587 5255 3852 5314 dectoris

2278 5339 2441 5407 verba
2474 5339 2540 5392 ad
2570 5339 2928 5410 Nepotianum
2957 5362 2972 5398 :
3007 5361 3024 5395 ε
3048 5342 3125 5398 Ne
3162 5345 3266 5400 sub
3292 5347 3480 5402 eodem
3509 5354 3655 5403 tecto
3692 5364 3852 5403 man-

2280 5428 2414 5482 sites
2444 5467 2459 5493 ,
2529 5445 2628 5484 nec
2674 5430 2728 5484 in
2780 5434 3050 5501 praterita
3095 5437 3348 5492 castitate
3391 5437 3656 5494 conﬁdas.
3736 5437 3851 5496 Nec

2279 5517 2521 5570 sanctior
2579 5517 2748 5572 David
2775 5558 2791 5582 ,
2852 5537 2952 5576 nec
2995 5517 3259 5582 Samsdne
3289 5525 3506 5595 fortior,
3539 5543 3642 5584 nec
3686 5528 3849 5584 Salo-

2281 5620 2440 5662 mone
2465 5617 2619 5679 potes
2649 5625 2770 5666 esse
2795 5614 3114 5683 sapientior.
3142 5634 3160 5670 ι

687 5763 734 5798 ⁸⁸
773 5762 987 5840 Luem,
1023 5770 1106 5829 I2.
1203 5775 1248 5809 ³⁸
1290 5773 1420 5833 Luc.
1446 5753 1584 5844 xm,
1611 5779 1699 5836 59.
1779 5781 1815 5813 "
1853 5780 1915 5839 iV
1949 5781 2079 5856 Reg.
2123 5801 2194 5852 tv,

2301 5828 2313 5842 .
2392 5787 2432 5820 οε
2475 5785 2632 5859 ibid.,
2664 5789 2746 5846 ιο.
