4074 6328
185 362 297 420 8⁸15

1136 339 1497 401 EPISTOLE
1527 338 1619 394 AD
1653 332 1995 393 VIRGINES.
2029 362 2100 376 —
2129 327 2491 386 ΡΒΟΈΜΙΑ.

3327 300 3450 371 m'

248 480 552 543 Mena,
579 476 941 546 peccaverunt
966 466 1182 538 quidem
1211 455 1444 519 Samson
1471 469 1525 514 et
1555 458 1752 522 David;
1787 460 1832 519 Α
1859 452 2064 515 futuro,
2097 455 2304 504 certum
2331 445 2560 546 lncertq.
2591 436 2824 546 Ministrl
2853 437 3085 546 Romani
3115 437 3273 546 aliter
3302 453 3433 546 sen-

179 571 274 629 sed
312 570 374 623 in
401 564 649 638 peccatis
680 577 786 616 non
824 561 1344 630 perseveraverunt:
1379 551 1608 619 ideoque
1638 563 1764 602 san-

180 669 306 716 :tus
340 657 682 729 Epiphanius
706 651 986 707 Ebionitas
1007 647 1187 718 arguit
1214 642 1358 715 quod
1386 658 1481 697 eos
1508 640 1760 711 repudia—

179 753 369 819 verint
398 766 524 806 cum
554 746 763 802 caeteris
793 740 1090 813 prophetis.

249 842 540 909 Quantum
577 837 645 891 ad
674 836 904 890 verbum
954 830 1137 884 laudat
1174 842 1286 897 quo
1320 840 1453 882 usus
1495 830 1580 883 est
1599 819 1762 876 'Wet-

176 935 373 990 stinus
418 929 641 985 citando
678 934 888 982 textum
921 919 1095 978 sancti
1141 917 1450 989 Epiphanii,
1483 917 1627 972 scire
1664 913 1762 968 de-

173 1027 402 1082 buisset
429 1021 497 1077 ι).
520 1021 587 1075 de
625 1018 926 1086 Premagny
956 1014 1058 1068 hac
1090 1027 1244 1074 voce,
1273 1007 1596 1079 sepissime,
1624 1006 1760 1061 nihil

171 1113 337 1168 aliud
366 1109 662 1184 signiﬁcari
691 1121 852 1177 quam
885 1100 1481 1162 commemorationem,
1513 1111 1613 1151 nec
1640 1096 1762 1150 lau-

175 1204 308 1257 dem
349 1202 418 1260 ab
447 1216 513 1255 eo
535 1211 748 1266 semper
771 1194 1027 1249 indicari.

249 1290 375 1348 XV.
417 1289 723 1344 Prudenter
783 1285 1029 1340 siluisset
1066 1282 1356 1348 adnotatur
1405 1293 1523 1349 qua:
1577 1275 1763 1332 dicere

169 1383 535 1455 pmumpsit
575 1381 640 1434 de
681 1376 987 1447 privatione
1030 1372 1390 1429 matrimonii.
1438 1368 1567 1422 Vult
1613 1367 1759 1455 enim

171 1454 416 1528 sanctus
445 1469 646 1522 Paulus
675 1474 732 1520 ut
770 1480 801 1518 a
831 1463 990 1527 nobis
1021 1462 1165 1516 absit
1211 1459 1510 1520 scurrilitas
1546 1472 1663 1526 qua:
1690 1454 1758 1508 ad

170 1581 295 1618 rem
342 1578 446 1614 non
493 1559 716 1628 pertinet
738 1557 801 1610 ³³.
834 1554 1087 1622 Plerique
1127 1552 1377 1614 homines
1419 1548 1625 1602 nubere
1661 1559 1762 1601 .vo-

175 1656 301 1709 lunt
324 1691 344 1715 ,
383 1652 532 1722 quia
559 1649 864 1704 caelibatum
897 1645 1104 1700 viribus
1150 1643 1268 1698 suis
1305 1640 1642 1710 superiorem
1672 1637 1762 1705 ju.

174 1745 388 1800 dicant.
418 1741 513 1795 His
535 1740 669 1794 dicit
699 1737 987 1807 Apostolus
1014 1751 1028 1789 :
1059 1731 1251 1786 Melius
1276 1740 1354 1785 est
1381 1729 1753 1800 nubere‘quam

1857 544 1999 597 tiunt
2028 548 2082 595 et
2127 545 2314 607 agunt,
2361 551 2392 591 a
2438 533 2770 608 quibusdam
2818 531 3055 597 saeculis,
3095 538 3150 584 et
3181 544 3211 582 a
3240 538 3431 582 matri-

1859 633 2044 686 monio
2092 623 2393 684 abstinent.
2425 643 2444 677 ›
2505 621 2697 680 Priora
2743 622 2909 676 verba
2967 621 3270 676 orthodoxa
3319 635 3430 674 non

1857 730 2021 789 sunt;
2052 719 2357 791 posteriora
2388 716 2649 771 historice
2679 720 2810 770 sunt
2841 712 2999 767 falsa.
3029 711 3182 781 Saepe
3206 709 3434 781 legendo

1860 817 2244 872 adnotationes
2291 812 2496 868 domini
2547 810 2615 865 de
2644 809 2966 878 Premagny,
3011 807 3252 876 suspicio
3302 805 3436 859 mihi

1859 909 2052 966 oborta
2093 913 2179 962 est
2227 905 2379 959 illum
2432 900 2669 957 fortasse
2732 898 3063 970 pertinuisse
3111 897 3180 952 ad
3228 904 3437 952 sectam

1860 987 2594 1069 protestantium._Errabam
2631 1010 2644 1045 :
2676 991 2884 1044 nullum
2919 988 3124 1070 quippe
3151 987 3313 1056 hujus
3355 986 3438 1039 fa-

1862 1089 2023 1143 miliai
2069 1086 2369 1141 membrum
2430 1096 2672 1152 unquam
2747 1080 2874 1133 huic
2931 1079 3128 1133 hasresi
3181 1077 3434 1132 adhaesit.

1860 1175 2261 1236 Tantummodo
2332 1173 2539 1230 certior
2615 1170 2797 1224 factus
2865 1185 2988 1224 sum
3057 1169 3436 1222 adnotat‘orem

1862 1267 2055 1330 fuisse,
2084 1280 2146 1320 ut
2172 1265 2285 1334 jam
2322 1264 2453 1319 alibi
2482 1262 2687 1317 dictum
2720 1269 2826 1325 est,
2865 1260 3437 1313 sociumconsuetum

1861 1356 2314 1430 phiIOSOphorum
2354 1353 2544 1409 seculi
2593 1351 2947 1425 praeCedentis
2976 1351 3069 1420 qui
3121 1349 3438 1419 religionem

1862 1450 2141 1503 lacessere
2189 1444 2581 1516 gloriabantur.
2613 1440 2670 1494 ln
2705 1442 2870 1496 altera
2909 1442 3144 1496 editione
3173 1441 3439 1496 ve'rsionis

1857 1538 2083 1595 Gallica
2107 1545 2421 1593 nostrarum
2449 1532 2837 1603 Epistolarum,
2870 1532 2931 1588 Ι).
2957 1534 3023 1589 de
3047 1533 3347 1603 Premagny
3382 1531 3437 1585 id

1861 1630 2337 1702 superaddendum
2363 1627 2628 1697 judicavit
2659 1628 2743 1681 his
2767 1641 2886 1695 quae
2915 1626 2970 1680 in
3001 1627 3170 1697 priori
3195 1625 3435 1680 editione

1856 1723 1974 1792 jam
2028 1721 2291 1776 dixerat:
2338 1736 2357 1772 ι
2389 1718 2536 1774 Deus
2578 1734 2688 1772 non
2733 1718 2989 1796 proponit
3039 1717 3436 1772 incrementum

173 1835 265 1887 uri
302 1834 370 1889 “.
436 1833 531 1887 Isti
591 1801 1243 1899 vero-reprehensibiles
1303 1824 1479 1878 forent
1527 1822 1572 1878 si
1629 1837 1757 1890 pro.
1791 1801 1833 1862 Β
1867 1811 2138 1866 mercedis
2191 1824 2292 1880 pro
2334 1809 2666 1863 caalibibus:
2713 1817 2767 1862 et
2815 1809 2950 1862 satis
3011 1809 3216 1874 mirum
3273 1815 3357 1862 est
3406 1822 3438 1860 a

175 1935 372 1995 pterea
429 1924 796 1992 virginitatem
845 1920 1262 1988 impugnarent,
1341 1927 1434 1967 aut
1481 1929 1600 1969 eam
1634 1928 1754 1966 om-

173 2019 349 2074 nibus
424 2014 819 2085 impossibilem
904 2007 1322 2079 pronuntiarent
1377 2025 1390 2059 :
1454 2005 1757 2059 doctrinam

172 2109 386 2180 quippe
408 2123 440 2161 e
465 2106 737 2160 diametro
766 2101 1099 2156 contrariam
1140 2098 1328 2153 statuit
1357 2096 1628 2160 Christus,
1659 2095 1758 2148 do-

171 2199 356 2253 cendo
379 2212 488 2254 non
513 2192 952 2262 emnes'quidem
978 2205 1174 2258 capere
1202 2190 1427 2243 verbum
1461 2186 1629 2248 istud,
1661 2184 1756 2240 sed

171 2290 383 2363 quibus
425 2286 614 2339 datum
645 2293 750 2346 est,
791 2293 847 2336 et
877 2280 1164 2336 addendo:
1202 2280 1306 2350 Qui
1345 2287 1514 2348 potest
1553 2294 1755 2346 capere,

167 2383 359 2448 capiat
374 2379 419 2410 ⁸⁸
447 2395 460 2432 :
488 2391 611 2446 quae
657 2375 826 2429 verba
860 2373 1091 2431 invitant
1123 2371 1336 2426 animas
1363 2384 1660 2440 generosas
1705 2379 1760 2424 et

171 2470 353 2526 fortes
391 2469 459 2523 ad
501 2467 893 2537 virginitatem.
940 2473 1159 2533 propter
1205 2476 1436 2532 regnum
1466 2461 1756 2518 ccclorum.

173 2562 442 2616 Eamdem
465 2561 838 2614 invitationem
865 2564 919 2610 et
945 2556 1250 2609 doctrinam
1278 2554 1504 2631 protulit
1535 2561 1761 2609 sanctus

172 2654 403 2716 Paulus,
429 2654 618 2708 dicens
644 2671 657 2706 ε
699 2650 825 2704 Volo
857 2664 1030 2704 omnes
1056 2665 1142 2700 vos
1172 2663 1285 2700 esse
1313 2648 1446 2700 sicut
1473 2646 1761 2713 meipsum;

172 2745 271 2803 sed
312 2746 667 2821 unusquisque
713 2725 985 2812 proprium
1036 2740 1233 2800 donum
1286 2737 1442 2792 habet
1489 2752 1553 2790 ea:
1599 2736 1761 2792 Deo:

174 2840 320 2892 alius
350 2837 559 2908 quidem
585 2838 681 2899 sic,
713 2837 850 2889 alius
878 2851 995 2888 vero
1026 2834 1104 2887 sic
1126 2832 1196 2884 ³⁸.

249 2929 500 2998 Nugatur
529 2937 707 2982 autem
739 2927 800 2979 Ι).
827 2927 894 2981 de
921 2926 1247 2995 Premagny,
1287 2921 1624 2978 insinuando
1655 2936 1767 2975 ma-

173 3021 501 3082 trimonium
534 3019 714 3089 potius
755 3017 1082 3087 expiationis
1119 3028 1285 3085 quam
1331 3015 1610 3070 felicitatis
1652 3021 1766 3068 sta-

175 3119 300 3167 tum
327 3125 469 3173 esse,
503 3110 734 3178 ideoque
765 3108 888 3176 plus
929 3107 1128 3161 mereri
1159 3106 1254 3175 qui
1284 3104 1444 3158 nubit
1471 3119 1633 3172 quam
1667 3102 1761 3173 qui
1791 3139 1834 3196 α

176 3217 213 3254 a
246 3202 456 3274 nuptiis
486 3217 544 3264 se
582 3201 817 3261 abstinet
847 3219 860 3254 ε
905 3199 1065 3269 quasi
1099 3198 1194 3266 qui
1239 3197 1635 3251 continentiam
1675 3212 1764 3252 re-

179 3301 388 3364 spuunt
417 3291 758 3362 pcnnitentiaar
779 3291 1032 3346 meritum
1060 3288 1443 3343 intendissent.

251 3383 425 3438 Nemo
467 3383 690 3453 quidem
738 3397 936 3452 negare
983 3387 1165 3450 potest
1216 3381 1442 3450 magnas
1494 3379 1766 3448 sollicitu-

177 3473 342 3534 dines
372 3472 699 3542 conjugibus
743 3470 1034 3526 reservari.
1079 3469 1162 3523 Ab
1193 3469 1279 3523 his
1306 3483 1640 3538 praeservare
1668 3483 1768 3522 cu;

185 3565 374 3634 piebat
399 3563 695 3634 Apostolus
741 3563 864 3618 illos
900 3561 1100 3631 quibus
1139 3561 1390 3615 dicebat:
1430 3559 1559 3612 Volo
1592 3569 1766 3613 autem

182 3671 275 3710 eos
305 3655 417 3707 sine
463 3653 824 3708 sollicitudine
862 3668 975 3706 esse
999 3651 1078 3713 '7;
1120 3651 1216 3704 sed
1263 3648 1635 3706 certissimum
1681 3655 1767 3704 est

181 3743 668 3799 mortiﬁcationem
698 3744 886 3799 carnis
919 3751 1014 3797 aut
1045 3741 1274 3811 spiritus
1305 3757 1415 3796 non
1441 3756 1562 3796 esse
1604 3739 1765 3808 linem

181 3852 378 3891 eorum
431 3837 526 3906 qui
571 3835 888 3905 conjugium
953 3834 1181 3904 eligunt.
1216 3831 1282 3887 Et
1325 3832 1540 3902 utinam
1594 3833 1766 3885 multo

188 3927 477 3998 pauciores
522 3935 709 3983 essent
753 3927 954 3996 quibus
997 3924 1260 3995 applicari
1305 3925 1552 3981 valerent
1601 3924 1766 3978 verba

175 4017 481 4088 ‘Baphaelis
527 4018 840 4088 archangeli
870 4038 881 4071 :
913 4016 1052 4075 Audi
1097 4033 1203 4080 me,
1249 4026 1302 4069 et
1345 4014 1623 4085 ostendam
1669 4016 1766 4068 tibi

187 4111 280 4179 qui
329 4119 452 4164 sunt
505 4113 692 4179 quibus
747 4111 1030 4179 praevalere
1083 4109 1624 4178 potest'dazmonium
1661 4120 1681 4161 :
1711 4108 1765 4160 lii

191 4219 413 4280 namque
451 4203 543 4272 qui
572 4202 873 4272 confugium
905 4204 982 4255 ita
1009 4202 1323 4269 suscipiunt,
1369 4209 1425 4253 ut
1459 4201 1624 4252 Deum
1651 4217 1684 4253 a
1713 4214 1768 4252 se

188 4303 239 4348 et
267 4312 300 4348 α
330 4311 427 4347 sua
457 4305 621 4372 mente
647 4294 952 4358 excludant,
988 4304 1038 4348 et
1079 4309 1189 4347 suae
1231 4292 1437 4344 libidini
1472 4293 1549 4344 ita
1587 4303 1767 4346 uacent

190 4387 326 4439 sicut
361 4402 523 4455 equas
551 4393 598 4438 et
631 4385 826 4447 mulus,
851 4384 1038 4453 quibus
1070 4400 1173 4435 non
1196 4390 1274 4436 est
1303 4383 1597 4436 intellectus
1623 4396 1640 4434 :
1671 4381 1767 4434 Ita-

193 4468 274 4522 bct
300 4478 610 4536 potestatem
632 4468 951 4522 dwmonium
976 4471 1030 4521 in
1058 4485 1145 4523 eos
1170 4469 1233 4522 ³⁸.

263 4563 320 4618 Si
362 4556 688 4618 attendisset
729 4563 815 4617 his
867 4562 1109 4628 monitis,
1142 4563 1453 4625 adnotator,
1501 4577 1607 4616 non
1648 4570 1759 4616 tam

191 4657 380 4712 leviter
401 4656 467 4710 de
495 4656 598 4709 hac
627 4656 855 4708 materia
879 4655 1095 4723 locutus
1122 4655 1334 4709 fuisset.

262 4747 551 4812 Caaterum,
599 4749 692 4815 qui
735 4753 957 4816 propter
1004 4761 1233 4816 regnum
1269 4737 1532 4802 caelorum
1570 4747 1753 4800 matri.

194 4831 380 4895 m‘onio
433 4840 777 4903 valedicunt,
830 4840 1037 4892 nullam
1091 4838 1503 4892 similitudinem
1561 4838 1763 4892 habent

194 4950 316 4988 eum
347 4933 449 4988 hac
476 4933 686 5002 impura
715 4932 1164 5002 philosophorum
1193 4933 1283 4986 lue
1313 4931 1405 5001 qui
1433 4946 1605 4985 nexus
1630 4945 1759 4984 con-

195 5024 400 5095 iugales
438 5031 512 5089 et,
555 5032 613 5077 ut
645 5025 824 5079 verbis
852 5025 1096 5094 Apostoli
1122 5032 1278 5088 utar,
1308 5023 1612 5078 honorabile
1639 5040 1764 5076 con-

194 5117 409 5171 nubinm
439 5116 675 5188 fugiunt,
709 5124 773 5171 ut—
800 5115 1027 5170 liberius
1058 5132 1121 5170 ac
1155 5116 1376 5186 turpius
1398 5115 1765 5188 voluptatibus

193 5207 376 5262 carnis
407 5206 650 5262 habenas
677 5208 884 5262 laxent.
913 5205 1004 5261 Vae
1035 5208 1236 5262 talibus
1281 5209 1373 5279 qui
1415 5207 1631 5279 generis
1663 5208 1763 5260 hu-

193 5299 335 5352 mani
372 5298 725 5367 opprobrium
760 5299 917 5352 sunt!

274 5389 365 5444 Sic
396 5390 638 5459 loquitur
667 5388 729 5443 D.
769 5388 836 5444 de
863 5388 1166 5459 Prcmagny
1206 5408 1218 5442 :
1262 5407 1280 5439 ‹
1309 5387 1541 5443 Ministri
1585 5386 1759 5443 refor-

194 5484 320 5540 mat-i
370 5482 620 5552 (nuptias
669 5479 1061 5551 contrahendo)
1113 5481 1470 5550 praetulerunt
1500 5495 1758 5551 presens

1857 1911 2048 1958 sancto
2093 1903 2372 1957 Clemente
2414 1902 2685 1973 prolatum
2730 1894 2904 1955 fuisse
2950 1900 3052 1954 hoc
3100 1900 3438 1970 paradoxum

1854 1989 2097 2062 tempore
2115 1993 2252 2046 adeo
2278 1991 2537 2061 apostolis
2565 1991 2764 2054 vicino,
2797 1991 3210 2059 praescrtimque
3233 1999 3436 2043 sancto

1855 2082 2017 2138 Petro
2062 2083 2449 2155 praedecessori
2495 2099 2616 2146 suo,
2661 2083 2818 2151 cujus
2861 2080 3274 2135 matrimonium
3323 2094 3436 2132 non

1857 2170 2087 2231 habetur
2114 2182 2172 2229 ut
2194 2174 2441 2238 dubium,
2467 2189 2567 2229 nec
2595 2173 2760 2230 etiam
2795 2172 3205 2226 matrimonium
3240 2171 3437 2224 horum

1856 2273 2237 2339 episcoporum
2293 2283 2432 2338 quos
2481 2267 2698 2326 volebat
2752 2275 2978 2322 sanctus
3047 2263 3252 2322 Paulus
3317 2279 3442 2320 esse

1859 2362 2021 2428 unius
2056 2361 2244 2415 uxoris
2269 2361 2440 2416 viros.
2471 2379 2490 2412 ι

1930 2451 2136 2508 Textus
2159 2452 2273 2522 jam
2299 2468 2329 2506 a
2361 2469 2449 2512 me
2490 2451 2714 2507 adducti
2762 2452 2898 2508 satis
2928 2451 3228 2522 explodunt
3256 2466 3319 2506 ac
3355 2467 3445 2507 re-

1860 2543 2038 2599 futant
2072 2545 2214 2600 hanc
2237 2545 2444 2599 domini
2473 2545 2539 2622 de
2573 2529 2875 2616 Premagny
2905 2545 3286 2599 assertionem.
3321 2542 3444 2599 Nor.

1862 2640 2201 2708 exspectavit
2234 2639 2442 2694 Novum
2475 2639 2886 2694 Testamentum
2920 2638 3184 2698 Dominus
3210 2649 3277 2694 ut-
3303 2628 3446 2695 mer-

1863 2728 2014 2784 cedis
2046 2729 2440 2783 incrementum
2472 2718 2776 2797 virginibus
2803 2729 3120 2797 spontaneis
3151 2730 3442 2800 pollicere-

1867 2831 1974 2876 tur.
2008 2822 2156 2876 Dabo
2178 2824 2272 2884 eis,
2299 2825 2476 2893 inquit
2499 2839 2594 2893 per
2620 2823 2841 2889 lsaiam,
2876 2825 2927 2876 in
2959 2823 3112 2876 domo
3144 2841 3278 2888 mea,
3309 2833 3358 2878 et
3389 2827 3445 2878 in

1867 2916 2032 2968 muris
2067 2917 2193 2969 meis
2241 2916 2532 2988 locum,et
2580 2933 2766 2969 nomen
2810 2917 2998 2970 melius
3039 2933 3070 2968 a
3105 2916 3233 2987 ﬁliis
3277 2925 3327 2971 et
3371 2918 3442 2987 ﬁ-

1867 3006 2040 3060 liabus
2084 3021 2100 3061 :
2147 3024 2332 3061 nomen
2382 3010 2756 3076 sempiternum
2811 3007 2949 3060 dabo
2995 3009 3104 3072 eis,
3155 3007 3292 3079 quod
3339 3026 3445 3064 non

1867 3097 2154 3166 peribit".
2202 3097 2398 3152 Merito
2449 3099 2618 3169 igitur
2645 3093 2936 3153 cencilium
2984 3099 3364 3166 Tridentinum
3396 3099 3444 3131 “

1869 3191 2214 3245 anathemate
2243 3185 2509 3267 percellit
2540 3210 2558 3242 ‹
2587 3207 2684 3246 eos
2730 3194 2823 3262 qui
2875 3191 3066 3245 dicunt
3112 3191 3345 3246 clericos
3387 3194 3443 3246 in

1868 3282 2042 3336 sacris
2071 3266 2358 3338 ordinibus
2380 3316 2383 3319 -
2406 3266 2760 3345 conSLitutos,
2791 3283 2872 3338 vel
2907 3284 3185 3353 regulares
3215 3285 3445 3337 castita-

1869 3383 1975 3426 tem
2006 3374 2322 3428 solemniter
2352 3375 2654 3446 professos,
2685 3389 2848 3447 posse
2876 3376 3286 3431 matrimOnium
3313 3390 3446 3429 con-

1867 3466 2106 3531 trahere,
2133 3482 2242 3521 non
2276 3468 2529 3523 obstante
2560 3469 2677 3540 lege
2702 3469 3109 3531 ecclesiastica,
3131 3468 3216 3522 vel
3248 3474 3394 3521 voto.
3418 3484 3438 3518 ι

1868 3555 2068 3612 Eadem
2103 3573 2262 3628 pcena
2294 3561 2482 3628 plectit
2511 3576 2606 3614 eos
2641 3578 2660 3612 ι
2694 3559 2787 3630 qui
2820 3560 3010 3613 dicunt
3036 3573 3144 3612 non
3177 3573 3300 3613 esse
3329 3574 3445 3613 me-

1869 3646 1976 3700 lius
2006 3661 2069 3700 ac
2117 3647 2333 3702 beatius
2366 3664 2587 3705 manere
2617 3650 2674 3704 in
2725 3650 3036 3720 virginitate
3067 3658 3158 3703 aut
3191 3650 3444 3704 caelibatu

1871 3755 2032 3810 quam
2059 3739 2216 3810 jungi
2245 3741 2613 3795 matrimonio.
2636 3759 2658 3794 ι

1938 3834 2212 3898 Quantum
2253 3832 2321 3886 ad
2359 3831 2707 3904 hypothesim
2753 3831 2960 3886 domini
3001 3831 3070 3887 de
3113 3830 3441 3905 Premagny,

1867 3940 1894 3978 θ
1925 3926 2251 3994 quibusdam
2301 3933 2508 3978 tantum
2558 3925 2775 3979 saeculis
2827 3925 3220 3978 continentiam
3271 3925 3444 3982 fuisse

1869 4015 2127 4072 Ecclesiae
2182 4016 2452 4069 ministris
2504 4017 2913 4085 praescriptam,
2975 4015 3153 4069 dicam
3189 4016 3339 4071 illum
3383 3998 3444 4072 se

1867 4107 2106 4162 historiae
2134 4107 2519 4162 ecclesiastica:
2551 4095 2863 4176 imperitum
2909 4108 3152 4178 praebere
3186 4109 3277 4177 qui
3319 4123 3442 4162 om-

1866 4196 2032 4252 nibus
2065 4196 2439 4251 monumentis
2482 4196 2875 4252 ecclesiasticis
2919 4197 3278 4263 contradicit,
3320 4214 3443 4268 quae

1865 4288 2195 4343 inconcusse
2236 4287 2497 4342 evincunt
2527 4291 2580 4341 in
2620 4287 2866 4342 Ecclesia
2899 4289 3228 4343 occidentali
3261 4290 3442 4344 conti-

1864 4367 2103 4436 nemiam
2135 4390 2394 4451 perpetua
2432 4382 2551 4451 lege
2594 4382 2966 4452 praescriptam
3007 4382 3177 4438 fuisse
3221 4383 3440 4438 clericis

1867 4474 1919 4532 in
1942 4473 2114 4528 sacris
2137 4473 2419 4528 ordinibus
2441 4475 2775 4547 constitutis.
2797 4473 2960 4528 lubet
2988 4484 3214 4529 sanctus
3237 4475 3440 4529 Paulus

1868 4576 1919 4620 ut
1957 4565 2049 4636 qui
2085 4565 2154 4618 ad
2191 4568 2567 4636 episc0patum
2601 4575 3009 4639 promoventur,
3047 4566 3092 4621 si
3131 4569 3290 4621 antea
3320 4568 3439 4622 fue-

1866 4660 1978 4711 rint
2008 4659 2240 4720 uxorati,
2270 4659 2445 4713 sancti
2476 4668 2530 4712 et
2572 4659 2940 4721 continentes,
2975 4666 3099 4728 post
3145 4650 3440 4714 Consecra-

1866 4751 2068 4802 tionem
2099 4765 2276 4810 suam,
2307 4749 2752 4819 permaneant“.
3318 4731 3320 4733 θ

1937 4838 2076 4893 XVI.
2119 4839 2319 4900 Paucis
2347 4841 2689 4910 respondebo
2719 4839 3053 4895 cavillationi
3101 4842 3440 4898 adnotatoris

1867 4932 1933 4986 de
1962 4933 2127 4986 verbo
2164 4932 2323 4994 dixit.
2355 4933 2501 5004 quod
2531 4934 2804 5003 reperitur
2841 4934 3184 5003 quandoque
3209 4935 3262 4988 in
3310 4934 3439 5005 Epi-

1866 5024 2024 5079 stolis
2056 5027 2176 5080 sinc
2207 5026 2476 5094 subjecto.
2506 5025 2645 5079 Cum
2674 5025 2907 5082 sanctus
2933 5025 3189 5080 Clemens
3218 5026 3440 5081 assidue

1867 5131 2078 5171 sacram
2136 5116 2473 5188 Scripturam
2534 5117 2794 5188 legisset,
2852 5119 3326 5188 probabiliterque
3381 5121 3435 5175 in

1865 5208 2142 5276 primitivo
2182 5217 2354 5276 textu,
2383 5210 2728 5264 locutionum
2761 5210 2882 5278 ejus
2915 5223 3073 5265 usum
3115 5213 3436 5281 assumpsit.

1867 5297 1925 5351 Si
1964 5298 2234 5367 tantisper
2277 5299 2338 5353 D.
2382 5299 2450 5356 de
2475 5299 2795 5372 'Premagny
2838 5299 3134 5356 Hebraicos
3188 5309 3282 5354 aut
3335 5300 3438 5371 Sy.

1867 5388 2045 5441 riacos
2078 5387 2255 5443 fontes
2296 5374 2612 5455 delibasse't,
2647 5393 2783 5446 nihil
2827 5394 2881 5446 in
2913 5392 3086 5447 Sacris
3135 5391 3437 5460 Scripturis

1868 5471 2205 5548 frequentius
2245 5479 2558 5550 agnovisset
2588 5497 2750 5552 quam
2781 5466 3066 5538 subaudiri
3103 5481 3434 5550 subjectum.

258 5684 302 5715 "
346 5736 352 5740 ,
383 5682 588 5754 Eplies.
615 5697 667 5744 v.
700 5683 752 5754 4.
834 5681 926 5754 f‘l
954 5682 1080 5754 _Cor.
1107 5699 1204 5749 vn,
1231 5683 1283 5738 9.
1316 5752 1331 5754 Α
1365 5684 1409 5714 ³³
1445 5681 1630 5737 Matth.
1663 5700 1763 5737 xu.

1863 5681 1902 5736 2.
1983 5681 2027 5754 ’ἦ
2058 5680 2234 5754 l_Cor.
2262 5701 2360 5749 vn,
2401 5685 2449 5740 7-.
2531 5689 2572 5720 ³⁷
2599 5687 2759 5754 lbid.,
2788 5687 2879 5742 52.
2983 5686 3028 5718 ³³
3058 5683 3196 5740 Tob.
3224 5699 3300 5748 vt,
3329 5681 3428 5750 ιϐ,

193 5755 271 5812 l7.
353 5754 526 5811 “lsa.
555 5769 665 5817 ut,
709 5753 761 5807 5.

877 5753 918 5783 “'
946 5751 1093 5808 Sess.
1123 5771 1270 5819 tum,
1301 5752 1376 5808 De
1403 5755 1661 5822 matrim,
1691 5768 1815 5809 can.
1850 5754 1902 5808 9.

1987 5752 2026 5782 “
2063 5749 2171 5808 Tit.
2201 5769 2248 5822 ι,
2281 5755 2332 5809 8.
