4096 6318
641 316 744 373 3'15

1446 311 1499 366 S.
1535 308 1923 366 CLEIIENTIS
1955 309 1972 361 I
2010 307 2172 365 80M.
2213 307 2408 362 I’ONT.
2448 307 2674 363 OPERA
2707 308 3026 367 CENUINA‘.

3757 306 3866 364 376

640 451 857 521 quando
880 464 944 503 ex
983 457 1234 504 contextu
1273 446 1404 502 satis
1436 445 1772 516 intelligitur.
1808 445 1982 516 Saepe,
2023 445 2080 499 in
2111 427 2199 498 Bi-
2230 428 2275 481 Α
2301 423 2485 492 sui“,
2518 423 2790 521 impera”
2814 425 3043 521 νίειοτξδ
3084 426 3260 521 Romi
3285 431 3645 521 “sanetum
3675 440 3871 521 εθξὯθ·

642 545 796 607 bliis,
837 542 1062 597 verbum
1097 541 1232 593 dixit
1277 539 1361 593 his
1403 539 1690 608 aequivalet
1729 537 1952 599 dicitur,
2002 537 2199 590 dictum

639 644 740 689 est.
770 633 989 688 Poterat
1016 648 1146 702 ergo
1176 632 1409 701 scriptor
1447 630 1671 684 criticus
1717 629 2198 700 Pythagoricomm

643 739 891 777 somnum
918 737 1023 775 non
1049 722 1288 778 turbare.
1341 733 1440 772 nec
1481 717 1841 772 eruditionem
1870 730 2097 784 prorsus
2124 716 2201 766 in-

644 816 825 868 utilem
866 812 1023 868 nobis
1053 819 1343 866 ostentare.
1384 809 1533 863 Hane
1569 824 1670 878 ego
1713 808 2079 862 dillicultatem
2107 823 2200 861 ex-

644 907 806 976 punxi
840 907 893 963 in
928 906 1175 958 versione
1205 919 1322 955 mea
1352 921 1366 956 :
1399 900 1646 957 eamdem
1681 908 1898 970 poterat
1925 899 1992 953 de
2023 899 2200 953 medio

641 1001 828 1052 tollere
855 999 969 1068 ipse
1001 996 1324 1050 Wetstituts.

715 1089 855 1143 XVII
879 1099 929 1144 et
959 1087 1141 1143 XVIII.
1172 1086 1567 1140 Adnotationes
1603 1101 1724 1154 quae
1754 1087 1856 1139 sub
1880 1084 1965 1138 his
1988 1084 2202 1137 duobus

640 1183 881 1236 numeris
913 1181 1284 1242 includuntur,
1317 1180 1546 1248 probant
1577 1177 1854 1232 dominum
1883 1176 1948 1231 de
1983 1175 2200 1229 Prema-

639 1288 748 1343 gny
785 1288 896 1327 non
945 1287 1159 1341 semper
1193 1269 1521 1341 pnejudieiis
1552 1269 1882 1323 Mica-catum
1915 1276 1968 1322 et
2008 1267 2200 1320 alluci-

641 1373 827 1417 natum
859 1364 1046 1420 fuisse.
1076 1363 1182 1417 Has
1223 1363 1514 1416 seribendo
1546 1363 1734 1421 lineas.
1768 1362 1971 1429 Optime
2007 1358 2074 1412 de
2111 1359 2199 1428 ju-

642 1455 790 1508 stitia
829 1462 883 1508 et
923 1455 1152 1507 veritate
1184 1455 1410 1506 meritus
1434 1460 1536 1507 est.
1565 1451 1799 1517 Quilibet
1845 1449 2199 1503 nihilominus

640 1546 1032 1601 animadvertet
1088 1547 1264 1616 ipsum
1321 1544 1593 1598 Wetstino
1645 1559 1858 1612 semper
1919 1541 2196 1595 contradi-

639 1639 815 1702 xisse,
857 1639 971 1693 sive
1007 1637 1226 1707 quando
1274 1643 1475 1690 rectam
1519 1636 1660 1688 viam
1702 1634 2053 1703 sequebatur,
2085 1633 2199 1686 sive

639 1731 858 1800 quando
894 1729 962 1784 ab
988 1745 1050 1783 ea
1083 1727 1420 1782 dellectebat.
1450 1724 1758 1796 Optandum
1788 1732 1934 1778 certe
1972 1732 2090 1777 erat
2137 1731 2196 1774 ut
2231 1761 2271 1819 Β

639 1821 724 1874 his
757 1821 960 1876 ultimis
999 1821 1239 1874 numeris
1276 1819 1409 1871 nihil
1457 1817 1754 1871 addidisset
1792 1816 1853 1868 D.
1879 1816 1947 1871 de
1979 1814 2200 1869 Prema-

640 1928 766 1981 gny.
798 1909 902 1964 Sed
942 1913 1132 1973 altera,
1158 1911 1224 1964 de
1254 1925 1359 1978 qtta
1387 1908 1500 1977 jam
1529 1908 1744 1962 loeutus
1772 1921 1915 1969 sum,
1948 1906 2198 1975 opusculi

639 2003 758 2071 ejus
787 2004 951 2058 editio
978 2003 1133 2072 quasi
1167 2001 1520 2071 pmnitentem
1560 1999 1734 2068 ipsum
1759 1999 1975 2053 exhibet
1999 2000 2202 2068 optime

642 2094 844 2148 Iiniisse
874 2094 1020 2163 quod
1057 2093 1198 2146 male
1231 2099 1493 2161 cmperat.
1526 2088 1668 2142 Duas
1699 2104 1828 2158 ergo
1858 2104 2025 2142 novas
2054 2089 2201 2157 prio-

642 2183 794 2236 ribus
826 2185 942 2238 suis
986 2185 1428 2238 adnotationibus
1460 2180 1676 2249 adjecit,
1707 2196 1826 2250 qua:
1860 2181 2016 2236 fama!
2055 2179 2200 2236 illius

641 2277 763 2343 plus
794 2277 1067 2330 nocebunt
1096 2292 1257 2346 quam
1292 2275 1610 2345 proderunt.

711 2365 891 2419 Prima
922 2366 1150 2420 refertur
1203 2366 1269 2419 ad
1332 2366 1724 2434 separationem
1763 2380 1926 2434 quam
1978 2373 2202 2419 sanctus

640 2457 889 2513 Clemens
919 2472 949 2510 a
980 2456 1160 2528 Moyse
1190 2456 1385 2511 factam
1419 2456 1586 2510 fuisse
1615 2455 1811 2510 asserit
1865 2456 2009 2510 inter
2055 2457 2202 2511 viros

641 2556 692 2602 et
717 2549 990 2613 mulieres,
1018 2548 1146 2602 dum
1206 2547 1516 2602 incederent
1569 2546 1842 2611 Israelitae,
1908 2547 2199 2620 Egyptvm

641 2641 1028 2709 relinquentes.
1063 2640 1309 2693 Secunda
1341 2648 1550 2709 spectat
1597 2656 1790 2696 nomen
1844 2640 2009 2693 maris
2055 2638 2199 2710 quod

642 2733 788 2787 sicco
819 2732 1042 2802 vestigio
1076 2732 1167 2785 filii
1194 2732 1360 2787 Israel
1391 2733 1741 2787 transierunt.

720 2825 774 2874 I°
806 2820 970 2876 Juxta
1001 2821 1393 2884 adnotatorem,
1451 2830 1673 2877 sanctus
1705 2822 1952 2877 Clemens
1987 2823 2198 2876 locutus

642 2921 724 2967 est
770 2912 837 2967 de
884 2914 1124 2967 virorum
1186 2929 1250 2967 ac
1302 2915 1588 2969 mulierum
1637 2915 1974 2983 separatione
2037 2930 2198 2983 quam

645 3005 854 3074 Moyses
880 3007 1188 3059 nullatenus
1215 3008 1554 3060 memoravit.
1587 3005 1871 3059 Probabile
1905 3021 2034 3074 ergo
2057 3006 2200 3072 judi-

2303 523 2420 566 rent
2452 515 2711 584 temporis
2738 525 2961 584 puncto,
2986 516 3226 570 hostium
3248 516 3699 581 internecionem,
3728 515 3872 572 duas

2301 607 2569 669 choreas,
2624 623 2785 661 unam
2833 609 3097 671 virorum,
3145 609 3369 663 alteram
3439 608 3765 671 mulierum,
3811 609 3870 661 in

2303 698 2485 752 littore
2545 700 2901 755 instituunt:
2961 710 3015 754 et
3075 699 3258 770 Moyse
3319 701 3452 756 viris
3503 702 3866 770 prtecinente,

2302 791 2421 856 ejus
2446 805 2636 845 sorore
2663 790 3009 856 mulieribus,
3068 793 3482 861 gratulationem
3510 791 3619 846 Deo
3649 791 3873 845 εεείιιμ

2303 887 2428 932 runt
2450 880 2547 933 δ’.»

2376 968 2626 1024 Ultimam
2657 971 2997 1028 adnotatoris
3025 971 3439 1042 objectationem
3462 971 3528 1027 de
3550 972 3688 1026 mari
3713 969 3868 1041 Suph

2301 1064 2651 1132 attingamus.
2709 1063 2826 1118 Non
2874 1063 3084 1118 dubitat
3149 1065 3375 1119 critieus
3419 1063 3655 1133 scriptor
3703 1064 3872 1134 hujus

2302 1157 2469 1208 maris
2503 1171 2697 1210 nomen
2730 1158 2920 1210 nullibi
2949 1160 3002 1210 in
3036 1158 3220 1212 Exodo
3275 1157 3528 1212 inveniri.
3557 1155 3615 1211 Si
3644 1158 3714 1212 de
3735 1156 3872 1211 Vul-

2300 1256 2420 1315 gata
2453 1249 2702 1303 versione
2721 1250 2935 1304 locutus
2967 1249 3177 1311 fuisset,
3210 1266 3398 1304 verum
3451 1248 3668 1318 quidem
3699 1249 3877 1304 dixis-

2301 1346 2415 1404 set;
2459 1339 2502 1392 si
2551 1355 2676 1394 vero
2705 1341 2771 1395 de
2822 1348 2971 1394 textu
3030 1341 3297 1395 IIebraico
3345 1348 3437 1394 aut
3486 1340 3732 1412 Syriaco,
3793 1348 3877 1394 te-

2301 1445 2446 1484 mere
2481 1441 2628 1484 certe
2657 1431 2870 1484 locutus
2900 1442 3002 1494 est,
3035 1431 3335 1500 praesertim
3394 1447 3519 1485 cum
3567 1438 3712 1484 esset
3745 1445 3879 1485 aca-

2300 1520 2544 1575 demicus
2573 1521 2690 1586 vir;
2748 1538 3023 1588 nunquam
3057 1522 3201 1575 enim
3245 1522 3360 1574 sive
3407 1522 3462 1573 in
3515 1520 3724 1582 Exodo,
3757 1522 3879 1575 sivo

2299 1613 2351 1665 In
2377 1612 2510 1666 locis
2537 1613 2658 1666 aliis
2678 1629 2846 1667 sacra:
2872 1613 3187 1683 Scriptura‘,
3221 1612 3483 1667 Hebraice
3509 1625 3600 1666 aut
3624 1612 3875 1682 Syriaco,

2301 1705 2420 1759 aliis
2451 1706 2629 1761 verbis
2680 1722 2828 1760 mare
2883 1705 3126 1759 Rubrum
3179 1705 3498 1774 designatur
3556 1721 3719 1775 quam
3753 1721 3880 1758 ver-

2302 1796 2385 1849 bis
2417 1795 2497 1849 Im
2526 1796 2689 1864 Suph,
2741 1813 2862 1866 qua:
2893 1797 3068 1852 reddit
3114 1796 3341 1868 Vulgata
3377 1805 3565 1851 nostra
3589 1811 3686 1865 per
3718 1795 3880 1849 Mare

2304 1891 2555 1946 Rubrum.

2372 1982 2506 2048 Quis
2555 1997 2718 2052 porro
2751 1981 2887 2036 ferat
2937 1982 3210 2035 hominem
3254 1989 3672 2050 praesumentem
3723 1979 3880 2050 loqui

2302 2077 2369 2130 de
2408 2077 2492 2131 his
2521 2093 2642 2144 qua:
2667 2077 2914 2130 absolute
2946 2076 3204 2147 ignorat?

2379 2168 2615 2223 Verbum
2668 2167 2812 2236 Suph
2859 2177 3050 2238 quater
3124 2168 3396 2222 invenitur
3445 2167 3498 2219 in
3557 2175 3708 2219 textu
3769 2162 3884 2220 He-

2303 2261 2487 2314 hraico
2538 2267 2593 2314 et
2645 2257 2870 2329 Syriaco
2927 2257 3116 2312 Exodi.
3161 2257 3218 2310 Si
3251 2259 3382 2311 recti
3429 2257 3632 2311 fuerint
3676 2255 3883 2310 calculi

2303 2350 2429 2412 mei,
2455 2349 2685 2404 vieesies
2715 2351 2904 2403 novies
2928 2349 3031 2404 hoc
3062 2351 3282 2403 verbum
3302 2349 3444 2416 Suph
3473 2353 3722 2402 eumdem
3749 2363 3885 2401 sen-

2303 2459 2423 2497 sum
2446 2443 2754 2511 exprimens
2779 2442 3051 2495 invenitur
3080 2443 3133 2494 in
3176 2440 3352 2495 Veteri
3382 2441 3737 2496 Testamento
3763 2439 3881 2495 He-

2306 2535 2511 2598 hraico,
2544 2543 2598 2588 et
2627 2534 2748 2604 plus
2803 2550 2964 2604 quam
3017 2535 3260 2589 trieesies
3294 2536 3346 2588 in
3406 2535 3628 2604 Syriaco
3661 2532 3883 2587 Novum

2303 2624 2710 2680 Testamentum
2744 2626 3155 2693 eomplectente.
3183 2623 3377 2678 Santes
3398 2623 3674 2692 Pagninus
3699 2624 3754 2676 in
3775 2639 3883 2680 sua

2305 2718 2554 2780 versione
2590 2714 2777 2768 Latina
2827 2716 3046 2770 Iitterali
3093 2731 3306 2784 semper
3339 2723 3629 2769 conservat
3676 2731 3884 2770 nomen

2307 2807 2658 2878 primitivum,
2689 2823 2751 2862 ac
2780 2807 2942 2861 vertit
2970 2826 2981 2859 :
3015 2805 3166 2860 Mare
3196 2805 3359 2874 Suph.

2375 2897 2710 2953 Existimavit
2737 2907 2957 2951 sanctus
2986 2897 3345 2968 Hieronymus
3367 2897 3532 2952 verbo
3556 2896 3686 2965 supli
3708 2879 3885 2967 signi-

2307 2992 2455 3045 ficari
2479 2991 2714 3043 rubrum.
2741 2989 2911 3042 Graeci
2942 2989 3080 3042 idem
3107 3005 3254 3042 mare
3281 2988 3618 3058 Erythrzcum
3653 2996 3879 3051 vocant,

643 3104 730 3149 cat
775 3094 1016 3164 Moysen,
1070 3097 1242 3148 virum
1299 3106 1407 3148 tam
1463 3097 1801 3165 prudentem,
1860 3094 2203 3151 consensisse
2231 3094 2271 3150 (ζ
2306 3084 2448 3151 quod
2478 3085 2637 3136 etiam
2663 3081 2877 3133 rubrum
2902 3089 3078 3134 sonat.
3112 3080 3218 3133 Sed
3247 3080 3466 3148 quidam
3491 3080 3579 3133 isti
3607 3079 3746 3132 mari
3772 3079 3882 3132 hoc

640 3192 702 3238 ut
734 3184 1040 3252 promiscue
1080 3192 1330 3239 sexcenta
1369 3185 1534 3240 millia
1583 3186 1822 3240 virorum
1873 3193 2200 3238 armatOrum

643 3277 1001 3344 procederent
1055 3291 1178 3329 cum
1229 3279 1400 3330 multo
1463 3278 1728 3346 superiori
1805 3293 2029 3331 numero
2085 3294 2203 3329 mu-

646 3369 882 3432 lierum,
938 3369 1239 3437 puellarum
1297 3378 1351 3422 ct
1410 3369 1725 3422 infantium!
1780 3368 1913 3434 Quis
1969 3385 2201 3438 unquam

561 3480 566 3483 ·
647 3460 808 3513 talem
840 3459 1209 3513 confusionem
1266 3459 1553 3514 admissam
1586 3459 1753 3514 fuisse
1800 3459 2086 3530 imaginari
2117 3474 2204 3512 au-

647 3551 822 3604 dehu?

720 3641 865 3696 Hanc
890 3658 1017 3696 vero
1041 3641 1530 3697 considerationem
1557 3645 1862 3706 adnotator,
1895 3646 2049 3713 quasi
2075 3661 2207 3714 puer

647 3736 980 3804 inexpertus,
1015 3736 1197 3791 forsan
1255 3744 1431 3791 mente
1490 3737 1757 3792 revolvit:
1820 3736 1968 3791 Unde
2001 3736 2207 3790 'didicit

651 3836 872 3882 sanctus
896 3827 1144 3882 Clemens
1175 3829 1315 3881 hanc
1346 3828 1536 3881 factam
1593 3827 1762 3883 fuisse
1813 3829 2203 3900 separationem

648 3921 715 3973 de
736 3935 839 3988 qua
865 3918 1144 3987 Scriptura
1169 3933 1275 3972 non
1306 3920 1581 3990 loquitur?

720 4010 876 4064 Nulla
905 4011 1034 4063 mihi
1096 4010 1337 4080 profecto
1391 4011 1670 4067 diﬂieultas
1718 4020 1861 4068 esset
1887 4010 2205 4070 admittendi

649 4109 904 4157 sanctum
936 4101 1266 4156 Clementem
1297 4117 1326 4155 a
1354 4104 1640 4160 traditione
1658 4102 1989 4168 Iudaeorum,
2013 4106 2115 4161 hac
2143 4109 2208 4163 de

648 4193 1080 4258 circumstantia,
1104 4191 1272 4247 fuisse
1300 4193 1573 4251 edoctum.

723 4282 830 4337 Sed
865 4285 1011 4336 nulla
1044 4285 1200 4339 nobis
1246 4295 1329 4340 est
1379 4287 1686 4344 traditionis
1717 4306 1824 4344 non
1873 4291 2087 4361 scripta:
2117 4310 2209 4347 ne-

649 4376 897 4438 cessitas,
955 4376 1171 4445 quando
1228 4379 1674 4448 mquivalentibus
1728 4383 1908 4436 verbis
1959 4384 2097 4438 hanc
2129 4387 2206 4437 vi-

648 4481 832 4520 rorum
871 4481 935 4519 ae
961 4467 1247 4522 mulierum
1279 4471 1672 4539 separationem
1701 4471 1908 4543 Moyses
1930 4477 2203 4545 exprimit.

718 4557 1004 4612 Enimvero
1028 4561 1106 4614 sic
1135 4561 1328 4630 legitur
1374 4562 1427 4614 in
1468 4563 1645 4632 capite
1675 4579 1748 4617 xu
1780 4565 1970 4630 Exodi,
2005 4585 2057 4623 v.
2097 4570 2201 4622 57:

653 4650 882 4712 Profecti
938 4661 1059 4704 sunt
1107 4653 1208 4720 ﬁlii
1258 4651 1432 4706 Israel
1467 4653 1529 4707 de
1585 4654 1830 4710 Ramesse
1886 4658 1941 4710 in
1991 4659 2208 4724 Socoth,

649 4752 893 4794 sexcenta
923 4742 1028 4809 fere
1064 4743 1234 4795 millia
1277 4743 1507 4812 peditum
1551 4745 1799 4811 virorum,
1851 4749 2041 4819 absque
2085 4766 2208 4818 par-

649 4832 802 4886 vulis.
850 4831 947 4885 IIic
979 4832 1078 4886 soli
1111 4833 1237 4895 viri,
1273 4835 1427 4903 quasi
1481 4837 1801 4906 emphatice,
1832 4839 2204 4910 designantur.

647 4921 834 4988 Capite
863 4936 930 4975 xv
959 4921 1269 4990 expressius
1320 4923 1565 4978 innuitur
1601 4929 1888 4995 separatio.
1922 4930 2205 4984 Canticum

649 5013 791 5065 enim
824 5011 1036 5082 Moyses
1065 5029 1189 5066 eum
1245 5013 1376 5066 viris
1403 5017 1662 5072 concinit.
1692 5017 1891 5074 Deinde
1921 5022 2204 5090 egrediun-

652 5111 738 5155 tur
766 5104 1021 5158 mulieres
1046 5144 1062 5166 ,
1101 5112 1156 5159 et
1204 5105 1336 5176 ipsa:
1366 5106 1482 5162 vice
1529 5124 1630 5162 sua
1681 5110 1734 5164 id
1764 5113 2034 5168 canticum
2081 5131 2204 5169 eum

651 5195 817 5250 Maria
849 5195 1048 5266 Moysis
1091 5205 1146 5252 et
1173 5197 1404 5253 Aaronis
1435 5215 1641 5265 sorore,
1673 5205 1926 5259 recinunt.

717 5285 873 5341 Philo
894 5285 1134 5351 Iudaeus,
1159 5299 1350 5344 sancto
1378 5291 1639 5348 Clementi
1681 5305 2006 5360 coaetaneus,
2066 5300 2208 5353 hanc

648 5379 1041 5447 scparationem
1066 5382 1212 5436 clare
1236 5382 1510 5451 exprimit.
1559 5383 1847 5456 Postquam
1875 5389 2018 5442 enim
2044 5389 2212 5462 IEgy-

651 5472 884 5539 ptiorum
916 5474 1158 5527 narravit
1188 5475 1399 5528 ruinam
1421 5513 1436 5538 ,
1482 5475 1670 5531 addit:
1730 5498 1746 5528 ε
1778 5478 2000 5535 Factum
2061 5484 2205 5537 istud

652 5565 840 5633 ingens
861 5573 912 5618 et
937 5567 1259 5634 stupendum
1291 5567 1496 5622 Hebraei
1525 5569 1730 5637 mirati,
1750 5573 1893 5643 quod
1926 5574 2043 5630 sine
2063 5591 2195 5631 san-

721 5717 763 5746 “
801 5715 954 5771 Philo
986 5718 1058 5772 De
1089 5717 1192 5772 rita
1228 5717 1456 5793 Moysis,
1492 5723 1582 5777 lih.
1621 5739 1656 5777 ι.

2306 3191 2502 3228 nomen
2533 3174 2717 3227 datum
2750 3181 3035 3225 autumant
3064 3188 3092 3225 a
3130 3189 3254 3241 rege
3288 3172 3520 3242 Erythro
3550 3171 3643 3243 qui
3673 3186 3880 3241 regna-

2307 3270 2380 3320 vit
2410 3268 2462 3319 in
2497 3267 2675 3319 insula
2707 3266 2870 3333 hujus
2901 3266 3067 3318 maris
3097 3267 3341 3318 finitima.

2376 3359 2478 3424 Qui
2508 3359 2730 3413 uberius
2752 3358 2913 3426 hujus
2933 3357 3185 3431 vocabuli
3205 3355 3651 3427 significationem
3679 3354 3884 3409 callere

2306 3449 2956 3518 cupiunt,doctissimum
3001 3449 3197 3502 adeant
3251 3447 3508 3501 Drusium
3555 3444 3878 3516 (Comment.

2306 3542 2359 3592 in
2399 3540 2569 3595 Exod.
2598 3580 2614 3604 ,
2645 3557 2695 3595 c.
2736 3539 2848 3610 26).

2379 3631 2502 3686 Ilaec
2534 3645 2660 3688 sunt
2693 3633 2804 3686 fere
2833 3648 2954 3701 quae
3002 3646 3030 3684 a
3058 3631 3303 3700 plurihus
3345 3630 3502 3684 annis
3532 3629 3883 3699 scripsissem

2307 3723 2372 3777 de
2401 3725 2613 3779 duabus
2644 3725 2901 3795 Epistolis
2954 3725 3128 3779 sancti
3178 3724 3474 3778 Clementis
3505 3723 3571 3777 ad
3601 3722 3881 3792 Virgines,

2307 3817 2411 3870 nisi
2445 3818 2639 3885 partim
2671 3812 2932 3887 tc'mporis
2965 3817 3242 3886 angustia,
3277 3816 3472 3884 partim
3498 3816 3704 3869 laboris
3747 3813 3885 3867 diIIi-

2307 3909 2481 3962 cultas
2509 3910 2774 3963 voluntati
2802 3925 2933 3963 meae
2956 3910 3138 3963 obices
3163 3909 3491 3978 posuissent.

2378 3999 2489 4054 IIas
2521 4000 2794 4070 Epistolas
2835 4001 3143 4056 firmissime
3165 4001 3330 4054 credo
3355 4016 3477 4053 esse
3505 4000 3878 4065 authenticas,

2308 4094 2656 4162 quantumvis
2706 4094 3047 4148 amarissime
3082 4095 3250 4148 feram
3297 4095 3538 4149 nondum
3591 4095 3882 4167 hucusque

2307 4195 2582 4256 repertum
2611 4186 2781 4241 fuisse
2802 4187 3182 4257 primigenium
3215 4193 3446 4241 textum.
3480 4185 3536 4239 Si
3563 4186 3882 4240 inveniatur

2309 4279 2704 4348 tandem,quod
2729 4280 3139 4334 instantissimis
3167 4281 3419 4349 precibus
3442 4296 3470 4332 a
3499 4279 3607 4334 Deo
3634 4280 3878 4349 postulo,

2311 4354 2563 4424 omnibus
2587 4372 2888 4425 innoteseet
2916 4387 3078 4427 verus
3107 4372 3280 4426 sancti
3331 4371 3604 4444 pontificis
3653 4387 3878 4435 sensus,

2311 4469 2404 4534 qui
2440 4484 2534 4536 per
2561 4469 2926 4524 traductorem
2959 4469 3244 4540 Syriacutn
3271 4473 3451 4525 vitiari
3477 4471 3672 4540 potuit.
3705 4470 3882 4540 Spero

2310 4569 2492 4614 tamen
2541 4562 2901 4616 traductionis
2946 4565 3074 4616 vitia
3119 4579 3151 4618 a
3196 4581 3281 4620 me
3320 4581 3429 4618 non
3453 4563 3614 4618 modo
3644 4563 3881 4618 adaucta

2312 4670 2420 4708 non
2451 4653 2637 4716 fuisse,
2675 4655 2766 4708 sed
2791 4654 2942 4709 valde
2969 4657 3272 4710 imminuta.

2385 4743 2519 4798 Mira
2549 4745 2651 4797 fuit
2684 4761 2804 4800 sors
2861 4747 3190 4813 scriptorum
3247 4749 3422 4803 sancti
3477 4745 3798 4802 Clementis.
3835 4745 3882 4798 Α

2311 4837 2473 4890 Junio
2500 4836 2739 4890 Patricio
2764 4837 3063 4906 Anglicano
3094 4839 3313 4892 inventa
3348 4847 3431 4894 est
3463 4839 3581 4906 ejus
3629 4836 3878 4906 Epistula

2310 4926 2377 4979 ad
2403 4927 2717 4981 Corinthios
2751 4927 2988 4996 scripta;
3045 4944 3074 4980 a
3111 4929 3379 4984 Wetstino
3414 4945 3521 4982 non
3551 4928 3737 4982 minus
3775 4926 3879 4981 Ec-

2307 5020 2485 5074 clesiae
2500 5019 2756 5073 Romana:
2776 5018 2989 5073 infenso
3018 5021 3247 5075 inventa:
3275 5029 3402 5075 sunt
3430 5020 3601 5074 ambae
3629 5019 3877 5088 ejusdem

2310 5115 2485 5168 sancti
2508 5114 2804 5169 Clementis
2833 5113 2899 5166 ad
2927 5111 3174 5183 Virgines
3194 5113 3467 5185 Epistola.

2375 5208 2524 5262 Notae
2559 5207 2780 5261 Patricii
2839 5207 2893 5260 in
2944 5205 3239 5276 Epistolam
3304 5222 3467 5276 quam
3526 5206 3734 5259 invenit
3787 5206 3878 5260 vix

2311 5299 2664 5354 dissidentem
2697 5299 2971 5354 hominem
3000 5299 3279 5369 detegunt.
3313 5299 3704 5368 Prolegomena
3722 5296 3878 5352 Wet-

2311 5393 2463 5455 stini,
2501 5392 2715 5446 duobus
2745 5390 2878 5446 locis
2905 5393 3145 5460 exceptis
3189 5391 3244 5444 in
3275 5391 3473 5460 quibus
3495 5388 3682 5444 odium
3711 5404 3876 5445 suum

2308 5498 2436 5551 erga
2465 5481 2764 5536 Romanam
2809 5481 3108 5536 Ecclesiam
3138 5483 3332 5548 exerit,
3359 5483 3671 5540 testimonia
3713 5482 3878 5537 exhi-

2311 5575 2436 5630 bent
2460 5575 2788 5632 sinceritatis
2809 5589 2872 5629 ac
2900 5576 3166 5632 veritatis.
