4074 6328
193 351 303 406 877

1127 349 1483 406 EPISTOLJE
1518 345 1611 400 AD
1647 341 1985 403 VIRGINES.
2023 381 2092 392 ο-
2127 352 2491 408 ΡηοωωΑ.

3335 360 3438 414 378

267 469 522 524 Permisit
557 468 702 526 Deus
729 471 843 524 haec
871 479 1222 524 monumenta
1250 485 1280 523 a
1303 470 1437 523 viris
1481 467 1596 522 sedi
1630 479 1762 534 apo-
1789 464 1838 520 Δ
1931 465 2049 521 Non
2077 473 2296 525 nocebit
2311 473 2562 526 inventor
2585 472 2676 540 qui
2709 483 2855 527 certe
2882 483 3295 527 monumentum
3321 475 3440 543 ipse

188 564 403 618 stolicm
451 563 741 618 hostilibus
766 563 942 633 detegi
971 571 1024 616 ct
1048 562 1335 633 publicari,
1367 576 1425 614 ut
1452 577 1481 614 a
1512 560 1761 616 sectariis

187 655 377 708 minus
429 656 914 724 impugnarentur,
975 664 1070 708 aut
1127 655 1276 707 fraus
1309 652 1608 708 Catholicis
1651 666 1760 705 non

188 746 580 814 imputaretur.
615 745 776 799 Siluit
825 748 1152 814 generaliter
1182 746 1402 799 literesis
1434 746 1501 798 de
1530 747 1760 815 epistola.

186 854 215 890 a
249 837 416 892 Junio
444 838 679 892 Patricio
721 838 977 892 inventa:
1034 839 1344 906 nullusque,
1377 839 1522 908 quod
1563 841 1759 902 sciam,

186 941 425 986 novatur
447 933 611 1001 hujus
639 933 1110 988 authenticitatem
1160 949 1450 1004 aggressus
1480 939 1564 986 est
1596 952 1610 987 :
1667 935 1760 986 vix

186 1025 361 1086 enim,
398 1025 454 1077 in
481 1025 581 1079 hac
607 1024 871 1094 Epistola.
892 1035 1118 1080 sanctus
1145 1025 1396 1080 Pontifex
1427 1026 1760 1080 delibaverat

186 1116 448 1171 veritates
477 1116 668 1171 haeresi
702 1117 948 1171 odiosas.
998 1116 1117 1171 Dixi
1150 1119 1242 1170 vix
1268 1116 1602 1172 delibaverat
1629 1118 1757 1184 quia

183 1224 297 1262 non
327 1210 576 1266 absolute
600 1211 668 1266 de
694 1212 779 1266 bis
808 1213 1061 1266 omnibus
1091 1217 1358 1274 tacuerat,
1399 1218 1459 1264 ut
1487 1211 1598 1279 jam
1629 1210 1758 1265 alibi

183 1306 438 1352 notatum
471 1308 574 1356 est.
610 1300 792 1370 Longe
821 1302 979 1355 aliter
1008 1317 1067 1356 se
1107 1316 1194 1356 res
1226 1301 1414 1354 habuit
1452 1302 1506 1354 in
1551 1301 1758 1371 episto-

182 1395 251 1450 lis
284 1395 355 1449 de
387 1396 696 1466 virginitate
725 1396 1087 1450 tractantibus
1116 1395 1552 1450 :-Protestantes
1608 1397 1755 1451 enim

182 1487 516 1556 virginitatis
543 1503 750 1551 osores,
788 1488 946 1557 quasi
993 1487 1238 1540 unanimi
1287 1503 1419 1543 voce
1446 1495 1636 1546 contra
1658 1504 1753 1542 au-

183 1581 582 1634 thenticitatcm
606 1595 791 1634 earum
843 1581 1276 1635 insurrexerunt.
1307 1579 1418 1636 Nec
1464 1583 1753 1652 quisquam

182 1671 312 1724 inde
341 1673 530 1724 mirari
563 1671 722 1726 debet
753 1691 766 1724 :
819 1689 838 1721 r
873 1671 1072 1725 Omnes
1103 1687 1335 1741 namque
1355 1683 1605 1745 quaerunt
1625 1676 1753 1748 ‘pla-

181 1764 397 1830 centia;
447 1779 638 1818 omnes
682 1779 746 1817 ea
792 1762 982 1818 audire
1034 1766 1272 1832 gestiunt
1325 1781 1444 1834 quae
1509 1766 1751 1822 habenas

180 1857 336 1909 carni
368 1856 567 1917 laxent,
599 1870 708 1908 non
737 1847 856 1924 qua:
885 1854 1144 1910 inducant
1188 1859 1537 1912 conscientia:
1558 1869 1744 1915 custo-

180 1947 398 2001 diendae
428 1947 690 2010 studium,
740 1947 1018 2016 religionis
1064 1963 1275 2011 curam,
1317 1950 1750 2004 Christianorum

181 2054 401 2091 morum
473 2037 708 2107 pondus.
756 2057 775 2089 ι
856 2037 980 2092 Haec
1055 2037 1316 2094 Wicelius
1395 2039 1588 2096 Senior
1656 2043 1751 2113 qui

179 2131 389 2199 optime
419 2138 642 2185 noverat
673 2138 874 2184 sectam
906 2147 1025 2200 quae
1050 2132 1336 2186 seduxerat
1360 2133 1511 2187 illum
1541 2135 1607 2189 “.

249 2221 416 2276 Certe
463 2224 509 2276 si
561 2223 956 2293 qualiscunque
1002 2225 1249 2294 epistola,
1301 2225 1520 2280 nomine
1577 2228 1752 2282 sancti

179 2310 482 2368 Clementis
516 2313 793 2382 insignita,
827 2323 1038 2384 reperta
1071 2315 1284 2377 fuisset,
1310 2315 1470 2382 cujus
1495 2315 1752 2387 interpre-

180 2405 318 2458 tatio
350 2422 571 2462 sensum
610 2407 936 2478 prrebuisset
963 2407 1231 2463 caelibatui
1283 2407 1577 2471 infensum,
1604 2409 1749 2463 mille

179 2493 566 2550 huccinatores
596 2497 1028 2572 adlaborassent,
1059 2498 1200 2552 inter
1224 2498 1510 2560 sectarios,
1541 2504 1601 2550 ut
1628 2513 1748 2552 eam

177 2589 711 2656 superextollerent,
773 2590 1006 2662 ejusque
1061 2590 1525 2646 authenticitatem
1596 2607 1750 2652 asse-

179 2686 389 2734 rerent.

271 2769 328 2823 ld
399 2771 611 2826 abunde
666 2775 859 2842 probat
908 2775 1278 2830 testimonium
1352 2777 1494 2846 quod
1556 2787 1748 2834 sancto

176 2863 499 2935 Paphnucio
545 2866 799 2924 Socrates
846 2875 954 2922 tam
986 2868 1320 2923 mendaciter
1343 2871 1594 2939 imputat,
1624 2880 1745 2926 tan-

178 2975 344 3026 quam
407 2960 462 3013 in
507 2961 626 3031 ipso
661 2963 893 3016 concilio
921 2961 1139 3016 Nicteno
1171 2964 1460 3033 prolatum,
1493 2967 1749 3037 quodque

179 3068 325 3106 nunc
370 3059 450 3105 tot
501 3055 912 3123 probationibus
954 3055 1148 3111 falsum
1182 3058 1610 3113 demonstratum
1640 3068 1744 3115 est.

1863 558 1971 614 non
2002 563 2204 616 struxit
2252 567 2397 632 quod
2449 573 2529 618 tot
2582 571 2709 619 ante
2767 565 2918 618 illum
2973 567 3188 620 saeculis
3238 568 3439 622 existe-

1863 653 1977 714 hat.
2030 655 2175 709 sicut
2223 656 2402 712 adhuc
2449 658 2658 724 existit,
2720 658 3062 727 antiquitatis
3109 674 3224 712 suae
3280 661 3437 730 signa

1862 744 2174 813 prmferens.
2237 746 2348 803 lmo
2401 766 2510 818 quo
2563 748 2738 817 magis
2777 759 3044 819 suspectae
3091 750 3211 805 fidei
3246 752 3438 805 inven-

1863 844 1948 888 tor
2023 839 2382 907 probabitur,
2462 858 2528 895 eo
2596 841 2802 896 clarius
2875 842 3077 911 patebit
3152 843 3436 897 inimicum

1861 929 2175 998 dogmatum
2231 933 2682 997 orthodoxorum,
2735 949 2844 988 non
2893 944 3088 1001 sponte
3133 934 3190 987 in
3241 950 3434 990 eorum

1861 1018 2101 1073 favorem
2151 1030 2258 1074 tam
2317 1024 2662 1091 splendidum
2695 1027 2988 1094 protulisse
3031 1027 3431 1085 fulcimentum.

1857 1107 1969 1162 Nec
2001 1110 2133 1164 illud
2161 1112 2410 1167 exhibuit
2450 1114 2570 1169 sine
2598 1115 2864 1170 conviciis
2915 1117 2971 1170 in
2998 1116 3300 1174 Ecclesiam
3325 1120 3432 1175 sibi

1858 1200 2113 1256 invisam.

1927 1294 2234 1347 Adnotator
2289 1295 2658 1365 Epistolarum
2705 1297 3108 1352 authenticitati
3171 1315 3281 1354 non
3330 1314 3431 1355 no-

1857 1395 1960 1442 cet.
2014 1388 2254 1453 Quilibet
2301 1390 2471 1442 lector
2509 1391 2787 1444 testimare
2839 1391 3017 1460 potuit
3044 1391 3284 1446 valerem
3332 1394 3435 1448 ob-

1851 1480 2209 1550 jectationum
2251 1481 2420 1542 illius.
2452 1498 2516 1535 ac
2547 1491 2832 1551 penetrare
2887 1484 3127 1539 animum
3176 1486 3432 1542 hostilem

1856 1589 1965 1643 quo
2011 1575 2375 1630 mevebatur:
2433 1574 2557 1628 Non
2603 1578 2740 1628 enim
2795 1593 2885 1629 cor
2939 1579 3051 1645 ejus
3093 1588 3209 1632 erat
3233 1589 3432 1634 rectum

1855 1682 2034 1718 coram
2084 1665 2309 1720 Domino
2362 1666 2431 1732 “,
2488 1683 2614 1722 cum
2643 1677 2790 1723 esset
2831 1685 3046 1725 vesanae
3074 1671 3436 1743 philosophia

1780 1793 1830 1854 Β
1858 1757 1976 1811 labe
2007 1757 2286 1813 infectum.

1926 1847 2167 1904 Tandem
2199 1851 2529 1906 inventionis
2587 1860 2721 1907 artas
2758 1851 2850 1906 vix
2900 1868 3152 1920 campum
3197 1854 3429 1910 liberum

1817 1941 2196 2020 .relinqluebat
2229 1958 2383 2002 verae,
2401 1943 2695 1997 eruditioni
2723 1963 2736 1998 :
2769 1945 2932 2013 hujus
2953 1946 3096 1999 enim
3124 1948 3299 2001 aetatis
3316 1947 3436 2018 phio

1852 2032 2098 2102 losophia
2129 2030 2369 2102 undique
2405 2035 2592 2090 sannis
2628 2051 2691 2090 ac
2720 2035 2966 2090 dicteriis
2994 2037 3251 2092 veritates
3267 2039 3432 2092 etiam

1851 2125 2230 2192 apertissimas
2290 2127 2551 2180 audacter
2614 2128 3063 2197 persequebatur.
3118 2127 3246 2182 Ideo
3303 2145 3432 2181 con-

1850 2230 2056 2267 versum
2083 2227 2160 2268 est
2190 2227 2480 2271 retrorsum
2501 2219 2788 2286 judicium,
2817 2232 2866 2272 et
2887 2219 3106 2287 jastitia
3139 2219 3288 2289 longe
3323 2229 3433 2274 ste-

1854 2308 1914 2358 tit
1935 2315 1984 2360 et
2015 2311 2213 2361 corruit
2239 2311 2294 2362 in
2334 2311 2514 2378 platea
2543 2312 2736 2365 veritas
2782 2321 2832 2365 et
2880 2313 3102 2380 (equites
3130 2329 3233 2366 non
3260 2313 3430 2382 potuit

1852 2398 2053 2467 ingredi
2082 2402 2150 2458 "'.

1925 2489 2097 2547 Hodie
2125 2509 2254 2547 vero
2295 2494 2536 2551 Ecclesia
2590 2505 2764 2553 mater
2807 2498 2986 2569 longis
3014 2498 3227 2569 expleta
3272 2496 3432 2552 fasti-

1849 2575 1955 2640 diis
1985 2593 2390 2656 contemptores
2443 2604 2574 2642 suos
2623 2592 2957 2659 contemptui
2999 2592 3228 2645 traditos
3259 2591 3432 2644 intuc~

1852 2688 1959 2734 tur.
1995 2679 2106 2746 Ipsi
2128 2681 2243 2750 jam
2275 2681 2551 2734 comedunt
2587 2681 2791 2749 fructus
2820 2684 2916 2737 vice
2952 2700 3062 2737 sua?
3085 2697 3133 2738 et
3165 2683 3277 2737 suis
3306 2697 3434 2734 con-

1850 2772 1990 2825 siliis
2041 2782 2357 2824 saturantur
2378 2772 2444 2827 “.
2508 2773 2564 2825 Si
2611 2775 2860 2842 quadam
2909 2775 3088 2828 adhuc
3147 2783 3433 2831 remanent

1849 2862 2046 2930 priscae
2068 2862 2274 2917 fraudis
2299 2870 2620 2924 sectatores,
2653 2867 2799 2916 ultro
2841 2880 2945 2917 non
2993 2865 3268 2934 proﬁcient
3300 2879 3320 2918 :
3347 2865 3435 2919 in.

1855 2955 2100 3022 sipientia
2123 2956 2260 3010 enim
2289 2973 2470 3010 eorum
2504 2955 2787 3023 manifesta
2815 2957 2915 3009 erit
2945 2956 3013 3010 ".

1928 3047 1993 3100 Et
2023 3064 2191 3113 nunc,
2228 3048 2412 3102 divine
2466 3048 2740 3110 Clemens,
2771 3063 3026 3117 exsurge,
3077 3055 3130 3102 et
3156 3049 3314 3118 quasi
3361 3047 3432 3102 de

244 3141 358 3197 Nec
396 3145 604 3213 negabo
629 3147 730 3198 tria
786 3150 1150 3212 concurrisse,
1198 3166 1306 3202 ιιοη
1350 3159 1408 3203 ut
1431 3123 1820 3220 pessumda-c
1856 3143 2099 3196 tenebris
2125 3158 2370 3211 erumpe.
2407 3140 2575 3196 Sonet
2603 3149 2800 3195 iterum
2830 3157 2934 3195 vox
2968 3151 3061 3197 tua
3100 3142 3280 3198 dulcis
3309 3158 3434 3212 qua:

176 3243 350 3297 retur,
388 3237 482 3290 sed
514 3244 572 3290 ut
609 3237 916 3292 differretur
965 3240 1168 3309 agnitio
1198 3241 1631 3298 autbenticitatis
1656 3260 1752 3297 no-

175 3339 419 3381 strarum
452 3328 815 3398 Epistolarum
844 3349 856 3384 :
892 3332 1068 3400 primo
1097 3334 1454 3398 inventorem,
1502 3337 1746 3391 secundo

175 3421 580 3492 adnotatorem,
616 3424 778 3478 tertio
808 3425 1135 3482 inventionis
1165 3436 1401 3484 aetatem.

244 3513 617 3577 lnventorem,
645 3516 735 3584 qui
759 3517 899 3584 apud
921 3534 1051 3572 suos
1068 3520 1230 3572 etiam
1264 3529 1531 3590 suspecta:
1561 3521 1749 3577 admo-

175 3603 304 3656 dum
355 3604 485 3657 fidei
519 3616 673 3673 erat;
706 3607 1101 3675 adnotatorem,
1135 3613 1228 3680 qui
1267 3628 1462 3667 nomen
1513 3613 1746 3670 habebat

177 3696 319 3749 inter
348 3697 528 3750 ultimi
559 3700 741 3753 saeculi
773 3702 1125 3772 philosophos
1155 3711 1206 3757 et
1247 3705 1300 3757 in
1323 3704 1600 3759 academia
1636 3704 1745 3759 Ro-

178 3789 528 3858 thcmagensi
583 3798 644 3843 ut
698 3793 1369 3849 oraculum~audiebatur.
1414 3794 1746 3854 lnvcntionis

173 3887 411 3946 atatem,
432 3896 596 3949 quam
621 3891 811 3938 vocare
827 3900 1109 3954 possemus
1141 3887 1540 3944 incredulitatis
1557 3906 1742 3946 teram.

176 3971 299 4025 Haec
345 3989 498 4028 nunc
541 3975 822 4044 prodesse,
871 3993 981 4033 non
1044 3995 1246 4036 nocere
1294 3981 1494 4037 debent
1539 3983 1747 4054 judicio

173 4063 542 4121 eruditorum.

241 4397 286 4430 “
325 4399 504 4470 Epist.
535 4386 752 4473 87un.,
790 4404 945 4463 1555.
1021 4407 1068 4439 ⁸⁸
1103 4406 1250 4466 Psal.
1281 4426 1502 4480 Lxxvn,
1541 4414 1631 4469 37.
1707 4415 1751 4447 “

1854 4431 1902 4473 a.
1934 4433 2020 4472 ιιι
2041 4457 2057 4482 ,
2089 4415 2152 4471 ιι

1858 3236 2034 3304 prima
2068 3236 2398 3306 virginitatis
2422 3236 2532 3288 lilia
2569 3234 2920 3288 immaculato
2949 3244 3003 3289 et
3027 3237 3233 3290 intacto
3248 3235 3432 3302 splen-

1857 3331 1990 3385 dore
2025 3331 2154 3383 olim
2180 3331 2449 3386 adornare
2492 3332 2779 3401 gestiebat.
2813 3330 2890 3385 Te
2925 3331 3187 3400 perflante
3203 3329 3430 3383 hortum

1856 3419 2134 3483 Ecclesiae,
2169 3421 2339 3475 fluant
2388 3430 2630 3476 aromata
2689 3423 2866 3486 illius;
2909 3421 3034 3476 novi
3086 3435 3303 3490 semper
3331 3435 3432 3490 ap-

1856 3520 2084 3580 pareant
2109 3511 2270 3568 flores
2302 3513 2356 3566 in
2386 3520 2532 3566 terra
2563 3520 2773 3567 nostra.
2831 3510 2942 3566 Hos
2992 3510 3154 3566 flores
3183 3517 3428 3580 protege,

1853 3621 2132 3674 nunquam
2163 3605 2449 3671 deficiant;
2506 3619 2784 3674 nunquam
2839 3610 3202 3660 marcescant.
3263 3601 3433 3658 Sacer

1854 3698 2120 3768 pontifex.
2169 3698 2324 3766 virgo
2369 3696 2650 3759 sacerdos,
2701 3697 2942 3751 caelestis
2997 3711 3121 3748 rore
3166 3693 3432 3750 doctrina

1852 3805 2016 3859 pasce
2045 3789 2310 3856 clericos;
2341 3803 2501 3858 pasce
2532 3787 2915 3858 presbyteros;
2948 3800 3112 3855 pasce
3143 3784 3427 3855 praesules;

1854 3899 2019 3953 pasce
2047 3883 2313 3938 candidas
2344 3897 2576 3952 sponsas
2605 3880 2832 3944 Christi,
2889 3880 2974 3934 cui
3006 3893 3133 3932 cum
3181 3878 3428 3932 Patreet

1854 3979 2062 4048 Spiritu
2093 3986 2287 4034 sancto
2314 3978 2388 4034 sit
2421 3976 2595 4031 honor
2639 3984 2696 4032 et
2741 3974 2912 4045 gloria
2941 3972 2997 4027 in
3028 3971 3229 4028 saecula
3251 3984 3427 4027 sacu-

1772 4113 1788 4132 .
1852 4071 2050 4128 lorum.
2075 4072 2268 4128 Amen.

2255 4415 2302 4448 “
2337 4413 2500 4470 Prov.
2529 4428 2579 4478 t,
2607 4411 2696 4467 3t.
2773 4409 2817 4440 "
2852 4405 2900 4464 ll
2930 4405 3075 4463 Tim.
3108 4422 3170 4465 tu
3195 4446 3212 4473 ,
3241 4405 3300 4464 9.
