  <div class='ocr_page' id='page_1' title='image "/cluster/home/n/w/nwhite01/storage/ocr_20150623/1/pst.000005711796/239.png"; bbox 0 0 4074 6330; ppageno 0'>
   <div class='ocr_carea' id='block_1_1' title="bbox 1595 415 3963 477">
    <p class='ocr_par' dir='ltr' id='par_1_1' title="bbox 1595 415 3963 477">
     <span class='ocr_line' id='line_1_1' title="bbox 1595 415 3963 477; baseline -0.007 -2"><span class='ocrx_word' id='word_1_1' title='bbox 1595 422 1657 477; x_wconf 83' lang='lat' dir='ltr'><strong>S.</strong></span> <span class='ocrx_word' id='word_1_2' title='bbox 1696 419 2085 477; x_wconf 65' lang='lat' dir='ltr'><strong>CLEMENTIS</strong></span> <span class='ocrx_word' id='word_1_3' title='bbox 2123 419 2142 472; x_wconf 86' lang='lat' dir='ltr'><strong>l</strong></span> <span class='ocrx_word' id='word_1_4' title='bbox 2182 419 2348 474; x_wconf 63' lang='lat' dir='ltr'><strong>liODI.</strong></span> <span class='ocrx_word' id='word_1_5' title='bbox 2391 418 2591 473; x_wconf 66' lang='lat' dir='ltr'><strong>PON&#39;E&#39;.</strong></span> <span class='ocrx_word' id='word_1_6' title='bbox 2632 417 2857 474; x_wconf 68' lang='lat' dir='ltr'><strong>OPERA</strong></span> <span class='ocrx_word' id='word_1_7' title='bbox 2904 418 3033 474; x_wconf 66' lang='lat' dir='ltr'><strong>DL&#39;b</strong></span> <span class='ocrx_word' id='word_1_8' title='bbox 3075 420 3122 473; x_wconf 79' lang='lat'><strong>&#39;.</strong></span> <span class='ocrx_word' id='word_1_9' title='bbox 3882 415 3963 463; x_wconf 55' lang='grc' dir='ltr'><strong>με</strong></span> 
     </span>
    </p>
   </div>
   <div class='ocr_carea' id='block_1_2' title="bbox 1981 621 2711 713">
    <p class='ocr_par' dir='ltr' id='par_1_2' title="bbox 1981 621 2711 713">
     <span class='ocr_line' id='line_1_2' title="bbox 1981 621 2711 713; baseline -0.004 -2"><span class='ocrx_word' id='word_1_10' title='bbox 1981 621 2559 713; x_wconf 83' lang='lat' dir='ltr'><strong>EPISTOLA</strong></span> <span class='ocrx_word' id='word_1_11' title='bbox 2634 624 2711 709; x_wconf 90' lang='grc' dir='ltr'><strong>Ι.</strong></span> 
     </span>
    </p>
   </div>
   <div class='ocr_carea' id='block_1_3' title="bbox 1797 763 2902 868">
    <p class='ocr_par' dir='ltr' id='par_1_3' title="bbox 1797 763 2902 868">
     <span class='ocr_line' id='line_1_3' title="bbox 1797 763 2902 868; baseline -0.001 -2"><span class='ocrx_word' id='word_1_12' title='bbox 1797 814 1884 867; x_wconf 82' lang='lat' dir='ltr'><strong>AD</strong></span> <span class='ocrx_word' id='word_1_13' title='bbox 1919 811 2233 868; x_wconf 77' lang='lat' dir='ltr'><strong>JACOBUM</strong></span> <span class='ocrx_word' id='word_1_14' title='bbox 2270 763 2602 866; x_wconf 65' lang='grc' dir='ltr'><strong>ίῖΊῖΛΤῐῖΕΜ</strong></span> <span class='ocrx_word' id='word_1_15' title='bbox 2645 811 2902 867; x_wconf 73' lang='grc' dir='ltr'><strong>ΒΟΜΙΝΙ.</strong></span> 
     </span>
    </p>
   </div>
   <div class='ocr_carea' id='block_1_4' title="bbox 739 944 3966 1029">
    <p class='ocr_par' dir='ltr' id='par_1_4' title="bbox 739 944 3966 1029">
     <span class='ocr_line' id='line_1_4' title="bbox 739 944 3966 1029; baseline -0.006 -18"><span class='ocrx_word' id='word_1_16' title='bbox 739 958 969 1011; x_wconf 83' lang='lat' dir='ltr'><strong>Enarrat</strong></span> <span class='ocrx_word' id='word_1_17' title='bbox 1002 955 1235 1011; x_wconf 80' lang='lat' dir='ltr'><strong>Clemens</strong></span> <span class='ocrx_word' id='word_1_18' title='bbox 1256 998 1270 1019; x_wconf 88' lang='lat'><strong>,</strong></span> <span class='ocrx_word' id='word_1_19' title='bbox 1301 972 1405 1023; x_wconf 78' lang='lat' dir='ltr'><strong>qua</strong></span> <span class='ocrx_word' id='word_1_20' title='bbox 1445 955 1649 1009; x_wconf 79' lang='lat' dir='ltr'><strong>ratione</strong></span> <span class='ocrx_word' id='word_1_21' title='bbox 1678 953 1868 1007; x_wconf 85' lang='lat' dir='ltr'><strong>Petrus</strong></span> <span class='ocrx_word' id='word_1_22' title='bbox 1906 953 2045 1029; x_wconf 64' lang='lat' dir='ltr'><strong>breui</strong></span> <span class='ocrx_word' id='word_1_23' title='bbox 2081 954 2367 1029; x_wconf 62' lang='lat' dir='ltr'><strong>nteriturus</strong></span> <span class='ocrx_word' id='word_1_24' title='bbox 2390 991 2403 1016; x_wconf 79' lang='lat'><strong>,</strong></span> <span class='ocrx_word' id='word_1_25' title='bbox 2441 952 2779 1029; x_wconf 56' lang='lat' dir='ltr'><strong>congregatis</strong></span> <span class='ocrx_word' id='word_1_26' title='bbox 2798 950 3051 1029; x_wconf 55' lang='lat' dir='ltr'><strong>[rptribus</strong></span> <span class='ocrx_word' id='word_1_27' title='bbox 3076 987 3089 1009; x_wconf 89' lang='lat'><strong>,</strong></span> <span class='ocrx_word' id='word_1_28' title='bbox 3129 960 3177 1001; x_wconf 85' lang='lat' dir='ltr'><strong>et</strong></span> <span class='ocrx_word' id='word_1_29' title='bbox 3216 949 3458 1028; x_wconf 77' lang='lat' dir='ltr'><strong>concione</strong></span> <span class='ocrx_word' id='word_1_30' title='bbox 3495 944 3783 1029; x_wconf 51' lang='lat' dir='ltr'><strong>pririitissa</strong></span> <span class='ocrx_word' id='word_1_31' title='bbox 3811 981 3843 1029; x_wconf 24' lang='grc' dir='ltr'><strong>,Α</strong></span> 
     </span>
    </p>
   </div>
   <div class='ocr_carea' id='block_1_5' title="bbox 808 1016 3959 1095">
    <p class='ocr_par' dir='ltr' id='par_1_5' title="bbox 808 1016 3959 1095">
     <span class='ocr_line' id='line_1_5' title="bbox 808 1016 3959 1095; baseline -0.007 -16"><span class='ocrx_word' id='word_1_32' title='bbox 808 1028 972 1095; x_wconf 83' lang='lat' dir='ltr'><strong>ipsius</strong></span> <span class='ocrx_word' id='word_1_33' title='bbox 1013 1016 1292 1081; x_wconf 83' lang='lat' dir='ltr'><strong>Clementis</strong></span> <span class='ocrx_word' id='word_1_34' title='bbox 1314 1016 1570 1080; x_wconf 37' lang='lat' dir='ltr'><strong>&#39;meritum</strong></span> <span class='ocrx_word' id='word_1_35' title='bbox 1605 1025 1786 1092; x_wconf 68' lang='lat' dir='ltr'><strong>effert,</strong></span> <span class='ocrx_word' id='word_1_36' title='bbox 1817 1034 1866 1077; x_wconf 85' lang='lat' dir='ltr'><strong>et</strong></span> <span class='ocrx_word' id='word_1_37' title='bbox 1912 1023 2155 1095; x_wconf 84' lang='lat' dir='ltr'><strong>multa_ei</strong></span> <span class='ocrx_word' id='word_1_38' title='bbox 2190 1023 2354 1095; x_wconf 74' lang='lat' dir='ltr'><strong>tradit</strong></span> <span class='ocrx_word' id='word_1_39' title='bbox 2387 1016 2906 1095; x_wconf 48' lang='lat' dir='ltr'><strong>regendw&#39;ls‘rclesiw</strong></span> <span class='ocrx_word' id='word_1_40' title='bbox 2939 1028 3196 1095; x_wconf 63' lang='lat' dir='ltr'><strong>prn&#39;cepta</strong></span> <span class='ocrx_word' id='word_1_41' title='bbox 3219 1058 3232 1078; x_wconf 86' lang='lat'><strong>,</strong></span> <span class='ocrx_word' id='word_1_42' title='bbox 3263 1016 3573 1095; x_wconf 76' lang='lat' dir='ltr'><strong>_ip_snm_sibi</strong></span> <span class='ocrx_word' id='word_1_43' title='bbox 3604 1025 3959 1095; x_wconf 73' lang='lat' dir='ltr'><strong>successorem</strong></span> 
     </span>
    </p>
   </div>
   <div class='ocr_carea' id='block_1_6' title="bbox 809 1086 3820 1165">
    <p class='ocr_par' dir='ltr' id='par_1_6' title="bbox 809 1086 3820 1165">
     <span class='ocr_line' id='line_1_6' title="bbox 809 1086 3820 1165; baseline -0.005 -17"><span class='ocrx_word' id='word_1_44' title='bbox 809 1086 1049 1161; x_wconf 77' lang='lat' dir='ltr'><strong>ordinat,</strong></span> <span class='ocrx_word' id='word_1_45' title='bbox 1084 1114 1144 1150; x_wconf 86' lang='lat' dir='ltr'><strong>ac</strong></span> <span class='ocrx_word' id='word_1_46' title='bbox 1164 1096 1381 1165; x_wconf 85' lang='lat' dir='ltr'><strong>jubetu&#39;r</strong></span> <span class='ocrx_word' id='word_1_47' title='bbox 1408 1086 1793 1158; x_wconf 45' lang='lat' dir='ltr'><strong>Clemens&#39;post</strong></span> <span class='ocrx_word' id='word_1_48' title='bbox 1824 1104 2045 1147; x_wconf 83' lang='lat' dir='ltr'><strong>mortem</strong></span> <span class='ocrx_word' id='word_1_49' title='bbox 2078 1092 2229 1146; x_wconf 87' lang='lat' dir='ltr'><strong>Petri</strong></span> <span class='ocrx_word' id='word_1_50' title='bbox 2256 1086 2513 1159; x_wconf 65' lang='lat' dir='ltr'><strong>epitomen</strong></span> <span class='ocrx_word' id='word_1_51' title='bbox 2542 1090 2981 1157; x_wconf 71' lang='lat' dir='ltr'><strong>pra&#39;dicationum</strong></span> <span class='ocrx_word' id='word_1_52' title='bbox 3010 1089 3175 1155; x_wconf 81' lang='lat' dir='ltr'><strong>ipsius</strong></span> <span class='ocrx_word' id='word_1_53' title='bbox 3206 1087 3272 1139; x_wconf 88' lang='lat' dir='ltr'><strong>ad</strong></span> <span class='ocrx_word' id='word_1_54' title='bbox 3299 1086 3557 1139; x_wconf 82' lang='lat' dir='ltr'><strong>Jacobum</strong></span> <span class='ocrx_word' id='word_1_55' title='bbox 3590 1086 3820 1136; x_wconf 87' lang='lat' dir='ltr'><strong>mittere.</strong></span> 
     </span>
    </p>
   </div>
   <div class='ocr_carea' id='block_1_7' title="bbox 803 1239 3970 1326">
    <p class='ocr_par' dir='ltr' id='par_1_7' title="bbox 803 1239 3970 1326">
     <span class='ocr_line' id='line_1_7' title="bbox 803 1239 3970 1326; baseline -0.007 -15"><span class='ocrx_word' id='word_1_56' title='bbox 803 1257 1025 1326; x_wconf 83' lang='lat' dir='ltr'><strong>(Eadem</strong></span> <span class='ocrx_word' id='word_1_57' title='bbox 1056 1268 1135 1313; x_wconf 89' lang='lat' dir='ltr'><strong>est</strong></span> <span class='ocrx_word' id='word_1_58' title='bbox 1156 1274 1219 1311; x_wconf 91' lang='lat' dir='ltr'><strong>ac</strong></span> <span class='ocrx_word' id='word_1_59' title='bbox 1243 1272 1497 1325; x_wconf 75' lang='lat' dir='ltr'><strong>sequens.</strong></span> <span class='ocrx_word' id='word_1_60' title='bbox 1526 1256 1630 1311; x_wconf 84' lang='lat' dir='ltr'><strong>nisi</strong></span> <span class='ocrx_word' id='word_1_61' title='bbox 1653 1256 1799 1315; x_wconf 79' lang='lat' dir='ltr'><strong>quod</strong></span> <span class='ocrx_word' id='word_1_62' title='bbox 1834 1258 2018 1313; x_wconf 89' lang='lat' dir='ltr'><strong>multis</strong></span> <span class='ocrx_word' id='word_1_63' title='bbox 2047 1252 2554 1326; x_wconf 86' lang='lat' dir='ltr'><strong>interpolationibus</strong></span> <span class='ocrx_word' id='word_1_64' title='bbox 2588 1250 2655 1303; x_wconf 87' lang='lat' dir='ltr'><strong>ab</strong></span> <span class='ocrx_word' id='word_1_65' title='bbox 2688 1249 2893 1305; x_wconf 85' lang='lat' dir='ltr'><strong>Isidoro</strong></span> <span class='ocrx_word' id='word_1_66' title='bbox 2917 1249 3228 1311; x_wconf 78' lang='lat' dir='ltr'><strong>Mercatore,</strong></span> <span class='ocrx_word' id='word_1_67' title='bbox 3262 1262 3358 1302; x_wconf 88' lang='lat' dir='ltr'><strong>seu</strong></span> <span class='ocrx_word' id='word_1_68' title='bbox 3389 1244 3567 1315; x_wconf 77' lang='lat' dir='ltr'><strong>potius</strong></span> <span class='ocrx_word' id='word_1_69' title='bbox 3603 1242 3673 1296; x_wconf 87' lang='lat' dir='ltr'><strong>ab</strong></span> <span class='ocrx_word' id='word_1_70' title='bbox 3698 1239 3808 1293; x_wconf 85' lang='lat' dir='ltr'><strong>alio</strong></span> <span class='ocrx_word' id='word_1_71' title='bbox 3837 1252 3970 1309; x_wconf 89' lang='lat' dir='ltr'><strong>quo-</strong></span> 
     </span>
    </p>
   </div>
   <div class='ocr_carea' id='block_1_8' title="bbox 734 1325 2300 1398">
    <p class='ocr_par' dir='ltr' id='par_1_8' title="bbox 734 1325 2300 1398">
     <span class='ocr_line' id='line_1_8' title="bbox 734 1325 2300 1398; baseline -0.002 -16"><span class='ocrx_word' id='word_1_72' title='bbox 734 1325 858 1382; x_wconf 84' lang='lat' dir='ltr'><strong>dam</strong></span> <span class='ocrx_word' id='word_1_73' title='bbox 891 1330 1061 1384; x_wconf 89' lang='lat' dir='ltr'><strong>multo</strong></span> <span class='ocrx_word' id='word_1_74' title='bbox 1090 1342 1252 1398; x_wconf 87' lang='lat' dir='ltr'><strong>quam</strong></span> <span class='ocrx_word' id='word_1_75' title='bbox 1296 1326 1539 1383; x_wconf 83' lang='lat' dir='ltr'><strong>Isidorus</strong></span> <span class='ocrx_word' id='word_1_76' title='bbox 1584 1329 1886 1397; x_wconf 71' lang='lat' dir='ltr'><strong>antiquiore</strong></span> <span class='ocrx_word' id='word_1_77' title='bbox 1917 1334 2132 1382; x_wconf 84' lang='lat' dir='ltr'><strong>accreta</strong></span> <span class='ocrx_word' id='word_1_78' title='bbox 2170 1325 2300 1394; x_wconf 90' lang='lat' dir='ltr'><strong>est.)</strong></span> 
     </span>
    </p>
   </div>
   <div class='ocr_carea' id='block_1_9' title="bbox 1787 1670 2881 1768">
    <p class='ocr_par' dir='ltr' id='par_1_9' title="bbox 1787 1670 2881 1768">
     <span class='ocr_line' id='line_1_9' title="bbox 1787 1670 2881 1768; baseline -0.006 0"><span class='ocrx_word' id='word_1_79' title='bbox 1787 1676 2190 1768; x_wconf 76' lang='lat' dir='ltr'><strong>EADEM</strong></span> <span class='ocrx_word' id='word_1_80' title='bbox 2267 1670 2881 1763; x_wconf 81' lang='lat' dir='ltr'><strong>EPISTOLA.</strong></span> 
     </span>
    </p>
   </div>
   <div class='ocr_carea' id='block_1_10' title="bbox 1592 1925 3141 1999">
    <p class='ocr_par' dir='ltr' id='par_1_10' title="bbox 1592 1925 3141 1999">
     <span class='ocr_line' id='line_1_10' title="bbox 1592 1925 3141 1999; baseline -0.003 -14"><span class='ocrx_word' id='word_1_81' title='bbox 1592 1932 1782 1999; x_wconf 75' lang='lat' dir='ltr'><strong>Rufino</strong></span> <span class='ocrx_word' id='word_1_82' title='bbox 1816 1930 2042 1995; x_wconf 82' lang='lat' dir='ltr'><strong>Torona,</strong></span> <span class='ocrx_word' id='word_1_83' title='bbox 2071 1930 2391 1999; x_wconf 74' lang='lat' dir='ltr'><strong>Aquileiensi</strong></span> <span class='ocrx_word' id='word_1_84' title='bbox 2418 1929 2739 1998; x_wconf 79' lang='lat' dir='ltr'><strong>presbytero,</strong></span> <span class='ocrx_word' id='word_1_85' title='bbox 2771 1927 3051 1994; x_wconf 82' lang='lat' dir='ltr'><strong>interprete</strong></span> <span class='ocrx_word' id='word_1_86' title='bbox 3081 1925 3141 1981; x_wconf 74' lang='grc'><strong>⁸⁸.</strong></span> 
     </span>
    </p>
   </div>
   <div class='ocr_carea' id='block_1_11' title="bbox 800 2235 3957 2325">
    <p class='ocr_par' dir='ltr' id='par_1_11' title="bbox 800 2235 3957 2325">
     <span class='ocr_line' id='line_1_11' title="bbox 800 2235 3957 2325; baseline 0.002 -23"><span class='ocrx_word' id='word_1_87' title='bbox 800 2247 1050 2304; x_wconf 62' lang='grc' dir='ltr'><strong><em>ειεημε</em></strong></span> <span class='ocrx_word' id='word_1_88' title='bbox 1084 2247 1291 2303; x_wconf 66' lang='grc' dir='ltr'><strong>εἰλεοΒο</strong></span> <span class='ocrx_word' id='word_1_89' title='bbox 1322 2248 1436 2321; x_wconf 71' lang='lat'><strong>(28)</strong></span> <span class='ocrx_word' id='word_1_90' title='bbox 1470 2248 1625 2304; x_wconf 86' lang='lat' dir='ltr'><strong>fratri</strong></span> <span class='ocrx_word' id='word_1_91' title='bbox 1660 2250 1875 2305; x_wconf 90' lang='lat' dir='ltr'><strong>Domini</strong></span> <span class='ocrx_word' id='word_1_92' title='bbox 1906 2292 1919 2315; x_wconf 88' lang='lat'><strong>,</strong></span> <span class='ocrx_word' id='word_1_93' title='bbox 1951 2260 2003 2304; x_wconf 86' lang='lat' dir='ltr'><strong>et</strong></span> <span class='ocrx_word' id='word_1_94' title='bbox 2042 2235 2365 2322; x_wconf 76' lang='lat' dir='ltr'><strong>EpiscopoA</strong></span> <span class='ocrx_word' id='word_1_95' title='bbox 2396 2252 2512 2306; x_wconf 88' lang='lat' dir='ltr'><strong>sius</strong></span> <span class='ocrx_word' id='word_1_96' title='bbox 2541 2248 2796 2303; x_wconf 78' lang='lat' dir='ltr'><strong>Romana:</strong></span> <span class='ocrx_word' id='word_1_97' title='bbox 2823 2252 2974 2305; x_wconf 61' lang='lat' dir='ltr'><strong>urL...</strong></span> <span class='ocrx_word' id='word_1_98' title='bbox 3003 2250 3167 2318; x_wconf 87' lang='lat' dir='ltr'><strong>hujus</strong></span> <span class='ocrx_word' id='word_1_99' title='bbox 3210 2252 3486 2316; x_wconf 84' lang='lat' dir='ltr'><strong>notitiam,</strong></span> <span class='ocrx_word' id='word_1_100' title='bbox 3526 2260 3587 2306; x_wconf 91' lang='lat' dir='ltr'><strong>ut</strong></span> <span class='ocrx_word' id='word_1_101' title='bbox 3624 2254 3790 2307; x_wconf 88' lang='lat' dir='ltr'><strong>etiam</strong></span> <span class='ocrx_word' id='word_1_102' title='bbox 3838 2256 3957 2325; x_wconf 46' lang='lat' dir='ltr'><strong>ipsa</strong></span> 
     </span>
    </p>
   </div>
   <div class='ocr_carea' id='block_1_12' title="bbox 718 2341 2299 2412">
    <p class='ocr_par' dir='ltr' id='par_1_12' title="bbox 718 2341 2299 2412">
     <span class='ocr_line' id='line_1_12' title="bbox 718 2341 2299 2412; baseline 0.001 -15"><span class='ocrx_word' id='word_1_103' title='bbox 718 2344 1137 2412; x_wconf 82' lang='lat' dir='ltr'><strong>episcoporum,</strong></span> <span class='ocrx_word' id='word_1_104' title='bbox 1168 2343 1372 2412; x_wconf 77' lang='lat' dir='ltr'><strong>regenti</strong></span> <span class='ocrx_word' id='word_1_105' title='bbox 1401 2341 1775 2409; x_wconf 61' lang='lat' dir='ltr'><strong>Inebrazorum</strong></span> <span class='ocrx_word' id='word_1_106' title='bbox 1823 2353 2070 2399; x_wconf 89' lang='lat' dir='ltr'><strong>sanctam</strong></span> <span class='ocrx_word' id='word_1_107' title='bbox 2110 2343 2299 2399; x_wconf 83' lang='lat' dir='ltr'><strong>Eccle-</strong></span> 
     </span>
    </p>
   </div>
   <div class='ocr_carea' id='block_1_13' title="bbox 725 2434 2299 2507">
    <p class='ocr_par' dir='ltr' id='par_1_13' title="bbox 725 2434 2299 2507">
     <span class='ocr_line' id='line_1_13' title="bbox 725 2434 2299 2507; baseline 0.001 -17"><span class='ocrx_word' id='word_1_108' title='bbox 725 2437 866 2491; x_wconf 88' lang='lat' dir='ltr'><strong>siam</strong></span> <span class='ocrx_word' id='word_1_109' title='bbox 916 2434 1345 2507; x_wconf 79' lang='lat' dir='ltr'><strong>Hierosolymis,</strong></span> <span class='ocrx_word' id='word_1_110' title='bbox 1379 2435 1472 2491; x_wconf 87' lang='lat' dir='ltr'><strong>sed</strong></span> <span class='ocrx_word' id='word_1_111' title='bbox 1512 2444 1568 2491; x_wconf 89' lang='lat' dir='ltr'><strong>et</strong></span> <span class='ocrx_word' id='word_1_112' title='bbox 1609 2450 1802 2491; x_wconf 89' lang='lat' dir='ltr'><strong>omnes</strong></span> <span class='ocrx_word' id='word_1_113' title='bbox 1846 2435 2141 2499; x_wconf 84' lang='lat' dir='ltr'><strong>Ecclesias,</strong></span> <span class='ocrx_word' id='word_1_114' title='bbox 2176 2451 2299 2507; x_wconf 69' lang='lat' dir='ltr'><strong>qua!</strong></span> 
     </span>
    </p>
   </div>
   <div class='ocr_carea' id='block_1_14' title="bbox 727 2527 2297 2603">
    <p class='ocr_par' dir='ltr' id='par_1_14' title="bbox 727 2527 2297 2603">
     <span class='ocr_line' id='line_1_14' title="bbox 727 2527 2297 2603; baseline 0.001 -19"><span class='ocrx_word' id='word_1_115' title='bbox 727 2530 930 2599; x_wconf 89' lang='lat' dir='ltr'><strong>ubique</strong></span> <span class='ocrx_word' id='word_1_116' title='bbox 958 2529 1052 2585; x_wconf 85' lang='lat' dir='ltr'><strong>Dei</strong></span> <span class='ocrx_word' id='word_1_117' title='bbox 1088 2529 1427 2600; x_wconf 79' lang='lat' dir='ltr'><strong>providentia</strong></span> <span class='ocrx_word' id='word_1_118' title='bbox 1454 2527 1703 2585; x_wconf 64' lang='lat' dir='ltr'><strong>fundata}</strong></span> <span class='ocrx_word' id='word_1_119' title='bbox 1728 2541 1877 2597; x_wconf 88' lang='lat' dir='ltr'><strong>sunt,</strong></span> <span class='ocrx_word' id='word_1_120' title='bbox 1914 2546 2039 2587; x_wconf 89' lang='lat' dir='ltr'><strong>cum</strong></span> <span class='ocrx_word' id='word_1_121' title='bbox 2073 2532 2297 2603; x_wconf 79' lang='lat' dir='ltr'><strong>presby-</strong></span> 
     </span>
    </p>
   </div>
   <div class='ocr_carea' id='block_1_15' title="bbox 726 2624 2297 2685">
    <p class='ocr_par' dir='ltr' id='par_1_15' title="bbox 726 2624 2297 2685">
     <span class='ocr_line' id='line_1_15' title="bbox 726 2624 2297 2685; baseline 0.001 -8"><span class='ocrx_word' id='word_1_122' title='bbox 726 2624 858 2680; x_wconf 81' lang='lat' dir='ltr'><strong>teris</strong></span> <span class='ocrx_word' id='word_1_123' title='bbox 893 2632 948 2679; x_wconf 91' lang='lat' dir='ltr'><strong>et</strong></span> <span class='ocrx_word' id='word_1_124' title='bbox 986 2624 1328 2685; x_wconf 86' lang='lat' dir='ltr'><strong>diaeonihus,</strong></span> <span class='ocrx_word' id='word_1_125' title='bbox 1371 2634 1427 2680; x_wconf 90' lang='lat' dir='ltr'><strong>et</strong></span> <span class='ocrx_word' id='word_1_126' title='bbox 1463 2625 1677 2681; x_wconf 61' lang='lat' dir='ltr'><strong>creteris</strong></span> <span class='ocrx_word' id='word_1_127' title='bbox 1723 2626 1981 2681; x_wconf 84' lang='lat' dir='ltr'><strong>omnibus</strong></span> <span class='ocrx_word' id='word_1_128' title='bbox 2011 2624 2297 2681; x_wconf 80' lang='lat' dir='ltr'><strong>fratribus.</strong></span> 
     </span>
    </p>
   </div>
   <div class='ocr_carea' id='block_1_16' title="bbox 722 2710 1321 2783">
    <p class='ocr_par' dir='ltr' id='par_1_16' title="bbox 722 2710 1321 2783">
     <span class='ocr_line' id='line_1_16' title="bbox 722 2710 1321 2783; baseline 0.002 -16"><span class='ocrx_word' id='word_1_129' title='bbox 722 2710 838 2767; x_wconf 76' lang='lat' dir='ltr'><strong>Pax</strong></span> <span class='ocrx_word' id='word_1_130' title='bbox 869 2712 966 2767; x_wconf 93' lang='lat' dir='ltr'><strong>tibi</strong></span> <span class='ocrx_word' id='word_1_131' title='bbox 988 2712 1059 2769; x_wconf 86' lang='lat' dir='ltr'><strong>sit</strong></span> <span class='ocrx_word' id='word_1_132' title='bbox 1087 2728 1321 2783; x_wconf 85' lang='lat' dir='ltr'><strong>semper.</strong></span> 
     </span>
    </p>
   </div>
   <div class='ocr_carea' id='block_1_17' title="bbox 800 2862 2294 2937">
    <p class='ocr_par' dir='ltr' id='par_1_17' title="bbox 800 2862 2294 2937">
     <span class='ocr_line' id='line_1_17' title="bbox 800 2862 2294 2937; baseline 0.003 -19"><span class='ocrx_word' id='word_1_133' title='bbox 800 2863 998 2918; x_wconf 79' lang='lat' dir='ltr'><strong>Notum</strong></span> <span class='ocrx_word' id='word_1_134' title='bbox 1018 2862 1064 2899; x_wconf 69' lang='grc' dir='ltr'><strong>δ’</strong></span> <span class='ocrx_word' id='word_1_135' title='bbox 1122 2864 1220 2919; x_wconf 85' lang='lat' dir='ltr'><strong>tibi</strong></span> <span class='ocrx_word' id='word_1_136' title='bbox 1266 2864 1443 2930; x_wconf 88' lang='lat' dir='ltr'><strong>facio,</strong></span> <span class='ocrx_word' id='word_1_137' title='bbox 1486 2865 1737 2929; x_wconf 88' lang='lat' dir='ltr'><strong>domine,</strong></span> <span class='ocrx_word' id='word_1_138' title='bbox 1777 2868 1904 2937; x_wconf 90' lang='lat' dir='ltr'><strong>quia</strong></span> <span class='ocrx_word' id='word_1_139' title='bbox 1961 2866 2146 2923; x_wconf 85' lang='lat' dir='ltr'><strong>Simon</strong></span> <span class='ocrx_word' id='word_1_140' title='bbox 2190 2867 2294 2923; x_wconf 75' lang='lat' dir='ltr'><strong>Pe-</strong></span> 
     </span>
    </p>
   </div>
   <div class='ocr_carea' id='block_1_18' title="bbox 728 2955 2295 3028">
    <p class='ocr_par' dir='ltr' id='par_1_18' title="bbox 728 2955 2295 3028">
     <span class='ocr_line' id='line_1_18' title="bbox 728 2955 2295 3028; baseline 0.004 -22"><span class='ocrx_word' id='word_1_141' title='bbox 728 2963 850 3009; x_wconf 90' lang='lat' dir='ltr'><strong>trus</strong></span> <span class='ocrx_word' id='word_1_142' title='bbox 881 2955 1017 3023; x_wconf 69' lang='lat'><strong>(29),</strong></span> <span class='ocrx_word' id='word_1_143' title='bbox 1043 2955 1138 3023; x_wconf 86' lang='lat' dir='ltr'><strong>qui</strong></span> <span class='ocrx_word' id='word_1_144' title='bbox 1169 2970 1308 3010; x_wconf 73' lang='lat' dir='ltr'><strong>vera:</strong></span> <span class='ocrx_word' id='word_1_145' title='bbox 1334 2956 1455 3010; x_wconf 85' lang='lat' dir='ltr'><strong>fidei</strong></span> <span class='ocrx_word' id='word_1_146' title='bbox 1493 2957 1686 3010; x_wconf 89' lang='lat' dir='ltr'><strong>merito</strong></span> <span class='ocrx_word' id='word_1_147' title='bbox 1706 2996 1721 3020; x_wconf 91' lang='lat'><strong>,</strong></span> <span class='ocrx_word' id='word_1_148' title='bbox 1760 2964 1813 3011; x_wconf 87' lang='lat' dir='ltr'><strong>et</strong></span> <span class='ocrx_word' id='word_1_149' title='bbox 1844 2957 2064 3027; x_wconf 74' lang='lat' dir='ltr'><strong>integra:</strong></span> <span class='ocrx_word' id='word_1_150' title='bbox 2098 2959 2295 3028; x_wconf 59' lang='lat' dir='ltr'><strong>praedi-</strong></span> 
     </span>
    </p>
   </div>
   <div class='ocr_carea' id='block_1_19' title="bbox 727 3046 2296 3113">
    <p class='ocr_par' dir='ltr' id='par_1_19' title="bbox 727 3046 2296 3113">
     <span class='ocr_line' id='line_1_19' title="bbox 727 3046 2296 3113; baseline 0.004 -16"><span class='ocrx_word' id='word_1_151' title='bbox 727 3047 964 3101; x_wconf 86' lang='lat' dir='ltr'><strong>cationis</strong></span> <span class='ocrx_word' id='word_1_152' title='bbox 994 3047 1249 3113; x_wconf 88' lang='lat' dir='ltr'><strong>obtentu,</strong></span> <span class='ocrx_word' id='word_1_153' title='bbox 1289 3046 1695 3101; x_wconf 84' lang='lat' dir='ltr'><strong>fundamentum</strong></span> <span class='ocrx_word' id='word_1_154' title='bbox 1730 3062 1854 3104; x_wconf 87' lang='lat' dir='ltr'><strong>esse</strong></span> <span class='ocrx_word' id='word_1_155' title='bbox 1884 3049 2138 3104; x_wconf 76' lang='lat' dir='ltr'><strong>Ecclesize</strong></span> <span class='ocrx_word' id='word_1_156' title='bbox 2162 3050 2296 3104; x_wconf 82' lang='lat' dir='ltr'><strong>deli-</strong></span> 
     </span>
    </p>
   </div>
   <div class='ocr_carea' id='block_1_20' title="bbox 732 3137 2294 3207">
    <p class='ocr_par' dir='ltr' id='par_1_20' title="bbox 732 3137 2294 3207">
     <span class='ocr_line' id='line_1_20' title="bbox 732 3137 2294 3207; baseline 0.004 -16"><span class='ocrx_word' id='word_1_157' title='bbox 732 3138 883 3192; x_wconf 89' lang='lat' dir='ltr'><strong>nitus</strong></span> <span class='ocrx_word' id='word_1_158' title='bbox 920 3145 1041 3204; x_wconf 85' lang='lat' dir='ltr'><strong>est,</strong></span> <span class='ocrx_word' id='word_1_159' title='bbox 1090 3152 1196 3207; x_wconf 87' lang='lat' dir='ltr'><strong>qua</strong></span> <span class='ocrx_word' id='word_1_160' title='bbox 1228 3137 1295 3193; x_wconf 90' lang='lat' dir='ltr'><strong>de</strong></span> <span class='ocrx_word' id='word_1_161' title='bbox 1324 3153 1490 3194; x_wconf 88' lang='lat' dir='ltr'><strong>causa</strong></span> <span class='ocrx_word' id='word_1_162' title='bbox 1530 3140 1693 3194; x_wconf 87' lang='lat' dir='ltr'><strong>etiam</strong></span> <span class='ocrx_word' id='word_1_163' title='bbox 1744 3140 1955 3195; x_wconf 90' lang='lat' dir='ltr'><strong>Domini</strong></span> <span class='ocrx_word' id='word_1_164' title='bbox 1985 3157 2081 3196; x_wconf 89' lang='lat' dir='ltr'><strong>ore</strong></span> <span class='ocrx_word' id='word_1_165' title='bbox 2107 3142 2294 3197; x_wconf 89' lang='lat' dir='ltr'><strong>divino</strong></span> 
     </span>
    </p>
   </div>
   <div class='ocr_carea' id='block_1_21' title="bbox 731 3230 2294 3304">
    <p class='ocr_par' dir='ltr' id='par_1_21' title="bbox 731 3230 2294 3304">
     <span class='ocr_line' id='line_1_21' title="bbox 731 3230 2294 3304; baseline 0.004 -21"><span class='ocrx_word' id='word_1_166' title='bbox 731 3230 1148 3301; x_wconf 81' lang='lat' dir='ltr'><strong>cognominatus</strong></span> <span class='ocrx_word' id='word_1_167' title='bbox 1174 3238 1257 3286; x_wconf 91' lang='lat' dir='ltr'><strong>est</strong></span> <span class='ocrx_word' id='word_1_168' title='bbox 1279 3231 1473 3288; x_wconf 86' lang='lat' dir='ltr'><strong>Petrus</strong></span> <span class='ocrx_word' id='word_1_169' title='bbox 1492 3272 1507 3297; x_wconf 91' lang='lat'><strong>,</strong></span> <span class='ocrx_word' id='word_1_170' title='bbox 1538 3234 1630 3303; x_wconf 90' lang='lat' dir='ltr'><strong>qui</strong></span> <span class='ocrx_word' id='word_1_171' title='bbox 1664 3233 1765 3287; x_wconf 91' lang='lat' dir='ltr'><strong>fuit</strong></span> <span class='ocrx_word' id='word_1_172' title='bbox 1790 3235 2041 3304; x_wconf 73' lang='lat' dir='ltr'><strong>primitim</strong></span> <span class='ocrx_word' id='word_1_173' title='bbox 2070 3236 2294 3289; x_wconf 78' lang='lat' dir='ltr'><strong>electio—</strong></span> 
     </span>
    </p>
   </div>
   <div class='ocr_carea' id='block_1_22' title="bbox 730 3317 2293 3394">
    <p class='ocr_par' dir='ltr' id='par_1_22' title="bbox 730 3317 2293 3394">
     <span class='ocr_line' id='line_1_22' title="bbox 730 3317 2293 3394; baseline 0.006 -22"><span class='ocrx_word' id='word_1_174' title='bbox 730 3318 819 3373; x_wconf 85' lang='lat' dir='ltr'><strong>nis</strong></span> <span class='ocrx_word' id='word_1_175' title='bbox 844 3317 1080 3382; x_wconf 90' lang='lat' dir='ltr'><strong>Domini,</strong></span> <span class='ocrx_word' id='word_1_176' title='bbox 1106 3321 1477 3390; x_wconf 84' lang='lat' dir='ltr'><strong>apostolorum</strong></span> <span class='ocrx_word' id='word_1_177' title='bbox 1508 3322 1737 3390; x_wconf 90' lang='lat' dir='ltr'><strong>primus,</strong></span> <span class='ocrx_word' id='word_1_178' title='bbox 1756 3324 1844 3377; x_wconf 92' lang='lat' dir='ltr'><strong>cui</strong></span> <span class='ocrx_word' id='word_1_179' title='bbox 1873 3330 1927 3377; x_wconf 81' lang='lat' dir='ltr'><strong>et</strong></span> <span class='ocrx_word' id='word_1_180' title='bbox 1958 3325 2132 3394; x_wconf 90' lang='lat' dir='ltr'><strong>primo</strong></span> <span class='ocrx_word' id='word_1_181' title='bbox 2152 3324 2293 3381; x_wconf 85' lang='lat' dir='ltr'><strong>Deus</strong></span> 
     </span>
    </p>
   </div>
   <div class='ocr_carea' id='block_1_23' title="bbox 730 3408 2293 3486">
    <p class='ocr_par' dir='ltr' id='par_1_23' title="bbox 730 3408 2293 3486">
     <span class='ocr_line' id='line_1_23' title="bbox 730 3408 2293 3486; baseline 0.006 -24"><span class='ocrx_word' id='word_1_182' title='bbox 730 3410 889 3465; x_wconf 83' lang='lat' dir='ltr'><strong>Pater</strong></span> <span class='ocrx_word' id='word_1_183' title='bbox 921 3408 1116 3464; x_wconf 87' lang='lat' dir='ltr'><strong>Filium</strong></span> <span class='ocrx_word' id='word_1_184' title='bbox 1154 3413 1407 3466; x_wconf 83' lang='lat' dir='ltr'><strong>revelavit</strong></span> <span class='ocrx_word' id='word_1_185' title='bbox 1429 3452 1445 3476; x_wconf 89' lang='lat'><strong>,</strong></span> <span class='ocrx_word' id='word_1_186' title='bbox 1486 3413 1576 3467; x_wconf 89' lang='lat' dir='ltr'><strong>cui</strong></span> <span class='ocrx_word' id='word_1_187' title='bbox 1607 3421 1661 3468; x_wconf 89' lang='lat' dir='ltr'><strong>et</strong></span> <span class='ocrx_word' id='word_1_188' title='bbox 1688 3414 1941 3470; x_wconf 85' lang='lat' dir='ltr'><strong>Christus</strong></span> <span class='ocrx_word' id='word_1_189' title='bbox 1980 3425 2293 3486; x_wconf 86' lang='lat' dir='ltr'><strong>competen-</strong></span> 
     </span>
    </p>
   </div>
   <div class='ocr_carea' id='block_1_24' title="bbox 727 3506 2293 3576">
    <p class='ocr_par' dir='ltr' id='par_1_24' title="bbox 727 3506 2293 3576">
     <span class='ocr_line' id='line_1_24' title="bbox 727 3506 2293 3576; baseline 0.004 -18"><span class='ocrx_word' id='word_1_190' title='bbox 727 3512 815 3559; x_wconf 90' lang='lat' dir='ltr'><strong>ter</strong></span> <span class='ocrx_word' id='word_1_191' title='bbox 837 3506 1229 3561; x_wconf 89' lang='lat' dir='ltr'><strong>beatitudinem</strong></span> <span class='ocrx_word' id='word_1_192' title='bbox 1259 3506 1509 3569; x_wconf 85' lang='lat' dir='ltr'><strong>contulit,</strong></span> <span class='ocrx_word' id='word_1_193' title='bbox 1539 3507 1632 3576; x_wconf 93' lang='lat' dir='ltr'><strong>qui</strong></span> <span class='ocrx_word' id='word_1_194' title='bbox 1662 3517 1715 3561; x_wconf 91' lang='lat' dir='ltr'><strong>et</strong></span> <span class='ocrx_word' id='word_1_195' title='bbox 1744 3516 1968 3564; x_wconf 88' lang='lat' dir='ltr'><strong>vocatus</strong></span> <span class='ocrx_word' id='word_1_196' title='bbox 1997 3517 2081 3563; x_wconf 91' lang='lat' dir='ltr'><strong>est</strong></span> <span class='ocrx_word' id='word_1_197' title='bbox 2108 3518 2162 3564; x_wconf 90' lang='lat' dir='ltr'><strong>et</strong></span> <span class='ocrx_word' id='word_1_198' title='bbox 2182 3511 2293 3565; x_wconf 86' lang='lat' dir='ltr'><strong>ele-</strong></span> 
     </span>
    </p>
   </div>
   <div class='ocr_carea' id='block_1_25' title="bbox 2398 2342 3963 2415">
    <p class='ocr_par' dir='ltr' id='par_1_25' title="bbox 2398 2342 3963 2415">
     <span class='ocr_line' id='line_1_25' title="bbox 2398 2342 3963 2415; baseline 0.001 -18"><span class='ocrx_word' id='word_1_199' title='bbox 2398 2343 2723 2402; x_wconf 86' lang='lat' dir='ltr'><strong>salvaretur,</strong></span> <span class='ocrx_word' id='word_1_200' title='bbox 2753 2342 2989 2404; x_wconf 82' lang='lat' dir='ltr'><strong>invexit;</strong></span> <span class='ocrx_word' id='word_1_201' title='bbox 3024 2342 3146 2402; x_wconf 77' lang='lat' dir='ltr'><strong>&quot;ie,</strong></span> <span class='ocrx_word' id='word_1_202' title='bbox 3190 2342 3443 2410; x_wconf 89' lang='lat' dir='ltr'><strong>inquam,</strong></span> <span class='ocrx_word' id='word_1_203' title='bbox 3479 2358 3577 2412; x_wconf 89' lang='lat' dir='ltr'><strong>pro</strong></span> <span class='ocrx_word' id='word_1_204' title='bbox 3617 2345 3819 2413; x_wconf 81' lang='lat' dir='ltr'><strong>pietate</strong></span> <span class='ocrx_word' id='word_1_205' title='bbox 3856 2349 3963 2415; x_wconf 83' lang='lat' dir='ltr'><strong>pati</strong></span> 
     </span>
    </p>
   </div>
   <div class='ocr_carea' id='block_1_26' title="bbox 2395 2431 3959 2502">
    <p class='ocr_par' dir='ltr' id='par_1_26' title="bbox 2395 2431 3959 2502">
     <span class='ocr_line' id='line_1_26' title="bbox 2395 2431 3959 2502; baseline 0.001 -16"><span class='ocrx_word' id='word_1_206' title='bbox 2395 2434 2584 2488; x_wconf 83' lang='lat' dir='ltr'><strong>volens</strong></span> <span class='ocrx_word' id='word_1_207' title='bbox 2621 2440 2939 2502; x_wconf 70' lang='lat' dir='ltr'><strong>prmsentem</strong></span> <span class='ocrx_word' id='word_1_208' title='bbox 2977 2446 3145 2485; x_wconf 62' lang='lat' dir='ltr'><strong>vnum</strong></span> <span class='ocrx_word' id='word_1_209' title='bbox 3185 2431 3357 2485; x_wconf 84' lang='lat' dir='ltr'><strong>finivit</strong></span> <span class='ocrx_word' id='word_1_210' title='bbox 3387 2432 3455 2486; x_wconf 82' lang='lat'><strong>&#39;°.</strong></span> <span class='ocrx_word' id='word_1_211' title='bbox 3489 2433 3547 2486; x_wconf 89' lang='lat' dir='ltr'><strong>ln</strong></span> <span class='ocrx_word' id='word_1_212' title='bbox 3580 2433 3717 2502; x_wconf 88' lang='lat' dir='ltr'><strong>ipsis</strong></span> <span class='ocrx_word' id='word_1_213' title='bbox 3771 2448 3959 2489; x_wconf 82' lang='lat' dir='ltr'><strong>autem</strong></span> 
     </span>
    </p>
   </div>
   <div class='ocr_carea' id='block_1_27' title="bbox 2395 2521 3969 2594">
    <p class='ocr_par' dir='ltr' id='par_1_27' title="bbox 2395 2521 3969 2594">
     <span class='ocr_line' id='line_1_27' title="bbox 2395 2521 3969 2594; baseline 0.001 -18"><span class='ocrx_word' id='word_1_214' title='bbox 2395 2524 2609 2588; x_wconf 86' lang='lat' dir='ltr'><strong>diebus,</strong></span> <span class='ocrx_word' id='word_1_215' title='bbox 2634 2524 2834 2594; x_wconf 84' lang='lat' dir='ltr'><strong>quibus</strong></span> <span class='ocrx_word' id='word_1_216' title='bbox 2858 2525 2983 2577; x_wconf 74' lang='lat' dir='ltr'><strong>vita:</strong></span> <span class='ocrx_word' id='word_1_217' title='bbox 3012 2521 3171 2577; x_wconf 84' lang='lat' dir='ltr'><strong>linem</strong></span> <span class='ocrx_word' id='word_1_218' title='bbox 3208 2522 3313 2576; x_wconf 88' lang='lat' dir='ltr'><strong>sibi</strong></span> <span class='ocrx_word' id='word_1_219' title='bbox 3344 2523 3627 2579; x_wconf 87' lang='lat' dir='ltr'><strong>imminere</strong></span> <span class='ocrx_word' id='word_1_220' title='bbox 3654 2528 3969 2594; x_wconf 49' lang='lat' dir='ltr'><strong>praesensit,</strong></span> 
     </span>
    </p>
   </div>
   <div class='ocr_carea' id='block_1_28' title="bbox 2396 2613 3969 2682">
    <p class='ocr_par' dir='ltr' id='par_1_28' title="bbox 2396 2613 3969 2682">
     <span class='ocr_line' id='line_1_28' title="bbox 2396 2613 3969 2682; baseline -0.003 -11"><span class='ocrx_word' id='word_1_221' title='bbox 2396 2616 2451 2671; x_wconf 90' lang='lat' dir='ltr'><strong>in</strong></span> <span class='ocrx_word' id='word_1_222' title='bbox 2497 2622 2768 2670; x_wconf 87' lang='lat' dir='ltr'><strong>conventu</strong></span> <span class='ocrx_word' id='word_1_223' title='bbox 2812 2613 3042 2667; x_wconf 83' lang='lat' dir='ltr'><strong>fratrum</strong></span> <span class='ocrx_word' id='word_1_224' title='bbox 3094 2613 3347 2682; x_wconf 87' lang='lat' dir='ltr'><strong>positus,</strong></span> <span class='ocrx_word' id='word_1_225' title='bbox 3407 2614 3744 2681; x_wconf 83' lang='lat' dir='ltr'><strong>apprehensa</strong></span> <span class='ocrx_word' id='word_1_226' title='bbox 3792 2629 3969 2668; x_wconf 87' lang='lat' dir='ltr'><strong>manu</strong></span> 
     </span>
    </p>
   </div>
   <div class='ocr_carea' id='block_1_29' title="bbox 2397 2702 3973 2772">
    <p class='ocr_par' dir='ltr' id='par_1_29' title="bbox 2397 2702 3973 2772">
     <span class='ocr_line' id='line_1_29' title="bbox 2397 2702 3973 2772; baseline 0.001 -14"><span class='ocrx_word' id='word_1_227' title='bbox 2397 2719 2536 2765; x_wconf 87' lang='lat' dir='ltr'><strong>mea,</strong></span> <span class='ocrx_word' id='word_1_228' title='bbox 2565 2712 2786 2772; x_wconf 89' lang='lat' dir='ltr'><strong>repente</strong></span> <span class='ocrx_word' id='word_1_229' title='bbox 2819 2717 3159 2771; x_wconf 78' lang='lat' dir='ltr'><strong>consurgens</strong></span> <span class='ocrx_word' id='word_1_230' title='bbox 3180 2740 3195 2763; x_wconf 84' lang='lat'><strong>,</strong></span> <span class='ocrx_word' id='word_1_231' title='bbox 3227 2702 3280 2755; x_wconf 89' lang='lat' dir='ltr'><strong>in</strong></span> <span class='ocrx_word' id='word_1_232' title='bbox 3311 2704 3538 2758; x_wconf 84' lang='lat' dir='ltr'><strong>auribus</strong></span> <span class='ocrx_word' id='word_1_233' title='bbox 3569 2704 3734 2759; x_wconf 85' lang='lat' dir='ltr'><strong>totius</strong></span> <span class='ocrx_word' id='word_1_234' title='bbox 3772 2703 3973 2761; x_wconf 73' lang='lat' dir='ltr'><strong>Eccle-</strong></span> 
     </span>
    </p>
   </div>
   <div class='ocr_carea' id='block_1_30' title="bbox 2395 2790 3973 2861">
    <p class='ocr_par' dir='ltr' id='par_1_30' title="bbox 2395 2790 3973 2861">
     <span class='ocr_line' id='line_1_30' title="bbox 2395 2790 3973 2861; baseline 0 -14"><span class='ocrx_word' id='word_1_235' title='bbox 2395 2793 2491 2848; x_wconf 76' lang='lat' dir='ltr'><strong>sia:</strong></span> <span class='ocrx_word' id='word_1_236' title='bbox 2533 2792 2647 2845; x_wconf 74' lang='lat' dir='ltr'><strong>hzec</strong></span> <span class='ocrx_word' id='word_1_237' title='bbox 2689 2792 2915 2861; x_wconf 87' lang='lat' dir='ltr'><strong>protulit</strong></span> <span class='ocrx_word' id='word_1_238' title='bbox 2966 2791 3127 2844; x_wconf 87' lang='lat' dir='ltr'><strong>verba</strong></span> <span class='ocrx_word' id='word_1_239' title='bbox 3166 2810 3178 2844; x_wconf 87' lang='lat'><strong>:</strong></span> <span class='ocrx_word' id='word_1_240' title='bbox 3224 2809 3243 2841; x_wconf 72' lang='grc' dir='ltr'>ι</span> <span class='ocrx_word' id='word_1_241' title='bbox 3288 2790 3486 2845; x_wconf 82' lang='lat' dir='ltr'><strong>Audite</strong></span> <span class='ocrx_word' id='word_1_242' title='bbox 3536 2807 3621 2845; x_wconf 90' lang='lat' dir='ltr'><strong>me</strong></span> <span class='ocrx_word' id='word_1_243' title='bbox 3662 2790 3870 2847; x_wconf 84' lang='lat' dir='ltr'><strong>fratres</strong></span> <span class='ocrx_word' id='word_1_244' title='bbox 3918 2803 3973 2847; x_wconf 87' lang='lat' dir='ltr'><strong>et</strong></span> 
     </span>
    </p>
   </div>
   <div class='ocr_carea' id='block_1_31' title="bbox 2394 2881 3971 2953">
    <p class='ocr_par' dir='ltr' id='par_1_31' title="bbox 2394 2881 3971 2953">
     <span class='ocr_line' id='line_1_31' title="bbox 2394 2881 3971 2953; baseline 0.001 -16"><span class='ocrx_word' id='word_1_245' title='bbox 2394 2882 2644 2937; x_wconf 80' lang='lat' dir='ltr'><strong>conservi</strong></span> <span class='ocrx_word' id='word_1_246' title='bbox 2676 2881 2780 2935; x_wconf 89' lang='lat' dir='ltr'><strong>mei</strong></span> <span class='ocrx_word' id='word_1_247' title='bbox 2810 2900 2823 2935; x_wconf 86' lang='lat'><strong>:</strong></span> <span class='ocrx_word' id='word_1_248' title='bbox 2853 2881 3135 2951; x_wconf 85' lang='lat' dir='ltr'><strong>quoniam,</strong></span> <span class='ocrx_word' id='word_1_249' title='bbox 3160 2889 3222 2935; x_wconf 89' lang='lat' dir='ltr'><strong>ut</strong></span> <span class='ocrx_word' id='word_1_250' title='bbox 3260 2882 3486 2937; x_wconf 88' lang='lat' dir='ltr'><strong>edoctus</strong></span> <span class='ocrx_word' id='word_1_251' title='bbox 3516 2898 3637 2937; x_wconf 90' lang='lat' dir='ltr'><strong>sum</strong></span> <span class='ocrx_word' id='word_1_252' title='bbox 3670 2884 3737 2937; x_wconf 89' lang='lat' dir='ltr'><strong>ab</strong></span> <span class='ocrx_word' id='word_1_253' title='bbox 3770 2899 3845 2938; x_wconf 80' lang='lat' dir='ltr'><strong>eo</strong></span> <span class='ocrx_word' id='word_1_254' title='bbox 3878 2887 3971 2953; x_wconf 88' lang='lat' dir='ltr'><strong>qui</strong></span> 
     </span>
    </p>
   </div>
   <div class='ocr_carea' id='block_1_32' title="bbox 2395 2973 3967 3043">
    <p class='ocr_par' dir='ltr' id='par_1_32' title="bbox 2395 2973 3967 3043">
     <span class='ocr_line' id='line_1_32' title="bbox 2395 2973 3967 3043; baseline 0.002 -16"><span class='ocrx_word' id='word_1_255' title='bbox 2395 2975 2545 3027; x_wconf 87' lang='lat' dir='ltr'><strong>misit</strong></span> <span class='ocrx_word' id='word_1_256' title='bbox 2578 2989 2692 3038; x_wconf 90' lang='lat' dir='ltr'><strong>me,</strong></span> <span class='ocrx_word' id='word_1_257' title='bbox 2728 2973 2958 3028; x_wconf 89' lang='lat' dir='ltr'><strong>Domino</strong></span> <span class='ocrx_word' id='word_1_258' title='bbox 2986 2983 3039 3028; x_wconf 77' lang='lat' dir='ltr'><strong>et.</strong></span> <span class='ocrx_word' id='word_1_259' title='bbox 3070 2976 3333 3043; x_wconf 80' lang='lat' dir='ltr'><strong>magistro</strong></span> <span class='ocrx_word' id='word_1_260' title='bbox 3377 2990 3497 3028; x_wconf 89' lang='lat' dir='ltr'><strong>meo</strong></span> <span class='ocrx_word' id='word_1_261' title='bbox 3536 2974 3664 3030; x_wconf 82' lang='lat' dir='ltr'><strong>Jcsu</strong></span> <span class='ocrx_word' id='word_1_262' title='bbox 3706 2976 3967 3039; x_wconf 86' lang='lat' dir='ltr'><strong>Christo,</strong></span> 
     </span>
    </p>
   </div>
   <div class='ocr_carea' id='block_1_33' title="bbox 2394 3065 3968 3135">
    <p class='ocr_par' dir='ltr' id='par_1_33' title="bbox 2394 3065 3968 3135">
     <span class='ocr_line' id='line_1_33' title="bbox 2394 3065 3968 3135; baseline 0 -16"><span class='ocrx_word' id='word_1_263' title='bbox 2394 3065 2511 3119; x_wconf 86' lang='lat' dir='ltr'><strong>dies</strong></span> <span class='ocrx_word' id='word_1_264' title='bbox 2541 3065 2732 3120; x_wconf 85' lang='lat' dir='ltr'><strong>mortis</strong></span> <span class='ocrx_word' id='word_1_265' title='bbox 2753 3081 2884 3119; x_wconf 67' lang='lat' dir='ltr'><strong>mere</strong></span> <span class='ocrx_word' id='word_1_266' title='bbox 2907 3066 3094 3128; x_wconf 81' lang='lat' dir='ltr'><strong>instat,</strong></span> <span class='ocrx_word' id='word_1_267' title='bbox 3115 3066 3447 3120; x_wconf 81' lang='lat' dir='ltr'><strong>Clmnentem</strong></span> <span class='ocrx_word' id='word_1_268' title='bbox 3484 3067 3625 3120; x_wconf 88' lang='lat' dir='ltr'><strong>hunc</strong></span> <span class='ocrx_word' id='word_1_269' title='bbox 3644 3069 3968 3135; x_wconf 69' lang='lat' dir='ltr'><strong>episcopum</strong></span> 
     </span>
    </p>
   </div>
   <div class='ocr_carea' id='block_1_34' title="bbox 2394 3155 3967 3223">
    <p class='ocr_par' dir='ltr' id='par_1_34' title="bbox 2394 3155 3967 3223">
     <span class='ocr_line' id='line_1_34' title="bbox 2394 3155 3967 3223; baseline 0.003 -16"><span class='ocrx_word' id='word_1_270' title='bbox 2394 3155 2548 3208; x_wconf 80' lang='lat' dir='ltr'><strong>vobis</strong></span> <span class='ocrx_word' id='word_1_271' title='bbox 2573 3156 2789 3221; x_wconf 79' lang='lat' dir='ltr'><strong>ordino,</strong></span> <span class='ocrx_word' id='word_1_272' title='bbox 2822 3158 2909 3209; x_wconf 90' lang='lat' dir='ltr'><strong>cui</strong></span> <span class='ocrx_word' id='word_1_273' title='bbox 2942 3157 3039 3211; x_wconf 91' lang='lat' dir='ltr'><strong>soli</strong></span> <span class='ocrx_word' id='word_1_274' title='bbox 3075 3173 3206 3210; x_wconf 68' lang='lat' dir='ltr'><strong>mete</strong></span> <span class='ocrx_word' id='word_1_275' title='bbox 3239 3158 3638 3223; x_wconf 75' lang='lat' dir='ltr'><strong>prredieationis</strong></span> <span class='ocrx_word' id='word_1_276' title='bbox 3669 3166 3721 3209; x_wconf 83' lang='lat' dir='ltr'><strong>et</strong></span> <span class='ocrx_word' id='word_1_277' title='bbox 3750 3160 3967 3212; x_wconf 78' lang='lat' dir='ltr'><strong>doctri-</strong></span> 
     </span>
    </p>
   </div>
   <div class='ocr_carea' id='block_1_35' title="bbox 2396 3247 3969 3319">
    <p class='ocr_par' dir='ltr' id='par_1_35' title="bbox 2396 3247 3969 3319">
     <span class='ocr_line' id='line_1_35' title="bbox 2396 3247 3969 3319; baseline 0.002 -19"><span class='ocrx_word' id='word_1_278' title='bbox 2396 3263 2475 3301; x_wconf 59' lang='lat' dir='ltr'><strong>nae</strong></span> <span class='ocrx_word' id='word_1_279' title='bbox 2539 3247 2850 3301; x_wconf 87' lang='lat' dir='ltr'><strong>cathedram</strong></span> <span class='ocrx_word' id='word_1_280' title='bbox 2909 3249 3066 3301; x_wconf 85' lang='lat' dir='ltr'><strong>trado</strong></span> <span class='ocrx_word' id='word_1_281' title='bbox 3094 3249 3135 3278; x_wconf 82' lang='grc'>⁸¹</span> <span class='ocrx_word' id='word_1_282' title='bbox 3173 3267 3185 3301; x_wconf 87' lang='lat'><strong>:</strong></span> <span class='ocrx_word' id='word_1_283' title='bbox 3221 3250 3311 3316; x_wconf 85' lang='lat' dir='ltr'><strong>qui</strong></span> <span class='ocrx_word' id='word_1_284' title='bbox 3337 3249 3466 3301; x_wconf 87' lang='lat' dir='ltr'><strong>mihi</strong></span> <span class='ocrx_word' id='word_1_285' title='bbox 3500 3251 3566 3302; x_wconf 91' lang='lat' dir='ltr'><strong>ab</strong></span> <span class='ocrx_word' id='word_1_286' title='bbox 3596 3249 3751 3302; x_wconf 88' lang='lat' dir='ltr'><strong>initio</strong></span> <span class='ocrx_word' id='word_1_287' title='bbox 3782 3266 3969 3319; x_wconf 85' lang='lat' dir='ltr'><strong>usque</strong></span> 
     </span>
    </p>
   </div>
   <div class='ocr_carea' id='block_1_36' title="bbox 2391 3339 3970 3409">
    <p class='ocr_par' dir='ltr' id='par_1_36' title="bbox 2391 3339 3970 3409">
     <span class='ocr_line' id='line_1_36' title="bbox 2391 3339 3970 3409; baseline 0.001 -17"><span class='ocrx_word' id='word_1_288' title='bbox 2391 3340 2448 3393; x_wconf 88' lang='lat' dir='ltr'><strong>in</strong></span> <span class='ocrx_word' id='word_1_289' title='bbox 2482 3339 2641 3393; x_wconf 82' lang='lat' dir='ltr'><strong>linem</strong></span> <span class='ocrx_word' id='word_1_290' title='bbox 2672 3356 2858 3394; x_wconf 90' lang='lat' dir='ltr'><strong>eomes</strong></span> <span class='ocrx_word' id='word_1_291' title='bbox 2882 3341 2936 3393; x_wconf 90' lang='lat' dir='ltr'><strong>in</strong></span> <span class='ocrx_word' id='word_1_292' title='bbox 2976 3341 3231 3394; x_wconf 82' lang='lat' dir='ltr'><strong>omnibus</strong></span> <span class='ocrx_word' id='word_1_293' title='bbox 3262 3340 3383 3400; x_wconf 87' lang='lat' dir='ltr'><strong>fuit,</strong></span> <span class='ocrx_word' id='word_1_294' title='bbox 3410 3347 3464 3393; x_wconf 92' lang='lat' dir='ltr'><strong>et</strong></span> <span class='ocrx_word' id='word_1_295' title='bbox 3492 3356 3587 3409; x_wconf 87' lang='lat' dir='ltr'><strong>per</strong></span> <span class='ocrx_word' id='word_1_296' title='bbox 3612 3341 3712 3394; x_wconf 75' lang='lat' dir='ltr'><strong>hoc</strong></span> <span class='ocrx_word' id='word_1_297' title='bbox 3753 3345 3970 3395; x_wconf 83' lang='lat' dir='ltr'><strong>verita-</strong></span> 
     </span>
    </p>
   </div>
   <div class='ocr_carea' id='block_1_37' title="bbox 2390 3430 3971 3500">
    <p class='ocr_par' dir='ltr' id='par_1_37' title="bbox 2390 3430 3971 3500">
     <span class='ocr_line' id='line_1_37' title="bbox 2390 3430 3971 3500; baseline 0 -18"><span class='ocrx_word' id='word_1_298' title='bbox 2390 3438 2499 3483; x_wconf 88' lang='lat' dir='ltr'><strong>tem</strong></span> <span class='ocrx_word' id='word_1_299' title='bbox 2543 3431 2709 3485; x_wconf 87' lang='lat' dir='ltr'><strong>totius</strong></span> <span class='ocrx_word' id='word_1_300' title='bbox 2742 3447 2871 3484; x_wconf 78' lang='lat' dir='ltr'><strong>meze</strong></span> <span class='ocrx_word' id='word_1_301' title='bbox 2903 3430 3307 3499; x_wconf 60' lang='lat' dir='ltr'><strong>praedicationis</strong></span> <span class='ocrx_word' id='word_1_302' title='bbox 3332 3430 3549 3499; x_wconf 73' lang='lat' dir='ltr'><strong>agnovit</strong></span> <span class='ocrx_word' id='word_1_303' title='bbox 3586 3450 3597 3483; x_wconf 87' lang='lat'><strong>:</strong></span> <span class='ocrx_word' id='word_1_304' title='bbox 3634 3432 3721 3500; x_wconf 88' lang='lat' dir='ltr'><strong>qui</strong></span> <span class='ocrx_word' id='word_1_305' title='bbox 3758 3432 3823 3484; x_wconf 91' lang='lat' dir='ltr'><strong>in</strong></span> <span class='ocrx_word' id='word_1_306' title='bbox 3850 3447 3971 3483; x_wconf 89' lang='lat' dir='ltr'><strong>om-</strong></span> 
     </span>
    </p>
   </div>
   <div class='ocr_carea' id='block_1_38' title="bbox 2392 3520 3971 3582">
    <p class='ocr_par' dir='ltr' id='par_1_38' title="bbox 2392 3520 3971 3582">
     <span class='ocr_line' id='line_1_38' title="bbox 2392 3520 3971 3582; baseline -0.001 -7"><span class='ocrx_word' id='word_1_307' title='bbox 2392 3522 2558 3575; x_wconf 88' lang='lat' dir='ltr'><strong>nibus</strong></span> <span class='ocrx_word' id='word_1_308' title='bbox 2590 3522 2990 3577; x_wconf 85' lang='lat' dir='ltr'><strong>tentationibus</strong></span> <span class='ocrx_word' id='word_1_309' title='bbox 3034 3521 3169 3575; x_wconf 88' lang='lat' dir='ltr'><strong>meis</strong></span> <span class='ocrx_word' id='word_1_310' title='bbox 3213 3521 3398 3573; x_wconf 85' lang='lat' dir='ltr'><strong>socius</strong></span> <span class='ocrx_word' id='word_1_311' title='bbox 3442 3522 3683 3582; x_wconf 77' lang='lat' dir='ltr'><strong>exstitit,</strong></span> <span class='ocrx_word' id='word_1_312' title='bbox 3728 3520 3971 3575; x_wconf 81' lang='lat' dir='ltr'><strong>ﬁdeliter</strong></span> 
     </span>
    </p>
   </div>
   <div class='ocr_carea' id='block_1_39' title="bbox 727 3596 3967 3681">
    <p class='ocr_par' dir='ltr' id='par_1_39' title="bbox 727 3596 3967 3681">
     <span class='ocr_line' id='line_1_39' title="bbox 727 3596 3967 3681; baseline 0.003 -30"><span class='ocrx_word' id='word_1_313' title='bbox 727 3604 871 3659; x_wconf 87' lang='lat' dir='ltr'><strong>ctus,</strong></span> <span class='ocrx_word' id='word_1_314' title='bbox 904 3605 957 3651; x_wconf 75' lang='lat' dir='ltr'><strong>et</strong></span> <span class='ocrx_word' id='word_1_315' title='bbox 984 3597 1212 3651; x_wconf 86' lang='lat' dir='ltr'><strong>conviva</strong></span> <span class='ocrx_word' id='word_1_316' title='bbox 1241 3596 1454 3651; x_wconf 81' lang='lat' dir='ltr'><strong>Domini</strong></span> <span class='ocrx_word' id='word_1_317' title='bbox 1483 3607 1537 3652; x_wconf 90' lang='lat' dir='ltr'><strong>et</strong></span> <span class='ocrx_word' id='word_1_318' title='bbox 1566 3612 1749 3654; x_wconf 89' lang='lat' dir='ltr'><strong>comes</strong></span> <span class='ocrx_word' id='word_1_319' title='bbox 1766 3598 2011 3663; x_wconf 59' lang='lat' dir='ltr'><strong>(illectus,</strong></span> <span class='ocrx_word' id='word_1_320' title='bbox 2032 3610 2287 3671; x_wconf 78' lang='lat' dir='ltr'><strong>tanquam</strong></span> <span class='ocrx_word' id='word_1_321' title='bbox 2320 3605 2360 3659; x_wconf 83' lang='grc' dir='ltr'><strong>Β</strong></span> <span class='ocrx_word' id='word_1_322' title='bbox 2394 3626 2753 3680; x_wconf 78' lang='lat' dir='ltr'><strong>perseverans</strong></span> <span class='ocrx_word' id='word_1_323' title='bbox 2782 3628 2975 3681; x_wconf 81' lang='lat' dir='ltr'><strong>:quem</strong></span> <span class='ocrx_word' id='word_1_324' title='bbox 3005 3627 3115 3681; x_wconf 67' lang='lat' dir='ltr'><strong>prm</strong></span> <span class='ocrx_word' id='word_1_325' title='bbox 3131 3612 3338 3665; x_wconf 56' lang='grc' dir='ltr'><strong>αιτιοι-15</strong></span> <span class='ocrx_word' id='word_1_326' title='bbox 3360 3620 3617 3678; x_wconf 82' lang='lat' dir='ltr'><strong>expertus</strong></span> <span class='ocrx_word' id='word_1_327' title='bbox 3647 3626 3763 3664; x_wconf 84' lang='lat' dir='ltr'><strong>sum</strong></span> <span class='ocrx_word' id='word_1_328' title='bbox 3784 3610 3967 3666; x_wconf 84' lang='lat' dir='ltr'><strong>Deum</strong></span> 
     </span>
    </p>
   </div>
   <div class='ocr_carea' id='block_1_40' title="bbox 726 3686 2294 3760">
    <p class='ocr_par' dir='ltr' id='par_1_40' title="bbox 726 3686 2294 3760">
     <span class='ocr_line' id='line_1_40' title="bbox 726 3686 2294 3760; baseline 0.001 -19"><span class='ocrx_word' id='word_1_329' title='bbox 726 3686 904 3743; x_wconf 80' lang='lat' dir='ltr'><strong>bonus</strong></span> <span class='ocrx_word' id='word_1_330' title='bbox 943 3694 998 3741; x_wconf 88' lang='lat' dir='ltr'><strong>et</strong></span> <span class='ocrx_word' id='word_1_331' title='bbox 1041 3687 1462 3757; x_wconf 80' lang='lat' dir='ltr'><strong>probatissimos</strong></span> <span class='ocrx_word' id='word_1_332' title='bbox 1509 3687 1837 3758; x_wconf 86' lang='lat' dir='ltr'><strong>discipulus,</strong></span> <span class='ocrx_word' id='word_1_333' title='bbox 1871 3692 1966 3760; x_wconf 88' lang='lat' dir='ltr'><strong>qui</strong></span> <span class='ocrx_word' id='word_1_334' title='bbox 2008 3692 2294 3747; x_wconf 80' lang='lat' dir='ltr'><strong>obscurio-</strong></span> 
     </span>
    </p>
   </div>
   <div class='ocr_carea' id='block_1_41' title="bbox 727 3776 2291 3852">
    <p class='ocr_par' dir='ltr' id='par_1_41' title="bbox 727 3776 2291 3852">
     <span class='ocr_line' id='line_1_41' title="bbox 727 3776 2291 3852; baseline 0.003 -20"><span class='ocrx_word' id='word_1_335' title='bbox 727 3793 840 3832; x_wconf 83' lang='lat' dir='ltr'><strong>rem</strong></span> <span class='ocrx_word' id='word_1_336' title='bbox 869 3777 1054 3832; x_wconf 90' lang='lat' dir='ltr'><strong>mundi</strong></span> <span class='ocrx_word' id='word_1_337' title='bbox 1086 3778 1298 3848; x_wconf 81' lang='lat' dir='ltr'><strong>plagam</strong></span> <span class='ocrx_word' id='word_1_338' title='bbox 1324 3776 1636 3834; x_wconf 87' lang='lat' dir='ltr'><strong>Occidentis</strong></span> <span class='ocrx_word' id='word_1_339' title='bbox 1683 3778 1864 3849; x_wconf 87' lang='lat' dir='ltr'><strong>(velut</strong></span> <span class='ocrx_word' id='word_1_340' title='bbox 1906 3782 2146 3836; x_wconf 90' lang='lat' dir='ltr'><strong>omnium</strong></span> <span class='ocrx_word' id='word_1_341' title='bbox 2191 3799 2291 3852; x_wconf 83' lang='lat' dir='ltr'><strong>po-</strong></span> 
     </span>
    </p>
   </div>
   <div class='ocr_carea' id='block_1_42' title="bbox 724 3867 2288 3944">
    <p class='ocr_par' dir='ltr' id='par_1_42' title="bbox 724 3867 2288 3944">
     <span class='ocr_line' id='line_1_42' title="bbox 724 3867 2288 3944; baseline 0.004 -22"><span class='ocrx_word' id='word_1_342' title='bbox 724 3867 950 3940; x_wconf 84' lang='lat' dir='ltr'><strong>tentior)</strong></span> <span class='ocrx_word' id='word_1_343' title='bbox 983 3869 1290 3925; x_wconf 87' lang='lat' dir='ltr'><strong>illuminare</strong></span> <span class='ocrx_word' id='word_1_344' title='bbox 1318 3879 1620 3941; x_wconf 67' lang='lat' dir='ltr'><strong>praeceptus</strong></span> <span class='ocrx_word' id='word_1_345' title='bbox 1649 3880 1753 3940; x_wconf 90' lang='lat' dir='ltr'><strong>est,</strong></span> <span class='ocrx_word' id='word_1_346' title='bbox 1784 3874 1985 3943; x_wconf 90' lang='lat' dir='ltr'><strong>quique</strong></span> <span class='ocrx_word' id='word_1_347' title='bbox 2012 3883 2065 3928; x_wconf 89' lang='lat' dir='ltr'><strong>et</strong></span> <span class='ocrx_word' id='word_1_348' title='bbox 2084 3874 2288 3944; x_wconf 79' lang='lat' dir='ltr'><strong>integre</strong></span> 
     </span>
    </p>
   </div>
   <div class='ocr_carea' id='block_1_43' title="bbox 724 3959 2289 4033">
    <p class='ocr_par' dir='ltr' id='par_1_43' title="bbox 724 3959 2289 4033">
     <span class='ocr_line' id='line_1_43' title="bbox 724 3959 2289 4033; baseline 0.003 -21"><span class='ocrx_word' id='word_1_349' title='bbox 724 3959 902 4029; x_wconf 82' lang='lat' dir='ltr'><strong>potuit</strong></span> <span class='ocrx_word' id='word_1_350' title='bbox 945 3960 1172 4030; x_wconf 86' lang='lat' dir='ltr'><strong>implere</strong></span> <span class='ocrx_word' id='word_1_351' title='bbox 1212 3968 1558 4031; x_wconf 53' lang='lat' dir='ltr'><strong>praeceptum.</strong></span> <span class='ocrx_word' id='word_1_352' title='bbox 1611 3961 1721 4017; x_wconf 88' lang='lat' dir='ltr'><strong>Sed</strong></span> <span class='ocrx_word' id='word_1_353' title='bbox 1761 3979 2045 4033; x_wconf 80' lang='lat' dir='ltr'><strong>quousque</strong></span> <span class='ocrx_word' id='word_1_354' title='bbox 2080 3978 2289 4018; x_wconf 86' lang='lat' dir='ltr'><strong>sermo-</strong></span> 
     </span>
    </p>
   </div>
   <div class='ocr_carea' id='block_1_44' title="bbox 726 4051 2285 4123">
    <p class='ocr_par' dir='ltr' id='par_1_44' title="bbox 726 4051 2285 4123">
     <span class='ocr_line' id='line_1_44' title="bbox 726 4051 2285 4123; baseline 0.002 -19"><span class='ocrx_word' id='word_1_355' title='bbox 726 4066 851 4105; x_wconf 88' lang='lat' dir='ltr'><strong>nem</strong></span> <span class='ocrx_word' id='word_1_356' title='bbox 881 4051 1143 4120; x_wconf 85' lang='lat' dir='ltr'><strong>protraho</strong></span> <span class='ocrx_word' id='word_1_357' title='bbox 1168 4090 1185 4113; x_wconf 83' lang='lat'><strong>.</strong></span> <span class='ocrx_word' id='word_1_358' title='bbox 1228 4051 1506 4123; x_wconf 72' lang='lat' dir='ltr'><strong>refugiens</strong></span> <span class='ocrx_word' id='word_1_359' title='bbox 1548 4054 1789 4109; x_wconf 87' lang='lat' dir='ltr'><strong>indicare</strong></span> <span class='ocrx_word' id='word_1_360' title='bbox 1816 4055 1958 4123; x_wconf 90' lang='lat' dir='ltr'><strong>quod</strong></span> <span class='ocrx_word' id='word_1_361' title='bbox 1985 4055 2141 4109; x_wconf 86' lang='lat' dir='ltr'><strong>triste</strong></span> <span class='ocrx_word' id='word_1_362' title='bbox 2167 4063 2250 4109; x_wconf 90' lang='lat' dir='ltr'><strong>est</strong></span> <span class='ocrx_word' id='word_1_363' title='bbox 2270 4095 2285 4117; x_wconf 87' lang='lat'><strong>,</strong></span> 
     </span>
    </p>
   </div>
   <div class='ocr_carea' id='block_1_45' title="bbox 723 4143 2287 4217">
    <p class='ocr_par' dir='ltr' id='par_1_45' title="bbox 723 4143 2287 4217">
     <span class='ocr_line' id='line_1_45' title="bbox 723 4143 2287 4217; baseline 0.005 -22"><span class='ocrx_word' id='word_1_364' title='bbox 723 4143 869 4212; x_wconf 91' lang='lat' dir='ltr'><strong>quod</strong></span> <span class='ocrx_word' id='word_1_365' title='bbox 893 4143 1110 4213; x_wconf 88' lang='lat' dir='ltr'><strong>quidem</strong></span> <span class='ocrx_word' id='word_1_366' title='bbox 1146 4159 1368 4199; x_wconf 89' lang='lat' dir='ltr'><strong>necesse</strong></span> <span class='ocrx_word' id='word_1_367' title='bbox 1396 4154 1499 4209; x_wconf 86' lang='lat' dir='ltr'><strong>est,</strong></span> <span class='ocrx_word' id='word_1_368' title='bbox 1533 4146 1657 4201; x_wconf 86' lang='lat' dir='ltr'><strong>licet</strong></span> <span class='ocrx_word' id='word_1_369' title='bbox 1685 4148 1857 4210; x_wconf 87' lang='lat' dir='ltr'><strong>tarde,</strong></span> <span class='ocrx_word' id='word_1_370' title='bbox 1890 4149 2168 4217; x_wconf 86' lang='lat' dir='ltr'><strong>proferre?</strong></span> <span class='ocrx_word' id='word_1_371' title='bbox 2192 4149 2287 4203; x_wconf 91' lang='lat' dir='ltr'><strong>llic</strong></span> 
     </span>
    </p>
   </div>
   <div class='ocr_carea' id='block_1_46' title="bbox 723 4237 2285 4311">
    <p class='ocr_par' dir='ltr' id='par_1_46' title="bbox 723 4237 2285 4311">
     <span class='ocr_line' id='line_1_46' title="bbox 723 4237 2285 4311; baseline 0.006 -20"><span class='ocrx_word' id='word_1_372' title='bbox 723 4238 961 4307; x_wconf 87' lang='lat' dir='ltr'><strong>denique</strong></span> <span class='ocrx_word' id='word_1_373' title='bbox 998 4240 1114 4307; x_wconf 83' lang='lat' dir='ltr'><strong>ipse</strong></span> <span class='ocrx_word' id='word_1_374' title='bbox 1140 4237 1371 4304; x_wconf 86' lang='lat' dir='ltr'><strong>Petrus,</strong></span> <span class='ocrx_word' id='word_1_375' title='bbox 1410 4243 1503 4311; x_wconf 91' lang='lat' dir='ltr'><strong>qui</strong></span> <span class='ocrx_word' id='word_1_376' title='bbox 1548 4257 1647 4311; x_wconf 91' lang='lat' dir='ltr'><strong>pro</strong></span> <span class='ocrx_word' id='word_1_377' title='bbox 1680 4242 1942 4299; x_wconf 80' lang='lat' dir='ltr'><strong>immensa</strong></span> <span class='ocrx_word' id='word_1_378' title='bbox 1980 4246 2246 4300; x_wconf 87' lang='lat' dir='ltr'><strong>eharitate</strong></span> <span class='ocrx_word' id='word_1_379' title='bbox 2271 4287 2285 4309; x_wconf 91' lang='lat'><strong>,</strong></span> 
     </span>
    </p>
   </div>
   <div class='ocr_carea' id='block_1_47' title="bbox 721 4334 2287 4407">
    <p class='ocr_par' dir='ltr' id='par_1_47' title="bbox 721 4334 2287 4407">
     <span class='ocr_line' id='line_1_47' title="bbox 721 4334 2287 4407; baseline 0.007 -25"><span class='ocrx_word' id='word_1_380' title='bbox 721 4346 887 4399; x_wconf 85' lang='lat' dir='ltr'><strong>quam</strong></span> <span class='ocrx_word' id='word_1_381' title='bbox 931 4348 1060 4399; x_wconf 80' lang='lat' dir='ltr'><strong>erga</strong></span> <span class='ocrx_word' id='word_1_382' title='bbox 1109 4347 1301 4387; x_wconf 88' lang='lat' dir='ltr'><strong>omnes</strong></span> <span class='ocrx_word' id='word_1_383' title='bbox 1348 4334 1599 4388; x_wconf 90' lang='lat' dir='ltr'><strong>homines</strong></span> <span class='ocrx_word' id='word_1_384' title='bbox 1634 4339 1891 4404; x_wconf 78' lang='lat' dir='ltr'><strong>gerebat,</strong></span> <span class='ocrx_word' id='word_1_385' title='bbox 1940 4339 2118 4407; x_wconf 86' lang='lat' dir='ltr'><strong>palam</strong></span> <span class='ocrx_word' id='word_1_386' title='bbox 2162 4355 2287 4393; x_wconf 81' lang='lat' dir='ltr'><strong>eum</strong></span> 
     </span>
    </p>
   </div>
   <div class='ocr_carea' id='block_1_48' title="bbox 722 4421 2289 4499">
    <p class='ocr_par' dir='ltr' id='par_1_48' title="bbox 722 4421 2289 4499">
     <span class='ocr_line' id='line_1_48' title="bbox 722 4421 2289 4499; baseline 0.006 -23"><span class='ocrx_word' id='word_1_387' title='bbox 722 4423 873 4476; x_wconf 90' lang='lat' dir='ltr'><strong>omni</strong></span> <span class='ocrx_word' id='word_1_388' title='bbox 936 4421 1136 4476; x_wconf 81' lang='lat' dir='ltr'><strong>fiducia</strong></span> <span class='ocrx_word' id='word_1_389' title='bbox 1196 4424 1557 4491; x_wconf 85' lang='lat' dir='ltr'><strong>(adversante</strong></span> <span class='ocrx_word' id='word_1_390' title='bbox 1609 4428 1769 4481; x_wconf 88' lang='lat' dir='ltr'><strong>etiam</strong></span> <span class='ocrx_word' id='word_1_391' title='bbox 1839 4436 2072 4499; x_wconf 76' lang='lat' dir='ltr'><strong>tyranno</strong></span> <span class='ocrx_word' id='word_1_392' title='bbox 2122 4434 2289 4485; x_wconf 89' lang='lat' dir='ltr'><strong>totius</strong></span> 
     </span>
    </p>
   </div>
   <div class='ocr_carea' id='block_1_49' title="bbox 722 4512 2285 4590">
    <p class='ocr_par' dir='ltr' id='par_1_49' title="bbox 722 4512 2285 4590">
     <span class='ocr_line' id='line_1_49' title="bbox 722 4512 2285 4590; baseline 0.004 -23"><span class='ocrx_word' id='word_1_393' title='bbox 722 4512 935 4581; x_wconf 85' lang='lat' dir='ltr'><strong>Inundi)</strong></span> <span class='ocrx_word' id='word_1_394' title='bbox 962 4513 1163 4567; x_wconf 89' lang='lat' dir='ltr'><strong>bonum</strong></span> <span class='ocrx_word' id='word_1_395' title='bbox 1188 4516 1482 4583; x_wconf 67' lang='lat' dir='ltr'><strong>prmdicare</strong></span> <span class='ocrx_word' id='word_1_396' title='bbox 1505 4532 1613 4571; x_wconf 90' lang='lat' dir='ltr'><strong>non</strong></span> <span class='ocrx_word' id='word_1_397' title='bbox 1641 4518 1869 4580; x_wconf 84' lang='lat' dir='ltr'><strong>destitit,</strong></span> <span class='ocrx_word' id='word_1_398' title='bbox 1891 4530 1944 4575; x_wconf 90' lang='lat' dir='ltr'><strong>et</strong></span> <span class='ocrx_word' id='word_1_399' title='bbox 1968 4538 2145 4590; x_wconf 82' lang='lat' dir='ltr'><strong>regem</strong></span> <span class='ocrx_word' id='word_1_400' title='bbox 2178 4538 2285 4573; x_wconf 88' lang='lat' dir='ltr'><strong>om-</strong></span> 
     </span>
    </p>
   </div>
   <div class='ocr_carea' id='block_1_50' title="bbox 724 4604 2288 4681">
    <p class='ocr_par' dir='ltr' id='par_1_50' title="bbox 724 4604 2288 4681">
     <span class='ocr_line' id='line_1_50' title="bbox 724 4604 2288 4681; baseline 0.004 -25"><span class='ocrx_word' id='word_1_401' title='bbox 724 4604 873 4657; x_wconf 90' lang='lat' dir='ltr'><strong>nium</strong></span> <span class='ocrx_word' id='word_1_402' title='bbox 904 4604 1227 4659; x_wconf 56' lang='lat' dir='ltr'><strong>saeculorum</strong></span> <span class='ocrx_word' id='word_1_403' title='bbox 1251 4620 1347 4674; x_wconf 89' lang='lat' dir='ltr'><strong>per</strong></span> <span class='ocrx_word' id='word_1_404' title='bbox 1372 4607 1557 4663; x_wconf 89' lang='lat' dir='ltr'><strong>orbem</strong></span> <span class='ocrx_word' id='word_1_405' title='bbox 1590 4606 1751 4665; x_wconf 71' lang='lat' dir='ltr'><strong>terris</strong></span> <span class='ocrx_word' id='word_1_406' title='bbox 1771 4651 1785 4673; x_wconf 86' lang='lat'><strong>,</strong></span> <span class='ocrx_word' id='word_1_407' title='bbox 1830 4620 1883 4665; x_wconf 88' lang='lat' dir='ltr'><strong>et</strong></span> <span class='ocrx_word' id='word_1_408' title='bbox 1906 4628 2078 4681; x_wconf 90' lang='lat' dir='ltr'><strong>usque</strong></span> <span class='ocrx_word' id='word_1_409' title='bbox 2106 4612 2171 4666; x_wconf 87' lang='lat' dir='ltr'><strong>ad</strong></span> <span class='ocrx_word' id='word_1_410' title='bbox 2204 4614 2288 4680; x_wconf 71' lang='lat' dir='ltr'><strong>ip.-</strong></span> 
     </span>
    </p>
   </div>
   <div class='ocr_carea' id='block_1_51' title="bbox 799 4805 1011 4858">
    <p class='ocr_par' dir='ltr' id='par_1_51' title="bbox 799 4805 1011 4858">
     <span class='ocr_line' id='line_1_51' title="bbox 799 4805 1011 4858; baseline -0.024 1"><span class='ocrx_word' id='word_1_411' title='bbox 799 4805 845 4836; x_wconf 74' lang='grc'><strong>⁸⁸</strong></span> <span class='ocrx_word' id='word_1_412' title='bbox 884 4805 1011 4858; x_wconf 74' lang='lat' dir='ltr'><strong>Vide</strong></span> 
     </span>
    </p>
   </div>
   <div class='ocr_carea' id='block_1_52' title="bbox 1046 4805 3657 4876">
    <p class='ocr_par' dir='ltr' id='par_1_52' title="bbox 1046 4805 3657 4876">
     <span class='ocr_line' id='line_1_52' title="bbox 1046 4805 3657 4876; baseline 0.001 -18"><span class='ocrx_word' id='word_1_413' title='bbox 1046 4806 1197 4876; x_wconf 74' lang='lat' dir='ltr'><strong>pr_:ef.</strong></span> <span class='ocrx_word' id='word_1_414' title='bbox 1230 4806 1282 4859; x_wconf 92' lang='lat' dir='ltr'><strong>in</strong></span> <span class='ocrx_word' id='word_1_415' title='bbox 1316 4805 1539 4874; x_wconf 82' lang='lat' dir='ltr'><strong>Remgn.</strong></span> <span class='ocrx_word' id='word_1_416' title='bbox 1582 4806 1647 4859; x_wconf 84' lang='lat' dir='ltr'><strong>ad</strong></span> <span class='ocrx_word' id='word_1_417' title='bbox 1672 4806 2055 4871; x_wconf 87' lang='lat' dir='ltr'><strong>Gaudentium,</strong></span> <span class='ocrx_word' id='word_1_418' title='bbox 2085 4806 2175 4860; x_wconf 86' lang='lat' dir='ltr'><strong>ubi</strong></span> <span class='ocrx_word' id='word_1_419' title='bbox 2211 4808 2285 4859; x_wconf 86' lang='lat' dir='ltr'><strong>ait</strong></span> <span class='ocrx_word' id='word_1_420' title='bbox 2313 4808 2452 4861; x_wconf 88' lang='lat' dir='ltr'><strong>hanc</strong></span> <span class='ocrx_word' id='word_1_421' title='bbox 2484 4824 2511 4860; x_wconf 92' lang='lat' dir='ltr'><strong>a</strong></span> <span class='ocrx_word' id='word_1_422' title='bbox 2556 4823 2612 4860; x_wconf 88' lang='lat' dir='ltr'><strong>se</strong></span> <span class='ocrx_word' id='word_1_423' title='bbox 2646 4807 2771 4859; x_wconf 92' lang='lat' dir='ltr'><strong>olim</strong></span> <span class='ocrx_word' id='word_1_424' title='bbox 2817 4808 3213 4876; x_wconf 77' lang='lat' dir='ltr'><strong>interpretatum</strong></span> <span class='ocrx_word' id='word_1_425' title='bbox 3246 4818 3405 4873; x_wconf 84' lang='lat' dir='ltr'><strong>atque</strong></span> <span class='ocrx_word' id='word_1_426' title='bbox 3440 4812 3657 4860; x_wconf 78' lang='lat' dir='ltr'><strong>editam.</strong></span> 
     </span>
    </p>
   </div>
   <div class='ocr_carea' id='block_1_53' title="bbox 2396 3702 3965 3772">
    <p class='ocr_par' dir='ltr' id='par_1_53' title="bbox 2396 3702 3965 3772">
     <span class='ocr_line' id='line_1_53' title="bbox 2396 3702 3965 3772; baseline -0.001 -16"><span class='ocrx_word' id='word_1_427' title='bbox 2396 3703 2697 3763; x_wconf 83' lang='lat' dir='ltr'><strong>colentem,</strong></span> <span class='ocrx_word' id='word_1_428' title='bbox 2740 3702 2986 3757; x_wconf 87' lang='lat' dir='ltr'><strong>homines</strong></span> <span class='ocrx_word' id='word_1_429' title='bbox 3029 3703 3377 3772; x_wconf 79' lang='lat' dir='ltr'><strong>diligentem,</strong></span> <span class='ocrx_word' id='word_1_430' title='bbox 3421 3711 3666 3764; x_wconf 90' lang='lat' dir='ltr'><strong>castum,</strong></span> <span class='ocrx_word' id='word_1_431' title='bbox 3710 3704 3965 3757; x_wconf 81' lang='lat' dir='ltr'><strong>discendi</strong></span> 
     </span>
    </p>
   </div>
   <div class='ocr_carea' id='block_1_54' title="bbox 2396 3790 3965 3862">
    <p class='ocr_par' dir='ltr' id='par_1_54' title="bbox 2396 3790 3965 3862">
     <span class='ocr_line' id='line_1_54' title="bbox 2396 3790 3965 3862; baseline -0.001 -15"><span class='ocrx_word' id='word_1_432' title='bbox 2396 3794 2595 3847; x_wconf 86' lang='lat' dir='ltr'><strong>studiis</strong></span> <span class='ocrx_word' id='word_1_433' title='bbox 2622 3792 2885 3853; x_wconf 90' lang='lat' dir='ltr'><strong>deditum,</strong></span> <span class='ocrx_word' id='word_1_434' title='bbox 2924 3790 3191 3854; x_wconf 82' lang='lat' dir='ltr'><strong>sobrium,</strong></span> <span class='ocrx_word' id='word_1_435' title='bbox 3228 3792 3520 3862; x_wconf 80' lang='lat' dir='ltr'><strong>benignum</strong></span> <span class='ocrx_word' id='word_1_436' title='bbox 3543 3832 3557 3855; x_wconf 90' lang='lat'><strong>,</strong></span> <span class='ocrx_word' id='word_1_437' title='bbox 3584 3792 3788 3859; x_wconf 87' lang='lat' dir='ltr'><strong>justum</strong></span> <span class='ocrx_word' id='word_1_438' title='bbox 3816 3834 3833 3855; x_wconf 86' lang='lat'><strong>,</strong></span> <span class='ocrx_word' id='word_1_439' title='bbox 3871 3809 3965 3861; x_wconf 81' lang='lat' dir='ltr'><strong>pa-</strong></span> 
     </span>
    </p>
   </div>
   <div class='ocr_carea' id='block_1_55' title="bbox 2393 3882 3962 3949">
    <p class='ocr_par' dir='ltr' id='par_1_55' title="bbox 2393 3882 3962 3949">
     <span class='ocr_line' id='line_1_55' title="bbox 2393 3882 3962 3949; baseline 0.001 -14"><span class='ocrx_word' id='word_1_440' title='bbox 2393 3884 2619 3937; x_wconf 86' lang='lat' dir='ltr'><strong>tientem</strong></span> <span class='ocrx_word' id='word_1_441' title='bbox 2644 3924 2656 3944; x_wconf 92' lang='lat'><strong>,</strong></span> <span class='ocrx_word' id='word_1_442' title='bbox 2685 3893 2739 3937; x_wconf 88' lang='lat' dir='ltr'><strong>et</strong></span> <span class='ocrx_word' id='word_1_443' title='bbox 2768 3885 3025 3937; x_wconf 90' lang='lat' dir='ltr'><strong>scientem</strong></span> <span class='ocrx_word' id='word_1_444' title='bbox 3062 3883 3200 3937; x_wconf 88' lang='lat' dir='ltr'><strong>ferre</strong></span> <span class='ocrx_word' id='word_1_445' title='bbox 3241 3882 3623 3936; x_wconf 88' lang='lat' dir='ltr'><strong>nonnullorum</strong></span> <span class='ocrx_word' id='word_1_446' title='bbox 3664 3883 3853 3949; x_wconf 85' lang='lat' dir='ltr'><strong>(etiam</strong></span> <span class='ocrx_word' id='word_1_447' title='bbox 3899 3901 3962 3937; x_wconf 76' lang='lat' dir='ltr'><strong>ex</strong></span> 
     </span>
    </p>
   </div>
   <div class='ocr_carea' id='block_1_56' title="bbox 2396 3975 3815 4046">
    <p class='ocr_par' dir='ltr' id='par_1_56' title="bbox 2396 3975 3815 4046">
     <span class='ocr_line' id='line_1_56' title="bbox 2396 3975 3815 4046; baseline 0.001 -15"><span class='ocrx_word' id='word_1_448' title='bbox 2396 3978 2483 4031; x_wconf 78' lang='lat' dir='ltr'><strong>liis</strong></span> <span class='ocrx_word' id='word_1_449' title='bbox 2533 3977 2624 4046; x_wconf 86' lang='lat' dir='ltr'><strong>qui</strong></span> <span class='ocrx_word' id='word_1_450' title='bbox 2688 3977 2741 4030; x_wconf 91' lang='lat' dir='ltr'><strong>in</strong></span> <span class='ocrx_word' id='word_1_451' title='bbox 2782 3977 2947 4031; x_wconf 87' lang='lat' dir='ltr'><strong>verbo</strong></span> <span class='ocrx_word' id='word_1_452' title='bbox 2994 3976 3087 4031; x_wconf 83' lang='lat' dir='ltr'><strong>Dei</strong></span> <span class='ocrx_word' id='word_1_453' title='bbox 3138 3975 3519 4043; x_wconf 88' lang='lat' dir='ltr'><strong>instituuntur)</strong></span> <span class='ocrx_word' id='word_1_454' title='bbox 3561 3977 3815 4044; x_wconf 86' lang='lat' dir='ltr'><strong>injurias.</strong></span> 
     </span>
    </p>
   </div>
   <div class='ocr_carea' id='block_1_57' title="bbox 2470 4065 3957 4141">
    <p class='ocr_par' dir='ltr' id='par_1_57' title="bbox 2470 4065 3957 4141">
     <span class='ocr_line' id='line_1_57' title="bbox 2470 4065 3957 4141; baseline 0.001 -22"><span class='ocrx_word' id='word_1_455' title='bbox 2470 4066 2698 4141; x_wconf 85' lang='lat' dir='ltr'><strong>Propter</strong></span> <span class='ocrx_word' id='word_1_456' title='bbox 2730 4070 2876 4139; x_wconf 88' lang='lat' dir='ltr'><strong>quod</strong></span> <span class='ocrx_word' id='word_1_457' title='bbox 2912 4065 3013 4134; x_wconf 88' lang='lat' dir='ltr'><strong>ipsi</strong></span> <span class='ocrx_word' id='word_1_458' title='bbox 3034 4065 3187 4119; x_wconf 84' lang='lat' dir='ltr'><strong>trado</strong></span> <span class='ocrx_word' id='word_1_459' title='bbox 3221 4081 3248 4117; x_wconf 86' lang='lat' dir='ltr'><strong>a</strong></span> <span class='ocrx_word' id='word_1_460' title='bbox 3290 4065 3517 4120; x_wconf 87' lang='lat' dir='ltr'><strong>Domino</strong></span> <span class='ocrx_word' id='word_1_461' title='bbox 3543 4067 3671 4119; x_wconf 91' lang='lat' dir='ltr'><strong>mihi</strong></span> <span class='ocrx_word' id='word_1_462' title='bbox 3700 4068 3957 4122; x_wconf 85' lang='lat' dir='ltr'><strong>traditam</strong></span> 
     </span>
    </p>
   </div>
   <div class='ocr_carea' id='block_1_58' title="bbox 2394 4158 3958 4229">
    <p class='ocr_par' dir='ltr' id='par_1_58' title="bbox 2394 4158 3958 4229">
     <span class='ocr_line' id='line_1_58' title="bbox 2394 4158 3958 4229; baseline 0 -18"><span class='ocrx_word' id='word_1_463' title='bbox 2394 4167 2713 4229; x_wconf 80' lang='lat' dir='ltr'><strong>potestatem</strong></span> <span class='ocrx_word' id='word_1_464' title='bbox 2748 4158 2948 4228; x_wconf 78' lang='lat' dir='ltr'><strong>ligandi</strong></span> <span class='ocrx_word' id='word_1_465' title='bbox 2972 4165 3025 4210; x_wconf 89' lang='lat' dir='ltr'><strong>et</strong></span> <span class='ocrx_word' id='word_1_466' title='bbox 3056 4159 3333 4221; x_wconf 85' lang='lat' dir='ltr'><strong>solvendi;</strong></span> <span class='ocrx_word' id='word_1_467' title='bbox 3370 4167 3427 4211; x_wconf 90' lang='lat' dir='ltr'><strong>ut</strong></span> <span class='ocrx_word' id='word_1_468' title='bbox 3448 4159 3515 4212; x_wconf 91' lang='lat' dir='ltr'><strong>de</strong></span> <span class='ocrx_word' id='word_1_469' title='bbox 3546 4160 3800 4212; x_wconf 84' lang='lat' dir='ltr'><strong>omnibus</strong></span> <span class='ocrx_word' id='word_1_470' title='bbox 3833 4162 3958 4229; x_wconf 83' lang='lat' dir='ltr'><strong>qui-</strong></span> 
     </span>
    </p>
   </div>
   <div class='ocr_carea' id='block_1_59' title="bbox 2394 4249 3955 4319">
    <p class='ocr_par' dir='ltr' id='par_1_59' title="bbox 2394 4249 3955 4319">
     <span class='ocr_line' id='line_1_59' title="bbox 2394 4249 3955 4319; baseline -0.001 -15"><span class='ocrx_word' id='word_1_471' title='bbox 2394 4252 2716 4319; x_wconf 88' lang='lat' dir='ltr'><strong>buseunque</strong></span> <span class='ocrx_word' id='word_1_472' title='bbox 2742 4250 3043 4305; x_wconf 85' lang='lat' dir='ltr'><strong>decreverit</strong></span> <span class='ocrx_word' id='word_1_473' title='bbox 3067 4250 3120 4303; x_wconf 88' lang='lat' dir='ltr'><strong>in</strong></span> <span class='ocrx_word' id='word_1_474' title='bbox 3147 4249 3330 4311; x_wconf 86' lang='lat' dir='ltr'><strong>terris,</strong></span> <span class='ocrx_word' id='word_1_475' title='bbox 3362 4250 3463 4304; x_wconf 89' lang='lat' dir='ltr'><strong>hoc</strong></span> <span class='ocrx_word' id='word_1_476' title='bbox 3488 4250 3766 4304; x_wconf 87' lang='lat' dir='ltr'><strong>decretum</strong></span> <span class='ocrx_word' id='word_1_477' title='bbox 3797 4251 3873 4305; x_wconf 88' lang='lat' dir='ltr'><strong>sit</strong></span> <span class='ocrx_word' id='word_1_478' title='bbox 3903 4262 3955 4304; x_wconf 83' lang='lat' dir='ltr'><strong>et</strong></span> 
     </span>
    </p>
   </div>
   <div class='ocr_carea' id='block_1_60' title="bbox 2396 4340 3955 4410">
    <p class='ocr_par' dir='ltr' id='par_1_60' title="bbox 2396 4340 3955 4410">
     <span class='ocr_line' id='line_1_60' title="bbox 2396 4340 3955 4410; baseline -0.001 -16"><span class='ocrx_word' id='word_1_479' title='bbox 2396 4342 2449 4394; x_wconf 91' lang='lat' dir='ltr'><strong>in</strong></span> <span class='ocrx_word' id='word_1_480' title='bbox 2479 4342 2653 4396; x_wconf 81' lang='lat' dir='ltr'><strong>caelis.</strong></span> <span class='ocrx_word' id='word_1_481' title='bbox 2681 4340 2888 4410; x_wconf 81' lang='lat' dir='ltr'><strong>Ligabit</strong></span> <span class='ocrx_word' id='word_1_482' title='bbox 2932 4342 3074 4393; x_wconf 87' lang='lat' dir='ltr'><strong>enim</strong></span> <span class='ocrx_word' id='word_1_483' title='bbox 3106 4340 3245 4409; x_wconf 90' lang='lat' dir='ltr'><strong>quod</strong></span> <span class='ocrx_word' id='word_1_484' title='bbox 3277 4348 3491 4409; x_wconf 86' lang='lat' dir='ltr'><strong>oportet</strong></span> <span class='ocrx_word' id='word_1_485' title='bbox 3521 4340 3673 4407; x_wconf 71' lang='lat' dir='ltr'><strong>ligari</strong></span> <span class='ocrx_word' id='word_1_486' title='bbox 3697 4380 3711 4401; x_wconf 88' lang='lat'><strong>,</strong></span> <span class='ocrx_word' id='word_1_487' title='bbox 3761 4350 3815 4395; x_wconf 89' lang='lat' dir='ltr'><strong>et</strong></span> <span class='ocrx_word' id='word_1_488' title='bbox 3845 4345 3955 4396; x_wconf 65' lang='lat' dir='ltr'><strong>sol-</strong></span> 
     </span>
    </p>
   </div>
   <div class='ocr_carea' id='block_1_61' title="bbox 2394 4432 3951 4503">
    <p class='ocr_par' dir='ltr' id='par_1_61' title="bbox 2394 4432 3951 4503">
     <span class='ocr_line' id='line_1_61' title="bbox 2394 4432 3951 4503; baseline -0.001 -17"><span class='ocrx_word' id='word_1_489' title='bbox 2394 4441 2484 4486; x_wconf 86' lang='lat' dir='ltr'><strong>vet</strong></span> <span class='ocrx_word' id='word_1_490' title='bbox 2518 4434 2662 4502; x_wconf 86' lang='lat' dir='ltr'><strong>quod</strong></span> <span class='ocrx_word' id='word_1_491' title='bbox 2697 4434 2911 4503; x_wconf 81' lang='lat' dir='ltr'><strong>expedit</strong></span> <span class='ocrx_word' id='word_1_492' title='bbox 2935 4434 3070 4487; x_wconf 89' lang='lat' dir='ltr'><strong>solvi</strong></span> <span class='ocrx_word' id='word_1_493' title='bbox 3092 4474 3108 4499; x_wconf 86' lang='lat'><strong>,</strong></span> <span class='ocrx_word' id='word_1_494' title='bbox 3138 4441 3392 4501; x_wconf 86' lang='lat' dir='ltr'><strong>tanquam</strong></span> <span class='ocrx_word' id='word_1_495' title='bbox 3438 4434 3529 4502; x_wconf 87' lang='lat' dir='ltr'><strong>qui</strong></span> <span class='ocrx_word' id='word_1_496' title='bbox 3572 4432 3637 4484; x_wconf 89' lang='lat' dir='ltr'><strong>ad</strong></span> <span class='ocrx_word' id='word_1_497' title='bbox 3684 4434 3951 4502; x_wconf 87' lang='lat' dir='ltr'><strong>liquidum</strong></span> 
     </span>
    </p>
   </div>
   <div class='ocr_carea' id='block_1_62' title="bbox 2391 4524 3949 4594">
    <p class='ocr_par' dir='ltr' id='par_1_62' title="bbox 2391 4524 3949 4594">
     <span class='ocr_line' id='line_1_62' title="bbox 2391 4524 3949 4594; baseline 0.001 -18"><span class='ocrx_word' id='word_1_498' title='bbox 2391 4525 2645 4580; x_wconf 69' lang='lat' dir='ltr'><strong>Ecelcsim</strong></span> <span class='ocrx_word' id='word_1_499' title='bbox 2693 4526 2932 4594; x_wconf 81' lang='lat' dir='ltr'><strong>regulam</strong></span> <span class='ocrx_word' id='word_1_500' title='bbox 2980 4526 3191 4578; x_wconf 88' lang='lat' dir='ltr'><strong>noverit</strong></span> <span class='ocrx_word' id='word_1_501' title='bbox 3223 4526 3285 4579; x_wconf 87' lang='lat'><strong>&quot;.</strong></span> <span class='ocrx_word' id='word_1_502' title='bbox 3330 4524 3509 4592; x_wconf 87' lang='lat' dir='ltr'><strong>Ipsum</strong></span> <span class='ocrx_word' id='word_1_503' title='bbox 3554 4539 3684 4593; x_wconf 80' lang='lat' dir='ltr'><strong>ergo</strong></span> <span class='ocrx_word' id='word_1_504' title='bbox 3727 4524 3949 4577; x_wconf 80' lang='lat' dir='ltr'><strong>audite.</strong></span> 
     </span>
    </p>
   </div>
   <div class='ocr_carea' id='block_1_63' title="bbox 2393 4615 3949 4687">
    <p class='ocr_par' dir='ltr' id='par_1_63' title="bbox 2393 4615 3949 4687">
     <span class='ocr_line' id='line_1_63' title="bbox 2393 4615 3949 4687; baseline -0.006 -15"><span class='ocrx_word' id='word_1_505' title='bbox 2393 4621 2633 4672; x_wconf 79' lang='lat' dir='ltr'><strong>scientes</strong></span> <span class='ocrx_word' id='word_1_506' title='bbox 2680 4619 2805 4687; x_wconf 86' lang='lat' dir='ltr'><strong>quia</strong></span> <span class='ocrx_word' id='word_1_507' title='bbox 2855 4618 3167 4687; x_wconf 88' lang='lat' dir='ltr'><strong>quicunoue</strong></span> <span class='ocrx_word' id='word_1_508' title='bbox 3212 4616 3622 4669; x_wconf 85' lang='lat' dir='ltr'><strong>eontrislaverit</strong></span> <span class='ocrx_word' id='word_1_509' title='bbox 3671 4615 3949 4670; x_wconf 78' lang='lat' dir='ltr'><strong>doctorem</strong></span> 
     </span>
    </p>
   </div>
   <div class='ocr_carea' id='block_1_64' title="bbox 3735 4804 3944 4854">
    <p class='ocr_par' dir='ltr' id='par_1_64' title="bbox 3735 4804 3944 4854">
     <span class='ocr_line' id='line_1_64' title="bbox 3735 4804 3944 4854; baseline 0 -1"><span class='ocrx_word' id='word_1_510' title='bbox 3735 4807 3777 4837; x_wconf 59' lang='grc'><strong>⁸9</strong></span> <span class='ocrx_word' id='word_1_511' title='bbox 3807 4804 3944 4854; x_wconf 46' lang='lat' dir='ltr'><strong>‘.ls,t‘</strong></span> 
     </span>
    </p>
   </div>
   <div class='ocr_carea' id='block_1_65' title="bbox 729 4872 3942 4946">
    <p class='ocr_par' dir='ltr' id='par_1_65' title="bbox 729 4872 3942 4946">
     <span class='ocr_line' id='line_1_65' title="bbox 729 4872 3942 4946; baseline 0 -22"><span class='ocrx_word' id='word_1_512' title='bbox 729 4872 869 4946; x_wconf 82' lang='lat' dir='ltr'><strong>i_nfra</strong></span> <span class='ocrx_word' id='word_1_513' title='bbox 897 4878 958 4937; x_wconf 80' lang='grc' dir='ltr'><strong>(ι.</strong></span> <span class='ocrx_word' id='word_1_514' title='bbox 990 4872 1059 4946; x_wconf 64' lang='grc' dir='ltr'><strong>Ιῌ</strong></span> <span class='ocrx_word' id='word_1_515' title='bbox 1083 4874 1356 4946; x_wconf 76' lang='lat' dir='ltr'><strong>Epitomen</strong></span> <span class='ocrx_word' id='word_1_516' title='bbox 1395 4872 1631 4946; x_wconf 71' lang='lat' dir='ltr'><strong>historice</strong></span> <span class='ocrx_word' id='word_1_517' title='bbox 1652 4876 2030 4946; x_wconf 17' lang='lat' dir='ltr'><strong>AClementinre,</strong></span> <span class='ocrx_word' id='word_1_518' title='bbox 2075 4877 2190 4946; x_wconf 73' lang='lat' dir='ltr'><strong>sive</strong></span> <span class='ocrx_word' id='word_1_519' title='bbox 2232 4876 2441 4946; x_wconf 81' lang='lat' dir='ltr'><strong>Librum</strong></span> <span class='ocrx_word' id='word_1_520' title='bbox 2488 4879 2550 4929; x_wconf 83' lang='lat' dir='ltr'><strong>de</strong></span> <span class='ocrx_word' id='word_1_521' title='bbox 2593 4880 2748 4946; x_wconf 79' lang='lat' dir='ltr'><strong>gestis</strong></span> <span class='ocrx_word' id='word_1_522' title='bbox 2779 4872 3143 4946; x_wconf 39' lang='lat' dir='ltr'><strong>sancti-Petri,</strong></span> <span class='ocrx_word' id='word_1_523' title='bbox 3174 4872 3502 4932; x_wconf 61' lang='lat' dir='ltr'><strong>auuolSSS.</strong></span> <span class='ocrx_word' id='word_1_524' title='bbox 3530 4892 3688 4942; x_wconf 82' lang='lat' dir='ltr'><strong>opera</strong></span> <span class='ocrx_word' id='word_1_525' title='bbox 3719 4876 3942 4927; x_wconf 75' lang='lat' dir='ltr'><strong>Adriani</strong></span> 
     </span>
    </p>
   </div>
   <div class='ocr_carea' id='block_1_66' title="bbox 729 4942 3941 5012">
    <p class='ocr_par' dir='ltr' id='par_1_66' title="bbox 729 4942 3941 5012">
     <span class='ocr_line' id='line_1_66' title="bbox 729 4942 3941 5012; baseline 0.001 -18"><span class='ocrx_word' id='word_1_526' title='bbox 729 4942 965 4997; x_wconf 82' lang='lat' dir='ltr'><strong>Turnehi</strong></span> <span class='ocrx_word' id='word_1_527' title='bbox 1000 4943 1185 4998; x_wconf 56' lang='lat' dir='ltr'><strong>Grece</strong></span> <span class='ocrx_word' id='word_1_528' title='bbox 1206 4943 1433 5008; x_wconf 86' lang='lat' dir='ltr'><strong>editum,</strong></span> <span class='ocrx_word' id='word_1_529' title='bbox 1460 4955 1515 4998; x_wconf 88' lang='lat' dir='ltr'><strong>et</strong></span> <span class='ocrx_word' id='word_1_530' title='bbox 1546 4943 1734 5000; x_wconf 82' lang='lat' dir='ltr'><strong>Latine</strong></span> <span class='ocrx_word' id='word_1_531' title='bbox 1758 4947 2026 5000; x_wconf 88' lang='lat' dir='ltr'><strong>redditum</strong></span> <span class='ocrx_word' id='word_1_532' title='bbox 2056 4961 2082 4999; x_wconf 89' lang='lat' dir='ltr'><strong>a</strong></span> <span class='ocrx_word' id='word_1_533' title='bbox 2108 4944 2390 4999; x_wconf 76' lang='lat' dir='ltr'><strong>Joaeltimo</strong></span> <span class='ocrx_word' id='word_1_534' title='bbox 2420 4942 2671 4999; x_wconf 80' lang='lat' dir='ltr'><strong>Perionio</strong></span> <span class='ocrx_word' id='word_1_535' title='bbox 2697 4946 2759 4999; x_wconf 91' lang='grc' dir='ltr'><strong>Ο.</strong></span> <span class='ocrx_word' id='word_1_536' title='bbox 2790 4945 2847 4998; x_wconf 85' lang='grc' dir='ltr'><strong>Β.</strong></span> <span class='ocrx_word' id='word_1_537' title='bbox 2923 4950 2969 4980; x_wconf 76' lang='grc' dir='ltr'><strong>³ο</strong></span> <span class='ocrx_word' id='word_1_538' title='bbox 2994 4949 3147 5001; x_wconf 70' lang='lat' dir='ltr'><strong>Gesta</strong></span> <span class='ocrx_word' id='word_1_539' title='bbox 3174 4948 3287 4999; x_wconf 83' lang='lat' dir='ltr'><strong>sive</strong></span> <span class='ocrx_word' id='word_1_540' title='bbox 3318 4946 3554 5012; x_wconf 65' lang='lat' dir='ltr'><strong>lipitome</strong></span> <span class='ocrx_word' id='word_1_541' title='bbox 3582 4948 3697 5008; x_wconf 84' lang='lat' dir='ltr'><strong>cit.,</strong></span> <span class='ocrx_word' id='word_1_542' title='bbox 3735 4963 3783 5011; x_wconf 75' lang='grc' dir='ltr'><strong>ιι.</strong></span> <span class='ocrx_word' id='word_1_543' title='bbox 3815 4946 3941 5000; x_wconf 60' lang='grc'><strong>412.</strong></span> 
     </span>
    </p>
   </div>
   <div class='ocr_carea' id='block_1_67' title="bbox 727 5013 1638 5069">
    <p class='ocr_par' dir='ltr' id='par_1_67' title="bbox 727 5013 1638 5069">
     <span class='ocr_line' id='line_1_67' title="bbox 727 5013 1638 5069; baseline 0.008 -9"><span class='ocrx_word' id='word_1_544' title='bbox 727 5014 854 5065; x_wconf 74' lang='lat' dir='ltr'><strong>mtit.</strong></span> <span class='ocrx_word' id='word_1_545' title='bbox 904 5013 1246 5067; x_wconf 87' lang='lat' dir='ltr'><strong>Coloniensis</strong></span> <span class='ocrx_word' id='word_1_546' title='bbox 1297 5030 1425 5068; x_wconf 76' lang='lat' dir='ltr'><strong>ann.</strong></span> <span class='ocrx_word' id='word_1_547' title='bbox 1480 5014 1638 5069; x_wconf 77' lang='grc'>1569.</span> 
     </span>
    </p>
   </div>
   <div class='ocr_carea' id='block_1_68' title="bbox 730 5083 1261 5153">
    <p class='ocr_par' dir='ltr' id='par_1_68' title="bbox 730 5083 1261 5153">
     <span class='ocr_line' id='line_1_68' title="bbox 730 5083 1261 5153; baseline 0.008 -20"><span class='ocrx_word' id='word_1_548' title='bbox 730 5083 1014 5136; x_wconf 63' lang='lat' dir='ltr'><strong>Alexandri</strong></span> <span class='ocrx_word' id='word_1_549' title='bbox 1043 5098 1192 5153; x_wconf 72' lang='lat' dir='ltr'><strong>papa:</strong></span> <span class='ocrx_word' id='word_1_550' title='bbox 1221 5083 1261 5137; x_wconf 90' lang='grc' dir='ltr'><strong>Ι.</strong></span> 
     </span>
    </p>
   </div>
   <div class='ocr_carea' id='block_1_69' title="bbox 1749 5014 2304 5080">
    <p class='ocr_par' dir='ltr' id='par_1_69' title="bbox 1749 5014 2304 5080">
     <span class='ocr_line' id='line_1_69' title="bbox 1749 5014 2304 5080; baseline 0 -11"><span class='ocrx_word' id='word_1_551' title='bbox 1749 5015 1791 5046; x_wconf 86' lang='grc'><strong>¹¹</strong></span> <span class='ocrx_word' id='word_1_552' title='bbox 1842 5014 2026 5069; x_wconf 86' lang='lat' dir='ltr'><strong>Const.</strong></span> <span class='ocrx_word' id='word_1_553' title='bbox 2072 5031 2168 5080; x_wconf 86' lang='lat' dir='ltr'><strong>vn,</strong></span> <span class='ocrx_word' id='word_1_554' title='bbox 2215 5015 2304 5069; x_wconf 69' lang='grc'><strong>46.</strong></span> 
     </span>
    </p>
   </div>
   <div class='ocr_carea' id='block_1_70' title="bbox 2418 5014 3936 5085">
    <p class='ocr_par' dir='ltr' id='par_1_70' title="bbox 2418 5014 3936 5085">
     <span class='ocr_line' id='line_1_70' title="bbox 2418 5014 3936 5085; baseline -0.002 -17"><span class='ocrx_word' id='word_1_555' title='bbox 2418 5017 2463 5047; x_wconf 82' lang='grc'><strong>⁵³</strong></span> <span class='ocrx_word' id='word_1_556' title='bbox 2495 5017 2550 5068; x_wconf 82' lang='grc' dir='ltr'>Η</span> <span class='ocrx_word' id='word_1_557' title='bbox 2605 5026 2794 5085; x_wconf 62' lang='lat' dir='ltr'><strong>quaest.</strong></span> <span class='ocrx_word' id='word_1_558' title='bbox 2827 5018 2879 5081; x_wconf 77' lang='grc'><strong>5,</strong></span> <span class='ocrx_word' id='word_1_559' title='bbox 2909 5019 3212 5085; x_wconf 80' lang='lat' dir='ltr'><strong>Quicunque</strong></span> <span class='ocrx_word' id='word_1_560' title='bbox 3248 5018 3488 5069; x_wconf 85' lang='lat' dir='ltr'><strong>contrist.</strong></span> <span class='ocrx_word' id='word_1_561' title='bbox 3528 5014 3588 5067; x_wconf 75' lang='lat' dir='ltr'><strong>Et</strong></span> <span class='ocrx_word' id='word_1_562' title='bbox 3632 5016 3683 5068; x_wconf 88' lang='lat' dir='ltr'><strong>in</strong></span> <span class='ocrx_word' id='word_1_563' title='bbox 3725 5015 3883 5084; x_wconf 75' lang='lat' dir='ltr'><strong>epist.</strong></span> <span class='ocrx_word' id='word_1_564' title='bbox 3918 5018 3936 5065; x_wconf 87' lang='lat' dir='ltr'><strong>l</strong></span> 
     </span>
    </p>
   </div>
   <div class='ocr_carea' id='block_1_71' title="bbox 784 5221 3947 5296">
    <p class='ocr_par' dir='ltr' id='par_1_71' title="bbox 784 5221 3947 5296">
     <span class='ocr_line' id='line_1_71' title="bbox 784 5221 3947 5296; baseline -0.001 -15"><span class='ocrx_word' id='word_1_565' title='bbox 784 5227 897 5296; x_wconf 59' lang='grc' dir='ltr'><strong>(εδ)</strong></span> <span class='ocrx_word' id='word_1_566' title='bbox 927 5226 1061 5279; x_wconf 87' lang='lat' dir='ltr'><strong>Cum</strong></span> <span class='ocrx_word' id='word_1_567' title='bbox 1094 5226 1208 5281; x_wconf 72' lang='lat' dir='ltr'><strong>inec</strong></span> <span class='ocrx_word' id='word_1_568' title='bbox 1230 5226 1457 5295; x_wconf 83' lang='lat' dir='ltr'><strong>epistola</strong></span> <span class='ocrx_word' id='word_1_569' title='bbox 1491 5225 1688 5292; x_wconf 82' lang='lat' dir='ltr'><strong>scripta</strong></span> <span class='ocrx_word' id='word_1_570' title='bbox 1712 5225 1803 5287; x_wconf 84' lang='lat' dir='ltr'><strong>sit,</strong></span> <span class='ocrx_word' id='word_1_571' title='bbox 1836 5232 1894 5296; x_wconf 75' lang='lat' dir='ltr'><strong>ut</strong></span> <span class='ocrx_word' id='word_1_572' title='bbox 1923 5224 1979 5296; x_wconf 90' lang='lat' dir='ltr'><strong>i_n</strong></span> <span class='ocrx_word' id='word_1_573' title='bbox 2012 5224 2188 5296; x_wconf 80' lang='lat' dir='ltr'><strong>fronte.</strong></span> <span class='ocrx_word' id='word_1_574' title='bbox 2227 5231 2278 5275; x_wconf 83' lang='lat' dir='ltr'><strong>et</strong></span> <span class='ocrx_word' id='word_1_575' title='bbox 2306 5230 2347 5285; x_wconf 86' lang='lat' dir='ltr'><strong>C</strong></span> <span class='ocrx_word' id='word_1_576' title='bbox 2381 5223 2630 5296; x_wconf 76' lang='lat' dir='ltr'><strong>repserit.</strong></span> <span class='ocrx_word' id='word_1_577' title='bbox 2659 5222 2731 5296; x_wconf 31' lang='lat' dir='ltr'><strong>l‘ta</strong></span> <span class='ocrx_word' id='word_1_578' title='bbox 2760 5221 3088 5296; x_wconf 62' lang='lat' dir='ltr'><strong>Possevinus</strong></span> <span class='ocrx_word' id='word_1_579' title='bbox 3113 5222 3163 5296; x_wconf 69' lang='lat' dir='ltr'><strong>in</strong></span> <span class='ocrx_word' id='word_1_580' title='bbox 3195 5223 3465 5287; x_wconf 75' lang='lat' dir='ltr'><strong>Apparalu</strong></span> <span class='ocrx_word' id='word_1_581' title='bbox 3498 5240 3671 5285; x_wconf 83' lang='lat' dir='ltr'><strong>sacro,</strong></span> <span class='ocrx_word' id='word_1_582' title='bbox 3702 5224 3753 5276; x_wconf 89' lang='lat' dir='ltr'><strong>iu</strong></span> <span class='ocrx_word' id='word_1_583' title='bbox 3777 5228 3947 5277; x_wconf 74' lang='lat' dir='ltr'><strong>verbo</strong></span> 
     </span>
    </p>
   </div>
   <div class='ocr_carea' id='block_1_72' title="bbox 712 5293 2278 5368">
    <p class='ocr_par' dir='ltr' id='par_1_72' title="bbox 712 5293 2278 5368">
     <span class='ocr_line' id='line_1_72' title="bbox 712 5293 2278 5368; baseline -0.008 -13"><span class='ocrx_word' id='word_1_584' title='bbox 712 5293 891 5368; x_wconf 85' lang='lat' dir='ltr'><strong>capite</strong></span> <span class='ocrx_word' id='word_1_585' title='bbox 918 5297 1063 5349; x_wconf 84' lang='lat' dir='ltr'><strong>illius</strong></span> <span class='ocrx_word' id='word_1_586' title='bbox 1094 5293 1314 5366; x_wconf 81' lang='lat' dir='ltr'><strong>apparet</strong></span> <span class='ocrx_word' id='word_1_587' title='bbox 1338 5334 1353 5355; x_wconf 90' lang='lat'><strong>,</strong></span> <span class='ocrx_word' id='word_1_588' title='bbox 1377 5306 1535 5368; x_wconf 83' lang='lat' dir='ltr'><strong>__post</strong></span> <span class='ocrx_word' id='word_1_589' title='bbox 1561 5296 1805 5368; x_wconf 79' lang='lat' dir='ltr'><strong>_ebitur_n_</strong></span> <span class='ocrx_word' id='word_1_590' title='bbox 1829 5294 1884 5347; x_wconf 85' lang='lat' dir='ltr'><strong>S.</strong></span> <span class='ocrx_word' id='word_1_591' title='bbox 1911 5293 2085 5368; x_wconf 67' lang='lat' dir='ltr'><strong>_l‘ctri_,</strong></span> <span class='ocrx_word' id='word_1_592' title='bbox 2116 5294 2278 5345; x_wconf 85' lang='lat' dir='ltr'><strong>adco-</strong></span> 
     </span>
    </p>
   </div>
   <div class='ocr_carea' id='block_1_73' title="bbox 713 5362 2281 5437">
    <p class='ocr_par' dir='ltr' id='par_1_73' title="bbox 713 5362 2281 5437">
     <span class='ocr_line' id='line_1_73' title="bbox 713 5362 2281 5437; baseline -0.006 -14"><span class='ocrx_word' id='word_1_593' title='bbox 713 5362 821 5437; x_wconf 55' lang='lat' dir='ltr'><strong>qu&#39;e</strong></span> <span class='ocrx_word' id='word_1_594' title='bbox 853 5375 975 5437; x_wconf 77' lang='lat' dir='ltr'><strong>post</strong></span> <span class='ocrx_word' id='word_1_595' title='bbox 1012 5382 1105 5417; x_wconf 84' lang='lat' dir='ltr'><strong>xm</strong></span> <span class='ocrx_word' id='word_1_596' title='bbox 1131 5362 1349 5419; x_wconf 52' lang='lat' dir='ltr'><strong>&#39;a&#39;nnum</strong></span> <span class='ocrx_word' id='word_1_597' title='bbox 1376 5362 1636 5426; x_wconf 85' lang='lat' dir='ltr'><strong>Neronis,</strong></span> <span class='ocrx_word' id='word_1_598' title='bbox 1683 5365 1748 5417; x_wconf 86' lang='lat' dir='ltr'><strong>ad</strong></span> <span class='ocrx_word' id='word_1_599' title='bbox 1778 5362 2035 5437; x_wconf 73' lang='lat' dir='ltr'><strong>Iacobum</strong></span> <span class='ocrx_word' id='word_1_600' title='bbox 2063 5364 2281 5437; x_wconf 61' lang='lat' dir='ltr'><strong>fratrem</strong></span> 
     </span>
    </p>
   </div>
   <div class='ocr_carea' id='block_1_74' title="bbox 714 5432 2286 5504">
    <p class='ocr_par' dir='ltr' id='par_1_74' title="bbox 714 5432 2286 5504">
     <span class='ocr_line' id='line_1_74' title="bbox 714 5432 2286 5504; baseline -0.007 -10"><span class='ocrx_word' id='word_1_601' title='bbox 714 5432 929 5493; x_wconf 84' lang='lat' dir='ltr'><strong>Domini</strong></span> <span class='ocrx_word' id='word_1_602' title='bbox 976 5438 1176 5504; x_wconf 80' lang='lat' dir='ltr'><strong>scripta</strong></span> <span class='ocrx_word' id='word_1_603' title='bbox 1216 5451 1337 5488; x_wconf 86' lang='lat' dir='ltr'><strong>esse</strong></span> <span class='ocrx_word' id='word_1_604' title='bbox 1374 5438 1599 5503; x_wconf 87' lang='lat' dir='ltr'><strong>nequit:</strong></span> <span class='ocrx_word' id='word_1_605' title='bbox 1637 5441 1821 5501; x_wconf 83' lang='lat' dir='ltr'><strong>utpote</strong></span> <span class='ocrx_word' id='word_1_606' title='bbox 1855 5434 1969 5504; x_wconf 81' lang='lat' dir='ltr'><strong>qui.</strong></span> <span class='ocrx_word' id='word_1_607' title='bbox 2001 5441 2134 5485; x_wconf 80' lang='lat' dir='ltr'><strong>teste</strong></span> 
     </span>
    </p>
   </div>
   <div class='ocr_carea' id='block_1_75' title="bbox 714 5501 2281 5571">
    <p class='ocr_par' dir='ltr' id='par_1_75' title="bbox 714 5501 2281 5571">
     <span class='ocr_line' id='line_1_75' title="bbox 714 5501 2281 5571; baseline -0.006 -8"><span class='ocrx_word' id='word_1_608' title='bbox 714 5525 838 5563; x_wconf 83' lang='lat' dir='ltr'><strong>run.</strong></span> <span class='ocrx_word' id='word_1_609' title='bbox 866 5508 939 5559; x_wconf 81' lang='lat' dir='ltr'><strong>De</strong></span> <span class='ocrx_word' id='word_1_610' title='bbox 969 5501 1103 5558; x_wconf 69' lang='lat' dir='ltr'><strong>viris</strong></span> <span class='ocrx_word' id='word_1_611' title='bbox 1124 5505 1445 5566; x_wconf 81' lang='lat' dir='ltr'><strong>illustribus,</strong></span> <span class='ocrx_word' id='word_1_612' title='bbox 1464 5501 1703 5571; x_wconf 73' lang='lat' dir='ltr'><strong>septimo</strong></span> <span class='ocrx_word' id='word_1_613' title='bbox 1733 5519 1876 5554; x_wconf 81' lang='lat' dir='ltr'><strong>anno</strong></span> <span class='ocrx_word' id='word_1_614' title='bbox 1900 5501 2126 5555; x_wconf 70' lang='lat' dir='ltr'><strong>Neronis</strong></span> <span class='ocrx_word' id='word_1_615' title='bbox 2158 5501 2281 5553; x_wconf 78' lang='lat' dir='ltr'><strong>llic-</strong></span> 
     </span>
    </p>
   </div>
   <div class='ocr_carea' id='block_1_76' title="bbox 716 5571 2281 5640">
    <p class='ocr_par' dir='ltr' id='par_1_76' title="bbox 716 5571 2281 5640">
     <span class='ocr_line' id='line_1_76' title="bbox 716 5571 2281 5640; baseline -0.005 -9"><span class='ocrx_word' id='word_1_616' title='bbox 716 5575 1004 5640; x_wconf 73' lang='lat' dir='ltr'><strong>rosolvmis</strong></span> <span class='ocrx_word' id='word_1_617' title='bbox 1057 5577 1270 5629; x_wconf 88' lang='lat' dir='ltr'><strong>occisus</strong></span> <span class='ocrx_word' id='word_1_618' title='bbox 1316 5584 1433 5635; x_wconf 84' lang='lat' dir='ltr'><strong>est;</strong></span> <span class='ocrx_word' id='word_1_619' title='bbox 1488 5573 1631 5625; x_wconf 81' lang='lat' dir='ltr'><strong>unde</strong></span> <span class='ocrx_word' id='word_1_620' title='bbox 1664 5581 1829 5640; x_wconf 86' lang='lat' dir='ltr'><strong>patet,</strong></span> <span class='ocrx_word' id='word_1_621' title='bbox 1854 5574 1995 5639; x_wconf 81' lang='lat' dir='ltr'><strong>quod</strong></span> <span class='ocrx_word' id='word_1_622' title='bbox 2027 5572 2138 5624; x_wconf 74' lang='lat' dir='ltr'><strong>iure</strong></span> <span class='ocrx_word' id='word_1_623' title='bbox 2166 5571 2281 5639; x_wconf 87' lang='lat' dir='ltr'><strong>epi-</strong></span> 
     </span>
    </p>
   </div>
   <div class='ocr_carea' id='block_1_77' title="bbox 718 5638 2279 5709">
    <p class='ocr_par' dir='ltr' id='par_1_77' title="bbox 718 5638 2279 5709">
     <span class='ocr_line' id='line_1_77' title="bbox 718 5638 2279 5709; baseline -0.006 -7"><span class='ocrx_word' id='word_1_624' title='bbox 718 5638 881 5702; x_wconf 51' lang='lat' dir='ltr'><strong>stola&#39;</strong></span> <span class='ocrx_word' id='word_1_625' title='bbox 926 5648 1009 5698; x_wconf 85' lang='lat' dir='ltr'><strong>vel</strong></span> <span class='ocrx_word' id='word_1_626' title='bbox 1070 5661 1177 5698; x_wconf 91' lang='lat' dir='ltr'><strong>non</strong></span> <span class='ocrx_word' id='word_1_627' title='bbox 1228 5646 1299 5697; x_wconf 89' lang='lat' dir='ltr'><strong>sit</strong></span> <span class='ocrx_word' id='word_1_628' title='bbox 1337 5638 1678 5699; x_wconf 43' lang='lat' dir='ltr'><strong>Clementis.—</strong></span> <span class='ocrx_word' id='word_1_629' title='bbox 1729 5644 1809 5693; x_wconf 75' lang='lat' dir='ltr'><strong>vel</strong></span> <span class='ocrx_word' id='word_1_630' title='bbox 1842 5638 2020 5709; x_wconf 80' lang='lat' dir='ltr'><strong>putius</strong></span> <span class='ocrx_word' id='word_1_631' title='bbox 2067 5642 2133 5693; x_wconf 85' lang='lat' dir='ltr'><strong>ad</strong></span> <span class='ocrx_word' id='word_1_632' title='bbox 2192 5638 2279 5693; x_wconf 87' lang='lat' dir='ltr'><strong>Si-</strong></span> 
     </span>
    </p>
   </div>
   <div class='ocr_carea' id='block_1_78' title="bbox 718 5710 2275 5781">
    <p class='ocr_par' dir='ltr' id='par_1_78' title="bbox 718 5710 2275 5781">
     <span class='ocr_line' id='line_1_78' title="bbox 718 5710 2275 5781; baseline -0.003 -12"><span class='ocrx_word' id='word_1_633' title='bbox 718 5732 957 5778; x_wconf 83' lang='lat' dir='ltr'><strong>monem,</strong></span> <span class='ocrx_word' id='word_1_634' title='bbox 1011 5717 1103 5781; x_wconf 88' lang='lat' dir='ltr'><strong>qui</strong></span> <span class='ocrx_word' id='word_1_635' title='bbox 1146 5716 1309 5769; x_wconf 84' lang='lat' dir='ltr'><strong>etiam</strong></span> <span class='ocrx_word' id='word_1_636' title='bbox 1336 5716 1500 5767; x_wconf 82' lang='lat' dir='ltr'><strong>frater</strong></span> <span class='ocrx_word' id='word_1_637' title='bbox 1529 5713 1738 5765; x_wconf 79' lang='lat' dir='ltr'><strong>[lumini</strong></span> <span class='ocrx_word' id='word_1_638' title='bbox 1776 5710 1897 5769; x_wconf 80' lang='lat' dir='ltr'><strong>fuit,</strong></span> <span class='ocrx_word' id='word_1_639' title='bbox 1939 5711 2136 5780; x_wconf 78' lang='lat' dir='ltr'><strong>scripta</strong></span> <span class='ocrx_word' id='word_1_640' title='bbox 2186 5713 2275 5771; x_wconf 80' lang='lat' dir='ltr'><strong>sit,</strong></span> 
     </span>
    </p>
   </div>
   <div class='ocr_carea' id='block_1_79' title="bbox 712 5782 2275 5855">
    <p class='ocr_par' dir='ltr' id='par_1_79' title="bbox 712 5782 2275 5855">
     <span class='ocr_line' id='line_1_79' title="bbox 712 5782 2275 5855; baseline -0.006 -13"><span class='ocrx_word' id='word_1_641' title='bbox 712 5794 773 5842; x_wconf 74' lang='lat' dir='ltr'><strong>cl.</strong></span> <span class='ocrx_word' id='word_1_642' title='bbox 806 5788 860 5841; x_wconf 87' lang='lat' dir='ltr'><strong>in</strong></span> <span class='ocrx_word' id='word_1_643' title='bbox 885 5787 1101 5840; x_wconf 86' lang='lat' dir='ltr'><strong>titulum</strong></span> <span class='ocrx_word' id='word_1_644' title='bbox 1131 5786 1375 5855; x_wconf 77' lang='lat' dir='ltr'><strong>epistola:</strong></span> <span class='ocrx_word' id='word_1_645' title='bbox 1415 5784 1672 5838; x_wconf 84' lang='lat' dir='ltr'><strong>mendose</strong></span> <span class='ocrx_word' id='word_1_646' title='bbox 1708 5796 1831 5843; x_wconf 66' lang='lat' dir='ltr'><strong>vos,</strong></span> <span class='ocrx_word' id='word_1_647' title='bbox 1858 5782 2115 5835; x_wconf 72' lang='lat' dir='ltr'><strong>Iacobum</strong></span> <span class='ocrx_word' id='word_1_648' title='bbox 2138 5821 2152 5845; x_wconf 91' lang='lat'><strong>,</strong></span> <span class='ocrx_word' id='word_1_649' title='bbox 2203 5783 2275 5834; x_wconf 80' lang='lat' dir='ltr'><strong>ir-</strong></span> 
     </span>
    </p>
   </div>
   <div class='ocr_carea' id='block_1_80' title="bbox 2386 5291 3322 5347">
    <p class='ocr_par' dir='ltr' id='par_1_80' title="bbox 2386 5291 3322 5347">
     <span class='ocr_line' id='line_1_80' title="bbox 2386 5291 3322 5347; baseline 0 -1"><span class='ocrx_word' id='word_1_650' title='bbox 2386 5294 2634 5347; x_wconf 67' lang='lat' dir='ltr'><strong>Cuzuexs</strong></span> <span class='ocrx_word' id='word_1_651' title='bbox 2666 5291 2939 5347; x_wconf 58' lang='lat' dir='ltr'><strong>“omnes.</strong></span> <span class='ocrx_word' id='word_1_652' title='bbox 2967 5292 3090 5345; x_wconf 87' lang='lat' dir='ltr'><strong>Sev.</strong></span> <span class='ocrx_word' id='word_1_653' title='bbox 3125 5292 3322 5347; x_wconf 64' lang='lat' dir='ltr'><strong>Btsu‘s.</strong></span> 
     </span>
    </p>
   </div>
   <div class='ocr_carea' id='block_1_81' title="bbox 2458 5362 3949 5435">
    <p class='ocr_par' dir='ltr' id='par_1_81' title="bbox 2458 5362 3949 5435">
     <span class='ocr_line' id='line_1_81' title="bbox 2458 5362 3949 5435; baseline 0 -20"><span class='ocrx_word' id='word_1_654' title='bbox 2458 5363 2583 5435; x_wconf 14' lang='lat'><strong>(9.9),</strong></span> <span class='ocrx_word' id='word_1_655' title='bbox 2616 5364 2912 5435; x_wconf 69' lang='lat' dir='ltr'><strong>Sequentes</strong></span> <span class='ocrx_word' id='word_1_656' title='bbox 2962 5362 3234 5435; x_wconf 68' lang='lat' dir='ltr'><strong>variantes</strong></span> <span class='ocrx_word' id='word_1_657' title='bbox 3277 5362 3563 5421; x_wconf 62' lang='lat' dir='ltr'><strong>leationes,</strong></span> <span class='ocrx_word' id='word_1_658' title='bbox 3620 5367 3949 5435; x_wconf 68' lang='grc' dir='ltr'><strong>ιιοιιιιειδψιιι</strong></span> 
     </span>
    </p>
   </div>
   <div class='ocr_carea' id='block_1_82' title="bbox 2387 5432 3951 5505">
    <p class='ocr_par' dir='ltr' id='par_1_82' title="bbox 2387 5432 3951 5505">
     <span class='ocr_line' id='line_1_82' title="bbox 2387 5432 3951 5505; baseline 0.003 -20"><span class='ocrx_word' id='word_1_659' title='bbox 2387 5434 2745 5501; x_wconf 83' lang='lat' dir='ltr'><strong>suppeditavit</strong></span> <span class='ocrx_word' id='word_1_660' title='bbox 2776 5432 3105 5505; x_wconf 85' lang='lat' dir='ltr'><strong>llarduinus,</strong></span> <span class='ocrx_word' id='word_1_661' title='bbox 3131 5435 3357 5505; x_wconf 79' lang='lat' dir='ltr'><strong>quinon</strong></span> <span class='ocrx_word' id='word_1_662' title='bbox 3382 5435 3475 5505; x_wconf 68' lang='lat' dir='ltr'><strong>has</strong></span> <span class='ocrx_word' id='word_1_663' title='bbox 3504 5436 3795 5488; x_wconf 76' lang='lat' dir='ltr'><strong>Clementis</strong></span> <span class='ocrx_word' id='word_1_664' title='bbox 3839 5432 3951 5505; x_wconf 76' lang='lat' dir='ltr'><strong>epi-</strong></span> 
     </span>
    </p>
   </div>
   <div class='ocr_carea' id='block_1_83' title="bbox 2386 5503 3945 5569">
    <p class='ocr_par' dir='ltr' id='par_1_83' title="bbox 2386 5503 3945 5569">
     <span class='ocr_line' id='line_1_83' title="bbox 2386 5503 3945 5569; baseline 0 -12"><span class='ocrx_word' id='word_1_665' title='bbox 2386 5504 2553 5558; x_wconf 87' lang='lat' dir='ltr'><strong>stolas</strong></span> <span class='ocrx_word' id='word_1_666' title='bbox 2582 5512 2814 5558; x_wconf 83' lang='lat' dir='ltr'><strong>tantum.</strong></span> <span class='ocrx_word' id='word_1_667' title='bbox 2843 5503 2936 5556; x_wconf 84' lang='lat' dir='ltr'><strong>sed</strong></span> <span class='ocrx_word' id='word_1_668' title='bbox 2965 5503 3126 5554; x_wconf 83' lang='lat' dir='ltr'><strong>etiam</strong></span> <span class='ocrx_word' id='word_1_669' title='bbox 3166 5503 3401 5569; x_wconf 78' lang='lat' dir='ltr'><strong>reliquas</strong></span> <span class='ocrx_word' id='word_1_670' title='bbox 3434 5503 3743 5557; x_wconf 66' lang='lat' dir='ltr'><strong>lsidoriaum</strong></span> <span class='ocrx_word' id='word_1_671' title='bbox 3775 5503 3945 5558; x_wconf 61' lang='lat' dir='ltr'><strong>mlle-</strong></span> 
     </span>
    </p>
   </div>
   <div class='ocr_carea' id='block_1_84' title="bbox 2382 5572 3943 5641">
    <p class='ocr_par' dir='ltr' id='par_1_84' title="bbox 2382 5572 3943 5641">
     <span class='ocr_line' id='line_1_84' title="bbox 2382 5572 3943 5641; baseline 0.004 -18"><span class='ocrx_word' id='word_1_672' title='bbox 2382 5575 2579 5625; x_wconf 86' lang='lat' dir='ltr'><strong>etionis</strong></span> <span class='ocrx_word' id='word_1_673' title='bbox 2608 5574 2835 5627; x_wconf 84' lang='lat' dir='ltr'><strong>contulit</strong></span> <span class='ocrx_word' id='word_1_674' title='bbox 2859 5588 2979 5623; x_wconf 81' lang='lat' dir='ltr'><strong>cum</strong></span> <span class='ocrx_word' id='word_1_675' title='bbox 3015 5588 3113 5624; x_wconf 87' lang='lat' dir='ltr'><strong>ms.</strong></span> <span class='ocrx_word' id='word_1_676' title='bbox 3147 5572 3490 5627; x_wconf 64' lang='lat' dir='ltr'><strong>liillliotliecm</strong></span> <span class='ocrx_word' id='word_1_677' title='bbox 3516 5577 3722 5641; x_wconf 73' lang='lat' dir='ltr'><strong>collegii</strong></span> <span class='ocrx_word' id='word_1_678' title='bbox 3764 5575 3943 5629; x_wconf 80' lang='lat' dir='ltr'><strong>l&#39;aris.</strong></span> 
     </span>
    </p>
   </div>
   <div class='ocr_carea' id='block_1_85' title="bbox 2389 5641 3945 5765">
    <p class='ocr_par' dir='ltr' id='par_1_85' title="bbox 2389 5641 3945 5765">
     <span class='ocr_line' id='line_1_85' title="bbox 2389 5641 3945 5765; baseline 0.001 -70"><span class='ocrx_word' id='word_1_679' title='bbox 2389 5641 2513 5696; x_wconf 88' lang='lat' dir='ltr'><strong>Soc.</strong></span> <span class='ocrx_word' id='word_1_680' title='bbox 2545 5642 2705 5707; x_wconf 84' lang='lat' dir='ltr'><strong>Jesu;</strong></span> <span class='ocrx_word' id='word_1_681' title='bbox 2753 5646 2803 5694; x_wconf 89' lang='lat' dir='ltr'><strong>in</strong></span> <span class='ocrx_word' id='word_1_682' title='bbox 2836 5659 2943 5709; x_wconf 82' lang='lat' dir='ltr'><strong>quo</strong></span> <span class='ocrx_word' id='word_1_683' title='bbox 2979 5642 3139 5765; x_wconf 57' lang='grc' dir='ltr'><strong>Ιιυᾶιιδ</strong></span> <span class='ocrx_word' id='word_1_684' title='bbox 3168 5643 3407 5709; x_wconf 62' lang='lat' dir='ltr'><strong>epistola:</strong></span> <span class='ocrx_word' id='word_1_685' title='bbox 3433 5646 3517 5697; x_wconf 86' lang='lat' dir='ltr'><strong>hic</strong></span> <span class='ocrx_word' id='word_1_686' title='bbox 3557 5647 3745 5699; x_wconf 88' lang='lat' dir='ltr'><strong>titulus</strong></span> <span class='ocrx_word' id='word_1_687' title='bbox 3777 5645 3945 5697; x_wconf 65' lang='lat' dir='ltr'><strong>haliv-</strong></span> 
     </span>
     <span class='ocr_line' id='line_1_86' title="bbox 2389 5712 3942 5765; baseline 0.001 -2"><span class='ocrx_word' id='word_1_688' title='bbox 2389 5720 2477 5764; x_wconf 89' lang='lat' dir='ltr'><strong>tur</strong></span> <span class='ocrx_word' id='word_1_689' title='bbox 2504 5732 2514 5765; x_wconf 92' lang='lat'>:</span> <span class='ocrx_word' id='word_1_690' title='bbox 2552 5712 2743 5765; x_wconf 82' lang='lat' dir='ltr'><strong>Iucivit</strong></span> <span class='ocrx_word' id='word_1_691' title='bbox 2770 5712 3007 5765; x_wconf 73' lang='lat' dir='ltr'><strong>Epistula</strong></span> <span class='ocrx_word' id='word_1_692' title='bbox 3082 5712 3313 5765; x_wconf 74' lang='lat' dir='ltr'><strong>lenientis</strong></span> <span class='ocrx_word' id='word_1_693' title='bbox 3348 5713 3413 5765; x_wconf 87' lang='lat' dir='ltr'><strong>ad</strong></span> <span class='ocrx_word' id='word_1_694' title='bbox 3435 5714 3689 5765; x_wconf 85' lang='lat' dir='ltr'><strong>Jacobmn</strong></span> <span class='ocrx_word' id='word_1_695' title='bbox 3722 5716 3942 5765; x_wconf 69' lang='lat' dir='ltr'><strong>fratrem</strong></span> 
     </span>
    </p>
   </div>
   <div class='ocr_carea' id='block_1_86' title="bbox 2388 5712 3942 5781">
    <p class='ocr_par' dir='ltr' id='par_1_86' title="bbox 2388 5712 3942 5781">
     <span class='ocr_line' id='line_1_87' title="bbox 2388 5712 3942 5781; baseline 0.003 -18"><span class='ocrx_word' id='word_1_696' title='bbox 2388 5720 2477 5764; x_wconf 88' lang='lat' dir='ltr'><strong>tur</strong></span> <span class='ocrx_word' id='word_1_697' title='bbox 2504 5732 2514 5765; x_wconf 92' lang='lat'>:</span> <span class='ocrx_word' id='word_1_698' title='bbox 2552 5712 2743 5780; x_wconf 81' lang='lat' dir='ltr'><strong>Incipit</strong></span> <span class='ocrx_word' id='word_1_699' title='bbox 2770 5712 3007 5779; x_wconf 77' lang='lat' dir='ltr'><strong>Epistula</strong></span> <span class='ocrx_word' id='word_1_700' title='bbox 3034 5712 3313 5781; x_wconf 74' lang='lat' dir='ltr'><strong>Clementis</strong></span> <span class='ocrx_word' id='word_1_701' title='bbox 3348 5713 3413 5765; x_wconf 87' lang='lat' dir='ltr'><strong>ad</strong></span> <span class='ocrx_word' id='word_1_702' title='bbox 3435 5714 3689 5769; x_wconf 83' lang='lat' dir='ltr'><strong>Jacobum</strong></span> <span class='ocrx_word' id='word_1_703' title='bbox 3719 5716 3942 5781; x_wconf 70' lang='lat' dir='ltr'><strong>{mtrem</strong></span> 
     </span>
    </p>
   </div>
   <div class='ocr_carea' id='block_1_87' title="bbox 2388 5780 3463 5844">
    <p class='ocr_par' dir='ltr' id='par_1_87' title="bbox 2388 5780 3463 5844">
     <span class='ocr_line' id='line_1_88' title="bbox 2388 5780 3463 5844; baseline 0.007 -12"><span class='ocrx_word' id='word_1_704' title='bbox 2388 5782 2613 5837; x_wconf 81' lang='lat' dir='ltr'><strong>Domini.</strong></span> <span class='ocrx_word' id='word_1_705' title='bbox 2654 5784 2808 5838; x_wconf 83' lang='lat' dir='ltr'><strong>Deest</strong></span> <span class='ocrx_word' id='word_1_706' title='bbox 2835 5793 3031 5844; x_wconf 80' lang='lat' dir='ltr'><strong>autem,</strong></span> <span class='ocrx_word' id='word_1_707' title='bbox 3062 5780 3269 5841; x_wconf 77' lang='lat' dir='ltr'><strong>Petrus.</strong></span> <span class='ocrx_word' id='word_1_708' title='bbox 3303 5794 3463 5839; x_wconf 67' lang='lat' dir='ltr'><strong>recte.</strong></span> 
     </span>
    </p>
   </div>
  </div>
