4074 6330
119 413 223 469 855

1284 394 1645 456 Ειηδτοιηε
1685 370 2161 449 DECRETALES.

3238 374 3347 433 ωδ

116 527 391 589 veritatis,
421 533 618 595 peccat
656 523 710 576 in
742 519 1054 585 Christum,
1101 523 1154 571 et
1190 510 1409 569 Patrem
1439 510 1681 567 omnium
1711 510 1757 566 Α
1784 514 1841 560 et
1870 520 2087 562 summo
2107 503 2291 560 studio
2320 500 2444 563 niti“.
2477 508 2535 555 ut
2570 513 2764 554 omnes
2788 496 2922 552 vitae
2935 494 3100 566 hujus
3122 508 3361 563 occupa-

119 619 413 673 exacerbat
458 616 659 675 Deum,
686 618 905 682 propter
936 608 1082 679 quod
1114 615 1170 660 et
1198 607 1306 662 vita
1334 603 1566 659 carebit.
1594 598 1682 668 lp-

119 724 239 761 sam
272 715 454 759 autem
484 705 577 773 qui
608 708 803 772 praeest
830 698 1046 754 caeteris
1070 736 1083 758 .
1125 701 1339 766 oportet
1376 690 1575 746 medici
1601 689 1684 743 vi-

118 814 237 853 cem
268 813 453 866 agere,
483 805 537 849 et
566 810 671 847 non
702 792 828 847 ferat
861 790 1048 843 bestiae
1072 786 1255 841 furore
1277 780 1631 840 commoveri.
1659 798 1680 831 ι

121 889 243 946 Haec
270 908 339 947 eo
363 890 599 951 dicente,
630 903 727 957 ego
751 883 1044 956 procidens
1071 881 1137 937 ad
1161 880 1325 951 pedes
1356 877 1499 948 ejus,
1528 889 1687 946 rega-

119 986 264 1046 bam,
296 996 571 1037 excusans
621 995 706 1034 me
727 1017 742 1043 ,
789 983 844 1032 et
893 975 1176 1031 declinans
1204 972 1470 1026 honorem
1500 970 1687 1023 cathe-

118 1077 249 1139 ἀπε,
280 1075 367 1129 vel
404 1072 749 1143 potestatem.
781 1067 849 1123 At
877 1068 967 1121 ille
1007 1063 1348 1134 respondens
1379 1081 1392 1117 :
1425 1059 1533 1116 Pro
1562 1060 1689 1127 hoc,

119 1166 338 1237 inquit,
370 1178 440 1219 ne
470 1179 553 1217 me
596 1158 895 1229 rogaveris.
942 1156 1057 1210 Hoc
1092 1154 1237 1211 enim
1269 1152 1386 1208 ﬁeri
1424 1161 1687 1209 statutum

120 1267 201 1312 est
226 1256 382 1320 mihi,
417 1262 471 1308 et
494 1269 559 1308 eo
588 1250 783 1320 magis,
808 1248 954 1318 quod
985 1262 1221 1303 excusas
1246 1264 1262 1312 ;
1292 1244 1421 1316 quia
1453 1245 1567 1299 haec
1595 1258 1687 1300 ea—

118 1347 307 1402 thedra
340 1362 463 1400 eum
489 1343 579 1412 qui
608 1342 756 1411 cupit
783 1355 923 1401 eam,
964 1345 1018 1394 et
1047 1336 1301 1391 audacter
1325 1335 1553 1405 expetit,
1577 1350 1684 1389 non

121 1435 381 1505 requirit.
414 1432 509 1488 sed
542 1439 791 1485 ornatum
826 1416 1071 1483 moribus
1105 1435 1159 1481 et
1198 1425 1253 1480 in
1285 1424 1465 1480 verbis
1503 1421 1704 1479 erudi-'

120 1537 253 1581 tum.
290 1524 448 1593 Quod
481 1524 528 1578 si
556 1530 701 1577 esset
724 1522 864 1575 alius
898 1519 1120 1582 melior,
1152 1520 1200 1574 si
1229 1518 1355 1588 quis
1388 1517 1519 1571 mihi
1550 1516 1689 1570 alius

120 1618 341 1686 adjutor
369 1627 480 1671 tam
525 1613 748 1669 sedulus
783 1612 1083 1673 astitisset,
1129 1610 1176 1664 si
1226 1609 1352 1679 quis
1384 1616 1495 1662 tam
1534 1607 1690 1677 plene

119 1708 381 1762 doctrina:
410 1720 545 1759 mea:
572 1706 834 1759 rationem
866 1701 1125 1772 cepisset,
1155 1700 1334 1755 sedet
1353 1697 1691 1753 ecclesiasti-

120 1814 215 1854 cas
259 1798 651 1867 dispositiones
693 1811 725 1848 a
763 1809 849 1847 me
890 1800 1000 1847 tam
1044 1789 1202 1862 plene
1240 1789 1556 1852 didicisset,
1591 1786 1718 1842 bar

118 1886 252 1942 hens
276 1887 443 1959 alium
474 1886 657 1949 talem,
677 1900 787 1939 non
804 1891 866 1937 te
896 1896 1143 1952 cogerem
1169 1882 1308 1952 opus
1331 1881 1534 1935 bonum
1564 1894 1687 1935 sus-

120 1978 305 2048 cipere
344 1978 643 2033 nolentem.
684 1974 1029 2045 Superlluum
1067 1981 1311 2043 estergo
1349 1972 1515 2025 alium
1540 1985 1689 2041 quae-

118 2087 261 2136 rere,
292 2087 417 2145 cum
458 2071 730 2143 primitias
759 2082 948 2124 eorum
978 2067 1073 2139 qui
1103 2082 1171 2121 ex
1194 2065 1446 2137 gentibus
1477 2079 1574 2135 per
1603 2078 1690 2117 me

125 2164 432 2227 salvantur,
464 2171 519 2216 et
544 2162 813 2233 praecipue
842 2160 1009 2229 hujus
1032 2158 1207 2226 urbis,
1238 2166 1291 2212 te
1327 2157 1562 2228 primum
1588 2155 1689 2209 ob-

121 2256 340 2311 tulerim
372 2253 503 2309 Deo.
540 2252 645 2309 Sed
673 2262 729 2307 et
773 2253 905 2307 illud
935 2252 1176 2315 intuere,
1208 2250 1339 2321 quia
1372 2249 1430 2304 si
1478 2248 1693 2319 pericu-

120 2346 231 2400 lum
256 2343 469 2415 peccati
492 2344 691 2399 timens
709 2383 724 2410 ,
768 2342 1048 2413 suscipere
1082 2340 1288 2410 refugis
1315 2339 1572 2395 Ecclesim
1593 2354 1694 2410 gu-

122 2436 456 2503 bernacula;
500 2442 686 2490 certus
706 2442 828 2489 esto
849 2473 863 2499 ,
894 2434 1023 2505 quia
1053 2432 1287 2502 amplius
1318 2446 1552 2503 peccas,
1600 2431 1695 2499 qui

122 2526 387 2597 populum
417 2524 511 2579 Dei
544 2525 689 2579 velut
728 2524 784 2577 in
817 2522 1076 2578 ﬂuctibus
1104 2522 1343 2593 positum
1380 2530 1435 2577 et
1474 2521 1696 2592 pericli-

123 2625 333 2673 tantem
353 2656 370 2681 ,
420 2632 546 2671 cum
579 2617 773 2687 juvare
802 2615 1017 2688 possis,
1049 2615 1420 2686 subterfugis;
1462 2616 1542 2670 tui
1576 2621 1699 2670 tan-

124 2708 413 2763 tummodo
440 2708 650 2763 habens
681 2709 1210 2772 considerationem,
1242 2716 1297 2764 et
1326 2724 1437 2763 non
1466 2706 1610 2778 quod
1642 2707 1696 2762 in

124 2816 421 2854 commune
444 2800 700 2855 omnibus
728 2800 947 2870 expedit
967 2841 983 2866 ,
1025 2800 1343 2870 providens.
1374 2800 1486 2856 Sed
1512 2808 1698 2857 certus

124 2901 265 2957 esto,
310 2892 459 2962 quod
509 2907 739 2948 necesse
766 2900 850 2947 est
880 2899 931 2947 te
969 2892 1248 2963 suscipere
1277 2908 1439 2948 omne
1480 2895 1698 2964 pericu-

126 2984 279 3046 lum,
311 2983 442 3054 quia
480 2999 584 3038 nec
628 2999 726 3055 ego
774 3000 873 3054 pro
916 2986 1092 3040 salute
1132 2986 1377 3041 omnium
1418 2987 1491 3042 ab
1539 2988 1700 3044 obse-

124 3073 333 3129 crando
363 3075 615 3130 cessabo.
650 3074 867 3141 Quanto
900 3091 1031 3147 ergo
1060 3076 1195 3131 mihi
1227 3065 1390 3134 citius
1416 3079 1702 3149 acquieve-

1784 600 1967 654 tiones
1997 596 2269 668 abjicias;
2295 611 2364 650 ne
2389 593 2683 663 lidejussor
2702 590 2938 649 existas,
2964 604 3035 643 ne
3062 586 3360 641 advocatus

1785 692 1962 746 litium
1989 690 2110 755 fias,
2134 704 2274 744 neve
2296 688 2351 742 id
2379 687 2493 741 ulla
2517 685 2705 755 aliqua
2743 680 3102 752 occupatione
3131 694 3363 749 prorsus

1785 781 2083 838 invenieris
2128 778 2423 835 mundialis
2469 776 2680 848 negotii
2720 774 3013 829 occasione
3048 769 3361 840 perplexus‘.

1784 870 1973 942 Neque
2000 871 2144 925 enim
2163 868 2403 940 judicem
2430 875 2524 922 aut
2550 864 2889 936 cognitorem
2912 858 3255 917 mularium
3275 870 3367 913 ne-

1788 964 2060 1034 gotiorum
2092 960 2254 1016 hodie
2288 968 2341 1015 te
2370 958 2629 1015 ordinare
2652 955 2773 1010 vult
2797 953 3053 1008 Christus
3082 947 3148 1017 ⁵⁸,
3184 946 3265 1001 uti
3294 960 3367 1001 ne

1788 1052 2114 1123 praefocatus
2142 1049 2508 1121 praesentibus
2530 1047 2813 1101 hominum
2840 1041 3013 1107 curis,
3042 1053 3152 1095 non
3183 1037 3367 1109 possis

1789 1145 1957 1198 verbo
1996 1141 2091 1198 Dei
2130 1139 2361 1203 vacare,
2405 1146 2459 1193 et
2489 1135 2792 1193 secundum
2828 1130 3077 1188 veritatis
3118 1126 3367 1198 regulam

1790 1248 2081 1290 secernere
2121 1232 2295 1286 bonos
2324 1244 2353 1282 a
2382 1228 2563 1282 malis.
2611 1224 2719 1278 Ista
2754 1236 2992 1292 namque
3019 1234 3220 1291 opera,
3247 1231 3370 1291 quae

1789 1326 1887 1381 tibi
1920 1326 2101 1380 minus
2143 1335 2447 1392 congruere
2482 1316 2743 1389 superius
2777 1313 3171 1384 exposuimus,
3212 1308 3376 1365 exhiv

1788 1417 1953 1472 beant
1970 1416 2075 1472 sibi
2103 1414 2338 1470 invicem
2362 1412 2665 1475 discentes,
2690 1407 2745 1464 id
2774 1414 2859 1463 est
2877 1405 3030 1475 laici;
3054 1412 3109 1461 et
3128 1412 3179 1460 te
3205 1416 3369 1458 nemo

1789 1520 2023 1583 occupet
2043 1511 2111 1566 ab
2151 1510 2240 1565 his
2264 1507 2489 1573 studiis,
2522 1520 2622 1577 per
2656 1518 2781 1575 quae
2818 1498 3259 1574 salus-omnibus
3275 1494 3371 1550 da—

1791 1588 1900 1659 tur.

1862 1695 2016 1750 Sicut
2054 1693 2203 1751 enim
2233 1693 2274 1725 ⁸⁷
2311 1691 2412 1748 tibi
2439 1687 2737 1761 impietatis
2767 1685 2987 1741 crimen
3015 1687 3138 1743 est»,
3187 1677 3371 1749 negle-

1791 1788 1896 1843 ctis
1919 1786 2075 1843 verbi
2114 1785 2211 1840 Dei
2248 1783 2449 1841 studiis
2469 1824 2485 1851 ,
2518 1777 2924 1838 sollicitudines
2956 1773 3238 1844 suscipere
3268 1784 3372 1824 sae-

1791 1881 2008 1935 cularcs
2039 1900 2058 1934 :
2084 1880 2159 1935 ita
2199 1887 2254 1934 et
2278 1877 2577 1947 unicuique
2613 1873 2880 1928 laicorum
2912 1876 3199 1940 peccatum
3227 1871 3315 1919 est
3337 1903 3355 1927 ,

1792 1974 1899 2030 nisi
1934 1972 2166 2028 invicem
2191 1970 2295 2025 sibi
2324 1970 2486 2025 etiam
2509 1968 2564 2022 in
2593 1966 2682 2020 his
2702 1978 2824 2035 quae
2857 1960 2925 2015 ad
2955 1956 3265 2015 communis
3296 1953 3371 2007 vi-

1773 2074 1861 2121 tae
1886 2080 2046 2121 usum
2081 2062 2357 2134 pertinent
2384 2100 2398 2124 ,
2445 2072 2669 2130 operam
2723 2054 2959 2109 fideliter
2989 2051 3261 2107 dederint.
3292 2046 3375 2101 Te

1792 2173 1925 2215 vero
1946 2172 2203 2214 securum
2249 2154 2431 2209 facere
2459 2166 2526 2207 ex
2556 2147 2905 2219 his,~quibus
2934 2162 3043 2201 non
3071 2143 3240 2199 debes
3277 2155 3375 2196 va-

1793 2265 1923 2306 care
1944 2249 2014 2315 ⁸⁸,
2044 2262 2235 2303 omnes
2256 2242 2622 2299 communiter
2643 2240 2948 2296 elaborent.
2983 2234 3139 2303 Quod
3164 2233 3209 2287 si
3236 2232 3376 2288 forte

1796 2357 1827 2396 a
1856 2338 2165 2409 semetipsis
2198 2337 2302 2390 hoc
2328 2335 2451 2389 laici
2484 2349 2595 2388 non
2619 2331 2950 2400 intelligunt,
2983 2342 3080 2397 per
3110 2325 3377 2379 diaconos

1795 2432 2062 2489 edocendi
2086 2437 2236 2491 sunt,
2268 2436 2327 2483 ut
2357 2428 2458 2482 tibi
2487 2426 2661 2481 solius
2690 2422 2948 2478 Ecclesiae
2974 2417 3377 2475 sollicitudines

1797 2525 2207 2593 derelinquant;
2254 2536 2363 2591 quo
2393 2520 2569 2591 ipsam
2590 2557 2605 2583 ,
2638 2523 2699 2572 ut
2734 2516 2959 2587 dignum
2985 2520 3107 2577 est,
3152 2511 3379 2581 dispen-

1798 2634 1923 2673 sare
1979 2615 2253 2677 sulﬁcias,
2298 2621 2360 2668 et
2409 2611 2659 2668 veritatis
2698 2608 2866 2664 verbo
2915 2604 3284 2661 abundantius
3322 2609 3379 2656 et

1802 2706 2108 2763 studiosius
2154 2703 2456 2759 deservire.
2511 2698 2572 2754 Si
2610 2697 2757 2754 enim
2809 2694 3184 2752 mundialibus
3228 2692 3378 2747 curis

1798 2798 1974 2854 fueris
2003 2801 2340 2865 occupatus,
2387 2798 2445 2847 et
2489 2791 2726 2861 teipsum
2758 2786 3003 2857 decipies
3023 2824 3039 2847 ,
3070 2791 3123 2839 et
3152 2799 3248 2840 eos
3276 2781 3370 2853 qui

1800 2900 1854 2946 te
1883 2890 2135 2944 audiunt.
2162 2886 2283 2941 Non
2313 2885 2457 2939 enim
2479 2881 2720 2953 poteris,
2758 2895 2879 2950 quae
2901 2876 2969 2932 ad
3000 2878 3230 2931 salutem
3254 2891 3381 2951 pere

1803 2982 2001 3044 tinent,
2028 2977 2245 3049 plenius
2276 2972 2510 3044 singulis
2554 2971 2865 3041 quibusque
2906 2968 3266 3036 distinguere.
3314 2963 3382 3018 Et
3432 3028 3435 3029 ν

1802 3088 1870 3128 ex
1898 3086 1965 3127 eo
1994 3070 2111 3134 flet,
2136 3075 2197 3123 ut
2224 3074 2279 3124 et
2302 3073 2361 3120 tu
2390 3071 2654 3134 tanquam
2700 3062 2795 3132 qui
2824 3075 2932 3137 non
2965 3058 3220 3113 docueris
3250 3072 3372 3127 qua:

126 3167 228 3231 ris,
263 3173 422 3220 tanto
452 3182 538 3220 me
562 3166 722 3221 citius
758 3167 961 3223 laboris
978 3175 1031 3222 et
1053 3168 1290 3223 tristitia:
1309 3184 1443 3225 meae
1470 3186 1705 3227 maerore
1729 3172 1776 3233 ο
1807 3166 1877 3223 ad
1901 3167 2133 3222 salutem
2164 3162 2451 3219 hominum
2478 3159 2754 3232 pertinent
2776 3157 3024 3228 puniaris
3048 3155 3115 3217 ⁵⁸,
3148 3162 3203 3210 et
3220 3155 3384 3210 disci-

130 3260 429 3314 reievabis.
467 3256 603 3314 Novi
640 3260 807 3314 etiam
856 3260 980 3327 hoc,
1017 3276 1050 3315 o
1090 3261 1377 3328 Clemens,
1429 3262 1573 3333 quod
1604 3264 1702 3319 tibi

130 3348 295 3403 taedia
344 3356 400 3402 et
447 3349 764 3415 molestias,
802 3351 1047 3421 pericula
1089 3351 1257 3406 etiam
1303 3360 1358 3407 et
1410 3354 1705 3423 opprobria

130 3440 401 3496 ineruditi
429 3441 576 3511 vulgi
625 3442 988 3514 indocilisque
1027 3444 1349 3512 conciliem;
1380 3462 1501 3521 quae
1531 3456 1589 3503 tu
1624 3458 1707 3503 ta—

128 3544 261 3584 men
288 3529 408 3584 scio
444 3529 591 3599 quod
619 3539 939 3586 constanter
974 3542 1029 3586 et
1060 3533 1277 3587 fortiter
1307 3531 1486 3601 feres,
1530 3539 1707 3607 respi-

130 3622 288 3677 ciens
318 3622 385 3677 ad
415 3622 563 3676 illam
588 3638 763 3692 spem,
789 3639 910 3694 quaa
932 3624 1027 3679 tibi
1059 3620 1205 3695 apud
1236 3626 1403 3683 Deum
1434 3630 1708 3699 patientia:

130 3717 403 3785 praeparat
430 3729 707 3771 coronam.
740 3714 851 3770 Sed
893 3726 947 3771 et
992 3716 1127 3771 illud
1168 3718 1365 3789 cupio,
1397 3727 1453 3775 te
1492 3736 1707 3777 mecum

128 3810 280 3878 justa
312 3808 526 3862 ratione
555 3808 886 3879 perspicere,
910 3807 1129 3878 quando
1157 3810 1392 3866 maxime
1423 3824 1592 3882 opera
1614 3819 1707 3866 tua

132 3902 345 3972 indiget
366 3900 641 3969 Christus,
661 3916 803 3956 nunc
824 3916 955 3955 cum
972 3900 1230 3959 inimicus
1255 3902 1522 3959 adversus
1543 3920 1708 3974 spon-

134 4009 255 4047 sam
281 3993 405 4062 ejus
436 4000 743 4047 commovet
765 3993 989 4055 bellum,
1026 4009 1093 4047 an
1124 3994 1310 4050 futuro
1338 3997 1393 4049 in
1433 4005 1706 4066 tempore,

133 4084 364 4156 quando
390 4084 504 4153 jam
533 4083 787 4139 Christus
827 4092 953 4153 post
984 4085 1266 4140 victoriam
1316 4088 1707 4159 triumphabit,

134 4192 240 4232 nec
281 4176 431 4230 ultra
468 4176 634 4232 ullius
680 4191 846 4246 opera
889 4178 1185 4249 indigebit?
1218 4179 1351 4246 Quis
1392 4197 1501 4237 non
1544 4184 1709 4238 etiam

137 4270 299 4343 parvi
332 4286 532 4326 sensus
570 4270 833 4339 intelligat
853 4310 867 4333 ,
912 4273 1055 4341 quod
1084 4274 1225 4329 istud
1252 4282 1335 4329 est
1366 4283 1583 4345 tempus
1606 4316 1621 4337 ,
1657 4277 1710 4331 in

136 4381 250 4435 quo
288 4376 515 4432 Operam
562 4370 708 4416 tuam
758 4363 1010 4419 Christus
1054 4366 1323 4435 requirit?
1370 4366 1504 4421 Tota
1549 4367 1714 4439 igitur

136 4465 326 4509 mente
356 4453 413 4506 in
442 4456 690 4524 praesenti
721 4456 1050 4512 necessitate
1074 4458 1251 4526 praebe
1278 4475 1498 4529 operam
1540 4472 1708 4523 tuam,

135 4553 195 4601 et
220 4546 487 4599 auxilium
520 4547 574 4601 in
605 4547 806 4616 praeliis
840 4548 1035 4604 exhibe
1065 4551 1175 4619 regi
1205 4551 1432 4620 Optimo,
1465 4567 1713 4607 remunes

136 4639 392 4692 rationes
452 4636 768 4704 magnificas
810 4646 932 4707 post
974 4639 1257 4693 victoriam
1312 4639 1592 4695 reddituro
1647 4641 1713 4695 ⁸³.

138 4729 414 4784 Libenter
440 4743 568 4799 ergo
601 4731 819 4799 suscipe
848 4730 1198 4799 episcopatus
1231 4732 1486 4792 ofﬁcium.
1512 4748 1578 4788 eo
1604 4748 1719 4786 ma-

140 4822 317 4883 xime,
347 4819 495 4889 quod
538 4820 942 4875 ecclesiasticas
967 4820 1362 4890 diSpositiones
1408 4838 1439 4876 a
1478 4838 1565 4875 me
1594 4838 1721 4893 pro-

142 4911 409 4967 babiliter
448 4911 724 4974 didicisti,
774 4918 833 4965 ut
880 4910 1030 4967 salus
1073 4927 1295 4978 eorum,
1340 4914 1434 4985 qui
1481 4930 1569 4985 per
1617 4931 1718 4971 nos

141 5004 524 5074 confugerunt
563 5004 630 5058 ad
677 5002 883 5067 Deum,
928 5019 1274 5075 nequaquam
1322 5008 1559 5064 vacillet.
1603 5006 1719 5062 aVe-

142 5102 463 5151 rumtamen
501 5105 553 5151 et
588 5096 824 5150 breviter
869 5103 922 5151 te
960 5094 1029 5151 de
1075 5096 1248 5166 ipsius
1294 5097 1721 5169 diSpensationis

141 5186 348 5241 ordine
397 5200 579 5239 coram
630 5186 885 5241 omnibus
942 5203 1287 5244 commonere
1346 5193 1719 5247 necessarium

142 5284 297 5337 duco
320 5280 386 5332 ".

200 5380 203 5383 '
228 5370 309 5424 Te
341 5370 558 5441 quidem
589 5372 635 5403 ⁸⁵
665 5378 878 5440 oportet
918 5372 1467 5441 irreprchensibiliter
1495 5378 1679 5435 vivere
1703 5422 1718 5447 ,

1808 3261 1922 3333 puli
1950 3274 2048 3331 per
2070 3256 2436 3329 ignorantiam
2462 3261 2708 3325 pereant.

1876 3351 1924 3382 “
1948 3348 2161 3405 Idcirco
2192 3355 2250 3403 tu
2280 3345 2502 3417 quidem
2528 3343 2596 3398 ad
2625 3342 2730 3397 hoc
2751 3340 2929 3396 solum
2949 3346 3164 3403 vacato,
3196 3342 3259 3391 ut
3280 3351 3381 3407 op-

1807 3449 2044 3515 portune
2073 3448 2128 3497 et
2149 3435 2711 3496 sineintermissione
2737 3432 2940 3487 doceas
2984 3430 3209 3486 verbum
3246 3426 3343 3484 Dei
3366 3466 3383 3490 ,

1808 3550 1905 3605 per
1933 3531 2079 3604 quod
2099 3530 2334 3588 salutem
2366 3525 2631 3596 consequi
2660 3526 2879 3595 possint
2909 3524 2973 3579 “.
3000 3520 3080 3576 Illi
3107 3536 3238 3576 vero
3261 3535 3385 3575 cum

1809 3633 1961 3681 tanta
1990 3622 2300 3681 reverentia
2330 3628 2425 3675 tua
2448 3620 2619 3675 verba
2644 3615 2973 3687 suscipiant,
3000 3624 3260 3686 tanquam
3293 3615 3389 3685 qui

1810 3717 1990 3773 sciant
2038 3716 2280 3786 legatum
2303 3718 2360 3768 te
2386 3718 2441 3766 et
2479 3722 2791 3780 praeconem
2827 3720 2952 3762 esse
2993 3706 3284 3770 veritatis,
3335 3715 3389 3761 et

1808 3809 2182 3882 quodcunque
2228 3818 2396 3875 super
2431 3810 2635 3858 terram
2662 3792 2959 3870 ligaveris,
3007 3812 3133 3854 esse
3162 3799 3390 3869 ligatum

1808 3912 1864 3959 et
1902 3903 1959 3957 in
1982 3900 2152 3965 caalo;
2194 3905 2248 3953 et
2274 3895 2641 3967 quodcunque
2672 3892 2905 3948 solveris
2945 3905 3110 3962 super
3148 3900 3352 3945 terram
3373 3934 3387 3957 ,

1808 3997 1975 4052 etiam
2014 3991 2089 4047 ibi
2130 4006 2255 4063 esse
2304 3986 2629 4062 solvendum
2666 3986 2730 4041 ε’.
2766 3983 3037 4051 Quoniam
3092 3983 3393 4054 quidemet

1811 4096 1902 4151 tu,
1935 4091 1994 4140 ut
2034 4082 2145 4137 dixi
2170 4123 2184 4147 ,
2228 4095 2350 4150 qua:
2377 4083 2618 4149 oportet,
2650 4074 2850 4146 ligabis
2870 4113 2887 4139 ,
2928 4080 2983 4128 et
3008 4088 3131 4143 quae
3161 4071 3384 4141 expedit
3458 4140 3464 4148 .

1811 4179 2011 4235 solves.
2036 4174 2105 4230 Et
2133 4174 2202 4228 ad
2224 4180 2279 4227 te
2301 4171 2521 4241 quidem
2553 4168 2647 4239 qui
2673 4182 2869 4238 prates,
2894 4167 3000 4220 ista
3029 4166 3138 4219 sint
3164 4163 3392 4222 monita,

1811 4281 1865 4327 et
1894 4270 1981 4325 bis
2013 4267 2234 4325 similia.
2284 4263 2367 4319 Ad
2415 4262 2769 4333 presbyteros
2818 4274 2948 4314 vero
2996 4258 3106 4313 sint
3141 4256 3249 4310 ista
3295 4254 3387 4308 “z

1814 4364 1955 4417 Ante
1983 4359 2197 4421 omnia,
2232 4363 2291 4410 ut
2326 4352 2608 4425 pudicitite
2645 4349 2931 4408 studentes
2953 4389 2968 4414 ,
3014 4347 3397 4402 adolescentes

1818 4454 2029 4526 nuptiis
2051 4452 2317 4526 jungant,
2344 4462 2454 4518 quo
2486 4445 2729 4499 calorem
2760 4441 3027 4498 ferventis
3052 4440 3231 4495 aetatis
3266 4454 3397 4493 con-

1814 4522 1988 4617 jugali
2038 4543 2157 4613 lege
2206 4522 2567 4611 praeveniant.
2604 4533 2713 4590 Sed
2756 4550 2825 4592 ne
2862 4535 2917 4588 in
2962 4531 3400 4604 provectioribus

1819 4637 2040 4708 quidem
2070 4648 2260 4689 curam
2289 4631 2494 4685 habere
2514 4624 2897 4699 hujuscemodi
2917 4624 3214 4696 negligant,
3246 4622 3398 4693 quia,

1820 4734 1876 4795 in
1907 4729 2119 4790 multis,
2142 4726 2305 4780 etiam
2334 4737 2461 4777 cum
2485 4718 2731 4777 senuerit
2760 4734 2983 4788 corpus,
3007 4716 3402 4788 concupiscen-

1824 4827 1898 4880 tia
1924 4826 2072 4893 viget
2110 4820 2176 4876 “.
2210 4816 2289 4873 Ne
2329 4815 2470 4872 forte
2515 4828 2647 4884 ergo
2679 4811 3059 4867 fornicationis
3088 4810 3275 4876 labes,
3308 4825 3403 4865 0c-

1825 4917 2048 4973 casione
2079 4920 2329 4981 accepta,
2360 4915 2622 4977 tanquam
2649 4919 2923 4960 venenum
2959 4903 3262 4972 pessimum
3285 4916 3404 4957 ser-

1829 5019 1920 5081 pat
1951 5009 2007 5062 in
2036 5004 2215 5068 vobis,
2247 5017 2445 5057 cavere
2473 5009 2527 5055 et
2551 4996 2868 5053 antevenire
2895 4994 3269 5052 necessarium
3296 5000 3401 5053 est.

1834 5118 1901 5155 ne
1929 5098 2076 5171 quod
2118 5101 2175 5151 in
2215 5094 2375 5150 vobis
2412 5092 2669 5148 adulterii
2704 5088 2988 5143 occultum
3037 5088 3315 5141 coalescat
3359 5085 3405 5117 ⁸⁵

1832 5190 2167 5247 incendium.
2200 5185 2267 5239 Et
2302 5183 2435 5255 quid
2465 5185 2521 5236 in
2551 5180 2808 5235 omnibus
2853 5179 3095 5249 peccatis
3138 5178 3406 5233 adulterio

1828 5282 2081 5357 gravius?
2104 5277 2416 5336 Secundum
2454 5265 2689 5344 namque
2712 5274 2767 5327 in
2808 5272 2854 5303 “
2884 5272 3062 5341 poenis
3092 5270 3304 5325 obtinet
3326 5269 3406 5323 lo-

1829 5392 1976 5441 cum,
2032 5372 2292 5444 quoniam
2347 5367 2566 5440 quidem
2623 5365 2859 5435 primum
2908 5363 2987 5417 illi
3039 5361 3262 5425 habent,
3309 5376 3405 5431 qut

229 5594 281 5672 5f
331 5602 655 5672 ςςεεριατμι,
698 5595 848 5672 inuc.
888 5594 1030 5672 Just.
1090 5588 1162 5672 ὀξ
1194 5599 1370 5672 duxi._
1420 5598 1465 5629 "
1510 5599 1575 5651 l2
1607 5618 1661 5669 q.

1803 5602 1872 5657 Te
1890 5599 2121 5672 quidem.
2197 5594 2242 5625 “
2276 5590 2590 5672 Deestdiaec
2615 5587 2989 5672 voculani'n‘c
3029 5585 3171 5669 Just.
3247 5584 3309 5672 ξ’τή
3338 5586 3396 5672 l

152 5681 188 5734 ιι
247 5663 299 5727 I,
317 5660 472 5734 Sicut
492 5666 650 5719 enim.

158 5733 402 5805 lfvaristi
449 5749 619 5805 papae.
682 5734 733 5805 ff
787 5733 919 5799 lvo,
965 5735 1019 5791 in
1065 5733 1277 5795 'Ileeret.
1346 5737 1438 5791 lib.
1475 5755 1525 5791 v.

158 5804 205 5838 ⁸³
264 5803 533 5860 ευιεεεαιί
592 5805 636 5836 ⁸⁸
671 5803 740 5859 52
769 5815 958 5875 quaest.
980 5808 1029 5864 7.
1063 5808 1204 5875 Quid
1231 5809 1283 5862 in
1308 5807 1571 5862 omnibus.

762 5666 809 5699 ⁸⁸
867 5669 1023 5723 ethis
1052 5668 1239 5738 quibus
1287 5667 1437 5721 debes
1487 5666 1784 5733 vacantem,
1836 5666 1977 5726 idem
2021 5668 2215 5723 codex.

787 5733 919 5790 lvo.
965 5735 1019 5790 in
1070 5740 1277 5790 liceret.
1346 5737 1438 5790 lib.
1475 5755 1525 5790 γ.
1635 5742 1677 5772 ⁸³
1721 5732 1909 5790 Matth.
1971 5755 2082 5790 va.
2188 5738 2215 5769 “

1728 5746 1909 5791 Milllll.
1971 5755 2082 5793 XVI.

2326 5663 2372 5696 ⁸9
2426 5662 2731 5732 deponaris.
2808 5656 3026 5732 “°_ld_e_m
3072 5659 3129 5732 in
3174 5656 3404 5732 epistola

2188 5736 2234 5769 ⁸³
2270 5732 2464 5790 Const.
2493 5727 2592 5796 'tv,
2652 5731 2736 5785 l0.
2851 5728 2897 5760 εδ
2923 5727 3044 5799 Nic.
3097 5728 3134 5783 l.
3176 5742 3264 5798 ep.
3310 5727 3403 5781 49.
