4096 6318
685 321 788 376 487

689 437 945 490 aberrant
970 449 1000 488 a
1028 433 1173 499 Deo,
1206 431 1422 488 etiamsi
1457 432 1640 486 sobrie
1676 431 1913 486 vixerint
1942 433 2006 484 ⁸⁷.
2041 431 2270 500 Pr0pter
2300 434 2342 490 Α

688 527 831 596 quod
855 544 974 593 vos,
1003 542 1036 580 ο
1068 524 1396 595 presbyteri,
1431 523 1732 577 Ecclesiam
1759 524 2009 586 excolite,
2038 530 2091 576 et
2119 522 2264 575 ordi-

687 625 815 672 nate
848 618 893 648 “
937 631 1194 687 sponsam
1235 614 1445 668 Christi
1495 613 1562 666 ad
1607 613 1948 682 pudicitiam.
1996 610 2263 680 Sponsam

689 715 870 761 autem
901 707 1046 769 dico,
1079 720 1294 760 omnem
1323 703 1582 758 Ecclesiae
1603 706 2079 773 congregationem
2103 721 2118 767 ;
2147 717 2267 770 qua:

690 797 734 849 si
776 795 972 865 pudica
1005 797 1224 850 inventa
1274 795 1439 850 fuerit
1477 807 1505 846 a
1549 807 1750 861 sponso
1784 808 1918 856 suo,
1955 793 2266 863 ingentibus

689 885 757 938 ab
791 901 854 940 eo
885 885 1044 939 donis
1066 892 1118 938 et
1156 885 1479 939 muneribus
1517 883 1917 949 bonorabitur;
1949 892 2003 938 et
2031 898 2152 947 vos,
2172 885 2278 939 vel-

684 986 748 1030 ut
791 977 1032 1031 ministri
1057 993 1294 1046 sponsa,
1325 985 1377 1031 et
1409 976 1567 1030 amici
1596 975 1808 1046 sponsi,
1837 976 2038 1047 ingenti
2070 975 2266 1046 gaudio

689 1077 742 1123 et
775 1069 958 1122 ltetitia
1003 1069 1381 1139 perfruemini.
1430 1068 1487 1122 Si
1514 1086 1640 1124 vero
1671 1085 1871 1140 sponsa
1907 1069 2019 1122 haec
2048 1078 2266 1136 reperta

691 1159 854 1215 fuerit
883 1161 1276 1214 commaculata
1308 1163 1566 1229 peccatis,
1593 1161 1709 1230 ipsa
1733 1160 1975 1230 quidem,
2003 1168 2264 1230 tanquam

690 1251 937 1320 indigna,
972 1267 1078 1304 non
1106 1250 1352 1304 tradetur
1380 1252 1659 1319 regalibus
1692 1252 1734 1281 θ’
1765 1251 1920 1304 toris.
1953 1249 2061 1304 Vos
2085 1259 2264 1304 autem

688 1356 880 1410 ptenas
910 1340 1146 1405 dabitis,
1197 1341 1242 1394 si
1282 1339 1420 1394 forte
1453 1356 1548 1410 per
1592 1349 1832 1394 vestram
1881 1339 2264 1409 negligentiam

690 1435 776 1487 vel
806 1432 1076 1486 desidiam
1125 1433 1427 1502 obrepserit
1458 1433 1712 1502 contagio
1742 1448 1883 1486 saeva
1917 1433 2148 1501 peccati.
2180 1429 2267 1486 ld-

690 1527 840 1581 circo
872 1534 996 1579 ante
1018 1525 1200 1578 omnia
1247 1525 1560 1579 sobrietatis
1601 1532 1652 1578 et
1685 1523 1960 1594 pudicitia:
2003 1525 2268 1579 sollicitu-

689 1620 870 1672 dinem
905 1617 1092 1687 gerite.
1122 1612 1289 1672 Valde
1311 1617 1456 1671 enim
1491 1616 1631 1686 apud
1666 1615 1832 1670 Deum
1861 1631 2022 1685 grave
2056 1617 2265 1670 crimen

690 1711 909 1764 ducitur
948 1710 1235 1763 fornicatio
1255 1749 1270 1774 ,
1307 1710 1466 1777 cujus
1500 1710 1709 1778 species
1740 1715 1868 1761 sunt
1898 1707 2113 1776 quidem
2143 1708 2263 1777 plu—

690 1820 803 1866 res,
831 1804 973 1856 sicut
996 1802 1150 1855 vobis
1187 1809 1240 1855 et
1273 1802 1388 1869 ipse
1417 1801 1668 1854 Clemens
1698 1798 1988 1868 diligenter
2009 1807 2262 1868 exponet.
2299 1782 2340 1835 Β

691 1893 1079 1949 Verumtamen
1123 1894 1294 1962 prima
1348 1891 1560 1961 species
1611 1891 1862 1945 adulterii
1911 1900 2030 1955 est,
2087 1890 2262 1944 virum

687 1988 912 2056 propria
946 2001 1115 2040 uxore
1144 1983 1488 2040 solummodo
1527 1999 1635 2036 non
1669 1998 1790 2037 esse
1827 1990 2143 2037 contentum
2164 2022 2179 2046 ,
2211 1990 2264 2036 et

686 2079 976 2132 mulierem
1011 2091 1120 2130 non
1164 2074 1381 2144 proprio
1410 2082 1621 2127 tantum
1670 2087 1889 2127 servare
1928 2088 1986 2126 se
2035 2071 2174 2126 viro.
2207 2070 2263 2124 Si

687 2179 818 2234 ergo
850 2172 1040 2217 castus
1072 2163 1236 2217 fuerit
1265 2162 1410 2232 quis,
1444 2169 1625 2231 potest
1654 2169 1708 2214 et
1732 2161 2002 2215 humanus
2025 2169 2078 2216 et
2108 2163 2268 2216 miseo

688 2257 866 2308 ricors
905 2255 1041 2319 ﬁeri,
1073 2269 1170 2323 per
1201 2253 1348 2326 quod
1388 2261 1442 2308 et
1467 2253 1583 2321 ipse
1613 2261 1872 2306 aeternam
1904 2269 1934 2306 a
1962 2251 2072 2307 Deo
2099 2254 2265 2307 mise-

691 2346 983 2400 ricordiam
1014 2353 1404 2414 consequatur.
1453 2344 1596 2399 Sane
1633 2345 1776 2398 sicut
1821 2344 2072 2398 adulterii
2103 2360 2265 2400 vene—

688 2451 818 2488 num
860 2436 1076 2490 cunctis
1103 2435 1264 2489 malis
1295 2433 1658 2503 perniciosius
1692 2442 1812 2498 est,
1861 2435 1934 2487 ita
1970 2448 2124 2487 amor
2155 2434 2266 2488 fra—

688 2537 880 2583 ternus
919 2536 973 2584 et
1003 2527 1245 2582 cbaritas
1293 2527 1461 2580 totius
1504 2525 1632 2579 boni
1680 2524 1958 2595 fastigium
2001 2533 2168 2581 tenet.
2201 2524 2264 2578 Et

689 2620 813 2674 ideo
845 2619 1054 2688 diligite
1083 2632 1276 2672 omnes
1305 2616 1506 2670 fratres
1538 2624 1774 2681 vestros,
1809 2625 1862 2670 et
1889 2632 2014 2670 cum
2049 2617 2264 2687 religio-

688 2727 756 2765 ne
779 2727 842 2766 ac
865 2709 1240 2765 misericordia
1275 2709 1537 2778 respicite
1577 2708 1643 2762 ad
1673 2724 1865 2763 omnes
1890 2710 1956 2762 '°.
1991 2708 2263 2778 Orphanis

691 2803 945 2856 exhibete
966 2802 1330 2870 vosmetipsos
1360 2808 1638 2870 parentes.
1670 2799 1863 2854 Viduis
1894 2801 2134 2855 virorum
2167 2815 2266 2854 cu-

687 2911 804 2948 ram
843 2893 1140 2962 impendite
1161 2932 1177 2956 ,
1211 2907 1334 2945 cum
1368 2893 1515 2946 omni
1539 2891 1825 2955 castitate,
1858 2907 1978 2960 quae
2009 2906 2265 2946 necessa-

688 2987 769 3040 ria
799 2994 949 3051 sunt,
979 2985 1305 3055 przebentes.
1339 2981 1593 3038 Juniores
1627 2991 1809 3037 tamen
1843 2983 2035 3037 viduas
2057 2983 2265 3052 nuptiis

688 3078 1086 3147 copulate..llis
1110 3077 1200 3149 qui
1233 3078 1487 3148 ignorant
1515 3077 1767 3141 artiﬁcia,
1803 3076 2073 3145 exquirite
2101 3076 2264 3132 hone-

694 3181 811 3226 stas
841 3172 1053 3241 aliquas
1070 3171 1415 3233 occasiones,
1436 3170 1634 3239 quibus
1664 3171 1864 3224 vietum
1893 3170 2261 3224 necessarium

688 3272 932 3332 quaerant
959 3281 972 3328 ;
1003 3261 1304 3315 artificibus
1336 3276 1465 3315 vero
1499 3275 1718 3327 Operam
1743 3261 2042 3330 pr0videte,
2073 3260 2267 3314 debili-

689 3357 794 3409 bus
816 3353 1251 3408 misericordiam
1292 3352 1474 3407 facite.
1531 3350 1657 3406 Scio
1707 3359 1888 3405 autem
1933 3351 2048 3406 haec
2083 3352 2266 3405 omnia

689 3445 935 3500 facturos
965 3459 1086 3510 vos,
1122 3443 1166 3497 si
1197 3444 1520 3497 charitatem
1544 3457 1654 3512 pra:
1688 3442 1903 3496 caateris
1927 3450 1980 3496 et
2003 3449 2128 3496 ante
2149 3457 2268 3496 om—

688 3538 781 3592 nia
809 3538 862 3590 in
896 3544 1080 3591 vestro
1111 3535 1504 3606 cordc'ﬁgatis.
1540 3535 1712 3602 Cujus
1741 3534 2030 3588 charitatis
2050 3574 2064 3598 ,
2095 3540 2150 3588 et
2180 3548 2262 3587 rc-

691 3629 974 3698 cipienda‘,
997 3637 1050 3682 et
1074 3629 1358 3693 habendze,
1396 3627 1692 3682 maximum
1718 3628 1822 3681 erit
1853 3626 2150 3680 fomentum
2171 3666 2186 3690 ,
2221 3626 2266 3680 si

692 3720 1005 3790 frequenter
1030 3721 1172 3775 inter
1195 3719 1562 3788 vosmetipsos
1590 3734 1934 3773 communem
1965 3717 2149 3772 cibum
2185 3734 2269 3771 ve-

691 3819 866 3864 strum
887 3827 1242 3881 mensamque
1284 3811 1518 3875 faciatis,
1547 3819 1599 3865 et
1625 3812 1946 3880 inquantum
1971 3808 2270 3879 unusquis-

690 3921 798 3974 que
818 3906 1095 3974 praevalet,
1127 3905 1375 3959 crebrius
1406 3918 1573 3973 panes
1597 3920 1659 3958 ac
1685 3905 1827 3959 sales
1860 3918 1991 3957 suos
2018 3917 2140 3956 cum
2167 3903 2270 3955 fra-

690 3998 868 4052 tribus
900 3998 1016 4053 suis
1049 4009 1248 4051 sumat.
1283 3997 1386 4052 Per
1416 3998 1530 4050 haec
1557 3997 1700 4051 enim
1730 3996 2000 4065 praecipue
2028 3995 2268 4049 cbaritas

690 4095 1074 4156 comparatur,
1136 4095 1188 4140 et
1232 4103 1396 4142 causa
1453 4087 1622 4140 totius
1669 4087 1795 4140 boni
1842 4087 1896 4140 in
1954 4084 2267 4154 hujusmodi

692 4171 1079 4232 communione
1117 4179 1392 4233 consistit.
1421 4178 1520 4233 Ubi
1548 4188 1729 4232 autem
1773 4193 1875 4246 pax
1916 4185 1969 4230 et
2011 4175 2262 4236 bonitas.

694 4272 767 4324 ibi
797 4279 849 4325 et
887 4271 1058 4325 salus.
1110 4270 1338 4340 Propter
1382 4271 1524 4340 quod
1559 4286 1878 4323 communes
1920 4268 2083 4322 facite
2113 4268 2264 4320 cibos

691 4371 910 4416 vestros
937 4377 1063 4414 cum
1095 4362 1180 4415 his
1209 4363 1301 4431 qui
1337 4363 1636 4415 secundum
1672 4361 1836 4414 Deum
1866 4360 2060 4414 fratres
2082 4367 2262 4423 sunt,

1553 317 1607 371 S.
1645 314 2038 372 CLEMENTIS
2069 315 2089 367 ι
2129 312 2297 368 ROM.
2343 312 2543 370 ΡΟΝΤ.
2575 314 2801 369 OPERA
2840 312 3067 370 DUBIA.

3828 315 3940 372 468

2452 431 2508 484 Si
2539 431 2632 500 qui
2661 431 2708 461 ⁷³
2737 446 2820 504 εχ,
2850 429 3109 485 fratribus
3151 427 3367 497 negotia
3404 426 3607 483 habent
3653 426 3796 481 inter
3831 445 3896 482 se
3920 467 3938 495 ,

2373 524 2514 594 apud
2546 524 2860 592 cognitores
2893 522 3076 576 saeculi
3122 538 3231 574 non
3272 521 3616 590 judicentur;
3663 521 3758 576 sed
3789 520 3936 590 apud

2369 613 2717 686 presbyteros
2743 613 3021 680 Ecclesiae,
3047 613 3309 682 quidquid
3355 613 3489 666 illud
3513 622 3615 674 est,
3642 614 3938 667 dirimatur

2367 714 2420 760 et
2451 706 2594 759 omni
2644 706 2804 758 modo
2834 704 3091 758 obediant
3116 703 3335 758 statutis
3362 719 3571 758 eorum.
3598 703 3776 773 Super
3815 719 3936 757 om-

2368 799 2456 851 nia
2483 804 2662 850 autem
2689 796 2968 850 avaritiam
3002 794 3203 865 fugite;
3232 811 3350 866 quae
3374 795 3619 850 homines
3644 795 3938 865 occasione

2367 889 2652 958 przesentis
2683 888 2820 941 lucri
2853 888 2919 941 ab
2949 887 3166 941 :eternis
3205 894 3420 956 separat
3455 886 3629 941 bonis.
3658 886 3933 950 Pondera,

2369 995 2676 1044 mensuras,
2714 988 2969 1044 stateras,
3006 996 3103 1050 pro
3127 980 3262 1034 locis
3287 979 3593 1048 quibusque
3623 979 3935 1048 :equissima

2367 1072 2666 1139 custodite;
2698 1071 2945 1143 deposita
2979 1071 3208 1126 ﬁdeliter
3237 1070 3531 1125 restituite.
3565 1069 3695 1135 Qua:
3725 1069 3933 1132 omnia,

2367 1172 2419 1219 et
2450 1166 2494 1219 si
2526 1180 2630 1233 qua
2661 1171 2788 1218 sunt
2841 1163 3040 1217 similia
3093 1163 3213 1225 his,
3257 1161 3329 1214 ita
3357 1160 3573 1216 demum
3620 1159 3854 1215 sollicite
3881 1165 3938 1214 et

2367 1255 2658 1326 diligenter
2683 1255 2979 1324 implebitis
3002 1295 3015 1318 ,
3043 1255 3088 1309 si
3130 1253 3370 1307 futurum
3403 1251 3495 1307 Dei
3519 1247 3785 1321 judicium
3817 1252 3936 1306 sine

2369 1349 2775 1402 intermissione
2825 1347 2878 1400 in
2921 1354 3105 1401 vestro
3150 1342 3315 1399 corde
3343 1345 3590 1398 volvatis.
3626 1341 3760 1408 Quis
3789 1344 3934 1397 enim

2369 1453 2595 1508 peccare
2621 1438 2840 1508 poterit,
2881 1437 2924 1490 si
2957 1451 3171 1504 semper
3201 1441 3326 1488 ante
3352 1434 3541 1487 oculos
3569 1447 3698 1487 suos
3727 1431 3821 1484 Dei
3843 1431 3937 1499 ju-

2368 1534 2570 1587 dicium
2601 1532 2807 1602 ponat?
2830 1530 2984 1595 Quod
3014 1530 3065 1582 in
3101 1529 3203 1582 ﬁne
3243 1527 3431 1580 mundi
3461 1533 3668 1580 certum
3699 1531 3784 1578 est
3822 1524 3936 1592 agi-

2369 1623 2616 1686 tandum,
2650 1629 2708 1675 ut
2739 1620 2954 1674 tandem
2984 1618 3075 1690 qui
3107 1619 3244 1672 bene
3285 1617 3341 1670 in
3389 1616 3490 1669 hac
3527 1616 3634 1669 vita
3680 1620 3934 1682 egerunt,

2371 1721 2779 1783 consequantur
2830 1712 2970 1764 bona
3015 1709 3293 1779 reposita;
3323 1714 3638 1777 peccatores
3667 1714 3847 1758 autem
3880 1711 3936 1756 ut

2367 1813 2774 1876 consequantur
2811 1812 3143 1874 praeparatas
3185 1810 3236 1855 et
3275 1797 3585 1854 reconditas
3618 1811 3838 1866 poenas,
3873 1794 3938 1848 de

2367 1898 2566 1969 quibus
2606 1899 2679 1950 ita
2708 1896 2948 1950 futurum
2977 1895 3225 1948 dubitare
3246 1891 3466 1945 omnino
3490 1904 3595 1943 non
3620 1903 3934 1959 possumus;

2367 1988 2634 2058 siquidem
2690 1989 2804 2041 biec
2850 1987 3034 2039 omnia
3070 1986 3142 2038 ita
3178 1999 3298 2039 esse
3337 1991 3564 2037 ventura
3585 1997 3748 2035 verus
3781 1978 3937 2033 nobis

2365 2079 2633 2149 Propheta
2663 2077 2932 2147 przedixit.
2959 2075 3114 2130 Unde
3150 2084 3203 2130 et
3233 2090 3350 2136 vos,
3385 2074 3477 2142 qui
3511 2072 3644 2127 estis
3675 2070 3786 2125 veri
3813 2084 3933 2138 pro-

2366 2166 2542 2236 phetae
2589 2163 2880 2233 discipu‘li,
2926 2163 3143 2232 abjicite
3193 2177 3223 2214 a
3265 2161 3522 2215 cordibus
3564 2159 3764 2214 vestris
3811 2168 3938 2212 ante

2366 2259 2548 2311 omnia
2570 2257 2877 2312 discordias
2895 2264 2948 2310 et
2979 2255 3282 2308 animorum
3307 2253 3696 2316 dissensiones,
3735 2268 3800 2306 ex
3822 2250 3937 2321 qui-

2367 2349 2470 2403 bus
2496 2365 2658 2402 omne
2679 2349 2877 2401 malum
2910 2362 3046 2416 opus
3079 2345 3342 2415 procedit,
3367 2353 3419 2398 et
3453 2343 3840 2412 benignitatem
3873 2356 3935 2395 ac

2368 2439 2769 2507 simplicitatem
2803 2446 2914 2490 tota
2947 2443 3127 2490 mente
3152 2443 3385 2489 servate.
3420 2433 3574 2499 Quod
3602 2432 3647 2486 si
3680 2431 3815 2485 forte
3844 2430 3937 2484 ali-

2365 2529 2528 2598 cujus
2549 2545 2644 2583 cor
2667 2529 2750 2582 vel
2787 2529 2946 2591 livor,
2979 2527 3066 2580 vel
3095 2525 3417 2590 inﬁdelitas,
3448 2525 3531 2577 vel
3570 2521 3785 2592 aliquod
3817 2537 3928 2574 ma-

2367 2621 2478 2675 lum
2524 2637 2591 2675 ex
2640 2621 2725 2674 bis
2765 2636 2884 2690 qua:
2932 2620 3185 2688 superius
3217 2616 3665 2678 memoravimus,
3700 2614 3933 2666 latenter

2367 2715 2682 2784 irrepserit;
2738 2731 2846 2767 non
2871 2714 3191 2776 erubescat,
3220 2711 3311 2781 qui
3355 2709 3550 2763 anima:
3593 2723 3706 2763 sua:
3746 2721 3934 2761 curam

2366 2805 2524 2873 gerit,
2557 2804 2803 2859 conﬁteri
2837 2805 2949 2858 hmo
2975 2804 3102 2857 huic
3128 2803 3218 2873 qui
3255 2787 3483 2872 prmest,
3512 2809 3570 2853 ut
3599 2799 3666 2854 ab
3698 2801 3813 2868 ipso
3837 2815 3935 2868 per

2367 2900 2590 2954 Verbum
2659 2899 2753 2952 Dei
2803 2906 2857 2953 et
2903 2899 3191 2952 consilium
3259 2897 3474 2951 salubre
3527 2903 3769 2958 curetur,
3827 2908 3938 2962 quo

2368 2991 2540 3061 possit
2587 2991 2794 3059 integra
2819 2989 2919 3044 ﬁde
2942 2997 2995 3044 et
3037 2988 3292 3057 operibus
3327 2988 3482 3042 bonis
3512 3001 3702 3055 pmnas
3747 2985 3938 3039 aeterni

2290 3114 2336 3174 Β
2369 3084 2511 3174 ignis
2553 3082 2810 3153 effugere,
2852 3090 2905 3137 et
2959 3082 3024 3135 ad
3049 3088 3320 3151 perpetua:
3349 3080 3469 3133 vita:
3496 3078 3715 3148 prtemia
3747 3092 3942 3147 perve-

2367 3189 2505 3227 [ler.

2438 3262 2662 3318 Diacom
2698 3278 2828 3318 vero
2857 3262 3114 3318 Ecclesiae
3138 3261 3210 3327 ⁷³,
3236 3269 3497 3332 tanquam
3527 3259 3669 3314 oculi
3691 3259 3801 3313 sint
3821 3261 3942 3329 epi-

2367 3357 2518 3426 sc0pi
2543 3357 2863 3411 oberranles
2895 3357 2961 3419 ⁷⁸,
2996 3363 3049 3409 et
3081 3355 3596 3409 circumlustrantes
3636 3368 3758 3406 cum
3784 3368 3944 3408 vere-

2368 3445 2568 3499 cundia
2600 3454 2755 3499 actus
2779 3445 2950 3499 totius
2981 3443 3262 3507 Ecclesiae,
3298 3453 3350 3498 et
3381 3450 3784 3514 perscrutantes
3813 3441 3945 3496 dili-

2368 3538 2583 3607 gentius
2609 3577 2622 3599 ,
2659 3537 2704 3591 si
2742 3551 2903 3606 quem
2945 3535 3164 3588 videant
3192 3535 3429 3589 vicinum
3462 3535 3575 3588 ﬁeri
3605 3533 3940 3603 pmcipitio,

2368 3637 2420 3682 et
2452 3629 2758 3698 proximum
2784 3635 3175 3696 esse.peccato,
3210 3634 3268 3680 ut
3315 3625 3554 3682 referant
3587 3626 3700 3680 haec
3726 3624 3791 3678 ad
3815 3628 3941 3696 epi-

2369 3735 2616 3789 scopum,
2650 3727 2702 3772 et
2725 3719 3058 3772 commoneri
3091 3719 3156 3771 ab
3181 3734 3244 3772 eo
3273 3717 3448 3787 possit
3480 3717 3526 3772 is
3548 3717 3638 3786 qui
3671 3717 3725 3769 in
3754 3719 3945 3786 praci-

2367 3813 2559 3881 pjtium
2589 3811 2841 3879 lapsurus
2870 3819 2953 3865 est
2979 3852 2993 3874 ,
3035 3811 3110 3863 uti
3155 3819 3462 3874 revocetur,
3488 3819 3541 3865 et
3579 3826 3687 3864 non
3717 3820 3945 3864 corruat

2368 3903 2420 3954 in
2453 3907 2754 3971 peccatum.
2781 3900 3206 3971 Negligentiores
3228 3901 3273 3930 ⁷⁸
3297 3916 3533 3970 quoque,
3561 3909 3718 3955 eteos
3742 3901 3832 3971 qui
3850 3917 3943 3954 ra-

2367 3991 2483 4046 rius
2507 3991 2572 4044 ad
2606 3991 2933 4044 audiendum
2967 3990 3190 4043 verbum
3218 3989 3309 4042 Dei
3340 3990 3625 4055 accedunt,
3661 4005 3760 4043 nec
3785 3991 3944 4045 solli-

2367 4084 2473 4138 cite
2497 4083 2562 4135 ad
2594 4083 2831 4151 episcopi
2866 4089 3156 4135 tractatum
3184 4081 3534 4145 conveniunt,
3568 4081 3669 4151 ipsi
3701 4097 3945 4135 commo-

2369 4183 2534 4230 neant
2556 4183 2607 4227 et
2632 4175 2938 4228 hortentur.
2977 4173 3033 4226 Si
3064 4174 3207 4227 enim
3248 4173 3453 4228 assidui
3487 4173 3684 4228 sintad
3710 4175 3944 4228 audien-

2369 4268 2520 4329 du-m,
2553 4283 2658 4319 non
2699 4268 2871 4319 solum
2905 4265 3025 4318 vita:
3050 4273 3264 4318 aeterna:
3299 4282 3365 4319 ex
3403 4266 3608 4320 salubri
3633 4269 3941 4319 commoni-

2370 4361 2513 4412 tione
2538 4358 2758 4426 capiunt
2799 4358 2969 4421 lucra,
2994 4371 3180 4409 verum
3205 4364 3258 4409 et
3302 4371 3638 4426 quazcunque
3680 4357 3788 4410 illae
3807 4365 3941 4410 sunt

693 4454 823 4521 quia
859 4469 958 4522 per
990 4453 1103 4506 bzec
1130 4453 1447 4522 temporalia
1478 4453 1672 4515 ollicia,
1707 4454 1857 4521 pacis
1886 4459 1938 4506 et
1982 4451 2264 4505 charitatis
2300 4461 2340 4514 υ
2371 4453 2605 4507 tristitia:
2634 4452 2714 4504 vel
2757 4467 3038 4512 maerores,
3073 4466 3190 4519 qua:
3213 4451 3257 4480 "
3288 4467 3352 4504 ex
3384 4450 3666 4520 przesentis
3689 4451 3810 4504 vita:
3840 4466 3941 4505 ne—

695 4544 968 4597 fruetibus
998 4542 1196 4613 gaudia
1227 4551 1427 4596 :eterna
1469 4543 1808 4597 merebimini
1844 4543 1912 4596 ⁷¹.
1965 4542 2134 4596 Multo
2166 4557 2265 4594 au-

696 4645 805 4688 tem
833 4636 1124 4690 sollicitius
1155 4636 1460 4690 esurientes
1491 4633 1714 4695 reﬁcite,
1748 4639 1800 4688 et
1835 4634 2146 4687 sitientibus
2168 4647 2266 4702 po-

696 4737 809 4779 tum
844 4728 990 4788 dale,
1027 4727 1190 4781 nudis
1221 4729 1642 4791 vestimentum;
1691 4741 1862 4794 agros
1910 4725 2166 4787 visitate,
2212 4733 2264 4778 et

697 4831 794 4869 eos
823 4817 914 4885 qui
940 4817 992 4869 in
1025 4832 1246 4871 carcere
1276 4825 1423 4879 sunt,
1453 4824 1611 4888 prout
1643 4816 1899 4884 possibile
1921 4823 2026 4879 est,
2047 4814 2262 4883 juvate;

699 4910 1020 4978 peregrinos
1053 4910 1186 4963 satis
1217 4917 1464 4981 prompte
1496 4910 1548 4962 in
1573 4909 1825 4962 domibus
1862 4908 2056 4961 vestris
2089 4907 2267 4961 susci-

699 4998 809 5052 oite
832 4999 899 5052 ⁷³.
930 4997 995 5050 Et
1028 5014 1096 5052 ne
1135 4999 1319 5052 omnia
1350 5014 1496 5053 nunc
1523 5000 1837 5070 singulatim
1866 4999 2043 5051 dicam
2065 5041 2079 5063 ,
2112 5013 2272 5052 omne

701 5103 904 5144 nonum
940 5091 1057 5161 ipsa
1087 5107 1182 5161 per
1214 5107 1271 5146 se
1302 5091 1370 5162 (si
1405 5093 1459 5146 in
1491 5092 1648 5146 vobis
1688 5090 1870 5161 fuerit)
1904 5083 2144 5144 Charitas
2175 5107 2272 5145 vos

703 5182 888 5236 facere
911 5183 1164 5248 docebit,
1193 5185 1339 5238 sicut
1367 5194 1420 5238 et
1450 5183 1761 5238 econtrario
1791 5170 1885 5238 eos
1912 5185 2002 5252 qui
2035 5199 2063 5236 a
2097 5183 2270 5238 salute

705 5270 867 5324 alieni
895 5281 1042 5336 sunt,
1067 5287 1228 5328 omne
1257 5273 1457 5326 malum
1484 5273 1662 5329 facere
1687 5275 1871 5328 odium
1901 5273 2077 5327 docet.

773 5476 816 5504 ⁸⁷
843 5474 904 5528 Et
939 5477 990 5529 in
1030 5483 1175 5536 Decr.
1207 5479 1328 5543 lvo,
1368 5481 1460 5534 lib.
1517 5498 1611 5533 vn.
1689 5483 1733 5513 ⁸⁸
1775 5479 2049 5534 adornata.

706 5561 792 5619 ep.
822 5546 856 5597 2
897 5544 953 5599 S.
984 5547 1208 5602 Evaristi
1240 5566 1409 5619 papa).
1485 5553 1529 5582 "
1563 5545 1749 5600 Matth.
1802 5567 1924 5603 XXV.

709 5617 818 5666 εἰσι.
925 5619 970 5648 ⁷⁸
1002 5619 1190 5673 Const.
1218 5617 1275 5682 ll,
1302 5617 1388 5674 λι.

709 5686 755 5756 7‘“
785 5686 878 5737 Ms.
913 5694 1226 5756 qmrrunque
1274 5690 1594 5743 sermonibus
1640 5693 1767 5742 suis.

719 5753 759 5785 "
796 5756 891 5811 Ms.
925 5753 962 5810 ἀ
998 5753 1159 5815 cultu.
1238 5762 1282 5791 ⁸⁸
1307 5762 1469 5815 Deum
1506 5762 1813 5826 amiseruu',
1845 5763 2006 5830 spinis
2045 5779 2121 5815 ac.

2128 5481 2170 5512 ‘°
2219 5483 2523 5534 extrudelur
2561 5500 2591 5532 τι
2642 5481 2924 5550 regalibus.

2033 5551 2079 5580 "
2121 5551 2406 5619 H.qu:r.st.
2455 5553 2508 5610 1.
2550 5552 2720 5619 Siqui
2764 5561 2861 5604 est.

1503 5621 1546 5650 "
1578 5620 1674 5670 Ms.
1701 5619 2133 5689 Negligemiores.
2167 5632 2217 5674 ct
2254 5624 2320 5673 ita
2361 5637 2593 5688 semper.

1845 5691 1888 5718 ⁷³
1916 5691 2019 5765 Ms.
2076 5693 2565 5765 rila’giailf'rnitale.
2610 5691 2896 5765 doctrina,
2947 5701 3049 5748 etc.

2202 5763 2243 5792 ⁸³
2276 5762 2375 5816 Ms.
2409 5763 2637 5816 diaconi.

2372 4544 2719 4598 cessitatibus
2748 4551 2798 4595 et
2829 4542 3073 4596 cladibus
3097 4553 3394 4612 temporum
3435 4543 3679 4606 veniunt,
3703 4558 3941 4613 qumque

2373 4637 2639 4690 malorum
2673 4635 3016 4688 sermonibus
3059 4634 3104 4663 ⁷⁸
3134 4636 3187 4686 in
3223 4635 3386 4688 corde
3426 4649 3526 4688 suo
3570 4635 3713 4689 velut
3753 4633 3939 4702 jacula

2373 4728 2544 4780 deﬁxa
2595 4727 3024 4790 ciruimferunt,
3078 4726 3409 4794 abjiciuntur
3445 4728 3625 4780 omnia
3671 4726 3940 4796 pradica-

2370 4821 2517 4871 tione
2542 4819 2803 4884 veritatis,
2834 4827 2885 4872 et
2915 4820 3034 4872 vita:
3048 4830 3260 4874 :eternm
3282 4819 3528 4873 doctrina
3559 4820 3624 4881 τ’,
3665 4829 3716 4873 et
3756 4821 3940 4876 erudi-

2372 4911 2516 4963 tione
2551 4917 2796 4978 purgata.
2835 4911 3088 4978 Alioquin
3123 4911 3166 4965 si
3197 4912 3371 4964 multo
3393 4918 3644 4979 tempore
3686 4911 3938 4965 auditum

2371 4998 2696 5052 subtrahant
2720 5015 2747 5051 a
2774 5000 2938 5053 verbo
2961 4999 3075 5063 Dei,
3109 5009 3162 5054 et
3197 5008 3514 5055 remaneant
3539 5002 3584 5032 ⁸⁸
3618 5002 3670 5054 in
3704 5002 3859 5055 cultu
3893 5003 3936 5035 ⁸¹

2371 5091 2647 5152 vitiorum,
2675 5091 2791 5143 sine
2821 5091 2987 5144 dubio
3011 5092 3183 5160 spinis
3211 5099 3371 5146 erunt
3399 5107 3462 5145 ac
3490 5092 3533 5123 ¹¹¹
3559 5093 3807 5146 sentibus
3843 5109 3942 5147 oc-

2366 5183 2570 5250 cupati.
2600 5180 2662 5233 Et
2693 5182 2819 5249 quid
2848 5181 3014 5244 aliud,
3049 5182 3152 5235 nisi
3185 5182 3249 5235 ad
3285 5184 3460 5250 ignem
3498 5183 3623 5236 talis
3641 5183 3755 5237 haec
3787 5193 3938 5237 terra

2367 5273 2796 5342 przeparabitur?
2820 5273 2892 5328 De
2924 5274 3009 5329 bis
3029 5289 3188 5344 ergo,
3215 5281 3274 5326 ut
3305 5272 3569 5337 diximus,
3599 5272 3860 5330 diaconis
3894 5277 3939 5306 "

3000 5480 3296 5536 "Constit.
3359 5498 3408 5537 Iv
3457 5481 3508 5534 2.
3583 5481 3628 5513 ⁷¹
3688 5477 3820 5533 ltem
3882 5500 3935 5536 in

2971 5551 3017 5583 ⁷⁸
3061 5552 3310 5607 Distinet.
3365 5554 3457 5618 93,
3487 5551 3709 5604 Diaconi
3748 5549 3939 5606 Eccle-

2703 5623 2746 5652 ⁷⁷
2787 5623 2883 5676 Ms.
2927 5624 3036 5691 qui,
3090 5632 3141 5678 et
3169 5640 3232 5675 ex
3268 5624 3552 5691 recentiori
3576 5636 3761 5691 _manu
3789 5637 3932 5689 qua.

3161 5692 3207 5724 ⁸ο
3257 5689 3440 5744 inculti
3491 5686 3735 5740 vitiorum
3765 5686 3931 5752 ,'etc.
