4096 6318
192 359 298 417 £69

1420 344 1776 403 EPISTOLJE
1809 326 2278 402 necaturas.

3319 352 3427 411 670

191 487 325 527 ειη-³
351 470 441 526 εει,
462 469 570 525 sed
596 475 652 526 ει
669 483 764 527 eos
786 467 877 537 qui
909 464 1205 524 secundum
1226 477 1447 518 carnem
1469 466 1754 531 aegrotant.
1786 462 1835 517 Α
1863 455 2038 510 tiones
2067 455 2198 524 ipsa:
2228 454 2274 486 "
2301 453 2462 509 bonis
2490 452 2732 511 moribus
2773 464 2826 510 et
2851 456 3008 513 bonis
3041 459 3298 528 Operibus
3330 465 3430 518 ad-

191 562 429 617 solllcite
458 561 796 631 perquirant,
826 567 880 618 et
915 559 1057 630 plebi
1089 558 1158 630 (si
1188 556 1325 611 forte
1355 555 1510 626 plebs
1542 553 1586 584 ⁸⁸⁵
1611 555 1760 622 ἱεηοο
1854 544 2152 654 “Enim;
2175 543 2281 654 15M
2314 546 2692 654 a‘nfenomnia.
2712 562 2836 602 eum
2871 549 3051 653 quiete
3081 559 3134 608 et
3175 553 3429 654 silentio:

192 653 300 722 rat)
332 653 575 708 indicent
598 652 664 708 de
689 652 796 719 bis,
839 658 900 705 ut
938 658 992 705 et
1029 649 1135 720 ipsi
1162 647 1382 702 visitent
1411 661 1525 710 eos,
1560 652 1613 698 et
1639 658 1746 738 qua

1858 636 2090 705 epibatze
2117 637 2193 707 (id
2225 647 2309 692 est
2339 635 2490 708 laici)
2522 637 2578 691 in
2610 638 2725 694 suis
2749 643 3128 713 unusquisque
3158 639 3434 703 residean't

1857 723 1991 748 ἱλλέι.
2065 741 2130 748 ..Α
2169 724 2303 748 ΡΑ-ι-
2354 742 2451 748 ..-..
2494 726 2915 748 !___-!_a__j!_,_,c_
3053 739 3071 748 -
3123 733 3134 745 ι
3307 736 3356 748 ..ξ

192 747 506 800 necessaria
527 753 677 809 sunt,
715 745 989 815 praebeant
1017 744 1097 798 eis
1123 756 1246 796 cum
1276 740 1613 794 conscientia
1635 736 1746 806 ejus

1857 723 2029 790 locis,
2065 741 2133 780 ne
2167 724 2306 780 forte
2354 742 2452 795 per
2494 726 2924 797 inquietudinem
2951 770 2964 796 ,
3020 739 3076 786 et
3121 733 3434 792 inconditos

189 835 282 905 qui
323 844 534 905 praeest.
574 836 728 901 Quod
759 835 803 868 "
830 843 1010 889 tamen
1040 833 1207 887 etiam
1239 831 1284 885 si
1316 830 1454 886 clam
1488 829 1752 893 fecerint,

191 941 301 980 non
332 927 653 997 peccabunt,
685 925 776 981 sed
827 934 882 979 et
910 926 974 980 de
1005 923 1337 994 peregrinis'
1362 921 1610 977 similiter
1639 921 1756 1010 epi-

191 1031 359 1084 scopo
418 1022 704 1087 suggerant
741 1012 1081 1080 refovendis;
1114 1020 1167 1067 et
1194 1020 1386 1068 caetera
1417 1011 1503 1065 his
1534 1011 1750 1073 similia,

189 1120 313 1175 qua:
351 1104 415 1158 ad
455 1105 658 1160 cultum
684 1102 938 1158 Ecclesiae
979 1110 1033 1157 et
1073 1102 1415 1174 disciplinam
1445 1102 1564 1172 ejus
1588 1101 1752 1170 pertio

191 1207 342 1258 nent,
371 1195 615 1250 diaeonis
642 1211 786 1251 cura:
810 1196 920 1251 sint
950 1195 1015 1252 ⁸⁸.
1061 1194 1164 1261 Qui
1194 1196 1560 1260 catechizant,
1589 1194 1642 1248 id
1671 1203 1754 1249 est

187 1286 282 1352 qui
315 1285 480 1340 verbo
507 1285 785 1340 instruunt
816 1285 1139 1356 incipientes
1161 1325 1177 1350 ,
1213 1287 1389 1357 primo
1424 1292 1659 1356 oportet,
1692 1291 1752 1338 ut

188 1369 292 1442 ipsi
327 1374 576 1430 instructi
605 1375 714 1430 sint
737 1394 751 1444 ;
784 1376 850 1430 de
872 1376 1051 1431 anima
1077 1378 1219 1432 enim
1245 1379 1422 1449 agitur
1445 1377 1749 1434 hominum.

187 1465 253 1519 Et
285 1474 496 1537 oportet
523 1483 646 1524 eum
674 1468 764 1539 qui
796 1468 952 1524 docet
980 1477 1034 1524 et
1058 1470 1282 1525 instruit
1304 1471 1514 1528 animas
1546 1471 1710 1526 rudes
1730 1510 1747 1536 ,

186 1575 311 1615 esse
336 1561 496 1615 talem
517 1600 532 1626 ,
563 1567 621 1614 ut
652 1575 750 1632 pro
781 1560 998 1633 ingenio
1024 1563 1366 1620 discentium"
1394 1565 1748 1636 semetipsum

188 1648 362 1718 possit
390 1656 595 1719 aptare,
618 1659 671 1704 et
698 1651 846 1705 verbi
881 1651 1123 1708 ordinem
1148 1669 1247 1724 pro
1278 1655 1546 1712 audientis
1586 1669 1750 1726 capa-

185 1744 352 1798 citate
389 1742 643 1814 dirigere.
678 1742 847 1800 Debet
873 1759 1002 1814 ergo
1033 1745 1148 1816 ipse
1181 1748 1454 1818 praecipue
1487 1749 1534 1782 ⁸⁷
1558 1752 1742 1822 appri-

187 1847 274 1886 me
301 1847 423 1894 esse
450 1832 698 1888 eruditus
720 1839 774 1887 et
802 1833 996 1890 doctus
1020 1873 1034 1898 ,
1070 1835 1593 1906 irreprebensibilis,
1624 1853 1745 1892 ma-

186 1929 363 1986 turus,
394 1921 720 1992 impavidus,
759 1923 1022 1994 sicutipsi
1046 1925 1346 1995 probabitis
1365 1926 1482 1983 fore
1504 1927 1748 1986 Clemen-

183 2023 292 2066 tem
326 2011 470 2066 hunc
492 2021 612 2082 post
637 2028 743 2069 me.
781 2013 1006 2070 Multum
1035 2023 1119 2072 est
1150 2024 1353 2084 autem,
1386 2020 1441 2074 si
1462 2034 1564 2090 ego
1598 2031 1746 2077 nunc

180 2105 250 2158 de
290 2104 544 2175 singulis,
572 2121 692 2178 qua:
714 2109 1088 2182 unusquisque
1116 2111 1320 2170 habere
1356 2107 1589 2185 debeat,
1617 2131 1746 2188 pro-

183 2207 402 2263 sequar.
1706 2249 1708 2252 ,

251 2284 634 2345 Verumtamen
663 2290 796 2349 illud
830 2301 914 2350 est
939 2295 1082 2366 quod
1103 2312 1215 2367 prae
1240 2301 1453 2356 ceteris
1469 2301 1542 2358 ab
1571 2303 1748 2358 omni-

180 2375 285 2432 bus
313 2378 468 2435 vobis
495 2381 654 2449 cupio
676 2382 729 2436 in
750 2388 1044 2439 commune
1061 2387 1286 2453 servari,
1313 2397 1373 2442 ut
1398 2390 1744 2446 concordiam

181 2468 436 2545 teneatis,
468 2485 562 2539 per
589 2473 732 2540 quod
763 2473 936 2528 solum
968 2475 1012 2506 ³⁸
1043 2477 1274 2546 potestis
1301 2490 1518 2548 portum
1543 2481 1743 2552 quietis

183 2543 409 2619 intrare,
436 2564 488 2611 et
511 2559 780 2640 civitatem
806 2565 1002 2617 summi
1029 2543 1190 2636 regis,
1217 2584 1337 2638 quae
1364 2585 1471 2640 pax
1491 2573 1742 2628 nomina-

180 2650 292 2709 tur,
321 2645 571 2703 habitare
593 2650 659 2704 ".
693 2636 898 2710 Similis
913 2655 956 2688 “
993 2636 1331 2727 namque—est
1361 2636 1536 2719 status
1563 2666 1744 2722 omnis

182 2733 440 2792 Ecclesia:
487 2755 695 2812 magna:
742 2745 901 2808 navi,
951 2763 1070 2816 qua:
1093 2765 1188 2817 per
1221 2736 1491 2808 undosum
1519 2757 1743 2827 pelagus

179 2825 413 2881 diversis
436 2844 465 2882 e
496 2829 630 2885 locis
658 2839 712 2885 et
735 2834 1047 2903 regionibus
1078 2839 1225 2896 viros
1257 2849 1454 2912 portat,
1481 2847 1549 2898 ad
1578 2825 1740 2901 unam

181 2917 419 2982 potentis
445 2920 592 2989 regni
623 2922 807 2976 urbem
833 2939 1126 2994 properare
1154 2931 1455 2998 cupientes.
1497 2929 1579 2985 Sit
1612 2948 1741 3007 ergo

181 3007 336 3086 navis
361 3007 524 3077 bujus
555 3010 812 3068 Dominus
840 3014 906 3081 “,
935 3016 1050 3087 ipse
1079 3020 1422 3090 omnipotens
1457 3023 1614 3092 Deus,
1642 3041 1740 3096 gu—

181 3084 437 3154 bernator
461 3117 588 3163 vero
620 3104 690 3157 sit
713 3084 981 3162 Christus.
1019 3107 1157 3166 Tum
1180 3084 1376 3169 deinde
1408 3084 1744 3185 proretievof-
1772 3123 1812 3177 C

180 3189 365 3244 licium
416 3193 704 3265 episcopus
759 3197 1012 3267 impleat,
1065 3204 1366 3274 presbyteri
1416 3216 1742 3280 nautarum,

177 3280 394 3335 diaconi
428 3281 865 3366 dispensatorum
897 3289 1074 3343 locum
1098 3300 1312 3348 teneant
1348 3313 1360 3349 :
1397 3295 1450 3349 hi
1482 3297 1576 3368 qui
1598 3308 1744 3355 cate-

176 3371 419 3437 chizant,
452 3363 759 3447 nautologis
802 3381 1187 3452 conferantur;
1237 3389 1468 3457 epibatis
1498 3363 1696 3447 ﬂantem
1725 3437 1739 3460 ,

176 3462 350 3518 totius
380 3462 738 3524 fraternitatis
759 3473 1047 3530 multitudo
1071 3476 1266 3534 similis
1287 3479 1392 3548 sit;
1416 3481 1592 3551 ipsum
1614 3502 1745 3557 quo-

174 3569 284 3621 que
309 3572 456 3612 mare
477 3557 566 3612 hic
597 3560 831 3618 mundus
855 3563 1117 3620 habeatur
1149 3587 1159 3621 :
1194 3578 1477 3626 ventorum
1501 3590 1626 3631 vero
1645 3594 1738 3633 va-

175 3647 400 3704 rietates
428 3657 481 3704 et
513 3651 830 3725 turbinum,
862 3654 1094 3714 diversis
1133 3664 1526 3724 tentationibus
1555 3671 1740 3730 confe-

173 3751 408 3796 rantur:
458 3737 894 3814 persecutiones,
944 3751 1323 3811 tribulationes
1365 3741 1418 3813 et
1462 3763 1736 3830 pericula,

173 3830 434 3886 ﬂuctibus
473 3844 843 3904 exaequentur.
889 3837 1113 3895 Terreni
1162 3861 1289 3900 vero
1336 3850 1595 3919 spiritus,
1645 3858 1737 3925 qui

172 3919 260 3972 vel
290 3920 357 3975 de
378 3924 732 3988 torrentibus,
758 3925 843 3980 vel
863 3926 930 3981 de
959 3931 1295 3989 convallibus
1319 3937 1549 4004 spirant,
1576 3919 1739 4009 pseu-

168 4013 630 4083 dOprophetarum
664 4024 718 4072 et
744 4017 1113 4088 seductorum,
1146 4040 1240 4080 seu
1270 4042 1448 4096 prava:
1479 4030 1739 4088 doctrinae

168 4103 356 4158 verba,
378 4103 647 4160 ducantur
673 4107 719 4138 "
754 4126 766 4162 :
800 4115 1170 4177 promontoria
1198 4131 1328 4172 vero
1358 4131 1413 4173 et
1448 4120 1567 4175 loca
1600 4137 1733 4179 con—

168 4191 414 4264 fragosa,
452 4194 502 4248 hi
530 4197 622 4266 qui
657 4198 710 4252 in
741 4204 1102 4268 potestatibus
1132 4209 1318 4265 saeculi
1343 4220 1472 4267 sunt
1497 4211 1732 4284 iudices,

167 4295 230 4340 et
257 4288 496 4357 pericula
531 4290 808 4345 minantur
837 4303 888 4348 et
919 4305 1143 4354 mortes.
1194 4299 1502 4360 Dithalassa
1533 4307 1578 4340 ”
1606 4325 1737 4366 vero

169 4379 296 4432 loca
316 4418 331 4442 ,
362 4394 481 4449 qua:
510 4378 819 4450 duplicibus
866 4387 1022 4441 unde
1057 4388 1263 4448 fallacis
1285 4396 1511 4453 aestibus
1546 4403 1735 4459 verbeo

166 4476 388 4534 rantur,
424 4471 603 4526 dubiis
635 4483 834 4540 mente,
874 4485 928 4530 et
965 4477 1033 4538 de
1074 4484 1560 4552 repromissionum
1595 4493 1735 4547 veri-
1771 4462 1810 4516 Β

165 4569 287 4615 tate
314 4563 634 4620 nutantibus
657 4567 1031 4637 conferantur,
1065 4580 1228 4644 atque
1257 4577 1348 4632 his
1384 4581 1477 4648 qui
1519 4582 1735 4641 irratio-

165 4652 343 4707 nabiii
371 4652 528 4709 tidem
564 4667 808 4714 nostram
833 4661 1045 4717 ratione
1074 4664 1397 4725 discutiunt.
1428 4670 1734 4743 l—lypocritae

166 4753 355 4800 autem
373 4753 427 4801 et
443 4747 636 4816 dolosi,
662 4751 853 4820 piratis
882 4753 1436 4818 simileshabeantur.
1463 4764 1580 4821 Jam
1605 4786 1734 4827 vero

167 4835 398 4904 rapidus
431 4846 638 4904 vortex,
670 4849 724 4898 et
764 4849 1002 4900 tartarea
1032 4845 1337 4919 Charybdis
1357 4893 1372 4918 ,
1404 4864 1455 4909 et
1484 4859 1634 4913 saxis
1663 4862 1731 4916 il-

168 4927 276 4982 lis:
319 4926 624 5003 naufragia,
676 4947 738 4989 ac
775 4936 1067 4994 mortiferae
1106 4940 1552 5011 submersiones,
1602 4953 1731 5019 quid

168 5017 322 5077 aliud
371 5024 688 5078 aestimanda
749 5035 914 5095 sunt,
990 5045 1154 5100 quam
1213 5040 1494 5104 peccata?
1534 5017 1725 5098 Restat

167 5113 380 5183 igitur,
453 5121 511 5168 ut
571 5114 688 5170 haec
738 5120 892 5174 navis
948 5132 1112 5178 cursu
1143 5141 1405 5198 prospero
1449 5139 1561 5187 tuta
1603 5153 1730 5206 pos-

167 5205 244 5259 sit
275 5212 488 5274 portum
530 5205 848 5264 desiderata:
882 5211 1033 5269 urbis
1079 5215 1284 5274 intrare
1307 5261 1320 5283 ,
1360 5223 1431 5276 ita
1469 5223 1579 5279 Deo
1609 5205 1732 5298 pre~

166 5307 293 5347 cem
324 5291 550 5351 fundere
578 5298 912 5370 navigantes,
948 5311 1009 5358 ut
1039 5317 1354 5365 mereantur
1379 5315 1578 5372 audiri.
1609 5291 1727 5374 iiu-

165 5383 281 5439 diri
309 5394 488 5441 autem
513 5402 548 5443 a
571 5387 687 5446 Deo
707 5391 781 5448 ita
803 5391 1018 5451 demum
1050 5399 1346 5457 merebitur
1367 5407 1515 5474 quis,
1537 5411 1586 5463 si
1606 5426 1733 5467 ora.

253 5566 409 5657 0‘3;
437 5584 548 5657 ms:
587 5571 705 5629 dele
755 5576 912 5657 ηέερξ,
942 5647 955 5657 _
995 5574 1210 5657 "Dist.
1247 5583 1348 5643 93.
1376 5587 1599 5646 Draconi
1633 5595 1902 5657 Ecclesiae.

845 5645 1149 5726 Redundat
1170 5669 1273 5708 vox
1337 5645 1596 5726 (cubitare,

165 5638 215 5720 ff
256 5652 431 5720 ﬂuant
453 5641 656 5720 solam.

165 5709 211 5782 [ί
241 5709 483 5782 Aiiaclet.
510 5714 666 5781 epist.
705 5714 753 5776 i.
776 5716 966 5774 Const.
1011 5735 1069 5782 ll,
1095 5723 1181 5777 6i.
1259 5727 1304 5758 "

705 5740 966 5799 ξιυεηιδιο
1011 5740 1181 5802 ι,ιςυι-
1259 5740 1304 5806 τ·
1373 5743 1634 5791 vocentur.
1708 5740 1888 5794 «aiis:
1931 5745 2257 5804 Billmlassa.
2333 5754 2377 5783 οι
2421 5740 2612 5823 ipsi...
2661 5740 3017 5819 υῐτιιίέέσείάῖ

330 5789 418 5823 ιιι.
496 5784 538 5815 ⁵⁷
579 5783 655 5823 λίς
711 5797 924 5823 metuon-
984 5791 1416 5823 Ilu~nn......r.-..-...
1520 5804 1562 5823 Il
1626 5802 1666 5823 ι*
1731 5817 1740 5823 .
1825 5808 1857 5823 η
1933 5813 1966 5823 ..
2060 5816 2069 5823 .
2287 5821 2296 5823 ,
3009 5807 3026 5821 ι

164 5778 200 5834 ς
257 5781 418 5851 epist.
496 5778 672 5838 "'Ms.
701 5786 924 5853 justitia.‘
983 5778 1879 5867 dis'nensationeniiw";Ibestaugi
1921 5778 2396 5887 .llg.

1856 814 2187 884 inutilesque
2227 815 2513 871 discursus
2535 859 2549 883 ,
2593 817 2638 871 si
2670 820 2875 890 passim
2907 822 3094 891 vagari
3123 827 3390 894 cmperint
3414 868 3426 890 ,

1856 905 1938 959 vel
1965 905 2032 960 ab
2060 905 2238 960 officio
2272 921 2374 962 suo
2411 915 2608 962 nautas
2639 908 2974 978 impediant,
3004 913 3087 965 vel
3112 913 3164 967 in
3196 917 3427 973 alterum

1853 995 1996 1051 latus
2046 1011 2142 1066 per
2173 996 2628 1065 inquietudinem
2674 1013 2865 1052 eorum
2913 1001 3070 1057 navis
3105 1019 3292 1072 pressa
3334 1009 3429 1062 de-

1853 1093 2152 1155 mergatur.
2180 1085 2466 1158 Nautologi
2488 1089 2557 1145 de
2582 1091 2923 1146 mercedibus
2941 1093 2987 1124 "
3012 1107 3424 1162 commoneant;

1852 1181 1905 1229 et
1931 1176 2066 1230 nihil
2097 1177 2322 1231 omnino
2361 1180 2510 1249 quod
2546 1180 2612 1232 ad
2647 1179 2987 1252 diligentiam
3027 1183 3112 1238 vel
3151 1186 3218 1238 ad
3260 1187 3428 1242 disci-

1850 1266 2053 1336 plinam
2094 1268 2349 1337 pertinet,
2380 1268 2596 1325 diaconi
2628 1270 2926 1341 negligant;
2958 1271 3267 1345 Presbyteri
3318 1277 3435 1338 vel:

1853 1361 1914 1408 ut
1954 1363 2133 1411 nauta:
2162 1364 2348 1427 aptent
2379 1359 2590 1429 singula
2626 1360 2693 1414 ad
2721 1361 3137 1417 instructionem
3167 1363 3323 1418 navis
3345 1365 3428 1417 di-

1848 1441 2115 1513 ligenter,
2165 1452 2218 1500 et
2264 1447 2538 1503 instruant
2584 1464 2704 1522 quae
2743 1451 2799 1504 in
2827 1465 2929 1506 suo
2967 1459 3212 1522 tempore
3243 1446 3436 1523 requi-'

1849 1532 2018 1586 renda
2051 1542 2200 1590 sunt.
2228 1533 2534 1607 Episcopus
2562 1544 2822 1608 tanquam
2847 1547 3105 1616 proreta,
3139 1541 3430 1610 vigilanter

1848 1631 1902 1676 et
1940 1623 2170 1680 sollicite
2218 1626 2602 1695 gubernatoris
2651 1629 2817 1683 verba
2867 1631 3141 1685 custodiat
3195 1631 3424 1687 Christi.
3463 1641 3466 1647 '

1851 1711 2105 1769 Salvator
2134 1714 2400 1773 Dominus
2443 1719 2782 1788 gubernator
2819 1719 3080 1777 Ecclesia:
3114 1738 3260 1788 suae,
3301 1723 3427 1777 dili-

1775 1789 1823 1852 B
1849 1811 2006 1872 gatur
2030 1805 2096 1858 ab
2125 1805 2400 1870 omnibus,
2425 1819 2476 1862 et
2508 1808 2682 1878 ipsius
2707 1810 2880 1865 solius
2899 1811 3190 1881 praeceptis
3213 1825 3279 1866 ac
3296 1811 3424 1881 "jur

1852 1892 1931 1950 sis
1969 1895 2239 1950 credat-et
2268 1896 2485 1950 obediat
2516 1899 2693 1952 omnis
2733 1897 3002 1956 Ecclesia.
3055 1899 3166 1955 Deo
3208 1915 3428 1971 quoque

1849 1981 2226 2039 indesinenter
2250 1986 2585 2054 supplicetur
2618 2003 2648 2041 a
2692 1988 2910 2044 cunctis
2943 1988 3010 2044 de
3053 1988 3418 2060 prosperitate

1849 2083 2176 2142 ventorum,
2217 2077 2624 2147 ut'navigantes
2669 2085 2886 2134 omnem
2930 2080 3338 2137 tribulationem
3371 2090 3424 2136 et

1848 2181 2011 2223 omne
2052 2168 2356 2238 periculum
2404 2178 2696 2239 superent,
2728 2179 2990 2241 tanquam
3021 2187 3170 2227 mare
3196 2171 3425 2243 profun-

1847 2256 1979 2312 dum
2001 2258 2188 2312 mundi
2221 2259 2381 2315 istius
2402 2268 2455 2314 et
2482 2261 2610 2314 vita:
2641 2260 2891 2316 humana:
2913 2264 3134 2333 pelagus
3162 2264 3426 2334 navigan-

1847 2353 1953 2412 tes,
1987 2346 2045 2401 in
2073 2362 2181 2418 quo
2209 2348 2558 2412 esurientium
2589 2348 2660 2402 sit
2689 2357 2743 2402 et
2767 2349 3088 2414 sitiendum,
3119 2347 3423 2404 nuditatem

1847 2451 2061 2507 quoque
2096 2436 2401 2502 ferendam,
2438 2438 2659 2492 morbos
2691 2440 2851 2492 etiam
2893 2441 3143 2510 corporis
3183 2449 3235 2495 et
3261 2443 3422 2510 aegri-

1847 2526 2066 2581 tudines
2096 2525 2435 2581 tolerandas.
2462 2525 2690 2596 Insuper
2717 2535 2771 2582 et
2801 2527 3081 2582 hominum
3115 2530 3329 2587 insidiis
3358 2544 3423 2583 ac

1847 2613 1972 2670 dolo
1994 2629 2135 2684 saape
2164 2615 2548 2682 laborandum,
2588 2617 2789 2687 quippe
2816 2619 2909 2688 qui
2941 2619 3333 2691 dispergendos
3363 2636 3424 2676 se

1847 2720 2237 2775 nonnunquam
2267 2708 2538 2776 noverint,
2563 2707 2658 2763 sed
2687 2709 2981 2778 aliquando
3005 2710 3169 2764 etiam
3193 2727 3425 2784 congre-

1844 2793 2075 2864 gandos,
2108 2795 2350 2853 vomitus
2379 2807 2596 2865 quoque
2626 2802 2678 2850 et
2705 2795 3085 2866 sugillationes
3130 2795 3383 2853 ferendas
3403 2838 3419 2856 .

1847 2897 1973 2936 cum
2002 2890 2064 2937 e'x
2089 2883 2414 2939 confusione
2442 2893 2794 2955 peccatorum
2825 2893 2876 2940 et
2914 2887 3214 2956 rejectione
3241 2889 3423 2968 crimi-

1846 2989 1997 3039 num,
2022 2975 2167 3029 velut
2197 2975 2335 3028 male
2357 2976 2670 3046 congregati
2716 2977 2770 3030 in
2803 2978 3110 3035 visceribus
3132 2979 3272 3036 fellis
3292 3021 3305 3044 ,
3337 2981 3422 3052 ja-

1848 3072 2004 3117 ctura
2035 3061 2284 3117 facienda
2319 3071 2402 3120 est
2427 3106 2441 3131 ,
2485 3071 2538 3119 et
2563 3063 2888 3134 abiicienda
2938 3082 3164 3138 prorsus
3197 3084 3226 3124 e
3259 3071 3422 3126 corde

1849 3152 2027 3206 omnis
2053 3153 2387 3207 intrinsecus
2417 3168 2538 3223 quae
2587 3154 2715 3208 latet
2759 3157 3066 3211 amaritudo
3096 3161 3341 3228 peccati,
3373 3159 3422 3215 si

1846 3258 1953 3312 qua
1981 3244 2118 3298 forte
2143 3260 2209 3300 ex
2230 3245 2520 3302 desideriis
2545 3247 2767 3316 iniquis,
2799 3249 2944 3302 velut
2961 3264 3027 3302 ex
3061 3250 3198 3306 cibis
3219 3253 3420 3319 noxiis,

1845 3342 2173 3404 congregata
2207 3345 2309 3390 est.
2344 3336 2517 3402 Quam
2550 3337 2743 3407 utique
2789 3353 2914 3392 cum
2954 3343 3260 3397 evomuerit
3295 3345 3420 3414 quis

1843 3429 1896 3477 et
1933 3424 2218 3494 abiecerit,
2250 3428 2486 3496 ingentis
2504 3428 2842 3498 aegritudinis
2867 3431 3184 3485 liberabitur
3207 3419 3417 3500 morbo,

1847 3514 1893 3568 si
1926 3524 2106 3570 tamen
2139 3527 2261 3586 post
2302 3517 2564 3572 vomitum
2588 3559 2602 3583 ,
2638 3534 2760 3589 quae
2799 3520 2865 3573 ad
2914 3521 3203 3577 sanitatem
3253 3525 3421 3595 perti~

1846 3614 1998 3670 nent,
2033 3614 2235 3662 sumat.
2280 3605 2667 3665 Verumtamen
2718 3611 2913 3666 scitote
2949 3616 3134 3668 cuncti
3160 3615 3240 3680 ",
3273 3617 3420 3686 quod

1844 3709 2004 3762 supra
2056 3709 2246 3750 omnes
2294 3711 2389 3750 vos
2433 3698 2643 3752 laboret
2702 3703 3026 3771 episcopus;
3076 3704 3203 3774 quia
3249 3722 3421 3762 unus-

1841 3786 2073 3854 quisque
2102 3795 2343 3842 vestrum
2381 3803 2540 3842 suum
2572 3791 2850 3859 proprium
2883 3791 2985 3846 fert
3015 3795 3255 3849 laborem
3275 3839 3290 3864 ,
3329 3799 3420 3853 ille

1841 3892 1968 3932 vero
2002 3884 2053 3931 et
2083 3892 2244 3932 suum
2280 3886 2332 3932 et
2363 3879 2724 3950 singulorum.
2760 3883 2988 3955 Propter
3019 3888 3186 3957 quod,
3225 3905 3259 3944 ο
3294 3892 3419 3947 Cle-

1839 3983 2015 4031 mens,
2070 3975 2330 4038 tanquam
2371 3971 2463 4040 qui
2499 3974 2753 4030 omnibus
2785 3991 3018 4046 praeesse
3065 3988 3118 4033 te
3157 3984 3415 4050 noveris,

1839 4057 2297 4132 singulos_(prout
2344 4063 2608 4134 potueris)
2634 4064 2787 4133 juva,
2821 4076 2873 4121 et
2923 4071 3168 4139 singulos
3203 4075 3412 4142 releva,

1839 4151 1933 4219 qui
1983 4159 2036 4206 et
2094 4153 2432 4221 singulorum
2482 4165 2698 4211 onuset
2745 4159 3171 4216 sollicitudinem
3204 4174 3410 4234 portas.

1840 4234 1993 4293 Unde
2032 4247 2087 4294 et
2115 4257 2215 4310 ego
2246 4258 2392 4296 nunc
2423 4243 2564 4298 hanc
2595 4246 2692 4300 tibi
2725 4245 3017 4319 injungens
3051 4252 3415 4322 dispensatio-

1838 4342 1982 4392 nem,
2011 4329 2129 4383 scio
2161 4332 2287 4401 quia
2330 4333 2546 4404 accipio
2575 4337 2803 4404 gratiam
2837 4341 3008 4408 magis
3031 4383 3043 4404 ,
3075 4359 3236 4413 quam
3273 4362 3413 4416 pra:-

1839 4428 1943 4473 sto.
1979 4417 2094 4473 Sed
2127 4429 2246 4476 esto
2292 4423 2570 4479 conlidens
2605 4433 2657 4479 et
2698 4427 2911 4482 fortiter
2965 4431 3180 4498 ferens;
3227 4445 3412 4493 certus

1842 4507 1966 4577 quia
1994 4510 2204 4566 laboris.
2229 4513 2306 4565 tui
2335 4514 2586 4568 meritum
2617 4518 2848 4587 recipies
2869 4562 2884 4586 ,
2928 4536 3051 4576 cum
3094 4525 3162 4578 ad
3192 4537 3408 4595 portum

1840 4601 2038 4673 quietis
2102 4603 2428 4658 incolumem
2492 4607 2632 4662 lianc
2683 4614 2998 4679 provexeris
3055 4631 3270 4674 navem.
3333 4620 3411 4675 lbi

1841 4695 2120 4754 mercedes
2145 4706 2198 4753 et
2233 4700 2453 4769 praamia
2490 4709 2588 4770 pro
2618 4708 2864 4760 omnium
2897 4709 3073 4766 salute
3106 4716 3372 4785 suseipies
3393 4759 3408 4783 ,

1842 4785 1890 4842 si
1920 4787 2008 4841 hic
2035 4804 2133 4858 pro
2161 4791 2404 4845 omnium
2439 4784 2814 4851 incolumitate
2861 4801 3189 4870 vigilaveris.
3225 4805 3411 4880 Itaque

1841 4879 1888 4932 si
1915 4884 1969 4934 te
2004 4881 2157 4934 multi
2180 4897 2207 4936 e
2243 4880 2504 4938 fratribus
2530 4895 2755 4956 propter
2780 4891 3016 4960 rigorem
3036 4896 3264 4963 iustitiae
3286 4879 3412 4955 odio

1841 4967 2154 5035 habuerint,-
2189 4988 2253 5027 ex
2285 4972 2386 5028 hoc
2410 4976 2625 5044 quidem
2658 4993 2766 5033 non
2791 4978 3039 5050 .leederis,
3069 4988 3162 5041 sed
3200 5006 3264 5042 ex
3308 4991 3412 5044 hu-

1833 5059 2134 5128 juscemodi
2167 5064 2318 5122 odiis
2342 5082 2493 5121 amor
2520 5069 2614 5123 tibi
2647 5073 3032 5130 conciliabitur
3051 5077 3171 5137 Dei.
3197 5081 3262 5134 Et
3287 5083 3410 5140 ideo

1839 5161 2024 5224 satage
2046 5157 2216 5226 magis
2239 5165 2292 5211 et
2318 5159 2526 5230 refuge,
2555 5167 2626 5218 ne‘
2645 5164 2883 5222 lauderis
2916 5170 2982 5223 ab
3012 5171 3238 5240 iniquis,
3263 5184 3317 5228 et
3341 5192 3410 5231 ne

1838 5259 1868 5297 a
1905 5246 2143 5313 pessime
2189 5252 2476 5319 agentibus
2513 5253 2791 5326 diligatis;
2842 5261 2939 5317 sed
2973 5265 3153 5331 potius
3185 5275 3409 5336 propter

1831 5333 2037 5402 justam
2068 5335 2645 5411 dispensationem",
2679 5357 2732 5403 et
2761 5352 3129 5420 mquissimam
3161 5333 3407 5426 regulam

1839 5423 2174 5495 disciplinae.
2221 5445 2249 5482 a
2296 5431 2518 5491 Christo
2547 5440 2843 5495 eollaudari
2893 5449 3155 5502 merearis
3181 5423 3250 5503 ἐί
3282 5449 3407 5506 Ilaec

1904 5675 1934 5697 ι.
1987 5606 2031 5636 ⁸⁸
2054 5606 2150 5690 bis.
2179 5627 2307 5665 cura
2339 5624 2452 5697 εει..
2507 5616 2644 5697 ⁸⁷.Ιη
2673 5636 2773 5697 ms.
2813 5621 2966 5678 abest
2996 5641 3097 5680 vox
3118 5630 3399 5697 ρνίινσὶριω.

1863 5679 2039 5763 git'nr'
2074 5679 2127 5763 in
2167 5697 2268 5735 nis.
2333 5683 2392 5763 δ’
2428 5683 2523 5763 _lvo_
2564 5687 2616 5741 in
2678 5691 2858 5763 Decret
2931 5679 3096 5763 part.
3121 5679 3402 5759 'usféfil

3102 5768 3147 5800 "
3165 5766 3398 5828 Eveniat.
