4074 6330
675 351 773 406 471

1523 354 1580 411 S.
1617 355 2006 414 CLEMENTIS
2043 360 2062 414 l
2102 359 2268 414 ROM.
2307 362 2501 419 PONT.
2543 364 2771 421 OPERA
2810 369 3033 426 DUBIA.

3797 386 3892 440 l‘i‘l

675 481 801 520 cum
833 464 1082 529 dixisset,
1113 467 1271 521 ethis
1303 467 1501 522 similia
1522 485 1685 537 quam
1716 473 1969 540 plurima,
2015 491 2230 530 rursum
2259 483 2304 538 Α
2331 477 2600 544 Clemens,
2631 499 2813 536 coram
2842 488 3096 541 omnibus
3146 491 3238 557 qui
3283 503 3580 560 prmsentes
3629 505 3789 558 sunt,
3827 509 3887 552 ut

676 555 974 624 respiciens
1003 555 1070 607 ad
1096 556 1375 624 populum,
1404 554 1538 609 dixit
1575 576 1588 610 :
1633 555 1736 611 Sed
1775 566 1829 612 et
1873 576 1991 625 vos,
2023 561 2232 615 charis-

674 646 796 697 simi
828 643 1025 699 fratres
1060 655 1114 699 et
1144 646 1394 701 conservi
1424 647 1553 715 mei,
1584 647 1709 702 huic
1739 650 1830 718 qui
1860 650 2110 720 praesidet
2140 668 2231 707 vo—

672 736 758 790 bis
794 736 863 789 ad
898 737 1182 791 veritatem
1212 738 1550 803 docendam,
1600 739 1654 793 in
1701 741 1956 795 omnibus
1984 743 2228 807 obcdite;

673 826 910 881 scientes
933 828 1076 897 quod
1104 827 1149 881 si
1174 829 1298 897 quis
1323 828 1468 881 hunc
1490 831 1912 896 eontristaverit,
1932 832 2226 895 Christum,

669 918 765 986 qui
793 917 841 971 ei
871 917 1101 972 docendi
1129 917 1360 972 credidit
1401 919 1739 983 cathedram,
1778 938 1884 976 non
1925 924 2133 992 recipit.
2166 923 2228 976 Et

672 1006 765 1073 qui
788 1006 1064 1061 Christum
1090 1022 1195 1060 non
1227 1009 1549 1076 susceperit,
1568 1025 1666 1062 nec
1689 1009 1852 1064 Deum
1875 1010 2088 1066 Patrem
2106 1028 2229 1066 sus-

670 1097 882 1164 cepisse
919 1098 1274 1165 judicabitur,
1308 1107 1362 1152 et
1388 1099 1507 1152 ideo
1545 1116 1643 1152 nec
1677 1101 1791 1169 ipse
1819 1103 2146 1171 suscipietur
2171 1103 2225 1155 in

671 1205 838 1258 regno
859 1191 1142 1245 calorum.
1191 1188 1420 1259 Propter
1452 1189 1596 1258 quod
1640 1191 1868 1260 satagite
1915 1193 1981 1244 ad
2012 1209 2224 1249 omnem

669 1280 952 1332 collectam
980 1285 1034 1332 et
1054 1280 1528 1350 congregationem
1577 1295 1789 1348 semper
1823 1283 2133 1345 convenire,
2166 1290 2224 1336 ut

669 1385 776 1423 non
825 1370 972 1424 velut
1019 1371 1353 1439 negligentes
1391 1378 1444 1424 et
1473 1370 1688 1425 desides
1731 1385 1760 1422 a
1789 1370 1973 1439 judice
2005 1374 2224 1428 Christo

668 1459 1127 1514 condemnemini.
1155 1461 1554 1517 Convenientes
1580 1477 1709 1515 vero
1735 1478 1948 1531 semper
1987 1464 2053 1518 ad
2099 1465 2223 1520 Cle-

667 1556 920 1613 mentem,
952 1549 1074 1603 date
1103 1565 1290 1604 omnes
1333 1566 1554 1619 operam
1591 1567 1689 1620 pro
1729 1553 1846 1620 ipso
1899 1556 2120 1618 sentire,
2169 1565 2222 1609 et

665 1655 880 1692 summo
917 1639 1099 1693 studio
1123 1638 1361 1694 favorem
1397 1651 1634 1696 vestrum
1667 1658 1791 1712 erga
1817 1643 1993 1711 ipsum
2038 1653 2222 1699 osten-

664 1731 794 1783 dere
814 1730 880 1794 ",
909 1730 1144 1785 scientes
1168 1732 1294 1801 quia
1323 1740 1542 1800 propter
1569 1734 1809 1800 singulos
1833 1745 2102 1796 vestrum,
2119 1737 2217 1806 ipsi

2334 579 2684 641 posteaquam
2713 575 2879 644 (sicut
2905 586 3113 633 natura:
3141 580 3161 611 ⁸
3182 581 3423 637 debitum
3449 585 3556 654 est)
3597 590 3720 649 vitae
3754 603 3890 657 pra-

2333 663 2505 717 sentis
2529 666 2687 717 tinem
2715 665 2926 733 fecero,
2951 669 2970 698 ⁷
2999 667 3201 723 Iacobo
3236 671 3393 725 fratri
3413 672 3645 743 Domini,
3676 676 3888 732 descri—

2332 760 2421 821 pta
2444 753 2697 817 breviter,
2717 756 2799 809 vel
2824 772 2946 826 quae
2977 759 3045 812 ad
3071 759 3284 814 initium
3320 762 3441 816 fidei
3478 772 3584 818 tua:
3608 775 3883 835 spectant,

2330 843 2415 895 vel
2459 845 2622 896 etiam
2651 861 2788 913 quos
2811 855 2936 901 ante
2984 848 3139 903 fidem
3188 852 3400 907 animos
3421 859 3680 923 gesseris,
3704 858 3800 911 sed
3827 866 3887 912 et

2329 933 2561 1001 qualiter
2592 935 2726 988 mihi
2749 938 2816 990 ab
2867 937 3024 992 initio
3060 957 3231 1009 usque
3265 941 3331 995 ad
3364 941 3524 996 finem
3555 961 3736 1000 comes
3788 949 3881 1000 iti—

2329 1023 2474 1076 neris
2497 1031 2549 1075 et
2595 1035 2815 1078 actuum
2844 1027 3027 1092 fueris,
3054 1046 3278 1100 quaeque
3323 1048 3418 1100 per
3459 1034 3705 1102 singulas
3740 1037 3885 1091 civi-'

2327 1120 2465 1167 tates
2494 1114 2601 1184 (me
2647 1116 2980 1188 disputante)
3010 1122 3279 1175 sollicitus
3329 1124 3544 1177 auditor
3571 1128 3882 1196 exceperis,

2324 1205 2526 1272 quique
2602 1206 2654 1260 in
2716 1209 3194 1276 prazdicationibus
3255 1213 3390 1268 meis
3445 1215 3532 1268 vel
3586 1217 3883 1271 verborum

2327 1293 2490 1347 fuerit
2537 1296 2672 1350 ordo
2701 1299 2782 1351 vel
2816 1308 3076 1367 actuum;
3104 1303 3198 1357 sed
3236 1304 3328 1372 qui
3381 1320 3468 1358 me
3501 1287 3623 1360 finis
3655 1307 3708 1358 in
3771 1307 3881 1359 hae

2323 1386 2454 1438 urbe
2482 1390 2760 1455 repererit,
2800 1392 2938 1445 sicut
2972 1390 3106 1455 dixi,
3147 1396 3327 1448 omnia
3355 1410 3517 1464 quam
3550 1406 3722 1465 potes,
3747 1397 3881 1450 bre-

2325 1477 2465 1529 viter
2519 1480 2935 1547 comprehensa,
2984 1483 3052 1536 ad
3107 1484 3283 1553 ipsum
3329 1495 3380 1541 te
3435 1487 3709 1542 destinare
3767 1504 3882 1541 non

2322 1567 2517 1635 pigeat.
2585 1568 2693 1623 Nec
2766 1575 3005 1627 verearis
3062 1590 3132 1628 ne
3185 1575 3324 1630 forte
3370 1578 3598 1631 multum
3657 1578 3725 1633 de
3757 1595 3884 1632 meo

2321 1658 2470 1710 exitu
2521 1661 2931 1717 contristandus
2997 1665 3088 1727 sit,
3119 1681 3243 1720 cum
3288 1668 3338 1720 id
3385 1684 3470 1722 me
3517 1685 3614 1738 pro
3675 1672 3882 1739 pietate

2321 1750 2592 1805 sustinere
2613 1769 2719 1807 non
2743 1754 2997 1825 ambigat.
3054 1756 3166 1810 Erit
3188 1768 3365 1812 autem
3407 1760 3455 1812 ei
3506 1761 3706 1829 grande
3731 1763 3882 1815 sola-

665 1820 838 1890 magis
869 1821 969 1874 εοιί
993 1820 1226 1874 infestus
1252 1828 1337 1874 ρει
1365 1822 1616 1876 inimicus
1635 1823 1724 1886 mo,
1748 1832 1800 1877 ει
1829 1823 1883 1876 ill
1913 1825 2089 1892 ipsum
2107 1842 2219 1879 mu-
2248 1823 2295 1884 Β
2322 1838 2481 1904 tium,
2511 1843 2559 1895 si
2599 1843 2872 1910 didicerit,
2893 1820 3069 1915 ⁷(μιωῘ
3100 1855 3220 1916 post
3243 1864 3328 1902 me
3350 1865 3457 1902 non
3484 1820 3768 1919 jajpcrilus
3795 1853 3883 1904 vir

658 1913 781 1982 jora
812 1913 1044 1968 suscitat
1072 1912 1233 1968 bella.

731 2003 958 2073 Oportet
991 2020 1120 2073 ergo
1161 2020 1255 2059 vos
1293 2022 1506 2060 summo
1567 2006 1746 2061 studio
1801 2008 1924 2074 niti,
1977 2017 2035 2062 ut
2068 2011 2216 2063 omni

660 2111 788 2165 erga
825 2096 976 2149 illum
1014 2096 1230 2149 vinculo
1259 2098 1464 2151 amoris
1510 2098 1690 2150 innexi
1730 2099 2044 2165 plenissimo
2086 2116 2214 2170 erga

658 2202 783 2240 eum
815 2187 1129 2240 inhaerentis
1161 2186 1376 2241 aﬂectu.
1449 2187 1552 2242 Sed
1593 2198 1647 2242 et
1694 2205 1788 2242 vos
1849 2206 2063 2259 quoque
2112 2193 2215 2260 ipsi

661 2278 947 2331 unanimes
976 2278 1032 2330 in
1054 2279 1201 2331 omni
1235 2279 1526 2332 concordia
1576 2281 1884 2348 perdurate,
1937 2297 2045 2350 quo
2079 2283 2214 2336 faci-

659 2369 766 2422 lius
796 2370 961 2423 etiam
984 2369 1061 2421 illi
1104 2369 1326 2423 obedire
1369 2385 1560 2423 omnes
1603 2371 1717 2437 pari
1748 2378 1800 2425 et
1849 2386 2120 2425 consensu
2159 2382 2212 2426 et

659 2459 1018 2514 unanimitate
1047 2461 1292 2529 possitis.
1327 2459 1555 2529 Propter
1594 2461 1736 2530 quod
1765 2469 1816 2515 et
1848 2478 1940 2515 vos
1981 2464 2201 2517 saluteu

655 2550 942 2618 consequi,
966 2559 1022 2603 et
1051 2551 1140 2604 ille
1173 2551 1367 2620 possit,
1394 2553 1890 2620 obtemperantibus
1909 2554 2010 2607 sibi
2036 2555 2210 2616 vobis,

657 2641 958 2708 promptius
989 2637 1225 2704 impositi
1241 2641 1421 2692 oneris
1438 2642 1646 2708 pondus
1657 2641 1925 2693 evehere.‘
1958 2643 2208 2707 Quzedam

656 2732 818 2782 etiam
836 2746 902 2782 ex
930 2730 1083 2784 vobis
1106 2731 1242 2798 ipsis
1264 2731 1563 2800 intelligere
1595 2730 1822 2790 debetis,
1847 2734 1892 2785 si
1921 2750 2026 2800 qua
2059 2743 2207 2799 sunt,

654 2835 775 2886 quae
809 2821 922 2889 ipse
953 2831 1172 2889 propter
1205 2822 1430 2875 insidias
1470 2823 1745 2874 hominum
1796 2825 2061 2877 malorum
2101 2843 2209 2878 non

653 2918 833 2977 potest
876 2911 1180 2965 evidentius
1238 2919 1290 2965 et
1331 2911 1672 2966 manifestius
1722 2914 1990 2982 proloqui.
2049 2915 2209 2969 Verbi

654 3001 828 3070 gratia
853 3020 866 3056 :
895 3003 915 3031 '
948 3000 1008 3054 Si
1029 3003 1283 3055 inimicus
1303 3010 1387 3055 est
1408 3003 1570 3054 alicui
1599 3018 1696 3070 pro
1717 3004 1929 3056 actibus
1951 3005 2085 3067 suis,
2116 3023 2209 3062 vos

653 3095 826 3149 nolite
849 3105 1188 3163 exspectare,
1213 3101 1269 3146 ut
1299 3093 1414 3161 ipse
1432 3094 1586 3146 vobis
1616 3095 1761 3146 dicat
1786 3115 1796 3146 :
1829 3093 1964 3148 Cum
1991 3097 2082 3148 illo
2107 3113 2189 3150 no

653 3187 746 3239 lite
771 3185 934 3238 amici
976 3200 1136 3248 esse;
1199 3184 1293 3236 sed
1334 3184 1622 3251 prudenter
1651 3187 1941 3238 observare
1975 3186 2202 3252 debetis,

651 3284 706 3330 et
744 3275 1007 3330 voluntati
1066 3275 1186 3342 ejus
1218 3273 1336 3328 sine
1385 3276 1803 3328 commonitionc
1835 3276 2205 3332 obsecundare

648 3375 704 3420 et
761 3376 1007 3422 avertere
1056 3381 1154 3418 vos
1189 3365 1258 3418 ab
1288 3381 1352 3419 eo
1382 3365 1470 3418 cui
1520 3365 1696 3434 ipsum
1742 3369 1954 3420 sentitis
2011 3369 2205 3422 adver-

649 3473 773 3510 sum
804 3459 824 3489 ³
850 3476 865 3524 ;
896 3458 988 3511 sed
1029 3472 1127 3511 nec
1179 3457 1327 3522 loqui
1368 3457 1475 3518 his,
1518 3458 1714 3526 quibus
1741 3459 1856 3524 ipse
1891 3476 1999 3512 non
2031 3461 2204 3529 loqui-

648 3555 760 3608 tur,
808 3559 867 3601 ut
897 3548 1271 3616 unusquisque
1305 3547 1400 3615 qui
1444 3548 1499 3600 in
1547 3548 1703 3615 culpa
1754 3556 1858 3610 est,
1909 3549 2036 3603 dum
2060 3554 2205 3619 cupit

648 3639 893 3692 omnium
921 3646 1163 3692 vestrum
1199 3637 1468 3690 amicitias
1497 3653 1767 3705 reparare,
1806 3638 2204 3696 festinetcitius

647 3727 994 3780 reconciliari
1015 3728 1088 3791 ei,
1115 3732 1206 3797 qui
1234 3728 1491 3780 omnibus
1517 3738 1732 3796 praeest,
1763 3737 1817 3783 et
1853 3747 1948 3800 per
1968 3729 2071 3784 hoc
2089 3733 2209 3787 red-

648 3823 739 3868 eat
787 3814 856 3869 ad
897 3815 1146 3880 salutem,
1172 3833 1294 3871 cum
1320 3818 1546 3872 obedire
1580 3820 1807 3888 creperit
1830 3823 2046 3875 monitis
2069 3839 2205 3891 pne-

645 3903 902 3958 sidentis.
965 3905 1024 3958 Si
1053 3921 1184 3960 vero
1229 3908 1354 3976 quis
1413 3909 1623 3962 amicus
1661 3909 1824 3963 fuerit
1879 3912 1964 3966 his
2002 3915 2202 3981 quibus

643 3994 764 4063 ipse
824 3994 1035 4049 amicus
1059 4012 1166 4049 non
1205 4005 1310 4060 est,
1341 4005 1396 4050 et
1425 3999 1639 4053 locutus
1686 3999 1849 4055 fuerit
1897 4002 1980 4056 bis
2003 4004 2200 4071 quibus

2321 1931 2537 1999 aliquis,
2569 1942 2662 1986 aut
2703 1935 2975 2000 indoctus,
3010 1945 3171 2006 atque
3217 1939 3472 2007 ignorans
3501 1940 3667 1994 divini
3707 1944 3857 1995 verbi

2312 2019 2639 2091 mysterium
2661 2024 2684 2056 ⁸
2716 2064 2731 2088 ,
2756 2034 2811 2080 et
2838 2028 3194 2081 ecclesiastici
3245 2030 3455 2082 ordinis
3505 2031 3878 2100 disciplinam,

2316 2113 2400 2163 vel
2443 2111 2704 2167 doctrina:
2733 2118 2973 2184 regulam
3003 2120 3276 2184 nesciens,
3326 2125 3634 2190 susceperit
3684 2126 3879 2177 cathe-

2316 2202 2469 2254 dram
2499 2219 2673 2257 meam
2699 2223 2714 2270 ;
2739 2207 2842 2260 scit
2876 2207 3042 2273 enim,
3084 2210 3209 2278 quia
3228 2211 3276 2264 si
3307 2211 3558 2265 indoctus
3580 2221 3634 2265 et
3663 2214 3879 2267 inscius

2315 2295 2547 2348 ofﬁcium
2579 2296 2817 2352 doctoris
2864 2299 3115 2368 accipiat,
3155 2301 3277 2354 sine
3323 2302 3489 2356 dubio
3538 2303 3791 2372 discipuli
3823 2316 3879 2358 et

2313 2386 2593 2440 auditores
2621 2387 2938 2457 ignorantiae
2966 2391 3206 2444 tenebris
3236 2393 3475 2446 obvoluti
3497 2395 3538 2455 ’,
3592 2394 3646 2447 in
3675 2395 3876 2448 interi-

2316 2483 2429 2529 tum
2459 2478 2858 2547 demergentur.
2903 2478 3055 2534 Unde
3085 2493 3137 2537 et
3154 2499 3274 2550 ego,
3302 2485 3372 2536 mi
3402 2484 3620 2538 domine
3643 2483 3873 2547 Jacobe,

2314 2581 2436 2620 cum
2465 2568 2579 2622 haec
2610 2570 2676 2622 ab
2693 2586 2758 2623 eo
2792 2579 3057 2640 praecepta
3087 2575 3439 2641 susceperim,
3464 2590 3687 2629 necesse
3703 2576 3873 2629 habui

2319 2656 2547 2726 implere
2574 2660 2716 2726 quod
2745 2660 3004 2726 jusserat,
3039 2661 3285 2716 indicans
3317 2664 3413 2716 tibi
3437 2673 3490 2717 et
3520 2666 3584 2717 de
3609 2666 3690 2718 liis
3711 2667 3871 2735 ipsis.

2312 2747 2472 2800 simul
2508 2755 2562 2801 et
2595 2749 2663 2802 de
2694 2750 2801 2803 illis
2835 2751 3067 2805 breviter
3111 2755 3596 2821 comprehenderis,
3630 2773 3748 2824 quze
3773 2775 3871 2825 per

2312 2839 2554 2908 singulas
2583 2855 2831 2910 quasque
2864 2845 3027 2897 urbes
3046 2843 3372 2914 digrediens,
3401 2849 3562 2900 autin
3595 2849 3862 2916 praedica-

2310 2931 2475 2986 tionis
2504 2948 2754 2987 sermone
2785 2939 3100 3003 protulerit,
3136 2946 3228 2990 aut
3278 2940 3329 2990 in
3361 2951 3634 3007 gestorum
3660 2943 3867 2995 virtute

2310 3022 2617 3089 perfecerit;
2631 3029 2876 3092 quamvis
2894 3027 2987 3079 tibi
3006 3028 3071 3080 de
3091 3029 3174 3080 his
3193 3029 3421 3105 plurima
3435 3030 3545 3097 jam
3576 3040 3629 3084 et
3647 3032 3867 3100 plenius

2311 3121 2434 3165 ante
2467 3115 2757 3184 descripta,
2791 3118 2906 3185 ipso
2931 3119 3151 3186 jubeate
3174 3159 3187 3182 ,
3215 3122 3631 3183 transmiserint,
3667 3125 3769 3176 sub
3800 3142 3869 3178 co

2309 3204 2425 3272 ipso
2474 3205 2652 3269 titulo,
2711 3223 2870 3274 quem
2932 3210 3047 3277 ipsc
3102 3212 3343 3280 praecipit
3390 3211 3553 3281 affigi,
3592 3214 3634 3243 ‘°
3675 3213 3724 3266 id
3778 3224 3868 3268 est

2305 3295 2596 3352 Clementis
2657 3299 3032 3356 Itinerarium.
3076 3302 3114 3332 ¹¹
3161 3318 3270 3355 non
3303 3297 3715 3357 Pranlicationis
3760 3302 3866 3359 Pe-

2305 3386 2374 3437 tri
2409 3387 2470 3438 ".

2377 3474 2481 3530 Sed
2501 3483 2556 3530 et
2572 3493 2718 3531 nunc
2744 3493 3016 3545 exponere
3038 3481 3147 3547 jam
3177 3497 3296 3549 quze
3323 3484 3597 3552 praecepit,
3629 3485 3863 3540 Domino

2303 3581 2458 3635 opem
2490 3567 2720 3629 ferente,
2752 3571 3004 3638 incipiam
3033 3591 3042 3623 :
3088 3571 3436 3635 Pu‘ttilemini,
3468 3575 3665 3644 inquit,
3703 3587 3748 3629 et
3781 3596 3862 3632 ve-

2303 3639 2418 3707 τὶηι
2440 3659 2578 3725 agite
2605 3660 2957 3726 pirnitentiam
2987 3662 3050 3714 ¹³.
3081 3661 3284 3718 Omnes
3311 3680 3438 3740 ergo
3468 3666 3736 3730 homines,
3760 3671 3861 3738 qui

2303 3745 2618 3802 Christiano
2649 3758 2940 3803 censentur
2986 3753 3268 3814 vocabulo,
3315 3753 3525 3808 Patrem
3568 3766 3621 3810 et
3659 3756 3860 3812 Filium

2303 3846 2356 3891 et
2388 3838 2648 3908 Spiritum
2679 3850 2943 3908 sanctum,
2973 3860 3136 3896 unum
3167 3845 3330 3898 Deum
3357 3855 3410 3900 et
3442 3847 3725 3903 Dominum
3755 3867 3859 3905 ve.

2303 3930 2496 3984 raciter
2537 3931 2761 3986 credere
2791 3943 2845 3986 et
2885 3934 3151 3995 confiteri,
3177 3951 3408 4005 eumque
3439 3947 3552 3993 tota
3594 3951 3771 3996 mente
3795 3953 3855 3996 et

2299 4017 2409 4061 toto
2437 4011 2598 4064 corde
2619 4019 2672 4066 et
2704 4019 2814 4065 tota
2845 4012 3040 4069 virtute
3065 4017 3304 4085 diligere,
3331 4032 3382 4074 et
3408 4022 3685 4089 proximus
3709 4039 3849 4077 suos

644 4085 762 4152 ipse
790 4100 899 4142 non
931 4086 1193 4155 loquitur,
1244 4103 1388 4141 unus
1405 4099 1490 4142 est
1541 4100 1593 4143 et
1625 4089 1739 4159 ipse
1770 4107 1832 4144 ex
1858 4092 1964 4147 illis
1985 4095 2076 4162 qui
2109 4111 2203 4149 (ει-
2296 4109 2550 4163 tanquam
2599 4103 2944 4174 semetipsos,
2983 4107 3353 4176 docibilesque
3397 4085 3518 4164 esse
3565 4127 3735 4180 usque
3775 4114 3845 4166 ad

647 4176 949 4229 terminare
975 4177 1160 4230 volunt
1193 4176 1491 4232 Ecclesiam
1529 4178 1627 4234 Dei
1662 4197 1674 4231 :
1722 4189 1774 4236 et
1810 4197 1933 4236 cum
1975 4201 2200 4255 corpore
2295 4191 2582 4260 perfectam
2599 4194 2899 4248 doctrinam
2919 4196 2985 4249 ad
3003 4197 3116 4252 hinc
3132 4176 3848 4271 perlicienda,suminopere

641 4267 926 4322 vobiscum
952 4282 1073 4322 esse
1103 4269 1371 4331 videatur,
1403 4280 1583 4325 mente
1604 4281 1655 4326 et
1684 4275 1865 4328 animo
1893 4286 2079 4330 contra
2105 4296 2199 4334 vos
2292 4293 2516 4352 Oportet.
2546 4284 2704 4341 Fides
2743 4287 2886 4340 enim
2923 4298 2976 4340 ct
3001 4288 3233 4354 dilectio,
3265 4292 3428 4346 totius
3469 4267 3729 4346 bonitatis
3756 4303 3847 4348 est

639 4364 745 4410 est.
804 4355 872 4410 Et
922 4366 1006 4412 est
1051 4359 1224 4412 multo
1269 4362 1502 4430 nequior
1545 4362 1720 4417 hostis
1777 4366 1887 4428 hic,
1931 4383 2092 4434 quam
2123 4371 2198 4424 illi
2292 4372 2720 4430 fundamentum.
2769 4378 2896 4432 Sine
2930 4378 3032 4432 fide
3067 4388 3241 4434 autem
3285 4381 3495 4449 placere
3529 4382 3637 4436 Deo
3680 4399 3846 4439 nemo

639 4448 735 4515 qui
774 4448 907 4502 foris
935 4457 1086 4511 sunt,
1117 4457 1171 4503 et
1196 4452 1472 4507 evidenter
1495 4455 1699 4508 inimici
1740 4466 1888 4511 sunt.
1926 4457 2022 4513 llic
2053 4463 2197 4515 enim
2228 4471 2272 4524 Ι)
2294 4467 2484 4532 poterit
2506 4466 2567 4520 “.
2591 4467 2808 4522 Christo
2833 4469 3010 4538 itaque
3033 4448 3401 4540 resurgente"
3429 4485 3482 4524 et
3518 4474 3847 4527 ascendente

641 4553 738 4606 per
766 4538 1131 4594 amicitiarum
1164 4543 1422 4611 speciem,
1444 4561 1565 4613 qua:
1587 4546 1792 4601 inimici
1815 4551 1834 4579 ⁵
1859 4559 2007 4613 sunt,
2037 4553 2197 4620 gerit,

638 4638 693 4683 et
739 4630 1038 4688 Eeclesiam
1096 4635 1361 4705 dispergit
1405 4650 1469 4690 ac
1519 4641 1760 4694 vastat“.
1815 4641 1880 4694 Et
1921 4658 2043 4696 eum
2087 4646 2198 4700 haec

637 4719 889 4786 dixisset,
913 4723 970 4776 in
1003 4725 1182 4779 medio
1212 4740 1398 4779 coram
1429 4728 1680 4784 omnibus
1720 4748 1911 4788 manus
1943 4736 2070 4794 mihi
2098 4730 2204 4791 imo-

637 4813 841 4878 posuit,
891 4813 1023 4867 etin
1051 4815 1310 4870 cathedra
1339 4833 1462 4880 sua,
1507 4818 1709 4888 ingenti
1747 4826 2072 4880 verecundia
2111 4827 2188 4880 fa-

634 4899 887 4969 tigatum,
941 4905 1134 4960 sedere
1164 4923 1250 4962 me
1291 4910 1574 4977 compulit.
1625 4911 1869 4983 Cumque
1907 4917 2189 4983 sedissem,

635 4991 748 5046 haec
807 4994 874 5048 ad
913 5011 1002 5050 me
1053 5012 1272 5052 rursum
1325 4999 1541 5057 locutus
1602 5010 1724 5057 est:
1755 5005 2022 5076 Deprecor
2046 5018 2118 5075 te,
2157 5027 2190 5066 o

702 5231 745 5305 ’ξ
780 5231 1082 5305 dependere.
1161 5235 1230 5267 '“
1262 5238 1477 5305 infestat
1524 5241 1784 5296 inimicus.

627 5372 917 5447 pra-cepta.
994 5372 1251 5447 Δίες),ηᾴ
1309 5376 1550 5433 Hetense
1610 5396 1739 5436 ann.
1783 5384 1906 5447 888,
1952 5402 2002 5442 c.
2045 5390 2098 5443 8.

630 5437 651 5466 ⁶
677 5435 774 5492 Ms.
791 5443 1050 5495 naturale.
1124 5435 1162 5476 τ’
1181 5445 1411 5500 Neronis

626 5517 879 5582 exeunte,
913 5511 1115 5567 Christi
1144 5515 1232 5569 67.

629 5585 1259 5661 inurns._nostro_addita
1297 5588 1366 5661 ab
1397 5589 1578 5658 aliquo
1628 5593 2025 5661 interpolatore.
2104 5602 2146 5634 ¹¹

627 5713 672 5744 ³⁵
699 5712 861 5774 llebr.
896 5734 973 5776 xl.
1031 5725 1085 5777 6.

705 5600 1259 5672 .‘I‘IIS.IIIOSlr0J.3tI.t‘llla
1297 5600 1366 5672 alt)
1397 5600 1578 5658 aliquo
1628 5600 2025 5661 interpolatore.
2104 5602 2146 5634 ¹¹
2197 5600 2356 5655 Deest
2398 5603 2509 5672 hmo
2543 5606 2756 5672 negatio
2807 5605 2860 5659 in
2901 5623 3002 5662 ms.

625 5645 950 5741 quibus-dam
975 5645 1516 5741 codicil‘mshCaite-ra
1574 5645 1862 5741 Sulll._vlicg
1912 5669 2242 5741 appendicis,
2307 5665 2487 5725 addita
2541 5645 2686 5727 ciuica
2721 5650 3071 5741 annumBDO,
3103 5689 3159 5732 ut

1163 5725 1206 5756 ¹⁵
1258 5724 1507 5784 Venantii
1540 5747 1664 5802 exp.
1712 5733 1767 5787 in
1830 5724 2138 5805 Symbolum
2187 5724 2242 5796 ἐξ
2275 5724 3071 5818 l,usqt.e

2293 4559 2344 4609 in
2389 4559 2618 4623 cadum,
2649 4560 2820 4613 misso
2855 4571 3042 4615 sancto
3092 4561 3315 4631 Spiritu,
3347 4565 3542 4618 collata
3578 4565 3846 4633 apostolis

2289 4649 2510 4702 scientia
2535 4650 2860 4720 linguarum,
2878 4651 3055 4707 adhuc
3077 4654 3130 4706 in
3155 4670 3263 4707 uno
3293 4655 3472 4724 positi,
3498 4655 3844 4726 Symbolum,

2287 4740 2429 4808 quod
2459 4741 2631 4795 fidelis
2661 4758 2806 4796 nunc
2838 4751 2980 4798 tenet
3003 4744 3264 4810 Ecclesia,
3292 4747 3664 4815 unusquisque
3691 4748 3846 4815 quod

2288 4829 2459 4882 sensit
2486 4829 2734 4897 dicendo,
2762 4831 3139 4895 condiderunt,
3179 4844 3238 4888 ut
3275 4834 3610 4889 discedentes
3643 4836 3711 4889 ab
3749 4837 3846 4891 in-

2287 4919 2491 4982 vicem,
2529 4921 2667 4975 hanc
2700 4925 2939 4992 regulam
2980 4940 3073 4993 per
3117 4941 3306 4985 omnes
3346 4935 3533 4996 gentes
3578 4927 3849 4996 pradica-

2286 5020 2424 5064 rent.
2474 5011 2752 5068 Summam
2781 5030 2910 5086 ergo
2959 5018 3122 5073 totius
3153 5018 3276 5073 fidei
3318 5017 3602 5074 catholicae
3639 5035 3848 5074 recen—

630 5297 665 5334 ,ζ
1151 5247 1839 5334 inimicus);
1858 5247 2356 5334 lJConc.nVasense
2385 5253 2447 5333 ll,
2477 5269 2536 5334 ς...
2557 5254 2611 5318 6,
2653 5273 2739 5334 an.
2759 5258 2902 5334 ﬁdi,
2931 5260 3174 5317 distinct.
3195 5261 3284 5316 93.
3315 5262 3378 5316 Et
3410 5262 3466 5317 in
3499 5265 3654 5334 epist.
3684 5267 3838 5326 decr.

630 5298 665 5352 5
710 5298 1121 5380 Anaclet.papa2
1150 5298 1556 5374 cujus'initium
1581 5320 1664 5366 est
1691 5329 1704 5363 :
1737 5298 2356 5387 Benediitiaiv'Dezi—ai,‘

630 5380 917 5442 Ρζίέτερηεο
1005 5374 1026 5403 ³
1081 5374 1251 5442 εῳιρ.
1309 5376 1550 5433 Hetcnse
1610 5396 1739 5436 ann.
1783 5384 1906 5442 888.
1952 5402 2002 5442 C.
2045 5390 2098 5442 8.
2201 5391 2220 5422 ³
2263 5394 2367 5442 Ms.
2430 5411 2690 5442 auersum-
2764 5395 3040 5442 ‘im'mica,
3121 5399 3324 5442 δαείη.
3361 5402 3505 5442 Patr;

1456 5411 1550 5433 "ac
1610 5411 1739 5436 dllu.
1783 5411 1906 5447 000,
1952 5411 2002 5442 υ.
2045 5411 2098 5443 0.
2201 5411 2210 5422 ¹

1456 5452 1690 5530 anno-8,
1735 5468 1983 5535 currente
2024 5460 2208 5542 Christ

2319 5411 2367 5446 s.
2430 5411 2690 5449 aversum.
2764 5411 3044 5453 'mzmtca.
3121 5411 3326 5455 'besta
3356 5411 3529 5460 Petri.
3601 5420 3653 5473 p.
3703 5411 3836 5462 διδ.

2313 5463 2585 5542 2,_caesus
2618 5472 2733 5542 est,
2785 5465 2996 5542 Petrus
3031 5484 3158 5523 vero
3197 5471 3428 5525 Neronis
3475 5474 3716 5542 ejusdem
3764 5477 3840 5534 £3

1309 5519 1331 5548 ⁸
1365 5520 1831 5583 ministerium,ita
1863 5534 1916 5579 et
1972 5545 2020 5583 c.
2070 5529 2213 5584 Just.

3565 5354 3577 5389 :
3630 5334 3842 5393 Divinis

3703 5408 3764 5460 61
3777 5409 3836 5462 5.

2764 5395 3045 5473 ‘jnimica:
3121 5395 3326 5473 ’δᾴδια
3356 5395 3529 5460 Petri.
3601 5420 3653 5473 p.

2289 5532 2309 5562 ’
2352 5532 2447 5608 his.
2492 5535 2729 5608 involuti.
2807 5537 2850 5608 ξ’
2879 5535 3109 5608 Reliqua
3153 5543 3423 5594 sententia
3487 5532 3598 5597 non
3651 5532 3840 5603 exstat

3081 5609 3122 5638 “
3153 5608 3250 5663 llic
3275 5611 3472 5681 desinit
3523 5614 3837 5681 epistolagin

3517 5677 3772 5743 “Marc:
3788 5701 3832 5741 1.
