4096 6318
214 405 321 460 ιιτδ

1383 388 1744 446 ΕΡῙΞΤΟΗΕ
1785 386 2257 445 DECRETALES.

3342 379 3449 433 4⁵14

214 522 426 576 sentes,
462 514 518 566 in
545 526 653 580 qua
684 517 737 565 et
760 508 1044 579 integritas
1072 504 1415 561 credulitatis
1448 504 1779 567 ostenditur,
1811 512 1857 567 Α
1884 505 1979 557 nui
2002 512 2050 556 te
2078 503 2145 556 “.
2171 500 2237 553 Et
2272 500 2405 553 illud
2437 518 2450 553 :
2497 497 2603 553 Hic
2632 496 2772 553 Deus
2795 503 2994 559 noster,
3026 499 3077 549 et
3107 508 3209 545 non
3238 501 3450 561 reputa-

213 615 270 659 et
296 605 459 658 unius
490 602 581 656 Dei
611 600 1009 674 Omnipotentis
1023 600 1099 671 (id
1127 608 1211 653 est
1243 604 1446 651 sancta;
1474 594 1783 665 Trinitatis)

212 696 499 765 mquam-as
557 693 888 756 declaratur,
920 697 975 745 et
1020 688 1343 761 mysterium
1381 686 1784 741 incarnationis

215 786 343 841 Filii
388 786 506 849 Dei,
535 786 629 855 qui
667 800 765 853 pro
804 783 983 839 salute
1018 781 1245 836 humani
1300 779 1520 850 generis
1558 795 1588 831 a
1621 777 1785 833 Patre

213 883 285 935 de
340 882 478 933 celo
530 875 891 939 descendens,
942 874 1012 928 de
1056 871 1274 942 Virgine
1320 871 1471 926 nasci
1526 872 1785 941 dignatus

211 981 319 1033 est,
386 985 602 1039 quoquo
634 969 678 999 “
703 969 913 1032 ordine,
943 966 1032 1020 vel
1064 964 1284 1034 quando
1327 970 1562 1017 mortem
1594 970 1783 1031 pertu—

214 1063 361 1125 lerit,
392 1059 660 1134 quomodo
688 1058 935 1127 sepultus
966 1059 1287 1118 surrexerit,
1307 1063 1362 1109 et
1392 1055 1447 1107 in
1471 1069 1638 1109 carne
1660 1056 1780 1125 ipsa

212 1155 387 1212 emtas
416 1151 738 1212 ascenderit,
771 1150 837 1202 ad
854 1150 1211 1217 dextramque
1244 1145 1421 1199 Patris
1451 1147 1780 1212 consederit,

210 1245 379 1313 iudex
412 1254 676 1298 venturus
718 1242 819 1303 sit,
860 1256 926 1295 ac
983 1240 1219 1309 qualiter
1249 1239 1631 1293 remissionem
1658 1254 1786 1309 pec-

212 1347 463 1390 catorum
520 1350 679 1391 sacro
719 1333 1049 1402 baptismate
1115 1331 1324 1385 renatis
1358 1330 1673 1393 contulerit,
1730 1335 1786 1384 et

212 1427 678 1482 resurrectionem
710 1424 927 1477 humani
961 1423 1179 1492 generis
1214 1421 1257 1453 ³⁷
1289 1421 1347 1475 in
1397 1420 1587 1475 eadem
1618 1434 1785 1476 carne

217 1528 274 1573 et
331 1521 387 1572 in
436 1522 597 1573 vitam
643 1524 900 1570 aeternam
941 1514 1201 1579 futuram,
1233 1512 1314 1568 sic
1366 1514 1673 1567 docuerunt
1717 1512 1780 1567 ¹⁸.

214 1605 527 1677 Symbolum
577 1609 723 1662 enim
761 1606 969 1670 Graece,
1034 1605 1229 1660 Latine
1290 1605 1503 1660 collatio
1561 1604 1781 1658 dicitur.

214 1698 282 1752 Et
303 1700 343 1730 ι’
360 1701 463 1755 hoc
476 1701 721 1769 praedicti
737 1701 913 1755 sancti
925 1700 1156 1769 apostoli
1178 1699 1319 1753 inter
1337 1714 1397 1755 se
1412 1713 1507 1767 per
1521 1696 1784 1766 Spiritum

212 1797 467 1844 sanctum
494 1793 805 1858 salubriter,
839 1798 900 1845 ut
941 1792 1153 1846 dictum
1180 1798 1285 1857 est,
1325 1789 1689 1844 condiderunt
1713 1786 1781 1842 ⁸⁸.

210 1880 423 1935 Dicitur
451 1888 505 1935 et
534 1882 818 1947 indicium,
849 1881 995 1952 quod
1027 1897 1122 1951 per
1166 1881 1291 1945 hoc,
1335 1881 1430 1952 qui
1460 1887 1607 1935 recte
1654 1895 1781 1935 cre-

138 1990 143 1995 ·
208 1973 435 2037 diderit,
488 1974 780 2030 indicatur.
838 1974 981 2042 Ergo
1034 1973 1249 2027 cunctis
1279 1972 1633 2027 credentibus
1662 1990 1782 2044 quae

208 2066 567 2119 continentur
597 2066 654 2120 in
705 2064 931 2137 praafato
969 2065 1248 2134 Sytnbolo,
1294 2064 1445 2119 salus
1474 2064 1782 2121 animarum

206 2166 267 2211 et
336 2157 447 2209 vita
496 2163 755 2226 perpetua
813 2155 973 2212 bonis
1018 2155 1230 2209 actibus
1280 2162 1640 2225 praeparatur.

287 2248 353 2301 Et
376 2250 519 2317 quod
542 2251 584 2279 ¹¹
603 2250 657 2302 in
687 2248 983 2319 primordio
1004 2246 1495 2317 ejuSdemSymboli
1512 2250 1783 2319 praeponi-

207 2347 326 2403 tur,
344 2338 513 2394 Credo
537 2342 589 2393 in
608 2339 773 2393 Deum
786 2339 1000 2393 Patrem
1016 2328 1413 2405 omnipotentem
1428 2356 1446 2402 ,'
1461 2342 1782 2409 praeclarum

207 2431 339 2485 ﬁdei
368 2432 737 2486 testimonium
771 2438 825 2485 et
858 2430 1270 2484 fundamentum
1310 2431 1365 2483 in
1395 2432 1570 2499 prima
1600 2431 1783 2488 fronte

206 2530 569 2585 monstratur,
596 2522 724 2592 quia
757 2522 942 2575 salvus
958 2504 1083 2576 esse
1110 2523 1331 2590 poterit,
1355 2525 1449 2593 qui
1482 2517 1632 2580 recte
1655 2540 1779 2581 cre-

206 2614 431 2668 didcrit.
457 2613 675 2669 Credere
692 2616 829 2668 enim
848 2622 1049 2691 oportet
1078 2615 1405 2669 accedentem
1425 2616 1493 2669 ad
1514 2617 1681 2671 Deum
1696 2620 1741 2649 “
1761 2636 1780 2688 ;
1819 2682 1827 2693 ‘

203 2708 466 2776 quoniam
493 2707 646 2760 corde
668 2707 896 2759 creditur
924 2706 992 2759 ad
1021 2708 1314 2776 justitiam,
1348 2717 1398 2760 et
1426 2726 1515 2762 ore
1571 2698 1782 2778 confes}-

206 2799 290 2852 δίο
318 2799 377 2867 [it
429 2799 498 2850 ad
521 2798 744 2851 salutem
774 2798 841 2853 ".
890 2796 1042 2852 Unde
1079 2799 1153 2850 ait
1186 2798 1456 2867 Propheta
1491 2819 1504 2853 :
1538 2798 1775 2864 Credidi,

204 2901 417 2959 propter
444 2892 579 2960 quod
628 2892 833 2943 locutus
894 2906 1012 2942 sum
1035 2890 1100 2945 “.
1160 2889 1225 2942 Et
1268 2890 1441 2944 illud:
1477 2889 1668 2946 Justus
1716 2908 1781 2947 ea:

210 2985 315 3051 ﬁde
335 2986 456 3038 vivit
480 2983 545 3037 ’³.
580 2982 643 3035 Et
676 2998 690 3033 :
724 2979 849 3035 Nisi
880 2980 1225 3049 credideritis,
1249 2998 1352 3034 non
1384 2982 1681 3052 intelligetis
1706 2984 1778 3041 “.

208 3078 353 3146 Ergo
379 3077 423 3107 ⁸⁷
457 3076 511 3129 in
557 3075 721 3129 rebus
754 3073 1010 3129 humanis
1041 3074 1251 3127 nullum
1304 3090 1443 3143 opus
1496 3076 1777 3144 incipitur,

209 3169 318 3221 nisi
347 3168 500 3221 labor
526 3167 705 3220 omnis
734 3167 800 3219 ad
825 3166 1077 3220 effectum
1108 3165 1293 3219 venire
1322 3165 1597 3220 credatur.
1627 3165 1780 3221 Unde

210 3260 541 3313 credendum
564 3268 647 3313 est
679 3260 734 3311 in
770 3257 956 3323 Deum,
990 3272 1021 3310 a
1071 3272 1179 3326 quo
1223 3263 1334 3309 tam
1368 3271 1611 3326 praesens
1642 3259 1776 3321 vita,

209 3369 377 3421 quam
409 3352 585 3405 futura
617 3351 908 3404 tribuatur.
944 3348 1087 3403 Deus
1135 3356 1316 3402 autem
1353 3350 1648 3419 appellatio
1696 3357 1781 3403 est

212 3444 535 3497 substantiae
577 3442 937 3512 sempiternae,
972 3441 1086 3496 sive
1117 3440 1329 3495 timoris
1368 3440 1555 3494 divini.
1616 3440 1783 3510 Igitur

214 3534 358 3589 Deus
389 3537 505 3588 sine
527 3534 812 3603 principio,
834 3534 953 3588 sine
979 3534 1105 3596 line,
1131 3526 1382 3602 simplex,
1412 3532 1775 3601 incorporeus

212 3634 269 3679 ct
306 3625 889 3695 incomprehensibilis.
934 3623 1149 3678 Patrem
1193 3630 1374 3677 autem
1426 3640 1551 3677 cum
1597 3626 1777 3690 audis,

214 3718 603 3787 agitosccquod
631 3719 824 3771 habeat
848 3715 1043 3770 Filium
1063 3717 1328 3771 veraciter
1349 3717 1613 3787 genitum,
1635 3718 1781 3772 sicut

211 3826 501 3885 possessor
556 3810 757 3864 dicitur
804 3811 898 3879 qui
948 3807 1156 3877 aliquid
1201 3806 1473 3876 possidet,
1507 3814 1561 3861 et
1604 3808 1780 3861 domi-

215 3920 325 3957 nus
378 3904 471 3971 qui
522 3902 684 3957 habet
712 3899 857 3971 quod
886 3900 1215 3954 dominetur.
1271 3898 1415 3953 Deus
1445 3914 1574 3969 ergo
1598 3898 1778 3966 Pater,

209 3994 409 4049 secreti
432 3993 759 4047 sacramenti
781 3992 1104 4045 vocabulum
1132 3994 1237 4055 est,
1266 3991 1425 4059 cujus
1448 4006 1576 4045 vere
1606 3989 1777 4047 Filius

212 4095 299 4140 est
335 4085 588 4149 Verbum,
629 4070 684 4139 et
717 4084 1019 4154 speculum,
1065 4092 1119 4138 et
1148 4084 1461 4148 character,
1502 4092 1555 4138 et
1600 4086 1781 4156 imago

213 4179 403 4231 vivens
432 4175 607 4233 Patris
644 4177 899 4243 viventis,
935 4178 991 4230 in
1046 4176 1302 4231 omnibus
1356 4175 1505 4230 Patri
1555 4177 1777 4244 similis,

211 4268 457 4338 ejusdem
491 4278 698 4323 natura:
728 4270 782 4321 in
827 4268 1130 4334 divinitate,
1194 4269 1430 4339 genitus,
1463 4276 1518 4323 et
1547 4270 1798 4347 genitori,

212 4376 314 4429 per
355 4360 538 4413 omnia
570 4361 884 4429 coaequans.
941 4358 1052 4415 Nec
1090 4369 1364 4430 queratur
1394 4362 1667 4431 quomodo
1686 4378 1780 4434 ge-

214 4454 336 4505 nuit
368 4449 595 4520 Filium;
631 4454 778 4523 quod
805 4462 859 4508 et
887 4454 1060 4523 angeli
1095 4453 1363 4516 nesciunt,
1400 4462 1455 4508 et
1500 4444 1779 4529 prophetis

1884 595 2025 647 bitur
2065 594 2199 648 alter
2220 593 2289 644 ad
2312 609 2430 647 eum
2446 591 2514 647 '°.
2544 589 2611 643 Et
2650 596 2773 659 post
2803 602 2818 638 :
2875 585 2941 640 In
2969 595 3113 640 terra
3155 585 3300 640 visus
3346 593 3451 651 est,

1883 696 1933 741 et
1960 689 2095 740 inter
2116 685 2346 739 homines
2378 690 2715 738 conversatus
2744 688 2822 733 est
2847 679 2937 732 η’.

1955 776 1997 809 ³⁸
2012 776 2243 843 Diligere
2254 791 2385 845 ergo
2396 774 2563 829 Deum
2579 784 3020 840 unumquemque
3042 783 3108 822 ex
3132 773 3246 821 toto
3265 764 3453 831 corde,
3470 774 3474 778 ‘

1882 877 1938 925 et
1968 885 2034 924 ex
2062 876 2174 921 tota
2215 868 2417 931 anima,
2449 875 2509 921 ut
2536 866 2815 936 praefixum
2844 878 2950 925 εει,
2982 878 3050 916 ez
3088 868 3201 913 tota
3235 859 3456 913 fortitu-

1885 959 2013 1013 dine
2027 960 2070 990 "
2103 968 2336 1030 opo‘rtet,
2368 967 2422 1012 et
2454 958 2759 1029 proximum
2792 962 3049 1024 tanquam
3074 952 3451 1020 semetipsum,

1882 1052 2243 1119 respondente
2270 1049 2499 1103 Domino
2521 1048 2734 1102 cuidam
2766 1036 3084 1099 Scribarum
3114 1058 3177 1096 ac
3199 1043 3451 1097 dicente:

1884 1141 2126 1195 Primum
2159 1143 2391 1196 omnium
2436 1141 2749 1209 mandatum
2784 1148 2882 1203 est,
2924 1137 3050 1191 audi
3088 1134 3260 1190 Israel
3292 1149 3309 1187 :
3346 1133 3459 1186 Do-'

1888 1235 2060 1288 minus
2086 1234 2226 1289 Deus
2267 1246 2409 1298 tuus,
2437 1233 2575 1288 Deus
2617 1249 2752 1287 unus
2781 1241 2892 1295 est;
2923 1239 2978 1287 et
3004 1246 3019 1283 :
3054 1229 3248 1302 Diliges
3275 1227 3455 1299 Domi-

1881 1344 2008 1381 num
2037 1326 2204 1383 Deum
2229 1338 2374 1381 tuum
2403 1342 2469 1381 ea:
2506 1336 2613 1381 toto
2633 1324 2787 1379 corde
2826 1334 2933 1381 tuo.
2964 1331 3014 1377 et
3042 1338 3107 1376 ea:
3130 1330 3243 1374 tota
3272 1312 3455 1373 anima

1886 1429 1997 1484 tua,
2030 1431 2079 1475 et
2103 1436 2167 1475 ea:
2225 1430 2335 1474 tota
2362 1428 2529 1473 mente
2564 1428 2677 1479 tuo,
2716 1426 2765 1469 et
2817 1430 2883 1470 ea:
2922 1422 3036 1467 tota
3076 1414 3267 1467 virtute
3318 1420 3453 1465 tua:

1882 1510 1979 1564 hoc
2011 1511 2341 1579 estprimum
2389 1508 2721 1562 mandatum.
2766 1505 3064 1577 Secundum
3085 1514 3260 1557 autem
3281 1504 3456 1559 simile

1882 1612 1961 1655 est
1990 1600 2113 1654 illi:
2136 1599 2336 1671 Diliges
2358 1600 2659 1669 proximum
2685 1608 2831 1651 tuum
2862 1610 3110 1666 tanquam
3135 1596 3361 1664 teipsum
3382 1594 3451 1653 ⁸³.

1884 1691 2059 1762 Majus
2086 1692 2279 1746 horum
2312 1691 2455 1745 aliud
2486 1689 2808 1757 mandatum
2845 1703 2954 1742 non
2996 1696 3118 1752 est,
3150 1687 3297 1758 quod
3336 1702 3454 1741 ma-

1881 1783 1973 1853 jus
2018 1790 2105 1839 est
2149 1784 2403 1839 omnibus
2448 1780 2982 1837 holocautoinatibus
3030 1790 3084 1836 et
3138 1780 3451 1837 sacriﬁciis.

1813 1877 1856 1937 Β
1886 1872 2039 1929 Unde
2062 1882 2116 1929 et
2146 1874 2203 1928 in
2243 1872 2427 1930 Veteri
2479 1864 2836 1931 Testamento
2872 1872 3137 1942 scriptum
3166 1871 3399 1926 habetur
3435 1887 3449 1925 :

1886 1966 2040 2032 Quod
2072 1963 2167 2020 tibi
2205 1966 2321 2035 ﬁeri
2366 1984 2469 2019 non
2514 1966 2610 2034 vis,
2637 1965 2792 2019 alteri
2824 1981 2887 2019 ne
2915 1964 3099 2031 feceris
3125 1964 3191 2019 “.
3247 1961 3313 2016 Et
3343 1962 3452 2017 Do-

1882 2058 2065 2113 minus
2096 2058 2169 2111 ait
2206 2074 2218 2109 :
2254 2057 2446 2113 Omnia
2484 2073 2799 2127 quwcunque
2837 2058 2992 2111 uultis
3022 2066 3080 2109 ut
3126 2056 3335 2125 faciant
3363 2072 3485 2126 vo-g
3548 2129 3554 2135 η

1884 2148 1962 2203 bis
1995 2150 2247 2215 homines,
2301 2158 2351 2204 et
2387 2167 2474 2204 vos
2499 2150 2658 2219 facite
2698 2149 2943 2203 similiter
2996 2149 3104 2203 illis
3130 2148 3196 2203 “.
3240 2148 3453 2215 Quibus

1820 2238 1832 2248 ”
1884 2242 2133 2311 utrisque
2162 2244 2433 2299 mandatis
2464 2243 2530 2310 “,
2561 2258 2657 2313 per
2686 2258 2854 2298 unum
2886 2242 3093 2295 malitia
3140 2242 3455 2311 compesci-

1884 2342 1995 2400 tur,
2027 2342 2079 2390 et
2105 2350 2199 2404 per
2224 2335 2372 2389 aliud
2402 2330 2712 2405 benignitas
2742 2320 3093 2406 propagatur,
3130 2342 3189 2387 ut
3245 2349 3317 2399 ne,
3337 2349 3455 2387 ma-

1884 2427 1995 2479 lunt
2018 2426 2143 2495 quis
2171 2425 2387 2491 inferat,
2419 2428 2514 2482 sed
2538 2428 2737 2481 bonum
2756 2426 3051 2495 impendat.
3102 2423 3369 2489 Primum,
3394 2431 3454 2478 ut

1884 2534 1949 2571 ca
1963 2526 2073 2573 teat
2103 2519 2329 2587 lmdere;
2360 2518 2661 2574 secundum
2688 2524 2746 2572 ut
2769 2519 2915 2573 norit
2932 2518 3136 2573 bonum
3166 2517 3449 2589 praestare.

1883 2609 1945 2666 Si
1958 2612 2096 2666 enim
2116 2611 2336 2677 fratrem
2365 2627 2516 2681 quem
2538 2610 2699 2677 vides,
2720 2627 2824 2664 non
2842 2610 3051 2680 diligis;
3089 2610 3273 2675 Deum,
3298 2626 3453 2681 quem

1883 2721 1987 2759 non
2013 2704 2177 2769 uides,
2199 2702 2459 2774 quomodo
2504 2711 2649 2772 potes
2694 2702 2914 2774 diligere
2941 2702 2984 2733 ³⁷
3008 2702 3032 2756 ?
3058 2702 3149 2756 Sic
3190 2712 3322 2773 ergo
3349 2719 3453 2769 nos

1884 2798 2041 2853 decet
2070 2812 2326 2851 exercere
2362 2811 2552 2850 curam
2584 2803 2858 2859 nostram,
2894 2803 2952 2848 ut
2968 2810 3078 2849 non
3108 2795 3453 2853 dimittamus

1883 2903 2073 2943 curam
2101 2874 2341 2946 vestram
2374 2907 2388 2942 :
2423 2894 2477 2941 et
2506 2888 2587 2941 sic
2616 2886 2843 2957 diligere
2874 2902 2997 2951 nos,
3030 2902 3099 2942 ne
3143 2888 3453 2957 negligatur

1884 2979 2103 3033 dilectio
2142 2980 2371 3049 proximi
2397 2979 2576 3048 ;quia
2606 2977 2762 3033 “Dei
2792 2978 3012 3034 dilectio
3047 2980 3207 3032 morti
3231 2994 3452 3050 compa—

1883 3080 2056 3133 ratur,
2108 3071 2321 3125 dicente
2376 3068 2697 3139 Sapientia:
2766 3069 2957 3125 Valid'a
3013 3079 3091 3124 est
3142 3070 3352 3124 dilectio
3394 3080 3473 3143 ut_

1884 3179 2025 3216 mors
2050 3162 2094 3193 ”
2120 3181 2134 3218 :
2166 3161 2397 3226 idcirco,
2424 3162 2551 3232 quia
2584 3161 2725 3215 sicut
2755 3177 2903 3217 mors
2940 3162 3205 3217 violenter
3234 3172 3450 3233 Separat

1882 3255 2121 3308 animam
2154 3269 2185 3308 a
2216 3268 2465 3324 corpore,
2488 3253 2564 3307 ita
2585 3253 2805 3307 dilectio
2837 3252 2930 3308 Dei
2961 3263 3176 3323 separat
3210 3256 3451 3310 animam

1881 3346 2149 3400 violenter
2182 3361 2213 3398 a
2246 3345 2523 3399 mundano
2551 3353 2606 3399 et
2632 3345 2839 3399 carnali
2896 3360 3099 3400 amore.
3154 3346 3263 3411 Qui
3287 3348 3448 3412 enim,

1884 3438 2146 3494 Dominus
2176 3438 2372 3507 inquit,
2394 3436 2569 3507 diligit
2594 3452 2692 3500 me,
2713 3434 2966 3489 mandata
3005 3453 3117 3489 mea
3138 3436 3363 3489 servabit
3382 3437 3448 3504 ιθ,

1881 3531 2018 3586 Nam
2046 3530 2261 3601 quiDci
2302 3535 2576 3598 praecepta
2619 3528 2945 3593 contemnit,
2979 3527 3147 3583 Deum
3180 3546 3289 3583 non
3322 3530 3450 3585 dili-

1881 3624 2010 3698 git.‘
2042 3621 2196 3677 Unde
2227 3623 2493 3691 scriptum
2544 3627 2630 3674 est
2663 3639 2677 3675 :
2713 3617 2893 3691 Nolite
2928 3629 3113 3687 putare
3158 3621 3296 3690 quod
3330 3640 3448 3676 ma-

1880 3716 2049 3770 neatis
2088 3716 2141 3768 in
2170 3713 2445 3767 dilectione
2476 3730 2612 3775 mea,
2638 3715 2696 3766 ‘si
2730 3730 2833 3766 non
2888 3715 3220 3768 servaveritis
3252 3730 3450 3783 prtere-

1880 3818 1973 3879 pta
1998 3825 2114 3862 mea
2142 3808 2209 3862 δι.
2257 3806 2443 3876 Neque
2464 3806 2610 3858 enim
2644 3821 2826 3876 regem
2880 3805 3181 3877 diligimus,
3219 3808 3267 3862 si
3321 3807 3449 3863 odio

1883 3902 2025 3973 leges
2052 3902 2170 3971 ejus
2197 3900 2479 3953 habemus.
2525 3896 2711 3967 Neque
2738 3896 2883 3951 enim
2916 3913 2982 3952 ex
3009 3904 3125 3953 toto
3154 3899 3319 3955 corde
3348 3916 3448 3970 po-

1882 3994 2011 4050 terit
2038 3994 2127 4049 ille
2165 3992 2331 4046 Deum
2366 3989 2614 4059 diligere,
2651 3989 2746 4060 qui
2801 3989 3049 4043 nascitur
3095 3991 3154 4045 in
3208 3994 3440 4062 proxim.

1881 4102 2121 4141 corruere
2145 4084 2188 4115 δ’
2220 4082 2511 4138 dilectione
2540 4098 2555 4135 :
2585 4081 2714 4151 quia
2731 4096 2827 4155 per
2842 4079 3185 4137 dilectionem
3210 4086 3446 4153 proximi

1881 4177 2197 4248 pervenitur
2243 4174 2309 4229 ad
2358 4174 2682 4227 charitatem
2742 4168 2986 4238 Christi,
3044 4176 3327 4244 quoniam,
3388 4191 3446 4234 ut

1881 4269 2221 4341 praelibatum
2257 4272 2362 4329 est,
2404 4266 2458 4318 in
2488 4264 2577 4318 his
2632 4262 2847 4318 duobus
2875 4267 3160 4337 praeceptis
3198 4267 3312 4323 tcta
3359 4270 3447 4326 lex

1881 4360 2080 4431 pendet
2122 4366 2177 4413 et
2206 4358 2483 4428 pr0phette
2513 4356 2581 4411 ⁸³.
2608 4354 2882 4411 Docibiles
2908 4371 3059 4427 ergo,
3080 4360 3173 4429 qui
3205 4360 3447 4430 perfecte

1881 4452 2028 4507 docti
2062 4465 2178 4521 non
2207 4459 2335 4504 sunt
2364 4449 2432 4503 ad
2458 4447 2574 4502 haec
2605 4446 2915 4518 peragenda
2936 4489 2950 4513 ,
2984 4458 3200 4521 oportet
3255 4469 3447 4511 omnes

214 4545 553 4613 incognitum
581 4554 682 4601 est.
728 4544 883 4600 Unde
913 4546 1045 4600 illud
1072 4546 1277 4600 dictum
1306 4553 1391 4602 est
1423 4566 1435 4601 :
1472 4544 1778 4600 Gerteratio-
1810 4549 1854 4603 D
1881 4558 2026 4606 esse,
2071 4544 2215 4597 etut
2260 4541 2364 4609 ipsi
2412 4532 2559 4593 docti
2608 4540 2741 4605 sint,
2780 4550 2835 4595 et
2865 4541 3005 4596 alios
3030 4544 3331 4612 prudenter
3358 4548 3446 4601 in-

213 4653 332 4691 nam
348 4637 461 4706 ejus
485 4638 599 4706 quis
614 4638 885 4692 enarrabit
907 4639 974 4669 "‘
996 4637 1201 4705 ?Quam
1220 4646 1486 4693 secretam
1510 4640 1775 4709 originem

214 4746 343 4783 cum
374 4717 593 4803 proprio
639 4729 799 4795 Filio,
854 4731 1005 4785 novit
1051 4730 1169 4800 ipse
1219 4731 1371 4785 solus
1424 4731 1518 4799 qui
1571 4731 1775 4800 genuit.

215 4824 263 4855 ⁸⁸
279 4821 392 4875 Nec
421 4820 560 4876 Deus
581 4838 610 4875 a
636 4821 795 4875 nobis
823 4818 1199 4876 discutiendus
1219 4822 1422 4884 est,sed
1440 4818 1779 4889 credendus;

215 4916 315 4986 q'ui
334 4915 388 4969 in
406 4914 565 4969 nobis
588 4915 723 4986 ipsis
740 4915 1037 4980 nescimus,
1064 4914 1208 4985 quod
1233 4912 1483 4980 facimus,
1508 4914 1781 4983 quomodo

218 5006 511 5078 sapientia,
548 5006 847 5077 ingenium,
866 5014 961 5061 aut
989 5007 1322 5067 intellectus.
1344 5000 1437 5059 aut
1465 5006 1779 5075 consilium,

219 5109 315 5155 aut
335 5114 489 5154 mens
516 5106 702 5153 nostra
720 5109 945 5169 generat
965 5099 1212 5155 verbum.
1250 5098 1356 5153 Sed
1377 5098 1575 5153 suflicit
1590 5103 1777 5162 nosse,

219 5193 349 5263 quia
384 5194 474 5246 lux
501 5193 686 5262 genuit
708 5191 1071 5261 splendorem,
1098 5192 1240 5246 sicut
1270 5191 1343 5244 ait
1367 5190 1638 5261 Pmpheta
1670 5210 1682 5243 :
1712 5188 1781 5243 In

219 5283 579 5354 splendoribus
610 5291 912 5338 sanctorum
947 5297 1013 5335 ea:
1053 5290 1199 5355 utero
1224 5291 1343 5336 ante
1370 5281 1668 5352 Luciferum
1694 5298 1782 5353 ge-

284 5426 328 5457 ιι
346 5432 546 5495 φρομ(

1882 4641 2115 4696 struere,
2137 4638 2190 4686 et
2214 4630 2450 4701 perfecte
2485 4632 2697 4700 possint
2725 4632 2944 4696 docere,
2974 4633 3131 4703 juxta
3160 4634 3444 4695 Danielem

1879 4726 2219 4797 prophetam,
2264 4725 2359 4794 qui
2402 4724 2525 4777 ait:
2568 4722 2805 4791 Populus
2856 4733 3031 4777 autem
3063 4726 3233 4781 Sciens
3272 4728 3445 4786 Deum

1880 4836 2056 4883 suum,
2096 4816 2349 4871 obtinebit
2372 4824 2445 4883 ,‘et
2487 4814 2669 4885 faciet,
2701 4824 2751 4869 et
2797 4815 2939 4869 docti
2970 4818 3023 4871 in
3060 4819 3251 4888 populo
3297 4822 3445 4879 doce.

1881 4914 2006 4965 bunt
2034 4911 2289 4980 plurimos
2315 4908 2381 4963 “.
2438 4907 2641 4963 Omnes
2670 4905 2955 4974 doeibiles,
2986 4918 3045 4964 ut
3068 4912 3181 4981 jam
3234 4914 3441 4972 dictum

1884 5012 1990 5068 est,
2023 5004 2117 5075 qui
2139 5002 2283 5057 docti
2304 5002 2350 5034 "
2380 5008 2530 5066 sunt,
2566 5016 2691 5055 esse
2718 5009 2969 5071 oportet;
2999 5004 3093 5057 sed
3130 5008 3446 5066 sacerdotes

1884 5095 2160 5150 doctiores
2217 5093 2427 5149 caeteris
2480 5092 2699 5163 populis
2760 5101 2989 5148 neCesse
3039 5092 3155 5150 fore
3214 5087 3446 5155 docebat

1888 5186 2147 5242 Christus
2191 5184 2474 5240 dicens“:
2529 5184 2670 5250 Quia
2718 5184 2765 5258 s_i
2791 5201 2958 5239 aecus
3014 5204 3151 5242 circa
3192 5190 3443 5247 ducatum

1885 5288 2143 5348 prastet,—
2167 5278 2319 5332 ambo
2358 5280 2415 5331 in
2462 5277 2664 5347 foveam
2703 5275 2898 5331 cadunt
2922 5278 2990 5333 ⁵⁷.
3050 5280 3373 5340 Sacerdotes
3397 5290 3442 5320 ‘°

551 5465 565 5478 .
642 5426 682 5456 "'
707 5425 1015 5480 resurrectio
1045 5425 1229 5494 futura
1253 5424 1345 5477 sit.
1384 5474 1403 5494 ,Α
1425 5422 1483 5490 ἐ,
1506 5421 1563 5494 S.
1579 5424 1757 5494 ΔΑιιες..

1880 5436 1957 5494 _m.
1974 5421 2013 5484 εἰ
2028 5422 2114 5494 iii,
2154 5421 2230 5494 De
2257 5430 2453 5491 temp.-;
2478 5418 2684 5494 Buf._i_n
2702 5418 2897 5494 βψω).
2949 5419 3019 5494 ἰ’
3042 5418 3187 5494 quia.
3263 5419 3310 5452 ³⁸
3326 5437 3454 5494 cou-

204 5488 473 5566 tuleruntf
499 5502 514 5517 '
533 5498 593 5566 "_
615 5494 751 5566 Ergo
776 5497 936 5566 quod.
965 5488 1055 5566 _“
1080 5493 1347 5566 Hebrgt,
1378 5488 1479 5547 6."
1506 5493 1551 5525 "
1576 5488 1812 5566 8min},
1836 5492 1924 5546 10.
1999 5492 2046 5524 ’⁸
2070 5491 2213 5566 Psal:
2233 5488 2464 5566 cva'ltl.
2538 5492 2587 5522 ¹⁸
2617 5489 2827 5566 liabae.
2848 5504 2909 5553 ιι,
2936 5488 2990 5543 4.
3011 5489 3115 5566 μ’]
3148 5490 3252 5566 lsa.
3284 5493 3453 5566 Vini).

204 5568 248 5599 "
284 5565 436 5630 και..
462 5564 612 5635 praef.
649 5555 843 5635 rapes.
873 5568 927 5618 in
953 5563 1151 5635 Symb.
1209 5555 1415 5635 "fisa.
1442 5576 1559 5625 LIII,
1589 5562 1675 5635 8.“
1718 5555 1931 5635 “Aug.
1967 5562 2278 5635 sernt.l8i,
2310 5561 2386 5615 De
2415 5572 2607 5635 temp_.,j
2642 5560 2788 5623 Ruﬁ,
2815 5561 2849 5615 l.
2884 5575 2942 5635 (ξἰ
3010 5559 3054 5635 '_’
3080 5555 3224 5616 Psal.
3254 5575 3364 5635 eis,
3399 5562 3455 5616 5.

204 5637 254 5667 ³⁹
308 5634 521 5689 Bartsch
552 5650 635 5696 ιιι,
658 5634 746 5689 56.
820 5637 888 5667 ’θ’
912 5636 1069 5697 ιδιά..
1095 5634 1184 5688 ³58.

204 5705 427 5806 illam?
450 5704 588 5806 1‘1":
623 5720 713 5806 ηε.
734 5707 871 5806 ‘32-
895 5704 1159 5806 ’ἶὲδὲξέ-
1189 5717 1286 5804 νιξν
1308 5702 1435 5806 33'.
1485 5701 1842 5806 ἶζδλξτειξςν

204 5776 251 5807 ³⁹
272 5775 592 5829 Canusini.
667 5775 713 5807 δ’
738 5774 893 5831 Joan.
926 5791 1038 5839 ιιν,
1062 5773 1154 5828 25.
1226 5773 1270 5804 ⁵⁸
1301 5768 1456 5829 Joan.
1485 5789 1573 5839 xv,
1609 5772 1696 5828 £0.

1259 5632 1302 5664 ³¹
1331 5631 1601 5687 Hactenus
1632 5629 1767 5686 Ven.

1882 5628 1946 5686 rt.
2024 5632 2068 5664 ³²
2095 5631 2281 5686 Matth.
2311 5648 2445 5686 χχιι.
2516 5628 2566 5664 ⁷³³
2593 5632 2749 5686 Deut.
2774 5646 2862 5695 vt;
2894 5628 3081 5683 Matth.
3106 5645 3254 5697 xxu;
3284 5631 3454 5685 Mare.
3485 5670 3489 5674 -

1871 5718 1902 5756 ι
1939 5701 2160 5760 Μοναι..
2194 5702 2248 5754 4.

1848 5789 2049 5826 errare.
2125 5771 2172 5803 ⁸³
2204 5770 2392 5826 Matth.
2420 5787 2556 5835 xm,
2588 5772 2676 5826 40.
2753 5770 2801 5803 “
2826 5769 2964 5827 Dan.
2996 5784 3073 5837 ιι,
3097 5770 3189 5828 52.
3258 5771 3305 5804 ⁸⁸
3330 5788 3453 5829 non.

2326 5701 2370 5733 ³⁷
2402 5702 2418 5755 Ι
2446 5699 2601 5755 loan.
2631 5717 2703 5756 tv.
2780 5700 2825 5731 ⁸³
2876 5698 2933 5753 S.
2968 5698 3093 5754 Isid.
3136 5698 3194 5765 2,
3228 5710 3367 5763 sent,
3399 5701 3453 5757 5.

206 5845 251 5878 ⁸⁸
273 5842 401 5902 liae
428 5845 541 5902 duo
573 5846 829 5904 vocabula
855 5862 963 5903 non
992 5854 1121 5903 sunt
1146 5844 1202 5901 in
1235 5858 1341 5899 ms.
1415 5843 1461 5876 “
1484 5842 1673 5900 Matth.
1705 5859 1797 5914 xv,
1834 5842 1917 5900 li.
1994 5842 2039 5876 “
2068 5840 2321 5901 Distinet.
2351 5842 2444 5909 95,
2471 5840 2780 5899 Sacerdotes
2804 5857 2943 5897 vero.
