4096 6318
663 347 771 407 4⁷3

1509 345 1567 403 8.
1607 345 2002 404 CLEMENTIS
2039 345 2061 401 ι
2097 346 2265 403 ROM.
2302 345 2505 405 PONT.
2538 348 2765 407 OPERA
2803 353 3030 414 DUBlA.

3789 365 3896 420 £76

662 473 794 514 vero
820 459 902 514 sal
930 465 1089 514 terra:
1122 465 1176 515 et
1218 459 1406 514 mundl
1438 459 1620 515 lumen
1647 461 1690 492 "
1719 461 1944 526 docens,
1977 464 2229 533 przecepit
2258 467 2304 525 Α
2333 466 2500 533 cepit,
2523 467 2616 536 qui
2642 483 2750 522 non
2774 470 3084 539 primatum,
3108 480 3200 526 aut
3226 466 3782 545 archiepiscoporum,
3801 486 3895 532 aut

663 550 720 603 in
757 549 1046 620 splendore
1075 548 1342 604 bonorum
1385 565 1611 620 operum
1660 550 1876 606 Patrem
1931 553 2232 622 gloriﬁcare

661 638 870 708 Deum;
912 640 979 695 de
1009 641 1210 711 quibus
1258 639 1526 696 Dominus
1583 642 1659 695 ait
1693 661 1705 696 :
1750 642 1902 696 Beati
1939 645 2084 706 estis,
2115 662 2233 700 cum

659 731 1032 786 maledixerint
1063 732 1207 786 vobis
1238 732 1493 796 homines,
1517 740 1567 786 et
1596 734 1856 800 persecuti
1882 751 1970 788 vos
2001 734 2228 804 fuerint,

660 832 710 875 et
737 817 972 876 dixerint
1004 841 1154 878 omne
1205 825 1403 878 malum
1461 823 1734 878 adversum
1778 842 1889 890 vos,
1931 826 2232 883 mentientes

658 925 868 982 propter
895 931 995 969 me.
1044 913 1274 969 Gaudete
1300 923 1350 968 et
1403 915 1683 979 exsultate,
1724 917 1972 986 quoniam
2035 934 2228 974 merces

663 1016 834 1059 vestra
865 1008 1075 1076 copiosa
1104 1017 1181 1060 est
1204 1007 1259 1058 in
1289 1006 1463 1068 caelis;
1495 1007 1570 1060 sic
1613 1007 1750 1059 enim
1805 1009 2063 1076 persecuti
2106 1018 2229 1064 sunt

661 1097 968 1164 prophetas,
999 1098 1091 1167 qui
1119 1098 1330 1166 fuerunt
1365 1106 1484 1150 ante
1512 1113 1619 1150 vos.
1667 1096 1764 1151 Vos
1789 1099 1916 1151 estis
1949 1100 2031 1152 sal
2076 1108 2230 1154 terra:

664 1188 817 1254 Quod
851 1190 896 1241 si
920 1189 1003 1240 sal
1024 1189 1312 1251 evanuerit,
1340 1189 1392 1239 in
1431 1203 1530 1257 quo
1578 1187 1801 1240 salietur
1829 1191 1854 1243 ?
1904 1188 1982 1240 Ad
2007 1190 2228 1243 nihilum

663 1280 797 1332 valet
827 1281 993 1344 ultra,
1032 1281 1134 1332 nisi
1171 1290 1226 1331 ut
1252 1280 1398 1348 foras
1423 1280 1687 1343 mittatur,
1716 1287 1764 1330 et
1793 1280 2128 1333 conculcetur
2161 1281 2226 1334 ab

659 1369 976 1425 horninibus.
1048 1370 1171 1424 Non
1201 1381 1368 1439 potest
1391 1371 1576 1422 civitas
1609 1369 1859 1424 abscondi
1886 1386 2045 1438 supra
2072 1389 2226 1425 mon-

659 1472 761 1516 tem
784 1465 980 1531 posita,
1035 1478 1196 1532 neque
1254 1459 1544 1514 accendunt
1600 1461 1890 1524 lucernam,
1930 1471 1978 1514 et
2027 1474 2222 1531 ponunt

657 1571 774 1608 eam
808 1555 902 1608 sub
950 1553 1146 1616 modio,
1188 1553 1277 1607 sed
1327 1568 1482 1622 super
1509 1552 1905 1616 candelabrum,
1962 1562 2018 1605 ut
2055 1553 2224 1607 luceat

658 1646 898 1698 omnibus
936 1646 1027 1716 qui
1057 1646 1108 1698 in
1156 1645 1309 1698 domo
1350 1652 1470 1697 sunt
1499 1644 1566 1708 '°,
1597 1651 1656 1696 ut
1685 1642 1779 1712 qui
1839 1644 2223 1713 ingrediuntur

659 1739 840 1793 lumen
869 1737 1087 1791 videant
1115 1738 1178 1791 ".
1235 1736 1325 1789 Sic
1385 1735 1553 1789 luceat
1585 1735 1676 1788 lux
1715 1747 1885 1788 vestra
1917 1751 2095 1788 coram
2126 1735 2221 1788 ho-

656 1829 908 1891 minibus,
935 1839 991 1881 ut
1022 1827 1228 1881 videant
1254 1827 1388 1879 bona
1418 1843 1575 1894 opera
1615 1835 1807 1888 vestra,
1840 1835 1889 1878 et
1926 1827 2220 1894 gloriﬁcent

656 1918 875 1972 Patrem
924 1927 1171 1983 oestrum,
1207 1919 1295 1987 qui
1324 1919 1378 1970 in
1399 1917 1539 1970 caelis
1582 1926 1661 1970 est
1689 1917 1756 1970 ".
1786 1915 2090 1987 Episcopos
2123 1934 2222 1971 au-

655 2019 764 2066 tem
795 2025 891 2080 per
931 2009 1171 2079 singulas
1197 2009 1468 2072 civitates,
1502 2008 1701 2078 quibus
1751 2007 1841 2061 ille
1895 2023 2004 2060 non
2037 2009 2203 2063 mise-

657 2113 779 2166 rat,
863 2100 1148 2171 perdoctos
1200 2107 1254 2154 et
1325 2099 1620 2170 prudentes
1685 2099 1827 2154 sicut
1901 2108 2210 2168 serpentes,

655 2195 1046 2265 simplicesque
1105 2195 1246 2250 sicut
1277 2191 1581 2257 columbas,
1633 2192 1786 2261 juxta
1823 2189 2035 2244 Domini
2077 2206 2218 2260 pra:-

656 2288 986 2358 ceptionem,
1036 2286 1196 2340 nobis
1254 2285 1469 2339 mittere
1523 2283 1800 2353 precepit.
1852 2281 2007 2347 Quod
2055 2283 2219 2336 etiam

655 2377 1256 2442 facereinchoavimus,
1281 2382 1335 2429 et
1368 2373 1598 2430 Domino
1638 2389 1794 2443 Opem
1842 2372 2067 2439 ferente,
2123 2373 2210 2426 fa-

653 2470 798 2527 cturi
839 2485 1048 2525 sumus.
1084 2467 1190 2525 Vos
1232 2474 1410 2521 autem
1437 2481 1532 2536 per
1558 2472 1772 2520 vestras
1811 2463 2073 2531 dioeceses
2105 2465 2220 2534 epi-

655 2546 855 2634 seopos
891 2569 1101 2616 sacrate
1129 2567 1184 2615 et
1211 2556 1428 2622 mittite,
1455 2557 1583 2627 quia
1616 2572 1718 2611 nos
1752 2556 1815 2610 ad
1845 2555 1980 2610 alias
2011 2563 2218 2625 partes,

651 2656 797 2724 quod
820 2651 1168 2721 idemjussit,
1197 2665 1360 2721 agere
1403 2648 1746 2704 curabimus.
1808 2647 2034 2719 Aliquos
2075 2664 2208 2706 vero

654 2746 722 2799 ad
750 2744 953 2800 Gallias
1003 2743 1404 2814 Hispaniasque
1427 2739 1475 2772 "
1524 2740 1821 2803 mittemus,
1850 2748 1902 2793 et
1939 2741 2210 2810 quosdam

652 2838 720 2891 ad
753 2837 1093 2892 Germaniam
1117 2843 1169 2888 et
1201 2833 1430 2895 Italiam,
1458 2839 1620 2902 atque
1651 2832 1716 2885 ad
1748 2831 1984 2902 reliquas
2027 2839 2214 2900 gentes

653 2929 887 2997 dirigere
931 2927 1202 2996 cupimus.
1253 2923 1357 2978 Ubi
1387 2933 1565 2978 autem
1620 2923 1914 2980 ferociores
1954 2930 2008 2977 et
2038 2922 2214 2976 rebel-

651 3018 817 3073 liores
864 3026 1055 3087 gentes
1120 3033 1249 3072 esse
1289 3014 1729 3084 cognoverimus,
1791 3014 1920 3077 illuc
1971 3014 2213 3084 dirigere

651 3108 1012 3177 sapientiores
1045 3115 1098 3161 et
1127 3107 1459 3160 austeriorcs
1515 3120 1741 3160 necesse
1791 3104 2072 3170 habemus,
2119 3108 2213 3176 qui

651 3200 894 3268 quotiiie
937 3215 1045 3252 non
1098 3204 1315 3253 cessent
1360 3195 1543 3252 divina
1587 3198 1860 3252 seminare
1897 3198 2121 3262 semina,
2155 3209 2208 3254 et

649 3291 849 3345 multos
879 3290 1097 3345 Christo
1122 3291 1343 3352 lucrari,
1376 3298 1430 3343 et
1463 3288 1528 3342 ad
1560 3296 1760 3343 rectam
1795 3287 1951 3343 [idem
1979 3297 2034 3344 et
2064 3290 2206 3349 viam

649 3381 892 3437 veritatis
943 3382 1258 3452 perducere,
1303 3388 1364 3433 ut
1400 3379 1585 3450 plures
1633 3376 2210 3450 manipulos'Domino

648 3474 863 3529 valeant
919 3481 1273 3543 praesentare.

716 3565 841 3619 “In
872 3565 978 3620 illis
1009 3579 1137 3619 vero
1170 3564 1505 3630 civitatibus,
1555 3563 1611 3617 in
1650 3563 1849 3634 quibus
1887 3561 2015 3616 olim
2067 3561 2207 3631 apud

644 3657 895 3712 ethnicos
943 3657 1396 3713 arcbiﬂamines"
1440 3672 1650 3720 eorum,
1690 3666 1849 3726 atque
1894 3655 2051 3726 primi
2074 3655 2206 3725 legis

645 3747 900 3802 doctores
943 3757 1118 3810 erant,
1171 3749 1552 3817 episcoporum
1603 3747 1864 3816 primates
1919 3745 2069 3814 poni,
2118 3747 2205 3800 vel

645 3840 1008 3909 patriarchas,
1041 3841 1134 3908 qui
1173 3839 1508 3908 reliquorum
1563 3838 1947 3907 episcoporum
1998 3834 2203 3904 judicia

644 3941 698 3985 et
746 3932 955 4004 majora
1000 3930 1236 4001 (quoties
1284 3943 1513 3983 necesse
1555 3928 1714 3998 foret)
1747 3928 1958 3997 negotia
2002 3927 2056 3980 in
2097 3926 2202 3982 llde

644 4022 932 4091 agitarent,
957 4029 1010 4075 et
1040 4019 1343 4076 secundum
1381 4018 1474 4073 Dei
1506 4019 1860 4081 voluntatem,
1896 4019 2039 4072 sicut
2066 4032 2199 4072 con-

644 4113 938 4167 stituerunt
972 4112 1144 4165 sancti
1170 4112 1422 4180 apostoli,
1453 4115 1524 4163 ita
1559 4118 1614 4164 ut
1636 4128 1701 4164 ne
1727 4111 1849 4179 quis
1879 4111 2082 4180 injuste
2108 4127 2202 4181 pe-

644 4205 995 4265 riclitaretur,
1054 4203 1436 4258 delinirent."
1471 4203 1525 4256 ln
1579 4205 1685 4257 illis
1731 4212 1906 4259 autem
1960 4203 2197 4258 civitati-

644 4295 769 4359 bus,
797 4294 851 4349 in
882 4295 1079 4365 quibus
1116 4295 1320 4348 dudum
1361 4295 1501 4364 apud
1533 4297 1816 4364 praedictos
1838 4308 1990 4350 erant
2013 4299 2197 4352 archi-

643 4387 912 4451 ﬂamines,
945 4403 1082 4456 quos
1113 4393 1291 4441 tamen
1324 4387 1561 4442 minores
1591 4389 1846 4441 tenebant
1890 4404 2049 4457 quam
2085 4406 2198 4444 me«

644 4488 883 4535 moratos
913 4482 1193 4550 primates,
1212 4479 1649 4548 archiepiscopos
1684 4480 1892 4534 institui
1918 4483 2190 4551 praecepit,
2226 4477 2273 4536 υ

641 4574 732 4643 qui
783 4588 890 4626 non
935 4581 1113 4626 tamen
1158 4571 1470 4639 primatum,
1521 4571 1614 4624 sed
1661 4572 2194 4644 archiepiscoporum

641 4664 952 4718 fruerentur
999 4664 1238 4718 nomine.
1290 4661 1676 4730 Episc0porum
1729 4655 2192 4734 quoquejudicia,

642 4750 701 4810 ut
751 4755 1005 4826 superius
1038 4760 1395 4809 memoratum
1443 4760 1547 4816 est,
1573 4763 1625 4807 et
1667 4756 1876 4824 majora
1928 4757 2198 4816 Ecclesia-

639 4865 760 4904 rum
807 4846 1043 4917 negotia,
1091 4847 1135 4900 si
1183 4846 1284 4914 ipsi
1329 4843 1765 4920 reclqnaverint,
1812 4856 1906 4911 aut
1951 4851 2188 4921 aliquem

639 4922 909 5002 timorem,
936 4947 1028 4992 aut
1061 4939 1194 4992 istos
1238 4937 1320 4990 vel
1360 4936 1496 4990 alios
1539 4947 1824 5007 suspectos
1875 4942 2187 5012 habuerint,

641 5033 705 5086 ad
729 5034 839 5102 jam
872 5031 1047 5085 dictos
1080 5031 1335 5096 primates
1370 5029 1452 5083 vel
1495 5031 1855 5098 patriarchas,
1884 5052 1953 5090 ne
1993 5038 2188 5107 aliquis

640 5130 896 5178 nocenter
919 5122 963 5154 ⁸⁷
993 5123 1212 5196 periret,
1243 5120 1528 5174 transferri
1575 5125 1938 5191 perdocuit“.
1974 5126 2030 5181 ln
2076 5131 2191 5185 sin-

637 5216 777 5286 gulis
803 5229 930 5268 vero
959 5213 1181 5282 reliquis
1228 5212 1540 5267 civitatibus
1571 5214 1838 5284 singulos,
1874 5227 1926 5274 et
1957 5233 2063 5275 non
2107 5223 2189 5277 bi-

639 5324 738 5364 nos
763 5307 846 5362 vel
875 5314 1057 5361 ternos
1087 5313 1178 5358 aut
1201 5304 1384 5375 plures
1409 5304 1715 5376 episcopos,
1740 5312 1997 5366 constitui
2041 5329 2182 5384 prae-

975 5526 1020 5560 "
1036 5526 1222 5581 Matth.
1237 5543 1292 5592 v,
1312 5527 1512 5586 H-l6.

706 5526 750 5557 “
765 5543 892 5582 esse.

639 5670 772 5719 Au".
810 5670 861 5720 in
887 5667 1015 5719 Adr.
1057 5668 1179 5720 coll.
1213 5668 1387 5720 datam
1454 5668 1660 5737 lngilr.,

641 5701 754 5788 lui-3
778 5753 831 5788 ιι.
938 5738 980 5767 σο
1002 5737 1032 5787 7
1052 5752 1104 5788 α.
1139 5738 1194 5788 1.
1220 5736 1407 5788 Beatus
1441 5738 1624 5788 ρειηι.

662 5754 733 5788 ID.

638 5822 720 5876 cp.
755 5805 806 5860 οε.
883 5800 1164 5875 "IUL-Cp.
1199 5806 1250 5869 ‘3,
1278 5823 1323 5860 ς.
1359 5800 1444 5854 56.

2335 557 2880 627 metrOpolitanorum
2925 563 3165 628 nomine,
3195 565 3324 635 quia
3377 575 3579 620 matres
3608 568 3894 622 civitatum

2333 663 2442 725 non
2473 657 2686 716 tenent,
2722 653 2817 707 sed
2847 654 3228 725 episcoporum
3258 664 3464 710 tantum
3497 658 3761 713 vocabulo
3796 675 3891 730 po-

2331 742 2594 809 tirentur;
2621 745 2878 814 quoniam
2901 761 3001 801 nec
3026 749 3167 801 inter
3198 748 3346 816 ipsos
3377 751 3649 818 apostolos
3679 766 3778 819 par
3808 752 3892 806 in-

2307 833 2546 900 'stitutio
2576 833 2700 898 fuit,
2735 836 2829 891 sed
2860 852 3003 892 unus
3042 839 3295 892 omnibus
3336 839 3631 914 prazl'uit".
3665 839 3779 896 Hoc
3809 849 3862 895 ta

2329 937 2452 978 men
2487 925 2892 993 pravidendum
2945 927 3201 992 instituit,
3235 945 3304 984 ne
3345 932 3398 984 in
3445 932 3608 996 villis,
3658 943 3753 987 aut
3801 949 3891 988 ca-

2328 1013 2502 1069 stellis
2533 1015 2619 1069 vel
2666 1016 2895 1073 modicis
2931 1018 3264 1082 civitatibus,
3316 1021 3727 1076 instituerentur
3773 1024 3891 1092 epi-

2327 1104 2512 1174 scopi;
2539 1121 2606 1160 ne
2638 1119 2744 1161 vite
2779 1123 2965 1162 eorum
2999 1124 3194 1163 nomen
3226 1111 3392 1165 ﬁeret.
3427 1109 3723 1182 Episcopus
3754 1129 3892 1184 ergo

2325 1195 2498 1248 vicem
2530 1203 2896 1263 apostolorum
2916 1215 3120 1268 gerere,
3149 1198 3431 1254 Dominum
3455 1201 3707 1257 docuisse
3737 1203 3889 1258 dice-

2326 1283 2438 1348 bat,
2472 1294 2525 1339 et
2557 1287 2890 1358 reliquorum
2917 1291 3309 1360 discipulorum
3341 1294 3510 1347 vicem
3543 1300 3730 1349 tenere
3760 1310 3886 1364 pre-

2326 1377 2578 1448 sbyteros
2615 1379 2815 1434 debere
2860 1381 3190 1436 insinuabat.
3222 1381 3288 1436 Et
3317 1383 3362 1437 si
3403 1384 3526 1454 quis
3550 1385 3784 1454 aliquem
3817 1402 3885 1442 ex

2325 1467 2412 1522 his
2447 1469 2861 1534 scandalizaret,
2906 1471 3281 1541 gravissimam
3316 1474 3392 1527 illi
3445 1489 3656 1544 pernam
3693 1475 3886 1532 inferri

2324 1557 2522 1614 debere
2560 1561 2912 1629 praedicabat.
2941 1561 3184 1618 Cunctos
3225 1579 3284 1619 se
3313 1564 3542 1620 invicem
3575 1565 3801 1637 diligere
3831 1576 3888 1621 et

2324 1651 2586 1720 adjuvare
2627 1653 2843 1718 debere,
2883 1663 2936 1708 et
2965 1643 3235 1711 neminem
3271 1658 3337 1710 ab
3370 1655 3640 1725 adjutorio
3695 1658 3901 1716 fratris.

2324 1759 2382 1796 se
2411 1743 2731 1799 subtrahere
2754 1745 3139 1805 instruebat.“
3170 1747 3482 1802 llomicidas
3506 1765 3632 1803 vero
3660 1758 3712 1802 et
3729 1750 3886 1804 adul-

2323 1841 2490 1899 teros,
2521 1851 2584 1890 ac
2609 1844 2839 1891 cunctos
2872 1837 3247 1893 criminalibus
3270 1840 3499 1894 nexibus
3529 1840 3801 1910 alligatos,
3829 1849 3886 1896 et

2320 1925 2411 1994 qui
2435 1925 2518 1980 eis
2548 1928 2852 1998 coaequales
2873 1944 2981 1982 non
3009 1937 3184 1993 erant,
3218 1929 3497 1986 abacorum
3523 1932 3805 1985 vexatione
3829 1939 3887 1986 et

2321 2017 2686 2081 accusatione,
2725 2017 2952 2073 docente
2986 2018 3235 2084 Domino,
3274 2020 3614 2089 prohibebat,
3647 2029 3700 2076 et
3741 2037 3884 2076 non-

2318 2106 2425 2160 nisi
2456 2122 2485 2159 a
2510 2110 2879 2178 coaequalibus
2919 2110 3120 2181 aliquid
3149 2111 3228 2166 eis
3257 2111 3448 2166 inferri
3483 2112 3684 2168 debere
3715 2113 3884 2169 doce-

2318 2197 2440 2265 bat;
2474 2200 2602 2268 quia
2637 2199 2965 2270 discipulum
3008 2218 3173 2272 supra
3221 2204 3542 2274 magistrum
3595 2220 3740 2268 esse,
3789 2215 3885 2260 aut

2318 2289 2483 2341 ullam
2509 2290 2559 2343 ei
2605 2290 2859 2360 injuriam
2889 2292 3112 2357 inferre,
3153 2294 3463 2349 nullatenus
3491 2295 3685 2350 debere
3715 2310 3884 2366 opor-

2319 2389 2419 2438 tet.
2444 2383 2488 2413 “
2523 2382 2757 2440 lnl‘ames
2789 2386 2951 2440 etiam
3004 2402 3214 2449 omnes,
3251 2393 3305 2442 et
3335 2402 3474 2456 quos
3525 2387 3788 2456 primates
3829 2396 3894 2444 et

2318 2475 2465 2545 leges
2504 2477 2686 2532 saeculi
2717 2492 2826 2531 non
2846 2478 3172 2548 suscipiunt,
3198 2478 3293 2532 sed
3319 2488 3371 2532 et
3394 2479 3562 2534 laicos
3585 2481 3652 2533 ab
3685 2495 3880 2534 eorum

2319 2568 2668 2622 accusatione
2712 2576 2766 2622 et
2815 2568 3098 2622 vexatione
3152 2584 3368 2638 semper
3420 2569 3606 2638 repelli
3650 2569 3879 2634 debere,

2283 2659 2563 2728 rogabat,
2615 2669 2669 2713 et
2717 2667 2947 2714 cunctos
2988 2660 3096 2714 illis
3136 2658 3384 2714 subditos
3430 2675 3552 2714 esse
3591 2661 3878 2729 praecipie—

2315 2749 2492 2803 bat."
2522 2748 2857 2804 Cunctorum
2917 2751 3260 2804 sacerdotum
3301 2749 3490 2813 vitam,
3537 2752 3878 2820 superiorem

2316 2840 2755 2910 sanctiorcmque
2775 2856 2838 2894 ac
2867 2842 3157 2895 discretam
3198 2856 3228 2894 a
3258 2840 3611 2896 saecularibus
3638 2849 3690 2894 et
3721 2841 3875 2900 laicis

2314 2932 2628 2987 hominibus
2651 2948 2791 2999 esse,
2815 2939 2869 2986 et
2893 2933 3200 3002 spirituales
3221 2947 3468 3001 quosque
3501 2940 3661 3008 atque
3691 2946 3869 2999 sacer-

2313 3023 2468 3078 dotes
2499 3039 2662 3093 super
2690 3024 2938 3077 carnales
2967 3038 3029 3076 ac
3057 3022 3226 3076 laicos
3269 3037 3481 3091 semper
3536 3023 3876 3078 constituen-

2240 3138 2280 3194 ο
2314 3114 2412 3168 dos
2443 3115 2706 3183 docebat;
2737 3113 3129 3184 quoniam'pro
3162 3113 3388 3166 minimo
3423 3113 3579 3168 nobis
3613 3129 3734 3168 esse
3777 3115 3873 3170 de-

2312 3205 2420 3269 bet,
2453 3215 2510 3259 ut
2542 3221 2571 3258 a
2601 3206 2803 3260 talibus
2854 3211 3148 3274 arguamur
3190 3211 3243 3258 et
3283 3201 3613 3272 judicemur,
3661 3204 3746 3259 vel
3803 3205 3872 3260 ab

2310 3297 2548 3352 humano
2580 3298 2752 3354 die."
2785 3297 3016 3365 Majores
3063 3312 3192 3351 vero
3226 3309 3257 3347 a
3283 3294 3585 3349 minoribus
3629 3311 3729 3349 nec
3781 3311 3872 3350 ac-

2310 3389 2491 3444 cusari
2526 3404 2624 3443 nec
2661 3389 2900 3458 judicari
2927 3388 3199 3444 ullatenus
3234 3401 3398 3456 posse
3441 3385 3696 3452 dicebat;
3730 3402 3871 3456 quo-

2310 3480 2597 3534 niam-non
2629 3481 2805 3534 solum
2847 3480 2950 3534 hoc
2997 3479 3234 3541 divinas,
3258 3479 3354 3533 sed
3383 3485 3438 3533 et
3483 3477 3629 3548 leges
3681 3476 3870 3534 seculi

2308 3573 2552 3628 inhibere
2581 3571 2830 3626 docebat.

2378 3665 2576 3720 Omnes
2597 3679 2728 3734 ergo
2761 3665 2933 3734 legum
2957 3660 3264 3716 divinarum
3294 3660 3526 3714 libenter
3548 3659 3864 3726 violatores,

2306 3762 2359 3809 ct
2400 3769 2680 3810 sacrarum
2725 3753 3128 3808 institutionum
3160 3752 3462 3805 voluntarie
3514 3751 3867 3819 perturbato-

2307 3861 2413 3912 res,
2462 3846 2832 3901 ecclesiastica
2882 3843 3133 3914 indignos
3183 3843 3368 3912 regula
3397 3850 3450 3896 et
3481 3850 3671 3895 sancta
3701 3857 3859 3897 com—

2304 3937 2562 3991 munione
2611 3935 2910 4004 judicabat;
2964 3932 3289 4003 Operatores
3338 3948 3468 3988 vero
3514 3935 3863 4000 earumdem,

2302 4033 2490 4100 eisque
2518 4027 2848 4092 obedient'es,
2872 4035 3220 4096 utrarumque
3244 4017 3305 4078 ac
3334 4035 3651 4078 ceterorum
3684 4024 3862 4079 bono-

2303 4104 2437 4176 rum
2466 4122 2660 4190 dignos
2710 4134 2839 4173 esse
2880 4117 3111 4172 dicebat.
3153 4114 3304 4170 Unde
3359 4124 3413 4169 et
3471 4117 3766 4185 prophetas
3803 4117 3863 4171 in

2303 4214 2669 4269 testimonium
2712 4212 2959 4265 sumebat
2985 4231 2998 4262 :
3020 4208 3228 4273 Audite,
3258 4209 3393 4272 caeli,
3421 4218 3469 4261 et
3500 4208 3718 4261 auribus
3741 4225 3861 4276 per—

2301 4309 2429 4374 cipe,
2473 4316 2634 4368 terra,
2675 4304 2919 4374 quoniam
2968 4302 3218 4355 Dominus
3274 4303 3476 4356 locutus
3533 4312 3649 4355 est:
3690 4299 3858 4356 Filios

2301 4398 2523 4453 cnutrivi
2559 4406 2608 4450 et
2656 4395 2905 4460 exaltavi,
2940 4395 3039 4464 ipsi
3082 4403 3254 4447 autem
3285 4402 3582 4461 spreverunt
3616 4410 3715 4448 me.
3750 4392 3859 4450 Co-

2298 4491 2469 4560 gnovit
2499 4489 2586 4541 bos
2613 4503 2958 4556 possessorem
2997 4503 3169 4548 suum,
3206 4494 3253 4538 et
3286 4487 3466 4538 asinus
3486 4501 3717 4554 prasepe
3765 4485 3857 4540 do-

2300 4583 2428 4634 mini
2460 4583 2562 4643 sui,
2597 4579 2767 4633 Israel
2799 4589 2971 4631 autem
3010 4596 3109 4630 non
3138 4579 3372 4648 cognovit
3413 4594 3512 4640 me,
3545 4587 3593 4630 et
3630 4578 3856 4647 populus

2297 4690 2439 4726 meus
2458 4689 2558 4726 non
2589 4671 2862 4725 intellexit.
2892 4670 2976 4723 Va?
2998 4671 3135 4739 genti
3165 4670 3477 4738 peccatrici.’
3498 4669 3686 4736 populo
3707 4667 3855 4738 gradi

2297 4765 2591 4834 iniquitate,
2625 4762 2808 4815 semini
2856 4759 3099 4831 nequam,
3130 4762 3255 4828 ﬁliis
3297 4761 3562 4813 sceleratis
3583 4761 3603 4811 .’
3654 4758 3855 4813 Dereli-

2295 4863 2513 4924 querunt
2543 4853 2842 4916 Dominum,
2867 4851 3346 4918 blasphemavertmt
3376 4850 3627 4906 Sanctum
3653 4850 3849 4920 Israel,

2299 4947 2583 5000 abalienati
2611 4957 2734 4999 sunt
2758 4955 3062 4998 retrorsum.
3096 4941 3260 5011 Super
3288 4961 3388 5013 quo
3429 4944 3718 5014 percutiam
3763 4963 3852 5000 vos

2295 5041 2456 5101 ultra,
2487 5037 2734 5091 addentes
2763 5036 3290 5105 pra't'aricationem?
3331 5035 3492 5090 Omne
3541 5047 3696 5104 caput
3729 5037 3850 5090 lan-

2289 5131 2528 5202 guidum,
2552 5142 2600 5186 et
2629 5147 2776 5190 omne
2822 5146 2910 5183 cor
2950 5145 3166 5182 maerens
3193 5145 3258 5181 :a
3291 5129 3474 5196 planta
3515 5129 3658 5196 pedis
3687 5146 3852 5199 usque

2290 5227 2360 5279 ad
2391 5228 2624 5280 verticem
2648 5240 2747 5275 non
2779 5231 2853 5275 cst
2879 5221 2931 5273 in
2958 5237 3017 5274 eo
3042 5221 3280 5273 sanitas:
3314 5220 3498 5273 vulnus
3535 5231 3582 5273 et
3622 5221 3772 5282 livor,
3797 5231 3848 5277 et

2293 5319 2450 5388 plaga
2483 5327 2682 5370 tumens
2707 5323 2906 5368 nonest
2939 5311 3323 5381 circumligata,
3355 5328 3444 5366 nec
3476 5324 3660 5366 curata
3690 5314 3846 5366 medi-

681 5531 892 5628 .Ifi‘."
948 5531 1292 5628 ,ἷᾝὲίίἏ-ηνν
1312 5531 1538 5628 εἶ’·ἓῗε-
1580 5532 2003 5628 ῘεἙίῗέξέῙῐῖςάῖτξ
2027 5538 2211 5628 δρας

2310 5541 2511 5628 ξηιῑαηίη
2548 5536 3028 5628 ῐίξιοοηεςὶφοᾱὶοε.
3104 5534 3430 5628 "lbid..l6.
3705 5531 3844 5628 tipa-

637 5597 851 5678 niasqtte
948 5595 1145 5650 uDist.
1183 5598 1275 5662 80,
1322 5597 1385 5650 In
1432 5601 1538 5653 illis
1576 5605 1902 5668 civitatibus;
1954 5618 2007 5662 et
2054 5608 2161 5664 Leo
2194 5595 2281 5675 IX,
2315 5595 2398 5680 ep.
2433 5611 2485 5664 3.
2566 5610 2607 5640 ⁵⁵
2646 5609 2803 5672 primi
2836 5607 3123 5660 sacerdotes
3153 5608 3213 5671 [ιι

639 5670 772 5726 Ana.
810 5683 861 5720 tn
887 5667 1015 5719 Adr.
1057 5668 1179 5720 coll.
1213 5668 1387 5720 datam
1454 5668 1660 5726 lnailr..
1729 5690 1777 5726 c.
1838 5676 1926 5726 25.
1956 5677 2065 5726 Jul-
2099 5696 2184 5726 en-
2221 5681 2272 5726 9,
2350 5681 2390 5712 υ
2432 5681 2900 5726 nuis‘innacenter.
2978 5677 3021 5706 ⁸⁸
3064 5676 3213 5726 iussit

810 5676 861 5720 ιη
887 5676 1015 5719 Ααΐ-
1057 5676 1179 5720 00”-
1213 5676 1387 5720 dalam
1455 5676 1660 5737 lngilr..
1729 5690 1777 5728 c.
1838 5676 1926 5739 25,
1956 5677 2065 5733 Jul.
2099 5696 2184 5748 ep.
2221 5681 2273 5735 Ξ.
2349 5676 2390 5712 ⁵⁷
2432 5681 2900 5751 (Ῑυὶεἱιιηοεεηιετ.
2978 5677 3021 5706 ⁸⁸
3052 5676 3234 5742 jussit.

778 5753 831 5816 ξι·
884 5737 1104 5816 ,ᾖξῖτιο
1139 5736 1624 5816 ίνβεαῑιίεᾛειναε
1678 5743 1877 5816 Hadr-.3,
1913 5763 1961 5803 c.
1993 5749 2082 5816 63,
2132 5752 2486 5806 collcctioms.
2594 5752 2633 5781 σί
2662 5749 2715 5811 ‘2,
2746 5765 2798 5816 q.
2837 5748 2897 5813 7,
2921 5745 3068 5801 Laici
3098 5748 3145 5797 in
3180 5763 3234 5798 uc

2566 5610 2607 5640 "
2646 5609 2803 5672 primi
2836 5607 3123 5660 sacerdotes
3153 5607 3412 5671 ﬂamines.
3487 5607 3532 5637 "
3557 5602 3688 5672 Fide
3714 5603 3840 5672 Ant.

3348 5677 3390 5709 "
3433 5673 3488 5728 In
3544 5671 3698 5728 Decr.
3721 5671 3837 5722 lvo.

3607 5747 3661 5777 ἠ
3682 5742 3844 5808 Ρεὼ..

2594 5752 2633 5781 σί
2662 5749 2715 5811 ‘2,
2746 5765 2798 5818 q.
2837 5748 2897 5813 7,
2921 5745 3068 5801 Laici
3098 5748 3145 5797 in
3180 5748 3530 5802 accusatione.
