4074 6330
272 322 383 379 ιθη

1443 274 1821 375 ’ωετοιιλε
1861 315 2315 403 Dementes

3407 323 3517 383 ‘78

274 443 507 504 caminc,
535 455 696 509 neque
718 441 829 508 fota
864 440 997 494 oleo.
1044 438 1210 493 Terra
1248 446 1421 491 vestra
1467 434 1698 495 deserta.
1727 436 1847 490 civi-
1880 449 1916 505 Α
1949 432 2223 502 episcopis
2261 432 2317 487 in
2352 432 2609 487 omnibus
2641 432 2852 503 absque
2885 445 3040 487 mora
3065 431 3404 499 obedientes,
3431 436 3520 492 in-

279 541 418 586 tates
448 542 629 587 vestra:
655 534 770 602 igne
799 545 1099 586 succenset:
1122 529 1381 599 regionem
1410 538 1637 581 vestram
1659 545 1841 582 coram

274 623 425 677 vobis
480 624 639 677 alieni
674 624 947 688 devorant,
988 632 1036 676 et
1073 620 1399 675 desolabitur
1458 621 1593 673 sicut
1641 621 1695 672 in
1749 638 1842 674 va-

275 717 463 769 stitate
516 716 717 781 hostili,
738 725 789 770 et
828 713 1297 785 derelinquetur“.
1358 711 1469 774 Var,
1519 710 1718 781 inquit,
1752 714 1842 783 qui

272 809 459 863 dicitis
520 809 710 863 bonum
754 808 975 873 malum,
1019 818 1069 861 et
1105 806 1306 860 malum
1348 803 1561 868 bonum,
1594 816 1840 873 ponentes

276 901 518 955 tenebras
542 903 727 963 lucem,
749 911 796 955 et
821 902 987 955 lucem
1029 898 1287 963 tenebras,
1320 906 1563 966 ponentes
1598 914 1839 952 amarum

274 992 334 1043 in
365 991 535 1056 dulce,
567 1002 615 1046 et
669 992 821 1046 dulce
863 994 919 1045 in
965 1008 1227 1045 amarum.
1264 989 1556 1059 Propterea
1605 992 1838 1058 captivus

271 1082 465 1137 ductus
488 1092 564 1136 est
591 1083 814 1152 populus
847 1100 1012 1146 meus,
1036 1084 1161 1153 quia
1192 1099 1294 1136 non
1319 1082 1499 1135 habuit
1540 1084 1834 1147 scientiam,

268 1184 326 1228 et
364 1174 559 1228 nobiles
604 1176 716 1244 ejus
753 1177 1065 1229 interierunt
1105 1174 1265 1239 fame,
1316 1183 1364 1227 et
1398 1173 1679 1232 multitudo
1724 1174 1838 1243 ejus

269 1268 366 1320 siti
407 1268 636 1323 exaruit.
679 1267 967 1336 Propterea
1015 1267 1263 1320 dilatavit
1304 1266 1541 1335 infernus
1602 1266 1835 1320 animam

270 1367 463 1423 suam,“
480 1367 529 1412 et
557 1360 763 1429 aperuit
798 1376 855 1412 os
895 1375 1047 1412 suum
1081 1358 1275 1429 absque
1330 1358 1441 1411 ullo
1490 1361 1731 1414 termino.
1768 1360 1836 1413 Et

268 1447 583 1502 descendent
605 1450 767 1519 fortes
793 1450 928 1519 ejus,
961 1461 1009 1503 et
1049 1451 1270 1519 populus
1302 1450 1436 1519 ejus,
1492 1460 1542 1504 et
1586 1450 1835 1506 sublimes

266 1534 587 1611 gloriosique
622 1543 734 1610 ejus
789 1542 856 1594 ad
888 1559 1025 1597 eum.
1076 1539 1143 1594 Et
1174 1542 1537 1596 incurvabitur
1581 1542 1756 1610 homo,
1787 1555 1837 1597 et

266 1630 640 1685 humiliabitur
667 1634 766 1695 vir,
799 1643 847 1687 et
870 1634 1009 1687 oculi
1036 1632 1341 1686 sublimium
1363 1634 1737 1702 deprimentur.
1768 1633 1836 1687 Et

264 1724 596 1777 exaltabitur
624 1724 882 1779 Dominus
903 1722 1229 1779 exercituum
1258 1727 1311 1778 in
1325 1726 1554 1794 judicio,
1595 1736 1644 1784 et.
1692 1728 1834 1781 Deus

1947 526 2208 579 stituente
2249 524 2502 589 Domino,
2544 534 2668 579 esse
2709 524 2907 580 debere
2950 524 3262 580 docebat".
3294 525 3516 585 Nullum

1946 616 2076 670 item
2107 616 2283 670 aliena
2328 615 2717 685 concupiscere
2758 624 2851 669 aut
2899 631 3249 687 prtesumere,
3275 632 3398 688 qua:
3422 636 3522 676 eo-

1945 722 2068 761 rum
2101 714 2281 769 erant,
2322 708 2413 763 sed
2468 722 2913 778 unumquemque
2948 709 3066 764 suis
3118 696 3333 778 sibique
3361 726 3516 766 com-

1945 798 2133 853 missis
2182 807 2472 855 contentos
2524 815 2648 855 esse
2677 796 2985 855 docebat".
3016 798 3300 855 Neminem
3347 804 3515 857 etiam

1945 889 2109 944 alicui
2142 890 2346 960 aliquid
2370 892 2570 958 facere,
2602 894 2709 948 nisi
2740 893 2885 963 quod
2918 892 3022 948 sibi
3047 893 3164 948 ﬁeri
3194 894 3381 960 vellet,
3424 896 3514 949 in-

1944 982 2213 1037 struebat.
2246 982 2501 1038 Sanctam
2533 999 2750 1055 quoque
2768 984 3070 1039 Ecelesiam
3105 986 3512 1040 immaculatam

1942 1084 2382 1143 omnesservare
2422 1074 2620 1131 debere
2655 1077 3088 1147 evangelizabat,
3128 1079 3287 1147 cujus
3330 1080 3514 1139 claves

1942 1163 2233 1234 episcopos
2269 1182 2392 1221 esse
2440 1168 2677 1223 dicebat.
2726 1166 2832 1237 Ipsi
2861 1170 3004 1223 enim
3037 1169 3238 1224 habent
3268 1179 3509 1241 potesta-

1942 1262 2050 1310 tem
2080 1257 2339 1312 claudere
2385 1261 2605 1323 caelum,
2645 1267 2699 1314 et
2748 1260 2961 1330 aperire
2992 1272 3175 1329 portas
3202 1263 3343 1332 ejus,
3378 1267 3507 1335 quia

1940 1347 2122 1404 claves
2151 1350 2278 1403 caeli
2318 1349 2447 1405 facti
2478 1360 2629 1407 sunt.
2662 1351 2971 1407 Admonere
3004 1361 3184 1408 autem
3208 1370 3303 1411 eos
3331 1359 3497 1412 nemi-

1940 1452 2063 1492 nem
2094 1440 2292 1495 debere
2321 1442 2573 1506 docebat,
2600 1444 2726 1512 quia
2746 1445 2893 1498 oculi
2918 1443 3132 1499 Domini
3163 1455 3312 1512 sunt,
3342 1455 3395 1503 et
3418 1452 3509 1519 qui

1937 1547 2023 1584 eos
2057 1534 2245 1602 tangit,
2285 1536 2449 1605 tangit
2497 1536 2751 1604 pupillam
2785 1537 2925 1590 oculi
2984 1534 3176 1607 ejus".
3205 1538 3270 1592 Et
3302 1549 3509 1610 quanta

1937 1639 2098 1693 ptena
2128 1625 2327 1696 dignus
2356 1629 2426 1682 sit
2467 1630 2557 1699 qui
2590 1644 2685 1683 eos
2712 1630 3074 1696 scandalizat,
3102 1632 3280 1703 ipsum
3322 1633 3509 1687 Domi-

1938 1732 2068 1769 num
2100 1717 2355 1775 docuisse
2387 1720 2627 1785 dicebat,
2658 1723 2752 1775 ubi
2780 1723 2853 1775 ait
2886 1743 2899 1777 :
2928 1724 3034 1788 Qui
3064 1725 3507 1779 scandalizaverit

263 1826 483 1870 sanctus
519 1816 939 1886 sanctiﬁcabitur
963 1819 1016 1869 in
1041 1817 1327 1886 justitia”.
1372 1816 1632 1874 Carnales
1664 1820 1826 1889 spiri—

1937 1824 2097 1861 unum
2127 1811 2189 1863 de
2214 1813 2425 1879 pusillis
2468 1814 2584 1867 istis
2615 1815 2705 1882 qui
2744 1816 2798 1867 in
2830 1831 2908 1868 me
2937 1816 3177 1879 credunt,
3224 1818 3430 1885 expedit
3460 1820 3508 1871 ei

261 1908 507 1963 tualibus
537 1909 792 1965 resistere
824 1910 1160 1980 prohibebat.
1190 1909 1254 1963 Et
1278 1911 1346 1965 de
1368 1910 1452 1965 bis
1478 1910 1570 1980 qui
1590 1913 1831 1987 cerviqu

262 2015 397 2054 suas
430 2010 621 2053 contra
652 2002 941 2071 magistros
971 2009 1025 2056 et
1072 2002 1317 2057 seniores
1367 2018 1497 2058 suos
1526 2005 1827 2074 erigebant,

262 2089 383 2144 haec
413 2090 466 2144 in
490 2093 795 2162 exemplum
828 2094 1132 2149 adducebat
1150 2094 1193 2128 °'
1223 2110 1235 2145 :
1263 2094 1515 2149 Detracta
1544 2107 1621 2151 est
1652 2098 1719 2151 ad
1746 2099 1831 2151 in-

260 2182 409 2251 feros
442 2184 687 2253 superbia
718 2194 829 2250 tua,
868 2188 1092 2239 concidit
1110 2186 1153 2225 ⁸⁷
1181 2187 1405 2241 cadaver
1441 2198 1623 2245 tuum:
1653 2191 1833 2246 subter

261 2286 315 2330 te
343 2285 607 2330 sternetur
643 2278 803 2343 tinea,
835 2288 884 2332 et
916 2280 1291 2348 operimentum
1329 2290 1475 2333 tuum
1518 2295 1671 2335 erunt
1714 2297 1826 2337 ver-

259 2386 394 2423 mes.
428 2369 701 2436 Quomodo
739 2371 975 2425 cecidisti
1009 2372 1072 2426 de
1112 2374 1260 2439 caelo,
1294 2371 1530 2443 Lucifer,
1560 2376 1649 2445 qui
1679 2393 1831 2430 mane

259 2459 519 2513 oriebaris
538 2463 561 2516 1’
578 2460 839 2516 Corruisti
864 2464 912 2515 in
930 2472 1155 2535 terram,
1178 2465 1268 2534 qui
1294 2465 1609 2519 vulnerabas
1629 2476 1828 2535 gentes,

256 2553 352 2621 qui
382 2551 589 2607 dicebas
613 2555 668 2607 in
699 2555 852 2609 corde
878 2565 966 2609 tuo
990 2572 1009 2609 :
1040 2554 1107 2610 In
1130 2558 1316 2610 coelum
1344 2558 1711 2628 conscendam,
1739 2576 1831 2614 su~

254 2658 351 2710 per
370 2653 515 2697 astra
543 2644 641 2698 Dei
663 2646 909 2702 exaltabo
937 2648 1128 2702 solium
1154 2666 1356 2714 meum;
1380 2649 1565 2705 sedebo
1583 2652 1635 2705 in
1658 2661 1831 2707 monte

260 2733 603 2803 Testamenti,
644 2740 698 2793 in
736 2740 989 2795 lateribus
1034 2743 1328 2812 aquilonis;
1360 2744 1642 2798 ascendam
1672 2761 1829 2815 super

256 2828 593 2885 altitudinem
619 2831 855 2897 nubium,
878 2833 1069 2886 similis
1098 2852 1187 2887 ero
1215 2835 1514 2891 Altissimo.
1555 2835 1831 2891 Verumta-

255 2936 375 2974 men
408 2924 476 2974 ad
505 2922 765 2991 infernum
794 2924 1086 2981 detraheris
1114 2928 1166 2980 in
1193 2927 1513 2996 profundum
1560 2929 1681 2984 laci.
1720 2930 1825 2997 Qui

258 3022 310 3067 te
341 3015 585 3075 viderint.
622 3016 690 3070 ad
725 3026 773 3073 ts
820 3019 1234 3085 inclinabuntur,
1269 3031 1414 3093 teque
1460 3024 1825 3091 prospicient;

255 3108 495 3175 nunquid
529 3110 627 3162 iste
659 3119 737 3163 est
765 3112 864 3176 vir,
889 3112 978 3182 qui
1007 3112 1238 3167 turbavit
1262 3114 1305 3143 °“
1334 3123 1551 3179 terram,
1579 3116 1669 3186 qui
1697 3132 1821 3170 con-

252 3201 422 3255 cussit
470 3218 651 3271 regna,
685 3206 773 3272 qui
826 3206 999 3273 posuit
1045 3203 1219 3259 orbem
1267 3205 1551 3270 desertum,
1589 3218 1638 3261 et
1669 3207 1822 3262 urbes

250 3292 371 3360 ejus
408 3291 693 3359 destruxit,
724 3296 910 3349 vinctis
946 3296 1059 3365 ejus
1092 3315 1193 3351 non
1218 3300 1427 3366 aperuit
1460 3316 1729 3355 carcerem
1744 3302 1828 3355 "?

251 3383 588 3441 Ebrietatem
614 3388 812 3457 Oppido
844 3390 1187 3458 prohibebat,
1217 3399 1270 3446 et
1288 3393 1557 3459 ebriosos,
1591 3411 1824 3465 corpore

249 3484 311 3532 et
342 3478 524 3533 animo
544 3489 788 3536 mortuos
818 3496 937 3536 esse
966 3482 1331 3551 praedicabat;
1364 3484 1430 3539 de
1450 3487 1650 3553 quibus
1685 3496 1735 3541 et
1766 3489 1822 3543 in

250 3570 565 3640 exemplum
633 3573 851 3628 aiebat:
892 3573 976 3627 Va:
1030 3576 1118 3645 qui
1169 3578 1483 3647 consurgitis
1540 3595 1693 3633 mane
1754 3578 1822 3632 ad

248 3662 559 3718 ebrietatem
591 3665 915 3730 sectandam,
953 3676 1001 3720 et
1031 3667 1320 3736 potandum
1362 3685 1523 3740 usque
1561 3669 1629 3722 ad
1653 3686 1824 3739 vespe-

251 3765 471 3821 ram,ut
489 3757 605 3811 vino
634 3759 863 3813 testuetis
888 3778 906 3814 :
938 3759 1166 3825 cithara,
1186 3771 1235 3814 et
1261 3761 1397 3831 lyra,
1426 3772 1473 3815 et
1492 3771 1819 3831 tympanum,

248 3860 306 3903 et
329 3848 480 3917 tibia,
508 3858 556 3904 et
586 3851 758 3904 vinum
784 3852 835 3905 in
857 3854 1101 3906 conviviis
1129 3855 1313 3906 r‘estris
1340 3869 1358 3907 :
1384 3863 1433 3907 et
1455 3870 1580 3921 opus
1606 3855 1823 3909 Domini

250 3959 359 3997 non
390 3943 666 4011 respicitis,
703 3961 793 3997 nec
846 3961 1001 4013 opera
1058 3963 1308 4000 manuum
1356 3950 1469 4014 ejus
1526 3948 1823 4002 considera-

252 4041 324 4088 tis
340 4036 407 4090 ⁷⁸.
440 4034 505 4089 Et
528 4037 724 4091 iterum
751 4056 765 4091 :
803 4036 890 4091 Va:
913 4042 1002 4105 qui
1028 4048 1258 4106 potentes
1292 4043 1418 4093 estis
1450 4040 1518 4094 ad
1543 4041 1821 4095 bibendum

248 4128 454 4191 vinum,
483 4137 530 4181 et
560 4130 658 4181 viri
697 4129 857 4197 fortes
902 4130 970 4182 ad
1006 4131 1326 4185 miscendam
1357 4132 1662 4186 ebrietatem
1686 4149 1703 4186 :
1729 4138 1820 4204 qui

240 4214 559 4289 justiﬁcatis
588 4222 801 4290 impium
829 4238 923 4291 pro
957 4225 1276 4289 muneribus,
1308 4236 1356 4279 et
1375 4227 1643 4295 justitiam
1679 4228 1819 4295 justi

251 4312 482 4381 aufertis
513 4316 577 4365 ab
617 4330 697 4369 eo.
732 4314 954 4386 Propter
997 4317 1114 4382 hoc,
1145 4319 1279 4371 sicut
1312 4317 1524 4372 devorat
1565 4320 1817 4387 stipulam

226 4446 229 4447 ν
252 4406 438 4475 lingua
458 4407 614 4476 ignis,
646 4418 692 4460 et
714 4407 860 4461 calor
880 4410 1110 4476 ﬂamma:
1141 4412 1336 4475 exurit,
1364 4411 1437 4464 sic
1462 4411 1619 4463 radix
1638 4428 1817 4465 eorum

1933 1910 1990 1950 ut
2021 1902 2375 1969 suspendatur
2402 1905 2542 1956 mola
2572 1906 2813 1958 asinaria
2841 1906 2894 1959 in
2917 1907 3053 1960 collo
3076 1908 3210 1976 ejus,
3232 1918 3280 1961 et
3306 1908 3510 1963 demer-

1932 2001 2091 2061 gatur
2120 1994 2173 2046 in
2198 1994 2517 2063 profundum
2549 1997 2733 2050 maris.
2770 1997 2857 2052 Vw
2886 1998 3081 2053 mundo
3124 2017 3156 2053 a
3200 2000 3509 2056 scandulis!

1937 2081 2161 2139 Necesse
2188 2096 2265 2139 est
2294 2088 2451 2140 enim
2473 2098 2530 2139 ut
2557 2089 2773 2143 veniant
2808 2091 3064 2144 scandala
3095 2110 3113 2147 :
3146 2101 3504 2147 verumtamen

1932 2193 2009 2231 va.-
2031 2178 2230 2231 homini
2258 2180 2358 2243 illi,
2394 2195 2485 2247 per
2518 2196 2667 2249 quem
2692 2181 3005 2234 scandalum
3041 2184 3208 2236 venit!
3238 2183 3299 2237 Si
3329 2194 3509 2239 autem

1933 2286 2122 2325 manus
2155 2281 2248 2323 tua
2280 2254 2617 2326 scandalizat
2649 2283 2715 2337 te,
2744 2272 2992 2328 abscinde
3024 2291 3161 2340 eam,
3212 2284 3261 2330 et
3310 2277 3509 2347 projice

1932 2364 2024 2417 abs
2056 2372 2123 2418 te.
2155 2362 2361 2416 Bonum
2390 2374 2468 2417 est
2520 2366 2615 2419 tibi
2670 2366 2737 2419 ad
2773 2368 2936 2421 vitam
2994 2368 3197 2439 ingredi
3254 2368 3501 2434 debilem,

1931 2471 2089 2523 quam
2140 2454 2273 2509 duas
2328 2473 2519 2511 manus
2577 2457 2849 2513 habentem
2908 2462 3049 2515 mitti
3084 2463 3162 2516 in
3219 2464 3507 2532 gehennam

1930 2548 2087 2619 ignis.
2122 2549 2194 2603 Et
2221 2551 2269 2604 si
2313 2566 2400 2619 pes
2442 2560 2562 2606 tuus
2590 2552 2924 2607 scandalizat
2956 2565 3023 2617 te,
3078 2555 3325 2611 abscinde
3352 2575 3495 2625 eum,

1929 2652 1977 2695 et
2009 2644 2207 2711 projice
2236 2642 2329 2696 abs
2356 2652 2421 2698 te.
2452 2644 2659 2698 Bonum
2706 2654 2785 2699 est
2828 2645 2921 2699 tibi
2972 2647 3190 2701 introire
3222 2648 3291 2701 ad
3342 2651 3506 2705 vitam

1929 2733 2198 2802 claudum,
2228 2751 2386 2805 quam
2414 2735 2547 2790 duos
2578 2736 2730 2805 pedes
2758 2736 3029 2791 habentem
3084 2740 3223 2792 mitti
3252 2744 3304 2793 in
3336 2743 3507 2812 ignem

1930 2834 2205 2881 a'ternum.
2235 2826 2301 2880 Et
2331 2828 2379 2881 si
2405 2828 2587 2881 oculus
2624 2839 2746 2881 tuus
2770 2818 3104 2885 scandalizat
3129 2842 3195 2897 te,
3212 2850 3335 2888 erue
3362 2852 3503 2900 eum,

1927 2927 1975 2971 et
2003 2917 2201 2987 projice
2218 2920 2309 2974 abs
2340 2929 2405 2975 te.
2432 2920 2638 2974 Bonum
2660 2931 2737 2975 est
2765 2923 2857 2975 tibi
2892 2938 3054 2975 unum
3078 2925 3287 2979 oculum
3303 2926 3501 2983 haben-

1930 3020 2031 3063 tem
2066 3013 2120 3063 in
2146 3012 2306 3065 vitam
2350 3013 2588 3075 introire.
2619 3030 2775 3083 quam
2826 3013 2959 3069 duos
3016 3018 3194 3071 oculos
3233 3018 3505 3075 habentem

1929 3104 2069 3157 mitti
2085 3105 2138 3157 in
2152 3105 2439 3174 gehennam
2461 3107 2615 3177 ignis.
2654 3106 2847 3171 Videte,
2874 3126 2935 3162 ne
2965 3113 3308 3167 contemnatis
3341 3131 3502 3170 unum

1926 3206 1991 3247 ex
2006 3178 2092 3249 his
2115 3197 2345 3264 pusillis.
2381 3199 2544 3251 Amen
2577 3196 2695 3253 dico
2728 3202 2869 3253 vobis
2899 3218 2917 3254 :
2950 3202 3281 3274 Qua'cunque
3311 3206 3506 3276 alliga-

1927 3289 2104 3342 veritis
2152 3306 2307 3359 super
2342 3300 2561 3356 terram,
2593 3302 2747 3345 erunt
2799 3293 3024 3363 alligata
3076 3306 3123 3348 et
3176 3298 3227 3350 in
3259 3302 3388 3352 ειειο
3413 3315 3431 3351 :
3453 3310 3506 3356 et

1926 3398 2243 3453 quacunque
2266 3386 2527 3439 solveritis
2550 3401 2704 3454 super
2735 3378 2955 3451 terram,
2982 3399 3135 3441 erunt
3168 3390 3344 3446 soluta
3376 3403 3426 3447 et
3448 3397 3504 3453 in

1927 3474 2074 3529 caelo.
2118 3474 2320 3529 lterum
2363 3476 2480 3530 dico
2520 3477 2685 3540 vobis,
2726 3480 2850 3549 quia
2884 3482 2930 3533 si
2970 3480 3074 3535 duo
3107 3498 3173 3535 ex
3205 3483 3346 3538 vob‘is
3377 3503 3506 3541 con-

1925 3569 2180 3620 senserint
2210 3584 2364 3637 super
2396 3578 2614 3626 terram.
2653 3570 2716 3623 de
2756 3573 2899 3644 omni
2942 3589 2997 3626 re
3025 3590 3388 3648 quamcunque
3414 3597 3505 3649 pe-

1927 3660 2124 3725 tierint,
2156 3660 2245 3729 ﬁet
2294 3660 2402 3715 illis
2432 3678 2464 3714 a
2502 3661 2669 3716 Patre
2703 3680 2836 3727 meo,
2888 3666 2977 3735 qui
3010 3667 3064 3719 in
3096 3668 3237 3722 caelis
3267 3679 3367 3725 est.
3402 3670 3505 3727 Ubi

1923 3754 2060 3805 enim
2086 3763 2209 3806 sunt
2238 3752 2341 3807 duo
2365 3755 2443 3809 vel
2476 3764 2577 3808 tres
2621 3759 2923 3827 congregati
2951 3758 3005 3811 in
3034 3762 3241 3814 nomine
3270 3780 3403 3829 meo,
3428 3764 3503 3819 ibi

1924 3861 2040 3897 sum
2085 3846 2137 3897 in
2167 3846 2338 3900 medio
2373 3849 2641 3903 eorum".
2673 3848 2736 3903 Et
2767 3851 2963 3903 iterum
3017 3867 3113 3921 per
3172 3856 3500 3924 pr0phelam

1924 3937 2187 4007 loquitur,
2220 3940 2409 3996 dicens
2439 3960 2451 3995 :
2482 3940 2731 4011 Expavit,
2766 3943 3170 4024 inquitnccelum
3199 3964 3357 4016 super
3378 3951 3496 4014 hoc,

1922 4040 1971 4084 et
2000 4031 2209 4085 horruit
2258 4035 2487 4102 amplius
2533 4035 2873 4103 vehementer,
2910 4038 3039 4091 dicit
3089 4038 3428 4099 Dominus”.
3454 4044 3499 4099 Ο

1923 4122 2317 4179 intolerabilem
2370 4128 2785 4198 malignitatem,
2819 4146 2851 4185 ο
2881 4132 3118 4202 linguam
3151 4134 3496 4205 iniquitatem

1922 4215 2233 4285 loquentem
2262 4230 2451 4273 contra
2485 4220 2675 4289 Deum,
2702 4231 2755 4277 et
2798 4233 3034 4280 mentem
3064 4226 3117 4280 in
3151 4228 3496 4285 altitudinem

1920 4323 2089 4362 cornu
2122 4311 2503 4365 extollentem!
2541 4311 2606 4365 Et
2638 4316 2831 4369 iterum
2866 4336 2879 4371 :
2915 4315 3151 4387 lmpone,
3181 4320 3359 4387 homo,
3391 4324 3505 4377 tua?

1922 4400 2117 4469 lingua
2134 4402 2326 4455 ostium
2355 4413 2404 4457 et
2433 4422 2627 4461 seram.
2654 4408 2843 4473 Cessa,
2870 4426 3041 4465 cornu
3069 4412 3121 4466 in
3147 4408 3496 4471 altitudinem

247 4498 407 4569 quasi
434 4498 617 4567 favilla
654 4502 776 4565 erit,
809 4510 859 4555 et
885 4518 1090 4571 germen
1119 4519 1299 4557 eorum
1342 4513 1397 4555 ut
1427 4503 1595 4571 pulvis
1632 4521 1813 4558 ascen-
1846 4515 1888 4569 ι)
1920 4495 2209 4562 extollens,
2241 4508 2294 4552 et
2347 4500 2581 4568 loquens
2624 4501 2888 4557 adversus
2936 4502 3105 4558 Deum
3146 4505 3493 4576 iniquitatem

247 4592 360 4647 det.
398 4592 709 4660 Abjecerunt
749 4595 887 4648 enim
934 4595 1093 4665 legem
1143 4596 1355 4649 Domini
1394 4599 1737 4662 exercituum,
1768 4610 1817 4653 et

242 4670 511 4757 eloquium
536 4684 719 4741 Sancti
750 4686 778 4740 Ι
785 4688 926 4741 smel
956 4689 1461 4759 blasphemaverunt.
1490 4690 1616 4745 Ideo
1647 4694 1817 4747 iratus

246 4788 331 4834 est
370 4779 520 4849 furor
548 4778 764 4833 Domini
790 4781 843 4833 in
868 4781 1057 4849 populo
1087 4797 1202 4845 suo,
1235 4792 1284 4834 et
1326 4782 1557 4836 extendit
1602 4801 1817 4837 manum

247 4892 406 4930 suam
428 4889 579 4943 super
604 4890 742 4940 eum,
767 4883 815 4927 et
844 4874 1095 4941 percussit
1129 4891 1264 4928 eum.
1290 4873 1357 4927 Et
1382 4876 1680 4928 conturbati
1696 4886 1818 4930 sunt

224 4958 475 5031 'montes,
498 4975 546 5021 et
578 4968 721 5035 facta
765 4978 885 5019 sunt
919 4967 1406 5023 morticina'eorurn
1434 4968 1587 5036 quasi
1615 4977 1815 5021 stercus

249 5062 305 5115 in
335 5060 505 5115 medio
546 5059 861 5129 platearum.
890 5057 953 5111 In
983 5059 1220 5113 omnibus
1251 5059 1331 5113 his
1361 5077 1462 5112 non
1492 5070 1568 5113 est
1601 5052 1819 5113 aversus

246 5150 404 5224 [uror
433 5153 567 5222 ejus,
595 5152 683 5206 sed
727 5152 897 5205 adhuc
926 5144 1112 5205 manus
1148 5152 1260 5221 ejus
1291 5153 1583 5207 extenta“.
1616 5155 1660 5184 τ’
1679 5153 1812 5206 Nul—

246 5248 363 5303 lum
389 5247 612 5303 etiam"
644 5246 1020 5317 presbyterum
1041 5247 1095 5300 in
1120 5246 1355 5316 alicujus
1378 5246 1619 5317 episc0pi
1652 5262 1815 5317 paro-

243 5342 373 5396 chia
413 5342 616 5411 aliquid
649 5357 808 5412 agere
837 5342 1053 5409 debere,
1085 5344 1292 5414 absque
1340 5344 1460 5421 ejus
1511 5344 1808 5415 permissu,

246 5432 579 5501 docebat";
636 5434 731 5489 sed
775 5442 830 5489 et
874 5432 1107 5490 cunctos
1166 5437 1517 5508 presbyteros
1572 5440 1808 5511 propriis

315 5596 360 5627 “
382 5593 577 5663 Isaitt,
604 5592 639 5645 2
660 5600 713 5646 et
747 5608 863 5663 seq.

240 5684 364 5737 σος,
440 5662 635 5737 ’f‘lsai.
654 5680 707 5737 y_,
731 5664 786 5717 il
815 5662 868 5718 et
899 5680 1015 5734 seq.

237 5734 420 5843 mli}.
455 5734 545 5790 36.
652 5734 1031 5843 'i‘qcontentum
1076 5736 1216 5793 abire
1275 5747 1528 5808 oportere.

388 5822 463 5843 ,ηι-
513 5822 607 5843 ν...
722 5839 730 5843 -

311 5806 333 5863 1
353 5808 481 5864 Cor.
513 5822 631 5873 vui,
666 5804 731 5859 12

1092 5667 1136 5737 ’ξ
1169 5666 1331 5728 lbid.,
1361 5666 1431 5719 22
1455 5675 1509 5720 et
1538 5682 1650 5737 seq.
1699 5705 1715 5715 .

975 5594 1163 5650 "lsai.
1187 5612 1239 5659 ν,
1265 5595 1334 5650 20
1366 5603 1418 5649 et.
1446 5611 1562 5666 seq.
1623 5596 1668 5626 ⁸⁸
1701 5592 1929 5653 dicebat.
2007 5593 2048 5625 ⁸⁷
2076 5592 2277 5648 cecidit.

975 5682 1015 5733 ι.
1092 5667 1136 5697 ⁷¹
1169 5666 1331 5728 lbid.,
1361 5666 1431 5719 22
1455 5675 1509 5720 et
1538 5682 1650 5733 seq.
1699 5705 1715 5715 .
1768 5666 1813 5695 τ’
1836 5664 1974 5719 Can.
2007 5672 2184 5733 apost.
2210 5664 2277 5717 40

1650 5735 1889 5791 "Zach.
1940 5752 2001 5803 ιι,
2071 5736 2122 5792 8.
2155 5735 2219 5768 τ’
2278 5733 2467 5791 Matth.
2510 5750 2663 5805 mu,
2720 5734 2754 5793 6
2812 5744 2868 5793 et
2930 5746 3045 5809 seq;
3108 5738 3479 5804 "Jerem.tt.

1921 4596 1975 4643 et
2025 4592 2338 4658 proximum
2384 4601 2562 4649 tuum.
2619 4593 2917 4665 Quousque
2968 4597 3203 4653 insultas
3262 4601 3493 4669 patienti

1918 4681 2137 4737 Christo
2172 4690 2225 4739 et
2256 4684 2554 4741 fratribus?
2580 4684 2671 4742 Sic
2717 4696 2898 4743 autem
2932 4702 3220 4759 peccantes
3276 4697 3331 4747 in
3382 4694 3494 4749 fra-

1916 4788 2049 4841 tres,
2080 4786 2134 4833 et
2163 4779 2532 4847 percutientes
2555 4795 2746 4833 eorum
2780 4780 3052 4835 inﬁrmam
3099 4785 3491 4841 conscientiam

1918 4874 1970 4927 in
1999 4863 2278 4931 Christum
2313 4876 2553 4946 graviter
2580 4876 2821 4945 peccatis
2839 4878 2907 4941 “,
2932 4884 2985 4931 et
3010 4879 3087 4931 rei
3128 4878 3339 4947 judicio
3362 4880 3495 4935 cile-

1916 4968 2011 5031 eti,
2056 4967 2288 5023 infames
2333 4968 2661 5032 elliciemini,
2701 4977 2755 5023 et
2801 4970 2949 5039 juste
3002 4973 3363 5041 repellemini.
3420 4968 3493 5029 Ἐι

1917 5058 2111 5113 iterum
2147 5077 2242 5129 per
2264 5061 2580 5131 prOphetam
2612 5062 2875 5131 loquitur,
2906 5062 3099 5120 Elic‘ens
3131 5080 3144 5115 :
3182 5064 3283 5120 Vos
3314 5078 3490 5124 autem

1915 5150 2209 5205 sacerdotes
2239 5144 2455 5207 Domini
2494 5153 2838 5220 vocabimini;
2870 5158 3101 5225 ministri
3150 5161 3249 5213 Dei
3298 5166 3487 5231 nostri,

1913 5244 2116 5298 dicetur
2148 5244 2289 5297 vobis
2315 5258 2331 5297 :
2360 5244 2751 5300 Fortitudinem
2776 5250 3007 5321 gentium
3036 5251 3335 5316 comedetis,
3360 5264 3408 5307 et
3435 5257 3489 5310 in

1914 5340 2085 5411 gloria
2131 5355 2310 5393 eorum
2340 5339 2668 5409 superbietis.
2705 5340 2813 5393 Pro
2844 5342 3149 5409 confusione
3188 5355 3357 5399 vestra
3387 5346 3488 5399 du-

1913 5436 2039 5506 plici
2067 5449 2115 5489 et
2152 5434 2362 5498 rubore,
2421 5432 2715 5487 laudabunt
2742 5418 2969 5503 'partem
3026 5452 3226 5493 eorum.
3262 5426 3488 5508 Propter

2007 5593 2048 5625 "’
2076 5592 2287 5648 cecidit.
2331 5593 2373 5626 "
2398 5591 2531 5647 Luc.
2566 5592 2914 5651 conturbavit.
2984 5595 3028 5626 θ’
3050 5594 3174 5652 lsai.
3207 5613 3319 5659 xrv,
3350 5596 3407 5655 Η
3431 5612 3487 5659 et

2383 5662 2549 5719 "Ms.
2582 5666 2742 5717 enim.
2838 5666 2885 5696 "
2939 5665 3161 5723 volebat.
3266 5670 3313 5701 ⁷⁵
3344 5672 3481 5731 Can.
