4096 6318
596 364 697 419 879

1405 358 1462 416 S.
1490 356 1884 415 CLEMENTIS
1918 357 1935 413 l
1978 354 2145 412 ROM.
2185 350 2383 407 PONT.
2426 351 2650 409 OPEBA
2692 350 2914 408 DUBlA.

3713 356 3825 409 ΗΟ

594 478 689 530 hoc
711 474 765 528 in
788 479 927 527 terra
956 486 1053 525 sua
1084 469 1318 541 duplicia
1338 469 1700 539 possidebunt,
1734 476 1785 524 et
1812 468 1999 522 lwtitia
2023 483 2155 520 sem-
2186 472 2227 523 Α
2258 481 2435 519 eorum
2468 465 2726 520 delectata
2756 478 2852 520 est.
2892 465 3036 519 L'nde
3086 473 3135 520 et
3189 483 3280 536 ego
3323 467 3514 537 eligam
3544 468 3823 526 illusiones

593 570 801 638 piterna
829 565 929 619 erit
956 565 1071 628 eis;
1099 564 1224 633 quia
1246 577 1336 632 ego
1362 559 1616 613 Dominus
1632 560 1854 630 diligens
1869 557 2156 630 judicium,

594 669 645 715 et
672 656 794 713 odio
844 655 1036 710 habens
1095 655 1337 722 rapinam
1382 651 1435 707 in
1486 652 1887 715 holocaustum;
1937 657 1987 704 st
2022 649 2159 704 dabo

596 766 725 814 opus
764 764 941 803 eorum
968 747 1024 800 in
1062 748 1301 809 veritate,
1341 753 1390 798 et
1423 742 1588 813 [Ledus
1631 751 1933 813 perpetuum
1969 741 2160 810 feriam

596 845 693 897 eis.
726 840 795 894 Et
829 840 1023 894 scietur
1056 841 1111 891 in
1149 836 1384 907 gentibus
1432 853 1604 891 semen
1646 852 1848 897 eorum,
1875 843 1924 899 et
1954 850 2161 903 germen

597 951 777 990 eorum
809 934 863 987 in
890 931 1058 986 medio
1096 931 1423 998 populorum.
1459 928 1651 984 Omnes
1684 929 1772 998 qui
1800 926 2020 981 viderint
2049 942 2158 991 eos,

598 1034 905 1097 cognoscent
942 1042 1052 1089 eos,
1082 1024 1207 1093 quia
1255 1023 1344 1076 isti
1384 1030 1505 1075 sunt
1548 1038 1719 1074 semen
1768 1021 1853 1074 cui
1903 1019 2161 1073 benedixit

602 1120 881 1174 Dominus.
940 1112 1181 1171 Gaudeas
1217 1113 1449 1184 gaudebo
1491 1114 1543 1165 in
1582 1112 1823 1176 Domino,
1858 1120 1906 1165 et
1932 1110 2163 1164 exsulta-

597 1215 673 1267 bit
696 1212 877 1265 anima
900 1226 1012 1263 mea
1032 1209 1085 1260 in
1112 1206 1218 1259 Deo
1246 1219 1392 1266 meo;
1424 1205 1547 1274 quia
1566 1202 1736 1256 induit
1759 1219 1837 1256 me
1863 1202 2160 1255 vestimento

600 1305 812 1367 salutis,
842 1311 891 1357 et
922 1300 1223 1355 indumento
1250 1296 1478 1367 justitite
1509 1293 1848 1349 circumdedit
1880 1309 1979 1356 me,
2009 1292 2163 1363 quasi

594 1411 844 1465 sponsum
873 1394 1178 1447 decoratum
1208 1405 1423 1451 corona,
1452 1396 1499 1441 et
1542 1388 1692 1457 quasi
1735 1400 1981 1453 sponsam
2003 1400 2165 1437 orna-

597 1492 703 1540 tam
736 1486 1018 1540 monilibus
1046 1484 1177 1537 suis.
1215 1481 1362 1535 Sicut
1390 1481 1527 1534 enim
1561 1488 1699 1533 terra
1726 1476 1921 1546 profert
1956 1493 2162 1546 germen

597 1595 772 1642 suum,
798 1585 845 1631 et
868 1578 1001 1630 sicut
1032 1574 1215 1628 hortus
1253 1589 1422 1627 semen
1454 1586 1607 1625 suum
1637 1571 1916 1639 germinat,
1947 1570 2021 1622 sic
2053 1566 2163 1620 Do.

596 1671 767 1723 minus
796 1667 936 1721 Deus
983 1664 1297 1737 germinabit
1330 1663 1601 1731 justitiam
1641 1669 1689 1715 ct
1732 1661 1935 1714 laudem
1986 1675 2163 1713 coram

595 1760 853 1815 universis
915 1756 1235 1828 gentibus“.
1265 1756 1311 1787 ⁸¹
1329 1754 1436 1809 Eos
1491 1764 1671 1808 autem
1704 1769 1734 1805 ιι
1763 1752 1881 1806 solo
1934 1750 2163 1805 Domino

600 1861 692 1907 aut
718 1849 1070 1922 iudicandos,
1112 1856 1205 1902 aut
1258 1847 1639 1909 removendos,
1667 1853 1721 1899 et
1770 1860 1880 1899 non
1922 1844 1992 1897 ab
2044 1838 2163 1897 aliis

598 1959 721 1999 esse
750 1942 989 2006 dicebat,
1020 1940 1147 2011 quia
1209 1939 1293 1995 sui
1353 1944 1505 2001 sunt,
1537 1944 1591 1991 et
1642 1952 1752 1990 non
1804 1936 2055 1991 alterius.
2102 1935 2164 1988 Et

598 2035 724 2104 quis
754 2042 856 2096 est,
885 2031 978 2101 qui
1028 2029 1254 2084 alterius
1276 2028 1485 2098 judicet
1512 2014 1782 2082 servum?
1810 2026 1943 2080 Nam
1979 2028 2025 2081 si
2055 2042 2163 2099 non

597 2125 882 2195 patiuntur
915 2123 1185 2186 homines,
1221 2136 1320 2175 nec
1371 2119 1513 2174 Deus
1557 2119 1780 2174 deorum
1815 2127 1867 2171 et
1902 2118 2163 2173 Dominus

596 2216 1000 2271 dominantium
1033 2214 1149 2267 haec
1184 2212 1456 2266 ullatenus
1496 2210 1721 2281 patitur.
1754 2208 1907 2265 Unde
1950 2218 2003 2265 et
2033 2224 2158 2280 pro-

595 2296 789 2377 phetas
829 2305 932 2362 sibi
978 2312 1146 2359 testes
1177 2318 1299 2358 esse
1338 2302 1573 2365 dicebat,
1608 2317 1703 2372 per
1734 2316 1872 2370 quos
1901 2300 2162 2356 Dominus

597 2398 861 2469 loquitur,
897 2396 1083 2451 dicens
1112 2412 1125 2448 :
1163 2393 1294 2449 Ecce
1322 2395 1507 2448 οπεοπὶ
1537 2402 1604 2458 te,
1632 2392 1720 2447 sed
1750 2410 1851 2447 non
1882 2395 2035 2463 quasi
2073 2409 2161 2447 ar-

595 2499 805 2559 gentum
834 2488 963 2558 elegi
1002 2496 1047 2541 te
1091 2488 1144 2540 in
1195 2486 1407 2540 camino
1450 2488 1797 2555 paupertatis.
1830 2485 2054 2553 Propter
2082 2502 2162 2539 me

596 2581 816 2651 faciam,
849 2589 906 2633 ut
938 2596 1041 2634 non
1082 2578 1427 2645 blasphemer,
1453 2587 1502 2632 et
1550 2578 1778 2647 gloriam
1808 2595 1977 2631 meam
2008 2577 2163 2632 alteri

597 2690 700 2727 non
728 2671 885 2727 dabo.
917 2671 1060 2725 Audi
1089 2687 1189 2735 me,
1230 2668 1395 2725 Iacob
1424 2679 1473 2724 et
1501 2668 1693 2735 Israel,
1718 2686 1871 2739 quem
1902 2686 1993 2740 ego
2016 2685 2156 2724 voca.

604 2764 713 2835 Ego
742 2765 870 2833 ipse,
900 2778 992 2835 ego
1019 2761 1244 2830 primus,
1270 2768 1320 2814 et
1344 2776 1436 2831 ego
1459 2761 1791 2816 novissimus.
1818 2760 2010 2814 Manus
2033 2777 2159 2830 quo-

594 2872 694 2927 que
724 2872 839 2909 mea
874 2852 1114 2924 [undavit
1148 2860 1365 2916 terram,
1403 2861 1452 2905 et
1476 2850 1693 2907 dextera
1732 2870 1845 2907 mea
1877 2870 2053 2906 mensa
2082 2863 2160 2906 est

597 2947 774 3003 caelos.
812 2945 923 3017 Ego
953 2944 1145 3000 vocabo
1175 2961 1283 3008 eos,
1315 2954 1364 2999 et
1398 2943 1946 3000 stabuntsimul”.Me
1975 2946 2160 3002 insulis

594 3039 994 3109 exspectabant,
1024 3046 1073 3090 et
1116 3036 1385 3090 brachium
1418 3053 1588 3090 meum
1654 3035 2007 3092 sustinebunt.
2058 3036 2160 3091 Sa-

600 3132 685 3186 lus
717 3140 891 3205 autem
933 3145 1049 3183 mea
1077 3128 1131 3181 in
1178 3128 1546 3196 sempiternum
1578 3129 1698 3191 erit,
1731 3136 1779 3180 et
1809 3127 2017 3197 iustitia
2046 3145 2157 3180 mea
2185 3134 2226 3189 (ζ

597 3240 701 3279 non
731 3221 956 3291 deﬁciet.
990 3219 1181 3273 Audite
1230 3235 1330 3284 me,
1371 3220 1459 3288 qui
1494 3220 1642 3273 scitis
1674 3219 1902 3288 justum,
1937 3220 2155 3288 populus

597 3330 765 3380 nicas.
802 3314 883 3367 (ex
909 3329 1023 3366 mea
1053 3311 1106 3367 in
1138 3309 1293 3364 corde
1322 3327 1523 3365 eorum.
1563 3308 1742 3365 Nolite
1764 3312 1943 3365 timere
1980 3328 2161 3380 oppro-

599 3406 771 3459 brium
804 3405 1093 3466 hominum,
1128 3410 1178 3455 et
1204 3400 1553 3471 blaspltemias
1586 3418 1764 3455 eorum
1792 3400 1859 3456 ne'
1888 3404 2155 3458 metuatis.

597 3497 746 3551 Sicut
788 3497 926 3549 enim
966 3494 1348 3557 vestimentum,
1385 3492 1462 3546 sic
1486 3492 1716 3547 comedet
1749 3510 1834 3548 eos
1873 3496 2079 3558 vermis,
2111 3505 2158 3549 et

597 3588 733 3643 sicut
763 3586 944 3640 lanam
969 3586 1044 3639 sic
1074 3584 1343 3638 devorabit
1365 3600 1450 3638 eos
1481 3585 1636 3638 tinea.
1670 3583 1828 3639 Salus
1851 3596 2023 3639 autem
2047 3603 2160 3641 mea

596 3681 653 3735 in
682 3680 1057 3748 sempiternum
1090 3678 1208 3740 erit,
1234 3686 1284 3732 et
1300 3676 1520 3745 justitia
1572 3693 1688 3732 mea
1721 3678 1779 3731 in
1802 3680 2161 3749 generationes

595 3771 991 3841 generationum
1007 3768 1073 3825 “.
1100 3767 1165 3821 Et
1210 3769 1407 3823 iterum
1436 3786 1448 3823 :
1474 3768 1800 3825 Abscondita
1824 3778 1903 3827 est
1933 3772 2017 3824 via
2048 3789 2161 3827 mea

599 3879 632 3915 a
661 3860 906 3927 Domino,
938 3869 986 3913 et
1021 3876 1053 3913 a
1080 3858 1190 3914 Deo
1236 3876 1347 3915 meo
1392 3852 1657 3929 judicium
1692 3876 1861 3914 meum
1890 3863 2156 3917 transivit.

601 3952 854 4025 Nunquid
884 3952 1074 4017 nescis,
1111 3960 1202 4005 aut
1229 3969 1331 4006 non
1362 3953 1597 4007 audisti?
1629 3952 1789 4018 Deus,
1816 3955 2161 4022 sempiternus

600 4048 879 4111 Dominus,
916 4046 1005 4116 qui
1043 4046 1238 4100 creavit
1287 4046 1534 4100 terminos
1581 4056 1752 4110 terrat,
1786 4063 1888 4101 non
1933 4046 2158 4116 deﬁciet,

599 4154 760 4209 neque
791 4136 1085 4211 laborabit,
1106 4153 1199 4191 nec
1233 4145 1311 4191 est
1344 4137 1675 4208 investigatio
1723 4130 1997 4209 sapientia:
2024 4142 2159 4210 ejus.

601 4229 706 4297 Qui
734 4228 829 4282 dat
870 4228 1011 4282 lasso
1040 4230 1304 4292 virtutem,
1329 4238 1379 4283 et
1410 4227 1488 4282 Itis
1511 4230 1600 4299 qui
1646 4246 1749 4283 non
1774 4240 1916 4297 sunt,
1946 4234 2163 4301 fortitu-

598 4321 779 4375 dinem
796 4330 845 4375 et
872 4319 1035 4375 robur
1052 4320 1394 4389 multiplicat.
1416 4320 1677 4390 Deﬁcient
1700 4323 1847 4392 pueri
1876 4332 1925 4377 et
1951 4324 2164 4379 labora-

600 4413 753 4480 bunt,
780 4423 829 4468 et
851 4413 1068 4483 juvenes
1101 4414 1155 4467 in
1210 4414 1525 4483 inﬁrmitate
1574 4414 1784 4472 cadent.
1840 4416 1943 4483 Qui
1979 4429 2163 4473 autem

601 4516 812 4574 sperant
842 4507 899 4561 in
933 4505 1177 4571 Domino,
1236 4507 1513 4561 mutabunt
1561 4508 1928 4577 fortitudinem
1960 4532 1978 4566 .·
2010 4529 2164 4567 assu-

601 4605 742 4651 ment
768 4613 965 4667 pennas
998 4598 1135 4652 sicut
1184 4597 1672 4667 aquiltc:current,
1721 4610 1771 4654 et
1820 4618 1923 4655 non
1961 4602 2161 4658 labora-

601 4689 1161 4753 bunt:ambulabunt,
1216 4699 1265 4744 et
1317 4707 1420 4746 non
1463 4692 1789 4761 deﬁcient".
1838 4693 2066 4749 Taceant
2097 4697 2165 4750 ad

602 4800 684 4839 me
706 4784 919 4847 insulas,
948 4792 998 4838 et
1032 4793 1206 4854 gentes
1237 4792 1435 4837 mutent
1465 4785 1848 4854 fortitudinem.
1882 4786 2164 4854 Accedant,

599 4883 650 4929 et
683 4884 803 4928 tunc
842 4875 1151 4946 loquantur,
1204 4874 1363 4929 simul
1413 4874 1481 4929 ad
1526 4875 1789 4945 judicium
1829 4891 1831 4894 ‘
1856 4870 2165 4949 propinque-

603 4982 719 5019 mus
744 4966 811 5022 “.
844 4964 958 5021 Hos
989 4973 1169 5022 autem
1199 4966 1293 5037 qui
1318 4981 1414 5023 eos
1444 4973 1649 5033 vetant,
1682 4976 1775 5023 aut
1804 4983 2055 5025 amovere
2079 4972 2163 5026 vel

603 5057 1198 5122 damnare‘nituntur,
1263 5056 1526 5113 Dominus
1571 5073 1668 5130 per
1714 5059 2029 5129 prephetam
2072 5063 2169 5117 da-

602 5148 1093 5219 mnat",etusque
1122 5150 1187 5203 ad
1214 5148 1642 5229 satisfactionem
1670 5165 1857 5205 eorum
1887 5161 1941 5207 et
1980 5153 2165 5209 Eccle-

604 5241 698 5295 sia:
749 5240 1033 5323 damnatos
1078 5257 1200 5297 esse
1255 5242 1514 5305 docebat,
1544 5242 1635 5297 ubi
1669 5242 1746 5297 ait
1776 5260 1788 5296 :
1816 5244 1971 5299 Talia
2001 5247 2163 5318 elegeo

603 5341 726 5385 nuit
776 5333 833 5386 in
892 5333 987 5388 viis
1022 5335 1156 5399 suis,
1188 5344 1239 5391 ct
1287 5332 1769 5390 abominationibus
1817 5338 1926 5392 suis
1981 5342 2161 5395 anima

2258 573 2460 623 eorum,
2497 568 2545 612 et
2574 558 2965 611 damnationem
2998 556 3258 611 adducam
3301 559 3559 628 eis;quia
3611 559 3821 614 locutus

2260 665 2377 705 sum
2424 649 2525 717 eis,
2565 659 2614 704 et
2646 667 2749 704 non
2792 652 3116 703 audierunt:
3149 649 3476 722 feceruntque
3521 653 3727 711 malum
3760 654 3822 707 iu

2262 741 2429 795 oculis
2462 737 2612 810 mei‘s,
2645 751 2691 814 et
2720 757 2835 811 qua:
2879 741 3048 806 nolui,
3078 742 3359 812 elegerunt.
3392 744 3582 799 Audite
3608 746 3823 799 verbum

2267 832 2502 895 Domini,
2529 835 2619 901 qui
2646 833 2866 887 tremitis
2918 832 2985 885 ad
3034 833 3237 886 verbum
3259 835 3407 903 ejus;
3430 824 3825 905 dixerunt‘fra-

2263 934 2366 979 tres
2412 926 2587 987 vestri,
2656 924 2889 977 odientes
2920 941 3028 988 vos,
3060 934 3107 977 et
3162 925 3458 994 abjicientes
3488 939 3692 995 propter
3718 945 3825 981 no-

2264 1034 2377 1070 men
2407 1033 2574 1070 meum
2614 1014 2989 1086 :Glori/icetur
3036 1016 3309 1081 Dominus,
3353 1028 3403 1071 et
3442 1019 3721 1081 videbimus
3762 1021 3827 1075 in

2266 1107 2453 1162 lwtitia
2478 1115 2668 1172 vestra,
2695 1109 2798 1177 ipsi
2829 1118 3003 1163 autem
3033 1108 3416 1175 confundentur
3431 1109 3496 1162 ⁸⁸.
3530 1109 3645 1164 Νοιι
3670 1110 3825 1165 enim

2264 1199 2595 1253 laborabunt
2626 1199 2828 1254 frustra
2864 1201 2915 1253 in
2945 1201 3651 1271 conturbationeprrcsules
3691 1204 3824 1266 mei,

2261 1292 2386 1354 quia
2424 1307 2594 1344 semen
2625 1290 3011 1345 benedictorum
3034 1293 3245 1346 Domini
3267 1302 3361 1347 est.
3396 1294 3681 1361 Antequam
3705 1295 3793 1347 cla
3813 1323 3827 1332 -

2263 1390 2423 1446 ment,
2475 1398 2567 1450 ego
2624 1383 2941 1447 exaudiam;
2974 1384 3144 1437 adhuc
3192 1385 3302 1439 illis
3356 1384 3700 1454 loquentibus,
3730 1402 3829 1455 ego

2265 1474 2482 1526 audiam
2499 1473 2565 1527 δ’.
2598 1473 2679 1527 Ad
2712 1473 3126 1545 glorificandum
3151 1492 3231 1541 se,
3261 1484 3315 1530 et
3346 1477 3528 1530 divina
3568 1476 3828 1530 mandata

2265 1564 2585 1619 scminanda
2626 1566 3071 1634 evangelizanda,
3105 1583 3200 1622 eos
3238 1567 3502 1623 Dominus
3536 1550 3718 1638 elegit,
3766 1580 3830 1623 et

2266 1674 2374 1711 non
2412 1668 2470 1710 ut
2514 1657 2927 1727 prohibeantur,
2960 1665 3054 1712 aut
3108 1662 3516 1729 perturbentur,
3575 1676 3833 1730 suggere-

2270 1749 2394 1813 bat;
2428 1750 2473 1781 ⁸ο
2491 1750 2751 1819 quoniam
2805 1751 2897 1819 qui
2953 1765 3048 1806 eos
3090 1751 3253 1815 laedit,
3285 1768 3409 1807 cum
3464 1751 3625 1815 laedit,
3663 1754 3831 1821 cujus

2268 1842 2537 1911 legatione
2596 1842 2914 1912 funguntur.
2970 1841 3272 1900 Praedicare
3326 1859 3423 1899 eos
3475 1844 3714 1908 assidue,
3772 1854 3832 1900 et

2266 1934 2521 1989 mandata
2554 1934 2769 1989 Domini
2796 1936 2913 1990 sine
2957 1937 3364 1992 intermissione
3388 1938 3713 1992 antiuntiarc
3736 1954 3834 1991 ru-

2265 2026 2442 2094 gabat.
2471 2026 2647 2096 Opera
2677 2042 2865 2081 eorum
2913 2027 3054 2081 bona
3097 2043 3282 2082 coram
3321 2028 3631 2083 hominibus
3670 2044 3835 2083 mon-

2260 2104 2459 2183 ’Strare,
2493 2125 2547 2171 et
2579 2119 2971 2174 conscientiam
3014 2119 3211 2174 bonam
3261 2135 3443 2174 coram
3476 2120 3586 2175 Deo
3630 2121 3836 2177 habere

2266 2206 2603 2264 insinuabat.
2640 2208 2847 2286 Omnes
2882 2211 3158 2281 principes
3187 2219 3364 2272 terrae,
3397 2221 3450 2266 et
3476 2219 3703 2267 cunctos
3728 2212 3835 2266 ho-

2264 2301 2439 2355 mines
2460 2300 2539 2356 eis
2569 2302 2813 2364 obedire,
2844 2311 2896 2357 et
2915 2302 3093 2373 capita
3126 2317 3225 2357 sua
3251 2302 3587 2368 submittere,
3608 2318 3835 2358 eorum-

2262 2408 2368 2462 quc
2392 2393 2675 2463 adjutores
2707 2397 2939 2449 existere
2977 2395 3345 2464 praecipiebat,
3371 2403 3427 2449 ut
3462 2410 3651 2448 omnes
3681 2395 3835 2465 pari-

2263 2491 2347 2539 ter
2382 2486 2564 2542 ﬁdeles
2592 2494 2645 2541 et
2674 2495 3057 2556 cooperatores
3086 2488 3219 2557 legis
3252 2485 3343 2541 Dei
3367 2495 3831 2551 monstrarentur,

2264 2594 2333 2632 ne
2373 2578 2441 2632 de
2474 2579 2553 2633 eis
2588 2578 2801 2632 dicatur
2828 2597 2840 2632 :
2867 2576 3263 2647 Confundentur
3295 2588 3344 2631 et
3372 2578 3670 2632 erubescent
3713 2594 3832 2631 om-

2262 2686 2351 2723 nes
2395 2669 2485 2739 qui
2512 2678 2748 2739 pugnant
2777 2668 3052 2722 adversum
3109 2679 3177 2731 te,
3229 2679 3277 2722 et
3328 2680 3480 2722 erunt
3527 2670 3682 2740 quasi
3726 2686 3833 2723 non

2260 2761 2391 2827 sint,
2423 2770 2473 2815 et
2500 2761 2741 2830 peribunt
2787 2761 2885 2815 viri
2926 2762 3015 2830 qui
3051 2760 3417 2815 contradicunt
3450 2760 3563 2815 tibi.
3611 2761 3832 2827 Quwres

2259 2870 2370 2918 eos,
2403 2862 2451 2907 et
2484 2870 2586 2907 non
2629 2854 2853 2906 invenies
2892 2854 3027 2906 viros
3058 2852 3269 2908 rebelles
3306 2862 3441 2908 tuos.
3478 2853 3649 2907 Erunt
3673 2855 3832 2923 quasi

2262 2962 2363 3001 non
2392 2947 2518 3010 sint,
2551 2954 2600 2998 et
2624 2945 2782 2998 veluti
2809 2946 3135 3014 consumptio
3165 2943 3390 2999 hominis
3442 2940 3712 3001 bellantis'
3728 2946 3830 2999 ad-

2261 3054 2463 3092 versum
2501 3045 2547 3091 te
2563 3037 2627 3093 ⁹¹.

2328 3129 2373 3161 ⁸³
2408 3127 2607 3184 Omnes
2635 3142 2762 3200 ergo
2784 3128 2874 3197 qui
2900 3128 2979 3184 eis
3014 3129 3451 3190 contraveniunt,
3487 3128 3561 3182 ita
3596 3128 3829 3183 damna-

2262 3232 2345 3276 tos
2367 3227 2420 3276 et
2448 3220 2679 3275 infames
2710 3237 2882 3291 usque
2906 3222 2971 3275 ad
3008 3220 3433 3276 satisfactionem
3466 3222 3830 3285 monstrabat,

2258 3321 2313 3368 et
2337 3314 2444 3369 nisi
2472 3322 2934 3378 converterentur,
2967 3331 2996 3368 a
3030 3314 3309 3368 liminibus
3335 3314 3579 3369 ecclesiae
3617 3314 3830 3370 alienos

2259 3420 2379 3461 esse
2405 3406 2769 3475 praecipiebat.
2793 3407 2838 3437 ⁸³
2867 3405 3291 3459 Homicidiorum
3324 3420 3452 3460 vero
3494 3408 3595 3459 tria
3627 3420 3827 3476 genera

2259 3512 2380 3553 esse
2406 3498 2639 3565 dicebat,
2662 3506 2713 3554 et
2743 3514 2956 3566 poenam
2980 3513 3167 3552 eorum
3190 3499 3411 3568 parilem
3439 3496 3554 3553 fore
3575 3479 3830 3563 docebat.

2264 3588 2416 3644 Sicut
2453 3589 2597 3644 enim
2628 3589 2931 3643 homicidas
2962 3588 3339 3645 interfectores
3376 3588 3627 3655 fratrum,
3669 3590 3742 3644 ita
3774 3600 3833 3646 et

2261 3683 2594 3739 detractores
2622 3697 2831 3746 eorum,
2858 3694 3060 3751 eosque
3083 3681 3348 3746 odientes,
3377 3680 3677 3736 homicidas
3703 3696 3833 3737 esse

2259 3773 2683 3841 manifestabatL;
2709 3772 2836 3843 quia
2857 3780 2909 3828 et
2950 3774 3041 3843 qui
3073 3772 3269 3827 occidit
3301 3773 3519 3829 fratrem
3560 3787 3740 3837 suum,
3772 3780 3831 3827 et.

2260 3867 2351 3938 qui
2386 3866 2521 3931 odit,
2554 3873 2606 3921 et
2635 3865 2727 3936 qui
2761 3866 2995 3921 detrahit
3035 3866 3107 3931 ei,
3147 3866 3349 3935 pariter
3378 3865 3661 3920 homicidae
3702 3880 3828 3920 esse

2260 3968 2636 4015 monstrantur
2658 3960 2723 4015 “.
2756 3959 2956 4015 Omnes
2984 3960 3147 4014 etiam
3178 3976 3209 4013 a
3250 3960 3561 4014 carnalibus
3608 3958 3827 4014 deside-

2258 4051 2377 4117 riis,
2411 4066 2530 4121 qua:
2567 4051 2801 4105 militant
2825 4052 3084 4106 adversus
3113 4052 3368 4118 animam,
3422 4051 3719 4114 abstinere,
3770 4058 3829 4105 et

2259 4145 2458 4201 bonam
2496 4160 2684 4201 eorum
2716 4130 3183 4201 conversationem
3213 4161 3277 4199 ac
3330 4145 3673 4217 innocentem
3706 4159 3825 4197 om—

2260 4237 2424 4291 nibus
2453 4242 2759 4291 monstrare
2790 4237 3035 4307 rogabat.
3086 4236 3161 4289 Ex
3196 4228 3379 4291 corde'
3405 4235 3551 4291 enim
3592 4242 3826 4289 cunctos

2262 4328 2521 4384 attentius
2551 4327 2781 4383 invicem
2811 4329 3032 4398 diligere
3059 4328 3387 4390 insinuabat,
3420 4334 3472 4381 et
3498 4340 3680 4380 veram
3713 4325 3825 4379 fra-

2265 4421 2570 4475 ternitatem
2600 4421 2738 4475 inter
2760 4437 2817 4475 se
2841 4420 3037 4476 habere
3057 4419 3300 4475 docebat.
3329 4404 3655 4485 Quotidiana
3677 4417 3822 4471 enim

2265 4512 2411 4568 illius
2444 4511 2775 4583 praedicatio,
2808 4513 2947 4567 inter
2976 4520 3169 4567 caetera
3188 4510 3369 4566 divina
3386 4509 3659 4574 mandata,
3708 4509 3823 4563 hzcc

2264 4610 2401 4668 erat,
2434 4618 2598 4675 quam
2647 4604 2703 4658 in
2753 4602 2871 4673 ejus
2917 4604 3219 4673 exemplum
3275 4604 3437 4657 etiam
3485 4602 3602 4666 tibi,
3655 4600 3823 4657 frater

2264 4695 2587 4752 charissima
2611 4734 2627 4760 ,
2656 4695 2961 4766 significare
2999 4695 3209 4750 curavi.
3228 4694 3272 4726 "
3303 4693 3596 4754 Bonorum.
3622 4694 3819 4763 inquit,

2262 4797 2485 4858 Operum
2510 4787 2652 4842 inter
2678 4793 2869 4841 caetera
2902 4773 3107 4842 semina
3136 4801 3200 4840 ac
3223 4772 3436 4857 negotia
3460 4794 3605 4851 sunt,
3653 4801 3824 4855 quan-

2265 4890 2379 4935 tum
2412 4879 2787 4950 unusquisque
2810 4883 2950 4949 sapit
2975 4886 3029 4935 et
3056 4886 3251 4950 potest,
3282 4886 3427 4934 totus
3475 4878 3650 4933 intimi
3698 4893 3822 4932 cor-

2268 4973 2375 5039 dis,
2408 4979 2467 5027 ut
2503 4972 2839 5043 praelibatum
2870 4978 2974 5037 est,
3003 4971 3303 5027 visceribus
3340 4960 3517 5027 Deum
3568 4970 3817 5042 diligere,

2264 5074 2319 5123 et
2343 5066 2649 5138 proximum
2671 5065 2818 5121 velut
2843 5063 2914 5119 sei
2925 5079 3079 5135 psum
3105 5063 3404 5134 :abnegare
3424 5062 3663 5133 seipsum
3693 5063 3818 5122 sibi.

2264 5166 2323 5214 ut
2349 5157 2535 5215 Iesum
2563 5156 2839 5217 Christum
2865 5155 3148 5211 Dominum
3180 5161 3425 5210 nostrum
3452 5160 3743 5225 sequatur;
3768 5160 3820 5207 et

2262 5251 2398 5306 nihil
2420 5234 2541 5319 ejus
2568 5249 2741 5304 amori
2771 5263 3100 5319 praeponere,
3133 5248 3413 5303 veritatem
3454 5247 3617 5301 corde
3639 5254 3694 5301 et
3726 5261 3820 5300 ore

2263 5342 2507 5414 proferre
2540 5340 2754 5406 debere,
2786 5348 2840 5396 et
2871 5349 3035 5395 totam
3064 5356 3212 5411 spem
3254 5339 3364 5395 Deo
3406 5356 3620 5410 semper
3668 5355 3820 5394 com-

668 5512 712 5543 οι
738 5510 867 5567 lsai.
902 5528 1015 5585 ut.
1042 5512 1075 5585 li
1106 5521 1158 5585 et
1187 5528 1302 5583 seq.
1373 5513 1418 5547 ’θ
1440 5512 1529 5585 lvo
1565 5511 1617 5566 in
1654 5507 1911 5585 Decr.,;p.
1942 5514 1995 5579 5,
2023 5531 2073 5573 c.
2099 5516 2223 5572 252.
2249 5517 2460 5578 Anacl.,
2491 5516 2649 5583 ep.'2.
2677 5514 2827 5571 Alex.
2855 5515 3002 5585 cp.9..
3035 5515 3285 5585 Telespli.
3308 5516 3437 5571 Fab.
3460 5516 3611 5573 Melc.
3640 5516 3815 5582 Julius

604 5580 902 5642 Dam..etc.
975 5583 1021 5617 ⁸³
1046 5581 1170 5639 lsai.
1201 5580 1389 5648 XLvm,
1426 5584 1494 5638 lO
1515 5588 1570 5637 et
1602 5597 1716 5649 seq.
1770 5584 1817 5615 ⁸⁸
1839 5580 1962 5642 lsai.
1993 5600 2067 5646 ιι.
2102 5587 2200 5642 Set
2233 5603 2348 5656 seq.

606 5652 800 5688 animum
836 5652 1089 5688 Διηιηοηιιο
1218 5654 1265 5686 ιο
1286 5653 1384 5688 Iani
1441 5668 1455 5688 ι
1477 5668 1560 5688 ενι
1617 5652 1650 5688 7.
1676 5659 1724 5688 al
1751 5667 1843 5688 non
1967 5654 2013 5688 81
2040 5654 2137 5688 Ιοηί
2192 5657 2288 5688 εἰη.
2335 5661 2348 5685 ς

606 5654 802 5705 minuat
836 5654 1110 5708 damnare.
1218 5654 1265 5686 ⁸³
1286 5654 1407 5717 lsai,
1440 5668 1583 5710 ιχνι.
1617 5654 1650 5706 5
1676 5659 1730 5705 et
1750 5667 1864 5723 seq.
1967 5654 2013 5688 ⁸⁹
2038 5654 2158 5709 lsai.
2189 5654 2429 5719 “v.93,
2461 5656 2549 5709 ει.
2628 5661 2673 5692 9°
2696 5656 2776 5711 Gri

602 5720 649 5751 "
678 5736 736 5793 ιι,
760 5738 814 5790 ιι.
841 5722 898 5781 3,
930 5719 991 5777 Si
1018 5731 1192 5793 autem
1223 5722 1384 5779 vobis.
1461 5724 1507 5759 ⁸³
1529 5720 1829 5793 Deposuit.
1851 5722 2095 5783 distinct.
2120 5742 2157 5782 ι.
2214 5727 2274 5793 ,⁸⁸
2331 5724 2347 5778 Ι
2378 5724 2531 5782 Joan.
2570 5740 2651 5789 ιιι,

606 5652 802 5723 minuat
836 5652 1110 5723 daiitnare.
1218 5654 1265 5686 ⁸³
1286 5653 1407 5723 lsai,
1440 5668 1583 5723 va_i.
1617 5652 1650 5706 5
1676 5659 1730 5705 et
1750 5667 1864 5723 seq.

602 5789 822 5859 quidam
863 5794 1069 5849 notavit
1114 5792 1181 5849 ad
1206 5809 1355 5851 oram
1383 5795 1435 5851 in
1459 5808 1561 5850 ms.
1599 5789 1830 5850 Justclli.

2423 5588 2468 5619 ⁸³
2494 5587 2615 5641 Isai.
2652 5603 2738 5645 χιι.
2767 5588 2836 5639 27
2867 5597 2919 5640 et
2950 5604 3064 5654 seq.
3140 5587 3186 5617 ⁸⁸
3207 5587 3474 5653 lsaiuxu,
3500 5588 3566 5640 1.·
3631 5591 3674 5621 ⁸⁷
3700 5588 3811 5642 Do-

2628 5661 2673 5692 ”
2696 5656 2854 5726 Greg.
2879 5673 2973 5717 ιιιι,
2999 5655 3089 5708 22.
3134 5656 3343 5726 77"lsai.
3375 5673 3483 5721 xu,
3528 5657 3585 5711 il
3622 5667 3674 5713 et
3695 5675 3808 5726 seq.

2876 5728 2919 5757 "
2954 5743 3004 5781 ι’.
3044 5727 3071 5780 4
3133 5725 3261 5798 Reg.
3294 5725 3351 5783 S.
3399 5727 3707 5812 Benedicti,
3756 5725 3812 5782 ut
