4096 6318
251 393 360 450 481

1431 372 1789 432 ΕΡΙΒΤΟΗΕ
1831 368 2299 427 DECRETALES.

3399 357 3502 413 i8!

252 507 501 561 mittere.
525 497 836 556 lnstruebat
867 503 1020 551 actus
1053 510 1162 549 sua:
1186 492 1307 546 vita:
1333 490 1479 544 omni
1503 489 1634 542 hora
1652 494 1836 542 custo—
1863 491 1911 546 Α
1937 498 2049 537 cere
2071 481 2233 535 nolite
2256 480 2297 535 ⁸.
2330 478 2435 549 Ipsi
2465 485 2645 534 autem
2672 473 2935 561 episcopi,
2962 473 3009 530 si
3033 469 3503 561 exorbitavcrint’,

250 597 400 654 dire,
425 602 479 648 et
504 593 560 645 in
585 590 732 645 omni
763 590 882 641 loco
905 587 1069 640 Deum
1096 582 1397 652 respicere;
1425 579 1650 633 ﬁrmiter
1667 577 1828 641 scire,

248 684 620 755 cogitationes
651 681 821 734 malas
845 677 996 734 cordi
1035 691 1135 732 suo
1164 673 1535 734 advenientes,
1587 682 1713 723 mox
1763 668 1832 722 ad

249 773 543 828 Christum
592 770 835 835 allidere,
865 777 918 824 et
966 765 1344 824 sacerdotibus
1388 762 1603 818 Domini
1655 761 1831 816 mani-

252 863 488 919 festare.
537 861 612 918 Os
649 876 807 916 suum
857 874 888 913 a
930 858 1102 913 multo
1121 856 1167 887 "
1215 856 1300 910 vel
1351 868 1519 923 pravo
1561 851 1832 923 colloquio

251 954 559 1017 custodire,
592 961 644 1007 et
673 951 834 1006 verba
886 963 1044 1014 vana,
1073 954 1165 999 aut
1195 944 1477 999 mendacia
1507 958 1615 997 non
1646 943 1828 1013 loqui;

253 1043 390 1112 quia
421 1059 477 1096 os
523 1039 657 1111 quod
708 1040 980 1099 mentitur,
1035 1037 1228 1090 occidit
1275 1035 1511 1088 animam
1531 1035 1598 1090 ⁸⁷.
1655 1033 1829 1090 Verba

253 1134 444 1188 divina
472 1129 942 1194 libenter-audire,
974 1136 1028 1183 et
1058 1126 1438 1183 sacerdotibus
1462 1125 1578 1180 suis
1600 1125 1832 1180 libenter

254 1224 660 1292 obtemperare,
694 1228 858 1290 atque
885 1218 1200 1275 obedientes
1230 1231 1352 1273 esse
1390 1217 1640 1272 docebat.
1685 1215 1832 1270 Prae-

255 1305 520 1371 dicationi
548 1321 602 1369 et
627 1312 862 1370 orationi
894 1327 959 1366 ac
994 1311 1214 1366 lectioni
1255 1309 1570 1379 frequenter
1618 1309 1832 1363 incum-

254 1406 428 1473 bere,
485 1412 540 1459 et
589 1403 960 1475 eleemosynas
1009 1417 1166 1458 veras
1219 1404 1496 1472 perlicere.
1553 1399 1829 1456 Desideria

253 1498 444 1553 carnis
474 1510 582 1551 non
611 1494 891 1566 perlicere,
924 1494 1017 1549 sed
1048 1494 1325 1565 propriam
1362 1492 1610 1562 frangere
1643 1491 1830 1544 volun—

251 1598 423 1645 tatem
456 1608 470 1642 :
501 1589 629 1643 boni
658 1587 861 1657 aliquid
887 1587 941 1640 in
974 1600 1032 1642 se
1061 1600 1186 1639 cum
1233 1584 1451 1650 viderit,
1499 1583 1610 1639 Deo
1656 1583 1828 1653 appli-

252 1695 380 1734 care
403 1678 471 1744 9',
508 1693 616 1731 non
641 1678 744 1732 sibi
770 1695 786 1732 :
809 1684 862 1732 et
889 1677 1091 1730 malum
1123 1691 1150 1729 a
1183 1690 1242 1731 se
1272 1675 1475 1732 factum
1507 1683 1822 1746 cognoscat,

250 1779 306 1825 et
356 1770 464 1825 sibi
511 1770 820 1840 imputet”.
876 1768 1101 1822 Multum
1142 1768 1290 1838 loqui
1342 1784 1452 1824 non
1492 1783 1695 1835 amare,
1732 1769 1825 1822 sed

247 1860 532 1916 custodire
559 1859 700 1913 labia
726 1874 844 1924 sua,
877 1875 947 1914 ne
974 1859 1157 1913 dolum
1218 1867 1313 1912 aut
1338 1858 1544 1912 malum
1592 1859 1826 1928 loquan~

252 1960 364 2005 tur.
408 1949 559 2004 Diem
599 1948 793 2019 judicii
841 1953 1053 2014 timere,
1101 1950 1405 2023 gehennam
1443 1965 1822 2018 expavescere,

249 2041 420 2094 vitam
463 2049 722 2096 aeternam
774 2041 920 2095 omni
972 2042 1416 2111 concupiscentia
1473 2039 1823 2109 desiderare;

251 2146 365 2185 non
398 2129 673 2196 occidere,
718 2147 827 2186 non
874 2132 1194 2194 adulterari,
1231 2147 1338 2186 non
1371 2132 1575 2185 furtum
1621 2131 1822 2196 facere,

249 2237 365 2277 non
411 2237 526 2276 rem
561 2224 794 2292 proximi
837 2225 1250 2294 concupiscere,
1298 2241 1407 2279 non
1442 2224 1636 2278 falsum
1675 2222 1826 2298 testi-

249 2310 495 2368 monium
524 2312 708 2368 dicere
729 2313 820 2379 ‘°°,
861 2313 959 2369 sed
1002 2321 1211 2370 omnes'
1239 2315 1486 2369 homines
1533 2314 1824 2380 honorare,

247 2419 460 2476 corpus
494 2405 792 2469 custodire,
833 2420 1004 2461 vanas
1044 2411 1097 2460 et
1139 2405 1378 2460 caducas
1422 2419 1528 2460 non
1573 2405 1825 2476 amplecti

247 2495 503 2562 delicias,
529 2497 796 2567 jejunium
825 2503 879 2551 et
905 2495 1118 2566 vigilias
1148 2505 1366 2551 sanctas
1389 2510 1591 2563 amare,
1623 2510 1826 2566 paupe-

247 2601 639 2652 resrecreare,
673 2586 849 2642 nudos
894 2587 1116 2653 vestire,
1164 2587 1410 2642 inﬁmos
1457 2587 1698 2650 tisitare,
1749 2587 1826 2642 si-

246 2679 455 2734 tientes
507 2685 695 2750 potare
723 2717 737 2743 ,
795 2685 1041 2733 mortuos
1090 2678 1326 2748 sepelire
1364 2717 1380 2742 ,
1426 2689 1480 2733 et
1535 2678 1826 2748 diligenter

245 2785 443 2826 eorum
475 2771 761 2840 exsequias
784 2785 1060 2842 peragere,
1090 2785 1189 2840 pro
1207 2770 1398 2839 eisque
1423 2784 1582 2825 orare
1603 2777 1656 2826 et
1684 2771 1827 2826 elec-

248 2873 512 2932 mosynas
540 2861 710 2929 dare;
753 2861 999 2918 dolentes
1047 2863 1342 2927 consolari,
1399 2871 1454 2918 et
1502 2864 1618 2917 suis
1667 2862 1826 2916 bonis

247 2952 521 3018 relevere,
548 2962 602 3008 et
631 2969 660 3007 a
691 2955 850 3009 malis
884 2955 1094 3009 actibus
1119 2969 1177 3008 se
1210 2954 1446 3008 alienum
1477 2951 1677 3007 facere.
1703 2952 1824 3007 Non

247 3061 377 3100 esse
408 3047 726 3115 superbum,
764 3062 874 3101 non
903 3047 1263 3111 vinolentum,
1295 3060 1396 3099 nec
1425 3045 1654 3099 multum
1696 3044 1826 3098 eda-

1932 573 2150 629 abistis
2175 587 2281 625 non
2316 580 2443 625 sunt
2467 554 2896 640 reprehendendi
2941 564 3028 619 vel
3077 560 3360 633 arguendi,
3408 561 3504 617 sed

1929 663 2340 735 supportandi',
2375 661 2481 716 nisi
2511 663 2564 715 in
2598 660 2701 715 [ide
2724 658 3047 715 erraverint.

2004 755 2085 809 illi
2117 770 2245 824 ergo
2275 768 2440 823 super
2471 753 2608 807 istos
2641 760 2791 817 sunt,
2824 765 2932 805 non
2975 755 3156 803 autem
3201 745 3292 803 isti
3343 759 3508 815 super

1932 847 2089 912 illos;
2133 846 2388 916 quoniam
2420 842 2595 911 major
2627 842 2899 898 a‘minore
2935 855 3051 895 nec
3073 838 3249 909 argui,
3278 851 3378 892 nec
3410 837 3506 904 ju-

1931 938 2101 991 dicari
2129 943 2326 1006 potest.
2355 933 2550 991 Nullus
2585 949 2643 989 se
2673 934 2898 989 extollat
2918 946 3048 1002 erga
3069 930 3357 986 doetores’
3389 941 3509 1012 ma-

1933 1030 2130 1099 gistros
2169 1043 2319 1094 suos,
2351 1027 2478 1098 quia
2505 1025 2811 1096 discipulus
2840 1039 3005 1094 super
3029 1023 3352 1094 magistrum
3382 1033 3510 1077 esse

1930 1136 2039 1175 non
2070 1119 2248 1183 debet.
2276 1133 2377 1172 nec
2399 1125 2575 1189 potest
2603 1119 2664 1173 ιο.
2701 1118 2739 1150 ¹¹
2759 1115 2951 1170 Nullus
2978 1115 3109 1170 .velit
3129 1113 3235 1194 dici
3258 1121 3506 1177 sanctus,

1931 1218 2219 1281 antequam
2253 1211 2357 1276 sit;
2408 1211 2500 1265 sed
2535 1210 2688 1279 prius
2729 1208 2824 1272 sit,
2873 1209 2992 1262 ut“
3040 1205 3227 1261 verius
3265 1204 3502 1260 dicatur.

1931 1300 2205 1372 Praecpta
2242 1301 2478 1367 Domini,
2530 1301 2930 1368 doctorumque
2978 1312 3042 1353 ac
3092 1297 3502 1367 magistrorum.

1930 1392 2089 1446 factis
2117 1377 2361 1462 quotidie
2394 1393 2713 1461 adimplere,
2748 1398 2802 1446 et
2832 1391 2889 1444 in
2919 1375 3126 1444 Christi
3154 1389 3376 1442 nomine
3406 1400 3507 1456 pro

1930 1485 2166 1542 inimicis
2192 1501 2347 1539 orare
2376 1492 2607 1554 oportet.
2644 1479 3023 1536 "Obedientia
3055 1479 3197 1534 enim
3242 1487 3298 1533 et
3326 1467 3506 1559 humi"-

1931 1577 2080 1632 liatio
2134 1593 2255 1648 quae
2308 1576 2584 1646 magistris
2637 1573 2855 1643 agitur,
2913 1570 3146 1625 Domino
3190 1569 3503 1624 exhibetur.

1933 1669 2113 1723 Timor
2148 1668 2359 1723 Domini
2400 1665 2677 1722 delectabit
2726 1681 2838 1728 cor,
2883 1656 2947 1718 et'
2974 1663 3121 1717 dabit
3169 1661 3410 1741 lwtitiam
3457 1668 3508 1714 et

1930 1760 2180 1829 gaudium
2207 1761 2259 1813 in
2283 1758 2656 1830 longitudinem
2679 1757 2906 1810 dierum.
2938 1753 3162 1808 Timenti
3193 1752 3358 1806 Deum
3384 1750 3510 1805 bene

1928 1853 2024 1904 erit
2055 1851 2110 1904 in
2139 1852 2407 1914 extremis.
2443 1858 2491 1904 et
2521 1850 2574 1903 in
2604 1848 2688 1902 die
2719 1847 3072 1918 defunctionis
3102 1861 3213 1899 suat
3239 1842 3509 1899 benedice-

1929 1951 2014 1994 tur
2035 1943 2098 1996 η.
2140 1941 2229 1996 Va:
2253 1942 2529 1995 dissolutis
2555 1939 2734 2004 corde,
2761 1940 2851 2011 qui
2881 1955 2986 1993 non
3014 1936 3231 1991 credunt
3271 1935 3403 2000 Deo,
3452 1943 3510 1990 et

1925 2033 2193 2088 resistunt
2227 2032 2501 2087 mandatis
2524 2032 2666 2100 ejus,
2709 2036 2762 2086 et
2791 2029 3172 2087 inobedientes
3201 2041 3264 2082 ac
3312 2035 3510 2081 contu-

1926 2139 2110 2178 maces
2141 2130 2272 2178 sunt
2316 2123 2402 2178 his
2454 2123 2548 2193 qui
2603 2123 2724 2192 ejus
2767 2122 3037 2191 legatione
3081 2119 3508 2195 iungunturtet

1923 2215 2039 2269 ideo
2070 2232 2172 2269 non
2201 2224 2535 2285 protegantur
2564 2215 2628 2268 ab
2661 2231 2741 2268 eo.
2783 2213 2873 2268 γω
2905 2212 2985 2267 his
3038 2214 3127 2282 qui
3166 2211 3508 2281 perdiderunt

1925 2307 2315 2378 sustinentiam,
2348 2307 2437 2376 qui
2465 2306 2854 2376 dereliquerunt
2881 2306 2992 2359 vias
3029 2313 3224 2367 rectas,
3255 2312 3304 2356 et
3333 2303 3509 2356 diver-

1925 2406 2098 2452 terunt
2127 2400 2180 2453 in
2205 2400 2317 2453 vias
2341 2414 2552 2468 pravas.
2585 2397 2653 2451 Et
2673 2395 2799 2468 quid
2833 2397 3052 2466 facient,
3083 2413 3198 2450 cum
3225 2395 3477 2463 inspicere

1925 2490 2132 2559 cmperit
2159 2489 2458 2546 Dominus?
2486 2491 2590 2556 Qui
2621 2492 2801 2543 timent
2832 2488 3116 2548 Dominum
3143 2525 3159 2551 ,
3208 2501 3312 2540 non
3349 2494 3506 2540 erunt

1924 2581 2254 2636 incredibiles
2297 2581 2449 2645 verba
2473 2582 2658 2636 illius:
2691 2590 2743 2635 et
2770 2578 2860 2651 qui
2903 2578 3128 2649 diligunt
3160 2577 3335 2642 illum,
3381 2592 3508 2630 eon-

1925 2673 2203 2727 servabunt
2228 2674 2364 2727 viam
2400 2673 2566 2728 illius.
2601 2673 2705 2739 Qui
2752 2673 2933 2727 timent
2978 2671 3286 2748 Dominum,
3329 2671 3508 2742 inqui-

1925 2773 2037 2818 rent
2087 2781 2203 2835 quae
2231 2764 2554 2835 beneplacita
2584 2775 2706 2819 sunt
2736 2764 2822 2819 illi
2847 2781 2864 2820 :
2896 2774 2944 2818 et
2971 2764 3057 2834 qui
3097 2762 3321 2834 diligunt
3361 2779 3503 2828 eum,

1925 2857 2258 2923 replebantur
2285 2857 2392 2927 lege
2419 2858 2609 2924 ipsius.
2642 2857 2744 2922 Qui
2767 2858 2948 2911 timent
2979 2856 3276 2920 Dominum,
3299 2872 3506 2926 prtupa-

1923 2947 2114 3001 rabunt
2147 2947 2310 3002 corda
2342 2965 2460 3013 sua,
2491 2958 2539 3001 et
2569 2950 2622 3001 in
2667 2958 2943 3017 conspectu
2990 2949 3136 3002 illius
3188 2948 3502 3016 sanctiﬁca-

1927 3038 2052 3092 bunt
2083 3040 2289 3093 animas
2320 3057 2465 3094 suas.
2499 3040 2602 3106 Qui
2635 3041 2814 3095 timent
2850 3040 3158 3104 Dominum,
3200 3038 3504 3093 custodiunt

249 3153 393 3199 cem,
427 3153 535 3192 non
565 3139 988 3201 somnolentum,
1030 3153 1140 3193 non
1170 3139 1404 3209 pigrum,
1437 3151 1546 3191 non
1584 3152 1822 3190 murmu-
1855 3151 1898 3207 ρ
1930 3130 2188 3184 mandata
2217 3131 2384 3196 illius,
2410 3144 2456 3186 et
2485 3133 2794 3202 patientiam
2822 3131 3080 3186 habebunt
3116 3148 3277 3202 usque
3313 3131 3382 3184 ad
3423 3131 3505 3184 in-

251 3236 516 3290 ratorem,
549 3244 649 3284 nec
680 3228 1043 3284 detractorem
1071 3248 1084 3296 ;
1118 3231 1245 3299 quia
1275 3232 1368 3300 qui
1410 3230 1664 3291 detrahit,
1711 3245 1821 3284 non

253 3335 316 3374 se
341 3320 381 3383 ¹,
414 3319 506 3374 sed
536 3333 589 3374 et
613 3321 809 3376 multos
840 3321 979 3374 alios
1006 3319 1225 3375 occidit.
1251 3320 1390 3373 lram
1408 3336 1514 3374 non
1539 3320 1818 3390 perlicere,

253 3424 358 3464 nec
386 3410 679 3465 iracundia:
708 3421 918 3480 tempus
966 3427 1265 3467 reservare.
1317 3411 1511 3466 Delum
1558 3413 1613 3465 in
1659 3413 1822 3468 corde

253 3515 365 3554 non
394 3507 600 3564 tenere,
633 3517 731 3555 nec
777 3517 963 3571 pacem
1006 3500 1197 3557 falsam
1243 3503 1430 3566 daret
1482 3502 1822 3558 Charitatem

251 3606 365 3645 non
393 3590 786 3662 derelinquere,
831 3608 929 3648 nec
954 3593 1162 3662 jurare,
1195 3609 1263 3648 ne
1317 3593 1455 3648 forte
1497 3593 1819 3663 perjurium,

250 3683 402 3753 quod
449 3683 626 3738 absit!
661 3683 772 3738 tiat.
829 3683 1025 3738 Malum
1080 3700 1179 3754 pro
1224 3685 1367 3738 malo
1415 3700 1524 3738 non
1573 3685 1819 3748 reddere,

255 3789 357 3829 nec
393 3773 646 3842 injuriam
673 3774 872 3840 facere,
911 3776 1005 3831 sed
1037 3775 1232 3829 laetam
1274 3775 1538 3845 patienter
1571 3775 1818 3832 sull'erre.

254 3865 513 3921 inimicos
543 3866 764 3937 diligere
787 3906 804 3930 ,
838 3868 1220 3922 maledicentes
1251 3882 1310 3922 se
1335 3883 1445 3921 non
1473 3868 1818 3929 maledicere,

254 3958 354 4014 sed
399 3958 572 4028 magis
597 3957 936 4021 benedicere,
969 3967 1022 4014 et
1052 3960 1488 4028 persecutionem
1522 3975 1619 4029 pro
1660 3960 1823 4028 justi-

255 4052 332 4103 tia
361 4050 652 4104 sustinere.
687 4049 1020 4106 Charitatem
1047 4052 1066 4082 ³
1097 4066 1302 4114 amare.
1334 4060 1387 4106 et
1439 4053 1646 4106 nullum
1695 4053 1822 4107 odio

254 4141 493 4208 habere;
526 4143 652 4211 quia
680 4144 767 4212 qui
788 4143 896 4195 odit
930 4144 1147 4211 fratrem
1177 4160 1330 4197 suum
1367 4144 1630 4197 homicida
1675 4155 1752 4198 est
1777 4146 1815 4199 ⁸.

254 4232 558 4290 Elationem
590 4233 796 4304 lugere,
828 4237 1001 4290 zelum
1033 4235 1235 4290 malum
1265 4251 1374 4290 non
1419 4236 1636 4300 habere,
1681 4236 1820 4290 invi-

253 4323 402 4378 diam
430 4339 539 4379 non
567 4340 838 4390 exercere,
872 4341 972 4381 nec
999 4329 1400 4382 contentionem
1445 4343 1649 4381 amare.
1681 4326 1842 4387 Cum

252 4416 695 4474 discordantibus
724 4425 849 4472 ante
879 4420 1012 4473 solis
1038 4433 1297 4474 occasum
1318 4420 1370 4473 in
1403 4433 1588 4488 pacem
1621 4419 1816 4484 redire,

1924 3225 2236 3292 spectionem
2297 3224 2484 3288 illius,
2540 3225 2826 3277 dicentes:
2893 3223 2952 3277 Si
2993 3224 3345 3292 paenitentiam
3401 3240 3504 3277 non

1922 3317 2201 3385 egerimus,
2228 3317 2517 3370 incidemus
2555 3317 2606 3369 in
2639 3314 3054 3388 manus'Deihet
3088 3332 3189 3369 non
3223 3316 3278 3368 in
3315 3331 3503 3368 manus

1924 3409 2237 3464 hominum:
2270 3411 2553 3465 secundum
2576 3412 2712 3464 enim
2763 3410 3173 3479 magnitudinem
3221 3408 3390 3472 illius,
3427 3410 3504 3462 sic

1923 3512 1974 3556 et
2006 3505 2369 3558 misericordia
2402 3505 2564 3573 ipsius
2589 3519 2704 3555 cum
2746 3503 2857 3570 ipso
2880 3499 3038 3554 cst”.
3078 3499 3255 3554 Venite
3282 3497 3502 3570 (inquit)

1924 3596 2044 3665 ﬁlii,
2062 3595 2237 3649 audite
2253 3612 2349 3658 me,
2376 3596 2611 3647 timorem
2633 3593 2846 3654 Domini
2862 3591 3053 3646 docebo
3075 3608 3162 3646 vos
3181 3592 3268 3647 "‘.
3286 3591 3503 3656 Currite

1923 3686 2047 3739 dum
2068 3686 2604 3749 lumen'vitte/tabetis,
2624 3702 2685 3739 ne
2709 3684 2930 3740 tenebras
2947 3687 3129 3740 mortis
3154 3704 3242 3741 vos
3266 3704 3504 3757 compre-

1923 3778 2151 3832 hendant
2174 3781 2235 3834 ’⁸.
2265 3780 2447 3836 Omnis
2477 3780 2565 3848 qui
2600 3779 2705 3832 vult
2736 3778 2913 3842 vitam,
2939 3787 2988 3831 et
3027 3780 3170 3847 cupit
3194 3778 3364 3832 videre
3388 3777 3502 3833 dies

1925 3871 2108 3935 bonos,
2138 3871 2408 3940 prohibeat
2439 3871 2677 3941 linguam
2699 3887 2853 3925 suam
2884 3888 2917 3924 a
2943 3871 3104 3934 malo,
3137 3879 3186 3924 et
3219 3871 3362 3924 labia
3385 3870 3503 3940 ejus

1925 3981 1986 4018 ne
2009 3969 2291 4034 loquantur
2317 3963 2519 4017 dolum.
2561 3962 2795 4016 Divertat
2834 3979 2866 4014 a
2894 3961 3058 4027 malo,
3109 3971 3157 4017 et
3199 3961 3365 4032 faciat
3404 3962 3503 4016 bo-

1923 4073 2047 4108 nunt
2073 4073 2089 4110 :
2118 4057 2345 4124 inquirat
2374 4070 2574 4122 pacem,
2605 4063 2651 4107 et
2675 4063 3014 4123 persequatur
3035 4071 3149 4108 eam
3171 4071 3190 4109 :
3213 4055 3338 4124 quia
3364 4055 3504 4107 oeuli

1923 4146 2139 4200 Domini
2171 4163 2326 4215 super
2343 4147 2541 4216 justas,
2571 4155 2618 4200 et
2643 4162 2796 4200 aures
2820 4145 2934 4215 ejus
2979 4144 3047 4198 ad
3092 4161 3264 4214 preces
3296 4162 3497 4200 eorum.

1935 4237 2118 4292 Vultus
2172 4249 2345 4292 autem
2394 4236 2609 4292 Domini
2669 4252 2825 4307 super
2892 4237 3336 4306 facientes'mala
3371 4276 3386 4302 ,
3443 4245 3502 4290 ut

1920 4330 2102 4398 perdat
2131 4330 2195 4384 de
2223 4327 2361 4383 terra
2391 4331 2695 4384 memoriam
2713 4345 2892 4382 eorum
2912 4329 2998 4382 η’.
3022 4328 3305 4398 Propterea
3339 4330 3501 4384 nolite

1923 4425 2038 4492 ﬁeri
2062 4425 2195 4477 sicut
2223 4440 2380 4491 equus
2411 4434 2460 4476 et
2505 4424 2700 4486 mulus,
2743 4428 2799 4476 in
2843 4421 3029 4492 quibus
3051 4438 3154 4477 non
3183 4434 3259 4478 est
3296 4422 3500 4476 intelle-

251 4516 307 4562 et
337 4508 404 4562 de
432 4508 525 4563 Dei
562 4509 934 4564 misericordia
965 4527 1243 4580 nunquam
1280 4512 1588 4581 desperare.
1626 4509 1818 4564 Senio-
1852 4502 1895 4557 Ι)
1924 4527 2058 4569 ctus.
2089 4514 2192 4569 Sed
2224 4516 2477 4568 lwtamini
2507 4517 2559 4569 in
2590 4514 2836 4578 Domino,
2878 4527 2925 4568 et
2970 4516 3232 4569 exsultate
3263 4515 3421 4584 justi,
3449 4523 3501 4568 et

253 4617 342 4655 res
370 4602 637 4662 venerari,
660 4612 714 4656 et
747 4602 990 4670 juniores
1015 4603 1257 4672 diligere.
1291 4601 1609 4673 Episcopos,
1644 4615 1822 4656 sacer-

254 4693 409 4748 dotes
439 4709 589 4755 suos,
622 4708 685 4746 ac
714 4701 938 4748 cunctos
963 4693 1203 4764 reliquos
1235 4693 1489 4750 Ecclesia:
1516 4694 1819 4758 ministros,

255 4793 419 4855 atque
447 4800 659 4840 omnem
684 4787 892 4854 plebem
916 4786 1015 4842 sibi
1045 4787 1412 4850 commissam,
1445 4788 1608 4841 verbo
1636 4787 1822 4841 divino

252 4887 309 4930 et
339 4877 590 4933 mandato
618 4880 886 4933 instruxere
917 4895 978 4934 ac
1009 4880 1260 4950 dirigere,
1308 4880 1514 4950 hosque
1542 4895 1734 4934 omnes
1767 4885 1822 4934 et

255 4982 444 5023 eorum
485 4971 770 5039 episcopos
801 4979 911 5024 tota
934 4955 1328 5025 animi‘virtute
1356 4971 1579 5040 diligere
1605 4978 1661 5023 ut
1691 4986 1823 5024 ocu-

275 5075 339 5114 os
384 5076 534 5124 suos,
585 5061 710 5130 quia
740 5063 882 5116 oculi
919 5073 1045 5116 sunt
1072 5041 1307 5117 illorum.
1343 5063 1363 5092 ⁸
1386 5062 1584 5115 Eorum
1622 5077 1823 5131 praece-

256 5152 364 5221 ptis
404 5153 457 5206 in
490 5154 750 5209 omnibus.
775 5154 1012 5217 obedire,
1058 5156 1271 5209 etiamsi
1323 5155 1423 5222 ipsi
1461 5155 1639 5216 aliter,
1672 5153 1817 5222 quod

257 5245 433 5299 absit!
469 5253 649 5313 agant,
690 5261 956 5300 memores
980 5247 1186 5301 scilicet
1206 5247 1351 5300 illius
1374 5245 1639 5300 Dominici
1680 5260 1819 5314 prae-

259 5336 402 5407 cepti
439 5356 450 5389 :
485 5337 614 5402 Quae
645 5336 845 5405 dicunt,
870 5339 1026 5406 facile
1057 5354 1076 5391 :
1105 5356 1219 5409 qua:
1247 5349 1420 5392 autem
1469 5337 1689 5406 faciunt,
1732 5337 1818 5405 fa-

329 5535 376 5565 "
394 5533 554 5588 malo.
620 5537 662 5567 ⁹τ
689 5552 807 5603 cap.
842 5555 877 5596 ν,
904 5540 988 5590 ll.

261 5604 908 5666 ’Castitatem,ilanis.c.
978 5607 1043 5659 "l
1106 5607 1262 5660 Joan.
1313 5610 1507 5668 111,13.

260 5675 363 5734 sub
411 5673 754 5743 Symmacho.
831 5681 850 5706 "
879 5678 1140 5742 portandi.
1221 5677 1238 5705 ’
1285 5695 1362 5730 ac.

263 5753 317 5802 Ei.
381 5745 434 5777 '"
460 5745 624 5816 Ecvli.
662 5761 696 5806 I,
744 5745 829 5808 1⁸2,
861 5748 945 5800 15,
1027 5748 1066 5778 ³⁵
1109 5747 1273 5800 Eccli.
1310 5764 1368 5808 ιι,
1413 5749 1479 5802 lii
1508 5760 1557 5800 ct
1590 5765 1699 5816 scq.

265 5818 354 5876 13.
429 5819 465 5848 ⁸⁷
501 5813 641 5871 Paul.
674 5829 819 5880 uxr,
856 5818 908 5881 9,
951 5818 1035 5872 11.
1117 5817 1158 5847 ³⁸
1190 5816 1319 5873 Luc.
1362 5835 1478 5882 :tm,
1522 5820 1591 5872 “29

1442 5682 1480 5708 ¹⁰
1513 5679 1696 5733 Matth.
1745 5698 1811 5745 x;
1845 5681 2074 5735 an.\‘l-
2138 5685 2250 5739 “c.
2295 5688 2326 5740 4
2388 5686 2519 5756 Reg.
2559 5686 2614 5740 S.
2659 5686 2952 5742 Benedicti.
3032 5689 3045 5717 ¹

1508 5760 1557 5800 t't
1590 5765 1699 5802 ΞΟΠ.
1823 5751 2042 5802 ¹⁸Ῥ5;11.
2081 5770 2267 5802 xxxm-
2304 5757 2388 5802 Η,
2469 5760 2510 5788 ω
2537 5757 2691 5802 Jnan
2716 5773 2809 5802 χιι-
2847 5759 2933 5802 33’-
3031 5759 3045 5789 ¹

1693 5793 1699 5804 .
1823 5758 2042 5803 ’⁸⁸1)δ;11.
2081 5770 2268 5815 xxxnt.
2304 5758 2388 5812 1‘2.

1693 5821 1730 5850 ¹⁹
1807 5815 2066 5888 Πειόσηὶι.
2107 5837 2176 5878 ιγ.

1925 4609 2228 4679 gloriamini
2268 4625 2442 4662 omnes
2466 4609 2594 4661 recti
2635 4607 2788 4662 corde
2814 4608 2877 4661 ιτ.
2921 4607 3061 4673 Quia
3106 4606 3258 4659 multi
3298 4606 3499 4660 venient

1927 4701 1991 4753 ab
2021 4703 2220 4754 oriente
2261 4709 2310 4753 et
2351 4701 2650 4764 occidente,
2686 4696 2914 4754 Domino
2966 4698 3202 4761 dicente,
3244 4708 3297 4752 et
3335 4713 3364 4751 a
3411 4714 3502 4753 se-

1926 4796 2230 4861 ptentrione
2259 4800 2418 4862 atque
2443 4793 2686 4870 meridie,
2710 4803 2760 4846 et
2778 4790 3068 4845 rec-umbem
3092 4807 3208 4843 runt
3230 4790 3503 4843 Abraham

1925 4891 1976 4935 et
2021 4881 2180 4936 Isaac
2227 4892 2276 4937 et
2299 4882 2548 4938 Jacob".
2601 4871 2831 4952 Propler
2865 4883 3007 4953 quod
3030 4883 3093 4944 “,
3130 4873 3393 4952 deprecor
3422 4891 3500 4946 te,

1925 4973 2092 5028 frater
2123 4975 2466 5042 charissime,
2494 4983 2552 5031 ut
2597 4973 2792 5028 doceas
2836 4975 3095 5029 attentius
3125 4975 3268 5028 hunc
3300 4976 3499 5044 prmdi-

1923 5067 2154 5122 cationis
2181 5067 2423 5122 ordinem
2472 5075 2525 5122 et
2552 5067 3111 5128 absolutionumdies,
3138 5074 3196 5120 ut
3221 5067 3496 5121 salventur

1920 5157 2114 5212 anima)
2157 5159 2458 5222 hominum,
2509 5174 2628 5228 qua:
2674 5158 2888 5212 occulta
2937 5156 3030 5211 Dei
3074 5158 3296 5218 virtute,
3332 5173 3492 5225 quem

1919 5247 2153 5304 debeant
2181 5249 2424 5320 diligere,
2455 5242 3130 5320 priusquam'doceantur,
3165 5256 3489 5318 agnoscunt.

1918 5338 2157 5409 Operam
2189 5356 2318 5398 vero
2350 5343 2489 5397 ratio
2523 5343 2776 5412 potestati
2805 5354 2858 5397 et
2889 5342 3112 5397 arbitrio
3139 5341 3491 5408 uniuscujus-

1064 5537 1108 5568 ⁹⁸
1136 5536 1437 5591 altribttere.
1506 5539 1550 5569 99
1580 5541 1813 5606 applicet.
1894 5544 1961 5574 ¹⁰⁰
1982 5541 2203 5599 Dcnt.v.
2283 5547 2296 5576 ¹
2326 5541 2360 5596 ι.
2387 5561 2439 5598 se
2465 5542 2652 5609 solum,
2677 5557 2748 5600 ita
2781 5564 2882 5602 ms.
2902 5546 3041 5602 Just.
3121 5547 3486 5612 ‘pm’tendere.

1106 5607 1262 5660 1011".
1313 5625 1390 5665 111.
1427 5610 1507 5661 13.
1612 5612 1631 5640 ⁸
1656 5614 1706 5665 2.
1737 5628 1790 5665 (ι.
1824 5612 1875 5665 ’ἵν
1911 5614 2243 5665 δαίὍΓίλοτϐέ.
2399 5619 2417 5644 δ
2447 5617 2630 5665 Matth-
2661 5634 2826 5665 -κχιιι,
2867 5620 2920 5665 5.
2996 5619 3011 5647 ⁷
3039 5617 3204 5665 Contr.
3242 5616 3404 5665 1min;
3435 5632 3486 5665 γ-

1656 5614 1706 5673 2,
1737 5628 1790 5674 (ι.
1824 5612 1875 5666 ’ἵν
1911 5614 2243 5667 Sacerdotem

2996 5619 3011 5647 ⁷
3039 5617 3204 5670 Cone.
3241 5616 3404 5669 Rom;
3435 5632 3486 5674 γ,

3099 5703 3217 5755 quo.
3301 5687 3341 5716 ⁸³
3365 5700 3486 5753 (τῳ.

3031 5758 3093 5789 ¹⁶⁶
3118 5756 3244 5811 Psal
3292 5770 3487 5822 nun,

2399 5619 2417 5644 “
2447 5617 2630 5670 Matth.
2661 5634 2826 5677 XXIII,
2867 5620 2920 5672 5.

2469 5760 2510 5788 “‘
2537 5757 2692 5812 Joan.
2716 5773 2810 5821 xu,
2847 5759 2934 5814 33.
