4096 6318
627 431 734 487 885

1438 429 1493 486 s.
1528 430 1919 485 CLEMENTIS
1955 431 1970 483 ι
2011 416 2174 487 non.
2217 429 2416 484 pom.
2458 426 2681 484 OPERA
2720 426 2941 479 DUBIA.
3759 422 3849 479 tsi

626 559 734 616 que
765 543 1117 614 permittitur,
1150 552 1204 597 et
1234 543 1338 597 hoc
1363 544 1604 612 ipsorum
1634 553 1718 600 est
1765 546 2066 614 proprium.
2092 545 2192 600 De-
2218 555 2266 611 Α
2297 546 2413 599 sine
2449 513 2613 596 dubio
2657 551 2710 596 et
2749 545 2900 596 vacui
2941 544 3007 596 ab
3062 543 3313 612 operibus
3352 543 3508 596 bonis
3563 558 3852 612 pergcmus

620 636 885 691 siderium
932 651 1060 688 vero
1091 636 1287 690 habere
1316 652 1442 706 erga
1479 637 1752 692 doctorem
1793 639 2057 702 veritatis,
2090 639 2192 692 hoc
2293 636 2361 688 ad
2426 633 2616 699 Deum,
2663 635 2754 687 ubi
2794 634 3062 703 judicium
3107 650 3328 704 Operum
3377 643 3686 688 nostrorum
3739 637 3847 712 det.

621 741 651 777 a
703 724 864 780 Patre
906 726 1115 781 cmlesti
1146 725 1404 780 donatum
1433 735 1532 782 est.
1567 726 1669 782 Sed
1701 730 1850 784 salus
1889 729 1942 782 in
1975 743 2040 783 eo
2084 738 2188 794 est,

622 825 681 870 ut
712 817 1045 871 voluntatem
1093 817 1236 886 ejus,
1275 819 1433 886 cujus
1469 835 1708 874 amorem
1757 829 1811 875 et
1836 821 2186 886 desiderium,

626 905 738 960 Deo
791 907 1072 977 largiente,
1102 910 1436 978 conceperis,
1460 910 1662 976 facias;
1698 927 1766 966 ne
1781 913 2188 966 dicatursermo

622 999 742 1066 ejus
774 999 838 1052 ad
872 1015 992 1063 nos,
1023 1016 1182 1070 quem
1211 1001 1350 1055 idctn
1374 1001 1511 1055 dixit
1540 1021 1552 1054 :
1589 1001 1728 1068 Quid
1749 1014 1922 1056 autent
1950 1021 2028 1057 me
2056 1003 2188 1058 dici-

628 1093 718 1155 tis,
747 1089 990 1154 Domine,
1020 1091 1258 1156 Domine,
1294 1102 1344 1146 et
1377 1111 1478 1146 non
1506 1094 1684 1161 facitis
1716 1111 1830 1163 qua:
1853 1095 1971 1148 dico
1991 1095 2071 1147 ὀἳ
2093 1095 2186 1150 Est

623 1195 754 1249 ergo
788 1183 988 1251 proprii
1033 1185 1292 1249 muneris,
1355 1193 1412 1238 ut
1466 1187 1841 1256 unusquisque
1882 1188 1972 1249 sit,
2025 1198 2185 1256 prout

626 1271 886 1329 Dominus
928 1283 1113 1330 noster
1140 1276 1366 1340 dederit,
1394 1277 1664 1346 perfectus
1690 1277 1741 1330 in
1775 1277 2034 1341 Ecclesia,
2059 1279 2184 1331 mit—

623 1371 853 1435 tensque
890 1367 1097 1421 semina
1124 1367 1331 1432 divina,
1361 1377 1420 1422 ut
1446 1369 1512 1424 de
1543 1369 1719 1432 nobis,
1754 1385 1858 1424 non
1893 1371 2182 1439 praedictus

622 1470 826 1520 sermo,
859 1456 954 1510 sed
987 1458 1075 1513 ille
1103 1459 1336 1524 dicatur;
1365 1476 1522 1528 quem
1548 1461 1676 1513 alibi
1709 1460 1968 1514 Dominus
1999 1470 2183 1516 noster

621 1545 802 1600 dixit:
858 1547 1007 1611 Ideo,
1059 1551 1256 1620 inquit,
1299 1553 1466 1605 omnis
1501 1550 1675 1604 scriba
1717 1552 1900 1604 doetus
1932 1553 1986 1604 in
2028 1569 2181 1616 regno

620 1636 894 1703 caelorum,
923 1641 1116 1694 similis
1139 1652 1216 1694 est
1249 1643 1443 1696 homini
1487 1643 1888 1710 patrifamilias,
1926 1645 2014 1713 qui
2053 1660 2181 1712 pro-

622 1728 724 1796 fert
746 1728 810 1782 de
833 1730 1075 1785 thesauro
1101 1749 1196 1785 suo
1221 1751 1352 1787 nova
1379 1743 1427 1787 et
1454 1743 1622 1788 cetera
1640 1735 1703 1788 ".
1743 1727 1932 1789 Nullus
1967 1751 2096 1805 ergo
2113 1738 2178 1802 ",

624 1819 822 1887 inquit,
857 1821 1114 1893 impediat
1142 1826 1408 1890 ordinem,
1441 1834 1533 1880 aut
1565 1828 1740 1880 locum
1777 1834 2003 1895 occupet
2039 1829 2179 1880 irra-
2206 1849 2216 1856 ·

620 1910 1398 1986 tionabiliter,.vel.temporum
1418 1924 1684 1987 permutet
1706 1919 1872 1983 vices;
1897 1923 1990 1973 sed
2012 1919 2186 1987 primo

619 2016 742 2070 qua!
769 2003 842 2057 sit
865 2004 1080 2072 justitia
1108 2007 1248 2077 ejus,
1288 2025 1407 2078 qua:
1431 2009 1705 2072 voluntas,
1735 2009 2094 2078 requiramus,
2127 2019 2186 2063 ut

622 2093 782 2147 bonis
812 2097 1070 2163 Operibus
1092 2113 1155 2152 ac
1184 2098 1276 2154 Dei
1308 2101 1480 2170 gratia
1512 2102 1836 2170 repleamur.
1863 2099 2006 2155 Deus
2041 2103 2184 2155 enim

621 2181 709 2237 his
746 2186 840 2254 qui
875 2196 1022 2243 recte
1061 2193 1304 2246 sentiunt
1373 2202 1425 2248 et
1473 2194 1612 2247 bona
1653 2201 1820 2262 agunt
1868 2199 2184 2261 praestoest.

619 2276 880 2342 quoniam
913 2279 1001 2334 hic
1031 2283 1343 2337 manifestat
1373 2284 1630 2352 seipsum.
1664 2282 1797 2336 Nam
1827 2284 1874 2338 si
1905 2283 2028 2353 quis
2057 2285 2185 2338 velit

619 2363 940 2436 (antequam
970 2379 1124 2426 actus
1168 2388 1297 2427 suos
1335 2373 1604 2443 emendet)
1648 2373 1715 2427 de
1751 2372 1836 2427 his
1879 2374 2176 2441 requirere,

622 2467 742 2520 qua
763 2474 871 2512 non
905 2468 1081 2528 potest
1109 2463 1371 2526 invenire,
1396 2465 1562 2517 stulta
1591 2471 1645 2516 et
1672 2463 1912 2518 ineilicax
1938 2465 2042 2518 erit
2078 2465 2178 2518 bu-

615 2544 857 2613 jusmodi
902 2550 1204 2620 inquisitio.
1247 2551 1483 2623 Tempus
1527 2555 1672 2607 enim
1724 2554 1886 2609 breve
1907 2562 2092 2620 est,et
2123 2557 2177 2610 in

611 2637 822 2705 judicio
847 2640 938 2694 Dei
956 2652 1230 2711 gestorum
1255 2659 1420 2700 causa
1444 2647 1638 2714 agitur,
1663 2647 2174 2715 non'quaestionum.

616 2725 850 2799 Ideoque
878 2741 1004 2786 ante
1030 2736 1211 2788 omnia
1261 2736 1362 2790 hoc
1405 2752 1734 2805 quaeramus,
1780 2737 1912 2807 quid
1954 2752 2056 2791 nos
2090 2747 2183 2792 aut

615 2821 850 2888 qualiter
870 2839 1036 2893 agere.
1055 2835 1320 2895 oporteat,
1351 2836 1411 2882 ut
1440 2840 1695 2882 aternam
1725 2829 1890 2883 vitam
1915 2829 2177 2898 consequi

615 2924 945 2969 mereamur.
980 2914 1114 2969 Nam
1157 2917 1202 2972 si
1233 2919 1486 2988 exiguum
1518 2919 1620 2972 hoc
1666 2929 1878 2988 tempus
1914 2920 2037 2973 vitae.
2083 2933 2179 2988 per

617 3002 808 3068 inanes
837 3019 1166 3076 occupamus
1211 3017 1265 3063 et
1306 3009 1525 3064 inutiles
1578 3011 1930 3079 quaestiones,
1980 3010 2174 3065 inanes

633 3173 1526 3199 M—

2292 727 2639 796 Unaquaeque
2665 728 2861 780 etenim
2893 741 2977 780 res
3000 741 3156 779 suum
3203 735 3409 794 tempus
3460 725 3616 778 habet
3667 733 3720 778 et
3772 727 3853 779 lo-

2289 834 2433 872 cum.
2459 819 2504 848 "
2545 817 2779 889 Operum
2823 818 2910 870 hic
2952 818 3125 878 locus,
3164 816 3264 869 hoc
3297 807 3509 884 tempus
3537 824 3651 883 est;
3685 818 3852 869 meri-

2288 916 2491 972 torum,
2525 910 2782 963 sreculum
2809 908 3068 961 futurum.
3099 906 3363 960 Curratur
3389 909 3552 976 igitur
3580 923 3677 975 per
3706 908 3848 961 viam

2287 1000 2664 1054 mandatorum
2695 1000 2810 1062 Dei,
2841 1010 2892 1053 et
2923 1014 2951 1050 a
2982 1001 3261 1053 beatorum
3314 1009 3701 1068 praeceptorum
3743 999 3850 1052 Do-

2283 1091 2419 1143 mini
2470 1091 2757 1154 institutis,
2797 1099 2849 1144 et
2881 1106 2909 1142 a
2951 1089 3184 1160 Spiritus
3230 1091 3400 1144 sancti
3443 1091 3689 1145 doctrina
3738 1105 3846 1143 non

2285 1180 2590 1234 recedatur.
2620 1182 2959 1251 Quapropter
2986 1181 3338 1250 praaparanda
3369 1189 3495 1235 sunt
3537 1181 3702 1236 corda
3751 1197 3848 1234 no-

2284 1280 2397 1325 stra
2424 1287 2487 1326 ac
2514 1288 2762 1341 corpora,
2807 1282 3007 1326 sanctae
3042 1273 3418 1325 mandatorum
3447 1274 3564 1340 ejus
3595 1288 3849 1328 suorum-

2283 1378 2389 1431 que
2436 1365 2817 1434 episcoporum
2884 1379 2947 1416 ac
3002 1362 3475 1442 prmdicatorurn“
3529 1363 3851 1417 obedientiaa

2283 1453 2616 1519 militatura,
2669 1464 2730 1508 ut
2772 1470 2881 1509 suae
2927 1456 3113 1524 gratia!
3153 1453 3340 1522 jubeat
3388 1454 3543 1508 nobis
3584 1455 3851 1507 auxilium

2282 1547 2613 1610 ministrari;
2637 1556 2690 1600 et
2719 1547 2986 1616 fugientes
3009 1547 3268 1615 gehennae
3299 1561 3537 1615 pinnam,
3565 1545 3632 1598 ad
3679 1547 3848 1599 vitam

2281 1638 2558 1692 valeamus
2580 1653 2769 1692 omnes
2798 1639 3079 1706 pervenire
3109 1645 3390 1691 aeternzun.

2352 1727 2396 1757 "
2423 1727 2545 1782 llaec
2577 1728 2779 1797 itaque,
2813 1727 2979 1780 frater
3011 1728 3337 1781 charissime
3381 1727 3604 1792 Jacobe,
3644 1728 3714 1782 ab
3751 1742 3851 1782 ore

2285 1821 2460 1874 sancti
2506 1817 2648 1872 Petri
2689 1819 2930 1886 jubentis
2984 1819 3187 1886 accepi,
3233 1819 3458 1886 tibique,
3498 1827 3555 1872 ut
3596 1819 3849 1888 eptabas,

2287 1911 2565 1965 insinuare
2614 1911 2820 1975 studui,
2879 1919 2936 1962 ut
2973 1910 3198 1974 ,servari
3256 1911 3438 1961 omnia
3495 1909 3854 1964 immaculata

2286 2004 2588 2072 praecipias,
2627 2003 2756 2072 quia
2790 2001 3161 2056 ecclesiastica
3198 2016 3302 2054 non
3332 2010 3541 2070 Oportet
3572 2002 3855 2071 negligen-

2281 2103 2384 2158 ter,
2416 2095 2509 2149 sed
2539 2095 2823 2164 diligenter
2852 2095 3052 2162 expleri
3085 2095 3320 2162 negotia.
3375 2093 3497 2147 Haec
3533 2109 3663 2163 ergo
3711 2109 3859 2162 prae-

2285 2193 2440 2254 cepta
2490 2202 2650 2241 nemo
2695 2186 2883 2240 credat
2925 2185 3128 2254 absque
3165 2187 3250 2239 sui
3294 2186 3533 2257 periculo
3580 2186 3857 2255 negligere

2286 2278 2370 2329 vel
2404 2277 2772 2337 dissimulare,
2821 2276 2948 2344 quia
2995 2277 3048 2329 in
3081 2276 3291 2344 judicio
3339 2275 3431 2330 Dei
3475 2276 3616 2345 ignis
3658 2278 3853 2330 aeterni

2284 2366 2552 2420 tormenta
2577 2367 2908 2435 jsustinebit,
2950 2368 3040 2435 qui
3081 2368 3451 2421 ecclesiastica
3497 2368 3714 2421 decreta
3753 2384 3857 2421 ne-

2283 2459 2526 2526 glexerit.
2560 2457 2661 2524 Qui
2685 2474 2812 2512 vero
2838 2465 2888 2511 te
2906 2459 3162 2532 audierit,
3187 2469 3244 2513 ut
3274 2458 3518 2527 jusserat
3540 2461 3788 2513 minister
3805 2460 3856 2490 "

2282 2549 2485 2604 Christi
2507 2549 2657 2612 Iesu,
2692 2551 2914 2619 gloriam
2941 2549 3188 2618 accipiet.
3219 2549 3320 2615 Qui
3345 2558 3521 2604 autem
3547 2557 3598 2604 te
3618 2567 3726 2604 non
3751 2567 3855 2604 au-

2285 2641 2465 2706 dierit,
2496 2642 2605 2694 imo
2648 2641 2952 2708 loquentem
3003 2638 3286 2709 Dominum
3335 2657 3429 2711 per
3459 2648 3534 2704 te,
3580 2641 3696 2709 ipse
3743 2643 3854 2694 sibi

2281 2733 2681 2788 damnationem
2701 2731 2946 2801 accipiet.
2962 2717 3276 2786 Curandum
3291 2733 3334 2764 ⁸⁷
3357 2749 3484 2802 ergo
3499 2739 3551 2786 et
3567 2732 3855 2786 attenden-

2277 2826 2405 2881 dum
2434 2835 2517 2879 est
2545 2823 2701 2878 nobis
2731 2822 3004 2884 omnibus,
3026 2823 3168 2892 quod
3191 2824 3245 2877 in
3263 2833 3579 2893 perpetuum
3606 2824 3849 2892 expedit,

2280 2926 2337 2972 ut
2357 2917 2555 2973 Christi
2585 2913 2932 2984 passionibus
2959 2929 3052 2982 per
3074 2914 3406 2984 patientiam
3430 2901 3850 2986 participemus,

2280 3017 2446 3080 atque
2468 3007 2625 3079 regni
2658 3006 2781 3074 ejus
2824 2990 3127 3059 mereamur
3167 3023 3288 3063 esse
3314 3017 3617 3065 consortes.
3645 3009 3845 3062 Amen.

1773 3304 2356 3398 EPISTOLA
2391 3289 2438 3322 ’⁸
2532 3308 2666 3395 ΙΙ.

1602 3495 1709 3556 AD
1743 3496 2111 3561 JACOBUM
2156 3500 2543 3563 FRATREM
2584 3502 2902 3568 DOMINI.

1801 3657 1879 3711 De
1905 3660 2132 3714 sacratis
2159 3662 2388 3717 vestibus
2417 3672 2468 3717 et
2503 3664 2660 3718 vasis.

690 3924 934 3981 Cianus
984 3927 1030 3958 ”
1069 3924 1329 3982 Romanis
1377 3924 1636 3982 Ecclesia:
1695 3926 1931 3997 presul,
1976 3926 2176 3983 Jacoso
2202 3937 2244 3994 C
2277 3930 2404 3986 Jesu
2437 3929 2639 3985 Christi
2692 3931 2738 3986 si
2771 3932 3101 4003 negligenter
3144 3941 3416 4002 erogetur,
3461 3941 3515 3987 et
3552 3933 3843 4004 presbyter

616 4015 1115 4088 Hierosolymorum
1147 4019 1422 4087 episcopo.

687 4111 732 4142 ⁸⁸
761 4108 1057 4176 Quoniam,
1089 4111 1230 4164 sicut
1253 4127 1283 4163 a
1311 4110 1472 4165 beato
1494 4109 1925 4180 Petro‘apostolo
1955 4112 2173 4182 accepi-

613 4215 759 4265 mus,
790 4201 1034 4256 omnium
1067 4201 1437 4270 apostolorum
1469 4202 1648 4266 Patre,
1682 4203 1773 4270 qui
1811 4203 1992 4256 claves
2020 4205 2173 4273 regni

611 4291 856 4345 calestis
887 4292 1115 4361 accepit,
1143 4292 1376 4361 qualiter
1403 4299 1586 4346 tenere
1614 4292 1873 4347 debemus
1897 4292 1963 4348 de
1993 4307 2176 4348 sacra-

611 4381 830 4445 utentis,
863 4396 982 4451 quae
1011 4389 1274 4450 geruntur
1307 4379 1363 4436 in
1404 4385 1634 4448 sanctis,
1667 4393 1718 4438 te
1755 4399 1820 4438 ex
1849 4384 2039 4440 ordine
2075 4400 2175 4440 nos

626 4469 770 4526 lecet
801 4471 1092 4525 instruere.
1129 4471 1171 4503 “
1193 4470 1394 4527 Tribus
1421 4474 1566 4527 enim
1595 4473 1852 4543 gradibus
1882 4477 2176 4531 commissa

613 4571 743 4619 sunt
808 4570 1150 4618 sacramenta
1191 4563 1506 4620 divinorum
1560 4573 1934 4631 secretorum,
1987 4569 2040 4623 id
2092 4577 2176 4625 est

613 4654 956 4726 presbytero,
990 4653 1224 4710 diacono
1264 4663 1317 4709 et
1341 4655 1598 4712 ministro
1611 4657 1676 4724 ⁸³,
1708 4657 1802 4727 qui
1829 4673 1952 4712 cum
1982 4661 2177 4716 timore

613 4750 670 4798 et
715 4752 951 4798 tremore
1011 4745 1365 4810 clericorum,
1402 4746 1688 4822 .reliquias
1747 4746 2171 4818 fragmentorum

612 4836 862 4905 corporis
907 4835 1175 4892 Dominici
1216 4837 1493 4893 custodire
1525 4839 1759 4902 debent,
1802 4854 1871 4894 ne
1917 4855 2023 4910 qua
2067 4856 2170 4910 pu-

609 4927 770 4984 tredo
826 4928 884 4983 in
927 4930 1171 4984 sacrario
1224 4929 1530 4985 inveniatur
1579 4945 1648 4985 ne
1675 4944 1798 4984 cum
1842 4931 2174 5000 negligenter

611 5013 875 5090 igitur”,
900 5020 1137 5088 portioni
1169 5021 1415 5090 corporis
1452 5017 1662 5075 Domini
1700 5021 1882 5090 gravis
1907 5021 2173 5076 inferatur

2285 4015 2496 4074 minora
2526 4035 2635 4073 non
2670 4030 2824 4076 curet
2856 4023 3149 4076 admonere
3185 4022 3386 4085 ollicia,
3419 4022 3569 4091 gravi
3609 4024 3840 4078 anathe-

2283 4119 2427 4165 mate
2457 4112 2501 4142 “
2529 4118 2583 4166 et
2607 4112 2767 4180 digna
2797 4112 3191 4166 humiliationis
3221 4114 3372 4181 plaga
3403 4112 3646 4167 feriatur.
3677 4113 3840 4168 Certe

2281 4209 2434 4254 tanta
2470 4202 2525 4255 in
2566 4202 2610 4232 ⁸⁸
2649 4203 2843 4255 altario
2891 4202 3206 4257 boloeausta
3253 4202 3578 4267 offerantur,
3629 4213 3838 4274 quanta

2279 4293 2483 4363 populo
2513 4291 2757 4348 sufﬁcere
2798 4294 3045 4348 debeant.
3087 4293 3240 4358 Quod
3282 4295 3326 4348 si
3363 4295 3745 4360 remanserint,
3777 4295 3838 4349 in

2281 4385 2581 4441 crastinum
2613 4384 2657 4414 ³⁸
2683 4400 2790 4438 non
2831 4393 3210 4449 reserventur,
3251 4383 3344 4438 sed
3394 4398 3516 4436 cum
3554 4384 3747 4438 timore
3779 4392 3838 4438 et

2277 4485 2534 4540 tremore,
2585 4476 2906 4530 clericorum
2955 4474 3231 4543 diligentia
3270 4485 3686 4529 consumantur.
3728 4474 3835 4540 Qui

2277 4575 2458 4622 autem
2499 4567 2714 4622 residua
2762 4567 3008 4634 corporis
3056 4564 3289 4630 Domini,
3326 4581 3446 4634 qua
3491 4564 3547 4618 in
3590 4567 3835 4620 sacrario

2276 4659 2463 4713 relicta
2499 4666 2645 4721 sunt,
2671 4658 2713 4688 ⁸⁷
2739 4663 3087 4720 consumunt,
3119 4672 3226 4710 non
3255 4657 3438 4711 statim
3481 4657 3548 4710 ad
3586 4671 3834 4710 commu-

2276 4765 2374 4804 nes
2429 4748 2773 4818 accipiendos
2825 4748 2980 4802 cibos
3033 4747 3392 4812 conveniant;
3445 4761 3515 4800 ne
3555 4745 3599 4778 ³⁸
3636 4753 3832 4817 putent

2275 4851 2477 4896 sancta:
2521 4840 2755 4910 portioni
2794 4839 3134 4894 commisceri
3166 4839 3368 4901 cibum,
3400 4840 3491 4907 qui
3525 4854 3621 4908 per
3658 4855 3832 4909 aqua-

2275 4933 2469 4988 liculos
2519 4932 2779 5003 digestus,
2832 4931 2885 4984 in
2940 4946 3216 4986 secessum
3270 4929 3530 4985 funditur.
3584 4929 3642 4983 Si
3698 4947 3829 5002 ergo

2273 5034 2434 5074 mane
2487 5018 2764 5074 Dominica
2803 5021 2977 5088 portio
3017 5019 3218 5080 editur,
3271 5033 3442 5088 usque
3495 5020 3563 5074 ad
3615 5030 3829 5076 sextam

611 5109 836 5180 injuria.
885 5110 1212 5167 Communio
1256 5113 1404 5166 enim
1445 5111 1690 5183 corporis
1737 5109 1948 5166 Domini
1997 5113 2169 5168 nostri
2268 5111 2517 5182 jejunent
2566 5111 2802 5167 ministri
2848 5111 2940 5183 qui
2988 5125 3109 5166 eam
3151 5117 3631 5180 consumpserunt.
3677 5110 3744 5167 Et
3783 5115 3830 5168 si

685 5255 736 5287 “
768 5253 903 5312 Luc.
935 5269 1008 5320 vt,
1035 5253 1128 5309 46.

595 5326 643 5357 ⁸³
674 5325 874 5388 Clem.,
901 5339 988 5393 ep.
1019 5324 1075 5378 2.

595 5392 995 5464 antiquissimis
1017 5434 1032 5457 ,
1097 5392 1314 5464 titulUs_
1344 5404 1426 5448 est
1469 5411 1482 5446 :

1239 5254 1286 5288 "
1319 5252 1508 5308 Matth.
1542 5269 1664 5319 xm,
1685 5252 1776 5310 52.

1185 5325 1232 5356 "
1265 5324 1412 5378 utilis
1442 5323 1543 5377 erit
1591 5339 1662 5376 nt.
1696 5323 1752 5378 .I.
1794 5324 1856 5379 C.
1889 5334 1960 5381 et.

1891 5257 1936 5288 ³⁸
1969 5254 2240 5312 Recoanit.
2269 5257 2325 5311 2.

2079 5327 2122 5360 "’
2147 5327 2484 5381 currendum.

1539 5389 1677 5466 Item
1732 5396 1955 5466 epistola
2020 5408 2394 5466 praceptorum
2465 5395 2523 5450 S.
2586 5395 2867 5466 Clementis
2935 5389 3118 5466 Papia,
3183 5393 3382 5466 missa_
3412 5389 3612 5466 Δεξίορο

2437 5257 2484 5289 ³³
2508 5253 2703 5320 Clem.,
2743 5269 2829 5322 ep.
2861 5253 2914 5307 5.
3026 5251 3073 5284 ⁸⁸
3098 5250 3246 5321 praef.
3281 5249 3424 5323 Reg.’
3459 5239 3516 5307 S.
3560 5247 3838 5308 Benedicti

2593 5326 2639 5356 ’⁸
2669 5326 2724 5378 In
2762 5326 2930 5377 altero
2956 5338 2991 5390 re
3025 5338 3155 5376 mss.
3195 5324 3425 5386 nostris,
3473 5323 3564 5390 qui
3613 5334 3744 5376 sunt
3771 5337 3834 5390 ex

3673 5387 3842 5460 fratri

593 5460 832 5518 Domini.
898 5462 954 5517 ln
1011 5463 1182 5518 altero
1225 5480 1239 5517 :
1283 5460 1482 5532 Incipit
1542 5460 1833 5533 primafS.
1897 5460 2195 5521 Clementis
2240 5467 2461 5520 Romani
2523 5466 2592 5517 ad
2643 5463 2899 5517 Jacobum
2951 5460 3024 5515 de
3066 5463 3407 5533 sacramentis
3450 5462 3716 5533 Ecclesia.
3761 5462 3837 5513 lta

595 5533 950 5603 ﬂarduinus,
1009 5534 1101 5603 qui
1153 5549 1222 5589 ex

594 5602 794 5685 Iacobo
843 5602 1177 5685 chariss'irno.

594 5675 841 5727 diacono.

592 5734 898 5828 {ang-uiuis)
913 5739 1129 5828 Dmontini
1167 5740 1242 5796 Ν.
1381 5734 1463 5798 (ΣῘ
1483 5742 1757 5828 presnbyter
1785 5734 1996 5828 minerva
2034 5764 2134 5828 non
2173 5734 2344 5828 cura},
2385 5734 2496 5828 sic.
2602 5747 2646 5778 ”
2674 5734 2948 5828 egi-9.53:9
2986 5734 3064 5796 ex'
3093 5757 3156 5822 ο..

593 5811 918 5886 distincti,
949 5811 1136 5870 Tribus
1160 5812 1434 5886 gradibus,
1465 5811 1549 5873 vel
1583 5811 1748 5870 Tanta
1779 5816 1849 5871 in.
1879 5815 1946 5872 Et
1976 5817 2030 5874 in
2059 5817 2264 5873 θείνει.
2299 5815 2405 5874 Ινο.
2444 5817 2534 5873 lib.
2570 5831 2608 5871 ι.
2674 5811 2728 5846 ’³⁸
2757 5813 2858 5870 Ms.
2898 5813 2962 5867 In
2994 5812 3304 5869 crastinum.

594 5879 736 5938 loco.
812 5883 855 5914 ³⁸
884 5898 992 5940 nec.

1317 5533 1550 5588 redictis
1611 5532 1893 5590 codicibus
1954 5538 2057 5592 has
2115 5539 2388 5591 variantes
2448 5537 2708 5589 lectiones
2767 5533 3167 5586 animadvertit.

1372 5601 1448 5676 De
1470 5616 1701 5676 censeo.
1742 5604 1980 5676 distinct.
2021 5607 2090 5671 2,
2137 5606 2322 5660 Tribus
2363 5605 2630 5676 gradibus.

951 5672 996 5705 ⁸³
1032 5670 1328 5747 Ιέύρο-ςοά..
1385 5671 1511 5747 legit
1551 5691 1566 5726 :
1606 5681 1656 5747 et
1711 5675 1758 5729 si
1806 5676 2124 5747 negligenter
2177 5670 2382 5746 agendo
2429 5678 2722 5744 portionem
2778 5674 3010 5742 corporis
3051 5678 3268 5747 (manus
3305 5673 3540 5747 antiqua
3568 5671 3728 5727 ,addit
3786 5675 3833 5721 et

3277 5534 3321 5564 ”
3358 5531 3420 5587 C.
3483 5531 3548 5584 ll.
3591 5528 3841 5587 Clemens

2741 5604 2782 5635 ³⁸
2827 5603 3021 5656 llumb.
3062 5603 3181 5656 adv.
3225 5598 3486 5657 Nicetam.
3598 5601 3832 5668 "‘hypo-

3429 5743 3472 5773 ³⁸
3509 5741 3582 5795 De
3613 5753 3828 5795 consec.

2602 5747 2646 5778 ”
2674 5738 2948 5814 percussus
2986 5758 3052 5796 ex
3093 5757 3136 5796 c.
3181 5738 3318 5797 Just.
3429 5738 3472 5773 "
3509 5741 3582 5795 De
3613 5753 3806 5795 censet:

2602 5854 2608 5868 .
2685 5817 2728 5846 ³⁸
2757 5813 2858 5868 Ms.
2898 5813 2962 5867 In
2994 5812 3304 5868 crastinum.
3397 5811 3438 5844 ³⁷
3475 5811 3698 5868 ιιυωδ..
3740 5811 3806 5866 cit

3525 5825 3698 5879 umn.,
3740 5825 3829 5866 cu.
