4074 6330
206 449 314 504 ιδδ

1392 439 1750 499 EPISTOLIE
1791 440 1969 494 DECR
1980 436 2260 494 ETALES.

3342 432 3447 487 486

202 560 369 618 tertia
401 562 487 617 vel
514 568 707 631 quarta
735 561 870 615 hora
890 562 1217 633 acceperint,
1237 560 1483 631 jejunent
1510 572 1682 628 usque
1708 554 1774 609 ad
1802 560 1846 616 A
1877 560 2071 620 sceret,
2101 556 2146 608 si
2176 551 2411 606 mundus
2436 557 2579 606 esset
2608 566 2637 603 a
2666 550 2912 615 muliere,
2939 564 3063 604 cum
3092 564 3151 605 se
3180 549 3445 605 mundum

202 662 518 721 vesperam.
556 648 647 705 Sic
670 660 880 705 secreta
910 650 1339 705 sanctiﬁcatione
1360 659 1558 703 aeterna
1586 652 1773 701 custo-

200 741 409 795 dienda
452 749 580 796 sunt
622 749 980 796 sacramenta.
1016 739 1089 795 De
1120 740 1266 796 vasis
1300 755 1431 808 sane
1474 738 1649 795 sacris
1697 737 1771 790 ita

202 830 507 899 gerendum
550 836 634 886 est
665 845 679 883 :
714 830 916 883 Altaris
960 831 1131 901 palla,
1174 829 1431 884 cathedra
1467 828 1535 893 ”,
1566 827 1767 882 cande-

202 919 421 973 labrum
453 928 505 974 et
544 921 757 986 velum,
792 922 836 976 si
874 920 1076 975 fuerint
1121 927 1387 994 vetustate
1422 926 1770 987 consumpta,

203 1009 461 1063 incendio
491 1008 704 1075 dentur,
730 1010 986 1078 quoniam
1019 1025 1127 1063 non
1166 1009 1294 1063 licet
1317 1022 1380 1062 ea
1405 1023 1524 1077 qua:
1548 1007 1601 1060 in
1642 1021 1770 1060 san-

200 1098 421 1151 ctuario
441 1097 668 1163 fuerint,
694 1099 833 1152 male
862 1098 1104 1164 tractari,
1129 1097 1221 1152 sed
1245 1098 1495 1151 incendio
1518 1094 1768 1149 universa

202 1187 513 1242 tradantur.
565 1188 791 1243 Cineres
837 1202 1054 1259 quoque
1108 1203 1297 1243 eorum
1342 1188 1396 1241 in
1450 1185 1768 1255 baptisteria

201 1278 549 1343 inferantur,
584 1279 675 1333 ubi
722 1278 905 1333 nullus
956 1279 1245 1333 transitum
1292 1276 1508 1338 habeat,
1564 1282 1657 1329 aut
1712 1274 1768 1329 in

201 1369 432 1439 pariete,
459 1377 552 1422 aut
592 1368 647 1423 in
700 1368 865 1423 fossis
897 1368 1327 1438 pavimentorum
1368 1366 1666 1435 jactentur,
1699 1381 1768 1421 ne

184 1458 603 1527 introeuntium
648 1456 877 1527 pedibus
932 1458 1302 1528 inquinentur.
1358 1454 1527 1509 Nemo
1581 1470 1677 1523 per
1721 1454 1767 1485 ⁸⁸

196 1550 575 1619 ignorantiam
605 1547 836 1602 clericus
864 1548 1008 1617 palla
1040 1554 1313 1600 mortuum
1355 1543 1542 1600 credat
1580 1543 1768 1598 obvol-

199 1639 463 1702 vendum,
516 1644 610 1692 aut
653 1638 915 1694 diaconus
966 1639 1218 1708 scapulas
1269 1638 1482 1707 Operire
1522 1636 1652 1691 velit
1696 1636 1763 1699 “,

194 1742 319 1797 qua;
351 1727 456 1782 fuit
487 1730 541 1783 in
573 1730 749 1793 altari,
786 1736 878 1783 aut
914 1737 1060 1784 certe
1095 1744 1214 1799 qua:
1238 1727 1362 1782 data
1399 1736 1483 1782 est
1524 1728 1580 1781 in
1612 1742 1766 1781 men-

190 1832 315 1872 sam
345 1821 398 1849 δ’
436 1818 669 1874 Domini.
692 1820 797 1884 Qui
836 1820 950 1874 hrec
979 1820 1199 1886 fecerit,
1241 1820 1325 1874 vel
1376 1819 1568 1873 leviter
1606 1817 1762 1887 quasi

1874 650 1999 698 ante
2068 643 2307 697 triduum
2373 641 2757 711 proﬁteretur,
2816 654 2985 709 panes
3051 638 3445 709 prepositionis

1871 735 2235 791 manducavit.

1939 826 1985 866 '7
2024 826 2103 880 Ad
2138 825 2419 881 Domimca
2450 831 2630 879 autem
2677 824 2939 893 mysteria
2973 822 3113 877 tales
3146 824 3439 893 eligantur,

1870 917 1915 951 ⁸⁸
1936 919 2029 989 qui
2060 925 2185 973 ante
2225 918 2629 972 ordinationem
2662 928 2819 970 suam
2864 916 3127 984 conjuges
3173 931 3302 970 suas
3333 930 3440 969 non

1869 1008 2118 1063 noverint
2147 1008 2213 1061 ⁸⁸.
2258 1006 2415 1073 Quod
2464 1006 2509 1062 si
2548 1016 2671 1077 post
2720 1006 3151 1069 ordinationem,
3186 1008 3439 1061 ministro

1869 1098 2058 1153 altaris
2091 1098 2385 1169 contigerit
2420 1098 2702 1168 proprium
2726 1097 2986 1151 invadere
3018 1097 3197 1153 cubile
3228 1099 3435 1160 uxoris.

1868 1188 2094 1241 sacrarii
2137 1206 2246 1243 non
2295 1190 2461 1243 intret
2508 1188 2717 1253 limina,
2764 1203 2865 1242 nec
2912 1188 3169 1242 sacriﬁcii
3207 1190 3438 1258 portitor

1868 1278 1982 1345 ﬁat,
2013 1296 2114 1335 nec
2152 1282 2319 1336 altare
2348 1280 2647 1350 contingat,
2683 1296 2783 1335 nec
2810 1281 2877 1335 ab
2904 1280 3253 1337 offerentibus
3286 1282 3438 1337 holo-

1867 1370 2042 1427 causti
2078 1370 2409 1425 oblationem
2436 1370 2721 1445 suscipiat,
2766 1385 2866 1424 nec
2905 1372 2971 1425 ad
3020 1370 3285 1427 Dominici
3317 1389 3438 1427 cor-

1866 1459 2017 1530 poris
2047 1462 2405 1530 portationem
2430 1459 2475 1491 ⁶⁹
2511 1460 2757 1525 accedat,
2815 1476 2916 1514 nec
2944 1462 2986 1491 “
3025 1478 3221 1531 aquam
3253 1478 3437 1517 sacer-

1866 1550 2085 1604 dotibus
2136 1551 2376 1620 porrigat
2420 1550 2487 1603 ad
2540 1564 2759 1605 manus.
2808 1549 2966 1606 Ostia
3002 1551 3072 1581 θ’·
3128 1552 3435 1608 forinsecus

1865 1641 2103 1705 claudat,
2137 1642 2349 1695 minora
2385 1650 2536 1711 gerat
2563 1641 2759 1705 oﬁicia,
2803 1657 3029 1697 urceum
3060 1642 3177 1697 sive
3206 1644 3433 1698 calicem

1866 1731 1931 1785 ad
1961 1733 2155 1787 altare‘
2184 1746 2292 1785 non
2326 1732 2550 1787 suﬁerat
2581 1734 2648 1787 “.
2682 1730 2737 1787 Si
2787 1731 2929 1787 forte
2977 1734 3249 1803 quispiam
3303 1750 3430 1805 pre-

1867 1824 2070 1894 sbyter,
2104 1825 2218 1878 sive
2247 1824 2533 1888 diaconus,
2568 1825 2794 1880 sacrarii
2822 1824 3109 1898 sindpnem
3129 1825 3212 1879 vel
3229 1827 3430 1891 velum,

202 1908 341 1961 nihil
386 1918 440 1963 et
482 1908 820 1979 negligenter
866 1910 1118 1965 habuerit
1162 1910 1345 1964 divina
1377 1886 1649 1979 mysteria
1696 1907 1761 1970 ⁸³,
1795 1886 1837 1940 Β
1866 1886 2147 1971 subtracta
2177 1886 2570 1978 vendiderit,”
2586 1913 2738 1969 Judae
2764 1886 3044 1987 lscariotis
3069 1915 3267 1971 similis
3292 1886 3435 1971 msti;

196 1998 466 2055 diaconus
537 2000 795 2064 triennio,
851 2015 1053 2069 sexque
1098 2001 1377 2054 mensibus
1421 2013 1452 2053 a
1486 1998 1765 2053 Dominico

197 2090 414 2164 alienus
464 2100 572 2147 erit
620 2092 812 2160 altari,
862 2091 1015 2163 gravi
1054 2106 1349 2162 percussus
1393 2091 1759 2145 anathemate.

189 2184 355 2252 Quod
399 2184 449 2239 si
489 2185 748 2240 clericum
786 2186 1069 2254 presbyter
1119 2198 1227 2237 non
1276 2183 1668 2237 commonuerit
1695 2182 1760 2247 “,

194 2272 386 2329 decem
417 2274 578 2330 annis
601 2281 655 2329 et
682 2268 924 2345 quinque
953 2272 1231 2328 mensibus
1260 2272 1762 2327 excommunicatus

191 2366 306 2440 sit;
338 2374 625 2435 propterea
652 2364 809 2434 quod
827 2364 893 2419 de
924 2362 1223 2419 Dominicis
1255 2364 1611 2419 sacramentis
1637 2365 1763 2419 sub-

190 2454 338 2524 jeCta
387 2454 488 2509 sibi
540 2470 650 2510 non
683 2454 1087 2510 commonuerit
1132 2453 1457 2517 ministeria,
1490 2463 1544 2508 et
1572 2462 1761 2521 postea

186 2560 323 2601 cum
356 2545 547 2615 grandi
589 2544 903 2600 humilitate
944 2544 1103 2598 matri
1155 2542 1537 2599 reconcilietur
1570 2544 1759 2600 Eccle-

192 2637 312 2692 siae;
346 2634 744 2690 “Pallasvero
771 2645 832 2690 et
866 2635 1019 2700 vela,
1052 2651 1173 2705 qua:
1212 2635 1267 2688 in
1300 2636 1596 2691 sanctuarii
1635 2651 1760 2691 sor-

195 2726 382 2781 didata
416 2726 616 2783 fuerint
659 2726 983 2791 ministerio,
1038 2726 1254 2781 diaconi
1298 2741 1423 2780 cum
1466 2727 1761 2785 humilibus

193 2818 468 2874 ministris
504 2819 663 2888 juxta
692 2817 737 2849 “
767 2817 1067 2872 sacrarium
1099 2819 1311 2883 lavent,
1341 2832 1449 2873 non
1479 2819 1760 2889 ejiciente's

194 2907 345 2964 foras
394 2923 425 2961 a
470 2908 712 2964 sacrario
752 2908 1020 2963 velamina
1072 2908 1364 2964 Dominicae
1407 2925 1643 2975 mensae,
1692 2927 1760 2968 ne

192 3000 335 3056 forte
360 3001 540 3070 pulvis
576 3000 842 3054 Dominici
875 3000 1122 3070 corporis
1168 3001 1308 3055 male
1335 3001 1551 3056 decidat
1579 3017 1611 3055 a
1644 3004 1760 3058 sin-

183 3089 336 3146 done
368 3090 500 3146 foris
527 3090 733 3157 abluta,
763 3098 818 3146 et
848 3090 954 3146 erit
984 3089 1105 3169 hac
1144 3092 1391 3161 operanti
1420 3099 1703 3161 peccatum
1739 3112 1753 3148 :

1864 2007 2103 2061 mabitur
2143 2006 2207 2060 “.
2259 2008 2363 2071 Qui
2410 2016 2633 2078 pr0pter
2687 2007 3043 2076 cupiditatem
3094 2008 3282 2063 fecerit
3328 1990 3434 2062 hoc

1864 2109 2023 2165 opus,
2062 2096 2273 2151 noverit
2302 2111 2360 2150 se
2393 2096 2693 2167 supradicti
2721 2096 2875 2151 Iuda:
2918 2106 3299 2167 suscepturum
3323 2113 3436 2167 pa:-

1862 2200 1990 2239 nam
2020 2184 2083 2239 ⁶³.
2108 2183 2353 2239 Clericus
2399 2201 2530 2239 vero
2571 2186 2722 2241 solus
2754 2188 2823 2240 ad
2863 2186 3077 2242 feminae
3103 2188 3434 2243 tabernacu-

1862 2278 1974 2331 lum
2007 2290 2114 2330 non
2153 2275 2397 2354 accedat,
2430 2292 2530 2330 nec
2562 2284 2839 2345 properet,
2882 2278 3001 2331 sine
3042 2279 3271 2347 majoris
3300 2287 3431 2333 natu

1862 2367 2125 2439 principis
2160 2367 2427 2435 jussione.
2460 2366 2504 2398 “
2533 2365 2642 2421 Nec
2666 2368 2949 2438 presbyter
2980 2370 3131 2425 solus
3156 2384 3281 2422 cum
3314 2370 3428 2429 sola

1862 2457 2208 2527 adjungatur,
2259 2455 2353 2510 sed
2394 2453 2610 2509 duobus
2661 2454 2914 2508 adductis
2962 2454 3194 2509 testibus
3246 2456 3429 2510 visitet

1861 2548 2151 2601 inﬁrmam.
2177 2546 2287 2602 Nec
2326 2547 2478 2602 solus
2518 2560 2641 2599 cum
2683 2544 2799 2598 sola
2830 2542 3033 2597 femina
3064 2542 3279 2599 fabulas
3319 2546 3424 2599 mi—

1861 2647 2031 2695 sceat.
2056 2641 2098 2673 "
2130 2638 2240 2692 Nec
2263 2636 2683 2691 archidiaconus
2724 2643 2816 2688 aut
2848 2634 3137 2699 diaconus,
3170 2636 3272 2689 sub
3295 2652 3428 2705 prm-

1862 2740 2011 2787 textu
2066 2730 2224 2787 officii
2278 2730 2603 2787 humilitatis
2656 2728 2737 2793 ⁸⁸,
2785 2727 3099 2797 frequenter
3150 2726 3424 2782 domicilia

1861 2835 2255 2889 matronarum,
2283 2832 2375 2878 aut
2409 2821 2549 2877 forte
2586 2836 2681 2891 per
2710 2820 2940 2876 clericos
2967 2825 3059 2871 aut
3093 2819 3426 2876 domesticos

1859 2924 2000 3000 ejus,
2026 2931 2287 2976 matronae
2311 2919 2569 2973 mandent
2594 2916 2787 2971 secreti
2819 2916 2864 2947 "
2894 2914 3119 2985 aliquid.
3148 2914 3203 2968 Si
3235 2914 3426 2984 cogni-

1859 3026 1972 3071 tum
2006 3014 2192 3079 fuerit,
2240 3019 2294 3067 et
2349 3011 2440 3064 ille
2487 3008 2811 3077 deponatur,
2861 3014 2914 3062 et
2958 3006 3049 3067 illa
3078 3020 3109 3059 a
3144 3005 3425 3062 liminibus

1859 3114 2110 3163 arceatur
2137 3102 2411 3158 Ecclesia.
2456 3098 2563 3155 Sed
2605 3098 2653 3155 si
2696 3096 2835 3153 forte
2878 3097 3057 3167 aliqua
3101 3096 3424 3152 intercessio

185 3180 399 3236 idcirco
436 3183 589 3236 intra
613 3182 913 3237 sacrarium
945 3182 1211 3238 ministris
1241 3178 1606 3254 praecipimus,
1638 3185 1753 3241 haec
1780 3209 1821 3267 ο
1854 3198 2036 3265 ποθι-ξι,
2066 3194 2323 3266 episcopo
2347 3194 2685 3263 suggeratur.
2716 3187 2785 3241 Et
2812 3188 2856 3242 si
2887 3187 3012 3243 talis
3038 3194 3149 3250 est,
3172 3186 3423 3257 adquam

182 3282 385 3329 sancta
414 3274 457 3305 "
487 3288 612 3329 cum
640 3272 917 3343 diligentia
956 3272 1589 3346 custodire.Sanepeivis
1614 3290 1753 3331 nova

188 3372 559 3436 comparetur,
589 3373 643 3419 et
672 3373 866 3435 praeter
903 3364 1007 3419 hoc
1043 3364 1179 3419 nihil
1221 3365 1368 3419 aliud
1410 3356 1617 3436 tangat.
1648 3350 1755 3421 Sed

184 3469 298 3511 nec
324 3455 376 3487 “
419 3455 537 3526 ipsa
576 3454 752 3524 pelvis
783 3453 919 3509 velis
971 3460 1277 3524 apponatur
1326 3454 1607 3519 lavandis,
1648 3456 1755 3512 nisi

190 3561 316 3618 qua:
340 3546 411 3601 ad
443 3544 710 3600 Dominici
740 3544 932 3599 altaris
960 3544 1167 3599 cultum
1194 3544 1489 3615 pertinent.
1524 3546 1569 3578 δ’
1594 3545 1756 3601 Palla

180 3638 382 3693 altaris
408 3635 537 3691 sola:
568 3635 624 3690 in
670 3649 735 3689 ea
763 3636 1035 3697 laventur,
1064 3642 1119 3690 et
1149 3634 1205 3689 in
1253 3635 1358 3689 alia
1402 3636 1523 3691 vela
1557 3636 1756 3706 janua-

183 3743 316 3786 rum
358 3728 428 3783 ".
485 3727 561 3784 De
598 3728 734 3783 velis
780 3735 961 3782 autem
1005 3727 1295 3797 januarum
1330 3727 1377 3759 “
1415 3742 1548 3783 cura
1605 3730 1678 3785 sit
1706 3731 1754 3763 "

178 3818 433 3876 ostiariis
458 3833 525 3873 ex
572 3816 941 3873 admonitione
972 3816 1239 3886 majorum
1260 3857 1276 3883 ,
1308 3833 1378 3874 ne
1418 3819 1544 3888 quis
1576 3820 1752 3891 negli-

177 3926 325 3982 gens
350 3910 708 3980 aut‘ignarus
758 3911 825 3965 ad
873 3909 1051 3965 velum
1095 3910 1276 3981 januaa
1304 3908 1501 3967 domus
1539 3910 1754 3975 Domini

179 4013 390 4056 manus
440 3998 716 4054 incondite
756 3998 965 4069 terga‘t;
1013 4000 1109 4056 sed
1141 4000 1325 4055 statim
1350 4000 1621 4057 coercitus
1664 4002 1753 4057 di-

180 4100 310 4150 scat
338 4092 519 4149 omnis
547 4092 732 4155 homo,
755 4093 883 4164 quia
904 4092 1084 4148 velum
1132 4093 1260 4148 atrii
1311 4093 1505 4151 domus
1534 4094 1752 4151 Domini

177 4193 443 4243 sanctum
472 4193 575 4241 est.
608 4186 654 4217 “
681 4185 1035 4257 Pracipimus
1065 4186 1227 4241 etiam
1268 4201 1337 4243 ne
1376 4191 1755 4245 excommuni-

176 4283 315 4331 cato
340 4276 388 4308 ”
415 4274 689 4341 Ecclesia,
720 4276 1023 4337 sive'laico.
1062 4277 1131 4332 de
1172 4275 1489 4348 fragmentis
1520 4280 1750 4335 oblatio-

183 4382 321 4423 num
365 4366 581 4423 Domini
628 4374 863 4439 ponatur
900 4368 970 4423 ad
1019 4380 1284 4433 mensam.
1329 4368 1484 4426 Unde
1525 4372 1637 4427 scis
1668 4380 1749 4439 tu,

178 4455 283 4523 qui
335 4456 543 4527 passim
582 4457 817 4515 sacrarii
868 4457 915 4490 ⁸⁸
957 4472 1127 4529 panes
1171 4457 1409 4529 indignis
1456 4452 1749 4529 impendis,

1857 3272 2047 3346 debeat
2078 3288 2159 3341 ire
2184 3285 2274 3356 pio
2300 3283 2349 3317 "
2380 3282 2685 3337 interventu
2716 3280 2833 3348 ipse
2860 3285 3070 3349 pergat.
3098 3276 3195 3331 Sin
3218 3284 3423 3351 autem.

1855 3379 1923 3435 de
1953 3379 2121 3432 latere
2148 3391 2249 3430 suo
2272 3372 2491 3441 dirigat,
2524 3385 2650 3434 cum
2680 3369 2897 3424 duobus
2946 3374 3042 3421 aut
3090 3366 3265 3421 tribus
3285 3404 3300 3429 ,
3327 3364 3424 3435 qui

1854 3471 1959 3527 hoc
1990 3484 2187 3525 sanare
2214 3466 2444 3522 debeant
2482 3463 2551 3517 ".
2586 3460 2729 3517 Sane
2758 3459 2827 3514 ad
2857 3455 3182 3514 visitandam
3224 3450 3423 3521 mulis;

1854 3577 1969 3617 rem
1995 3558 2269 3615 inﬁrmam
2295 3555 2481 3611 nullus
2503 3551 2737 3608 clericus
2775 3545 3270 3620 ingrediaturmisi
3294 3546 3421 3601 cum

1854 3652 2069 3707 duobus
2089 3654 2184 3702 aut
2211 3647 2408 3700 tribus.
2442 3642 2612 3698 Nemo
2654 3648 2839 3695 tamen
2863 3637 3190 3695 clericorum
3219 3636 3419 3689 "cum

1853 3750 2113 3799 extranea
2142 3737 2351 3793 habitet
2381 3734 2581 3789 femina
2612 3731 2678 3797 ",
2712 3730 2817 3786 nisi
2856 3728 3105 3801 proxima
3135 3734 3228 3782 aut
3262 3739 3424 3782 soror

1853 3831 2038 3889 fuerit.
2069 3828 2136 3883 Et
2176 3828 2281 3882 hoc
2327 3839 2451 3880 cum
2498 3837 2696 3893 magna
2736 3820 3105 3885 sollicitudine
3149 3816 3262 3872 ﬁat.
3300 3815 3423 3871 Non

1853 3922 2171 3994 ignoramus
2215 3914 2456 3971 malitias
2509 3911 2745 3966 Satanas.
2799 3906 3069 3964 Universa
3121 3903 3245 3961 haec
3282 3919 3421 3994 cum

1854 3993 2269 4069 mansuetudine
2302 4002 2689 4067 ecclesiastica
2732 3998 3057 4071 complenda
3095 4002 3224 4052 sunt
3251 3993 3420 4049 mini-

1854 4104 2041 4170 steria.
2080 4098 2366 4170 Negotium
2404 4095 2548 4151 enim
2592 4091 2846 4148 Dei‘non
2881 4089 3040 4145 decet
3082 4079 3423 4158 negligenter

1852 4191 2083 4267 expleri.
2114 4190 2313 4246 lterum
2336 4194 2504 4257 atque
2548 4184 2746 4262 iterum
2782 4180 2853 4247 de
2884 4178 3205 4253 fragmentis
3235 4175 3421 4267 Domi-

1852 4264 1961 4339 nici
2004 4276 2251 4350 cerporis
2292 4272 2703 4329 demandamus.
2738 4269 2974 4324 Calicem
3012 4281 3143 4321 vero
3185 4264 3256 4319 ad
3289 4279 3449 4339 per-b

1853 4372 2133 4431 ferendum
2160 4366 2480 4437 sanguinem
2502 4362 2739 4425 Domini,
2763 4365 3125 4431 praeparatum
3154 4371 3279 4411 cum
3301 4361 3419 4409 tota

1852 4460 2117 4518 munditia
2187 4452 2509 4517 ministerii,
2558 4446 2808 4523 minister
2856 4452 3142 4519 praeparet,
3185 4458 3275 4507 ne,
3305 4458 3417 4498 non

176 4546 335 4603 unde
361 4548 528 4613 nosti,
559 4549 607 4604 si
636 4562 666 4603 a
694 4547 1012 4605 mulieribus
1055 4550 1249 4605 mundi
1298 4558 1428 4606 sunt
1469 4552 1524 4606 hi
1549 4553 1750 4623 quibus
1780 4547 1824 4603 D
1854 4554 1991 4611 bene
2019 4551 2165 4605 lotus
2211 4546 2386 4613 calix,
2415 4542 2649 4598 diacono
2675 4546 2963 4609 peccatum
3005 4535 3100 4591 ﬁat
3142 4532 3413 4589 oﬁerenti.

180 4636 492 4709 impendis?
519 4637 658 4696 Hinc
684 4647 739 4695 et
761 4638 930 4701 David
959 4640 1029 4695 ab
1056 4635 1368 4697 Abimelech
1392 4640 1440 4673 "
1468 4643 1749 4699 sacerdote

179 4728 572 4814 interrogatus,
597 4746 728 4788 cum
789 4745 959 4802 panes
990 4732 1095 4789 sibi
1119 4733 1187 4789 ad
1222 4733 1612 4798 comedendum
1651 4752 1750 4808 po-

1850 4644 1931 4701 lta
1959 4658 2083 4701 cum
2107 4639 2255 4697 omni
2284 4637 2599 4700 honestate,
2631 4638 2830 4687 cuncta
2877 4644 2999 4700 qua
3038 4642 3202 4698 supra
3247 4640 3416 4695 expo-

1853 4736 2089 4795 suimus.
2126 4735 2339 4801 oportet
2380 4725 2613 4797 impleri.
2635 4722 2805 4780 «Tales
2852 4719 2921 4776 ad
2964 4719 3014 4753 "
3049 4718 3416 4779 ministerium

251 4951 297 4985 ⁸⁸
328 4950 605 5026 fanthqra.
634 4951 1207 5026 Decppsec.di_stinct.
1228 4964 1250 4977 ·
1274 4955 1513 5026 :Auaris
1529 4958 1697 5026 palla.
1772 4962 1817 4995 ⁸⁸
1832 4959 1905 5017 De
1918 4953 2433 5026 consec.distinct.-|
2458 4968 2472 5026 ς
2496 4951 2663 5026 Nemo
2873 4946 3407 5026 {'Concérun'cap.

182 5022 242 5086 3,
259 5022 382 5085 et5;
399 5021 605 5077 Autiss.
635 5022 722 5089 12,
750 5024 837 5079 15.
914 5024 959 5055 ⁸³
980 5023 1082 5081 Ms.
1103 5025 1157 5079 in
1188 5041 1389 5090 mensa;
1406 5034 1461 5081 at
1488 5020 1844 5085 Gratianusin
1859 5046 2110 5085 mensam.
2185 5025 2356 5080 “Ms.
2381 5020 2621 5076 habuerit
2646 5021 2961 5090 ministeria.

854 5102 1098 5178 postea:
1154 5095 1220 5178 ⁸³η
1249 5092 1361 5178 ivro.
1395 5105 1545 5178 part.
1570 5113 1654 5159 m.
1678 5114 1740 5178 ‘c.
1775 5100 1901 5178 ῼὺϐ.

179 5160 295 5216 duo
580 5161 635 5237 δξ
649 5160 746 5237 M1.
780 5157 905 5237 non.
984 5162 1151 5237 “iis.
1175 5163 1365 5237 P9115.
1392 5157 1445 5220 in
1471 5167 1581 5231 alia
1606 5157 1746 5237 pelve

1860 5178 2037 5231 ωηατ,
2068 5182 2121 5227 ει
2145 5170 2219 5221 in,
2255 5209 2257 5211 .
2305 5166 2351 5237 ἑο
2376 5163 2588 5237 Ahsunt
2616 5157 2996 5237 a—cJustclli:

1663 5239 1708 5270 ⁸³
1754 5239 1854 5297 Ms.
1886 5227 2045 5297 etiam
2099 5254 2229 5291 cura
2282 5232 2608 5298 sit,cmteris
2661 5230 2903 5292 omissis,
2958 5227 3024 5298 de
3069 5227 3192 5280 velis
3232 5237 3407 5298 augent

181 5091 381 5155 mserit,
404 5098 468 5146 et
498 5093 570 5147 ita
601 5108 819 5148 rursum

180 5245 298 5306 nec.
329 5229 903 5306 (ιὶεῖιιίιιθιιΑΞ-ε-ῘΓζ-ίιηιε⁸
922 5233 1194 5306 gradibus,
1229 5232 1466 5306 ς-Ϊᾳιιεα
1488 5229 1561 5292 in.

151 5364 154 5368 η
172 5301 489 5368 janumm.
564 5301 611 5333 ⁸³
642 5301 851 5357 Matisc.
882 5301 970 5365 ll.
996 5318 1046 5359 c.
1082 5302 1135 5359 6.

1242 5302 1288 5337 ³⁸
1304 5302 1403 5359 Ms.
1437 5316 1500 5359 ne
1532 5322 1759 5373 unquam
1789 5306 1987 5365 extero.

220 5384 327 5450 rana
378 5369 721 5425 Achimelech.
758 5441 770 5450 -
794 5371 850 5404 ’ν’
869 5372 1121 5450 A_l_it‘er_
1150 5388 1283 5450 mss.
1311 5373 1475 5431 Bard.
1503 5385 1555 5431 et
1587 5369 1729 5450 Just.
1763 5397 1883 5450 qua:
1908 5385 2255 5450 reservantur
2281 5373 2451 5450 notis.

3036 5021 3082 5050 δι
3104 5017 3203 5071 Ms.
3228 5017 3412 5072 admo-

2761 5090 2807 5121 δ’
2840 5085 2900 5143 in
2935 5103 3040 5144 ms.
3070 5087 3269 5141 absunt
3293 5088 3441 5143 hac.

2007 5100 2053 5130 “
2082 5098 2182 5153 Ms.
2208 5096 2371 5157 intra,
2414 5099 2473 5155 ut
2504 5106 2649 5146 mox.
2761 5096 2807 5121 "
2840 5096 2900 5143 In
2935 5103 3040 5144 ms.
3070 5096 3269 5141 absunt
3294 5096 3371 5143 Μ’

2007 5185 2035 5212 ι-
2068 5182 2121 5212 ιι
2145 5170 2218 5212 in-
2255 5209 2257 5211 .
2305 5166 2351 5197 '°
2376 5163 2588 5212 Ahaunt
2616 5161 2742 5212 διο..
2759 5157 2996 5212 Justclli.
3100 5157 3145 5188 ⁸⁸
3177 5155 3377 5212 Decon

2556 5300 2621 5345 5‘
2652 5298 2729 5353 Ita
2752 5315 2855 5354 ms.
2889 5304 2943 5351 at
2958 5295 3266 5365 Vulgata,et
3299 5295 3407 5353 He-

2078 5306 2123 5339 ⁸.
2162 5318 2339 5339 mann!”
2348 5303 2449 5339 non...

2157 5318 2471 5363 sanctuarii.
2556 5318 2621 5345 --ν
2652 5318 2729 5353 ιω
2752 5318 2855 5354 ms.
2889 5318 2943 5351 at
2969 5318 3266 5365 VUlgata,6t
3299 5318 3405 5353 ηε.

2157 5385 2255 5429 ιιιιτ
2281 5373 2451 5429 notis.
2553 5369 2599 5403 ⁸⁸
2626 5368 2725 5423 Ms.
2752 5369 2843 5437 qui
2871 5375 2991 5421 ante
3022 5366 3405 5437 ordinationem

179 5438 426 5514 conjuge:
448 5441 850 5514 sustinuerint.
899 5442 945 5473 "
960 5440 1200 5514 Scilicet,
1225 5444 1272 5514 si
1284 5460 1481 5514 semper
1501 5433 2064 5505 continerei'noiuerint.
2089 5446 2178 5500 Sic
2204 5445 2332 5514 legit
2352 5445 2495 5497 hunc
2515 5441 2697 5514 locum
2726 5433 2779 5514 et
2812 5439 3203 5514 interpretatur
3225 5433 3365 5489 Hum
3386 5466 3402 5478 -

181 5505 376 5586 bertus
430 5510 744 5586 cardinalis,
774 5520 1018 5586 tempore
1031 5511 1228 5586 Leonis
1252 5512 1344 5586 14X,
1374 5505 1469 5571 lib.
1492 5528 1677 5571 contra
1708 5518 1975 5575 Nicetam.
2050 5505 2398 5585 “por-tionem
2426 5505 2912 5586 c.-Just."“.ud:

2987 5507 3055 5541 “'
3078 5506 3178 5561 Ms.
3210 5523 3404 5563 acuum

179 5579 514 5653 £993.40!“
561 5572 819 5653 ροετίςαξ,
855 5572 1132 5653 viduitas:
1176 5572 1342 5646 ostia,
1365 5593 1471 5641 etc.
1512 5587 1555 5619 ⁸³
1601 5572 2058 5643 ιιι-εἰαῄιήωηείαά
2089 5572 2261 5641 altare
2287 5590 2548 5653 suggerat.
2584 5598 2636 5653 c.
2667 5576 2799 5634 Har.
2825 5575 3051 5653 et_Just._
3115 5577 3161 5607 ⁸³
3190 5572 3398 5653 llTur.

178 5646 373 5714 25,7111
438 5646 595 5705 Brac.
629 5650 682 5705 3.

179 5719 765 5795 Watiyyamiam
794 5720 1023 5795 inferius
1050 5724 1333 5794 repetitur.
1407 5725 1451 5757 "
1483 5725 1688 5785 Turon.
1719 5729 1806 5793 lll,
1827 5729 1883 5795 2,
1917 5730 1971 5784 9.
2048 5727 2094 5760 “
2135 5719 2388 5780 humi‘vel
2412 5722 2581 5795 οΛίεἰὶ.

176 5786 355 5877 2'19;
394 5786 861 5877 ,ἔεδέαεηεεξτείξξεο
889 5870 906 5877 ,
934 5789 1059 5877 '11"
1104 5786 1208 5877 ‘28:
1268 5795 1425 5877 εδςει
1469 5812 1574 5857 τοι
1603 5813 1669 5857 ea
1706 5786 2048 5875 .cle'ricbrm-
2228 5796 2418 5852 Συνεισ

176 5865 236 5917 ει
258 5852 536 5918 Patribus.
610 5861 656 5893 ’δ
679 5860 925 5920 Distinet.
958 5860 1074 5939 25h:
1108 5861 1261 5919 Tales
1292 5852 1378 5924 add.

786 5650 831 5725 ξδ
858 5650 957 5725 bis.
1000 5650 1133 5706 Inde
1164 5654 1355 5725 similis
1383 5656 1732 5719 (estimabitur
1766 5659 2045 5715 Scariott's.
2118 5656 2163 5725 ’ξ
2187 5648 2489 5725 Ηὶρρῖὶϐε
2530 5652 2590 5725 1⁸
2619 5650 2821 5725 inulti}.
2858 5648 3009 5703 deest
3034 5648 3150 5725 haec
3193 5648 3401 5725 inicum
3436 5708 3442 5713 ν

2666 5721 2711 5789 f'
2736 5717 2838 5775 Ms.
2864 5719 3121 5789 secretim.
3194 5717 3243 5749 "
3284 5730 3399 5789 pro.

2522 5805 2590 5873 ῳ,
2613 5786 2699 5850 de
2726 5805 2837 5864 qua
2886 5803 3029 5862 saepe
3068 5788 3125 5845 in
3151 5788 3403 5845 conciliis
