4096 6318
632 325 739 382 487

1511 325 1568 381 5.
1603 324 1994 381 CLEMENTIS
2025 327 2044 381 1
2079 325 2246 381 ROM.
2283 324 2489 383 ΡΟΝΤ.
2528 324 2752 380 OPERA
2800 327 3026 384 DUBlA.

3767 333 3863 387 £38

627 441 904 517 eligantur
923 438 1134 503 clerici,
1160 438 1252 508 qui
1283 436 1444 509 digne
1464 440 1674 510 possint
1693 440 1975 497 Dominica
2002 457 2190 498 sacra-
2218 448 2262 502 A
2288 452 2595 498 convertar.
2625 442 2746 497 Non
2791 443 3017 513 requirit
3059 456 3089 497 a
3140 449 3193 497 te
3240 441 3382 500 Deus
3424 444 3735 513 pecuniam,
3768 448 3863 501 sed

629 540 811 588 menta
839 539 1095 588 tractare.
1129 531 1320 586 Melius
1351 539 1434 586 est
1464 531 1609 588 enim
1660 531 1871 587 Domini
1917 533 2188 587 sacerdoti

629 639 835 693 paucos
885 624 1084 678 habere
1122 623 1421 687 ministros,
1470 622 1564 693 qui
1614 625 1825 693 possint
1862 624 2024 695 digne
2052 640 2190 695 opus

627 713 723 770 Dei
750 730 1026 779 exercere,
1056 730 1218 785 quam
1244 700 1446 770 multos
1467 715 1710 780 inutiles,
1743 716 1835 788 qui
1861 730 2001 771 onus
2028 732 2189 787 grave

625 807 927 863 ordinatori
957 806 1248 863 adducant.
1282 807 1328 860 Α
1353 807 1621 877 principio
1649 792 1891 876 epistOlze
1918 823 2093 879 usque
2120 808 2187 863 ad

626 899 775 953 hunc
804 899 1005 963 locum,
1034 898 1105 954 de
1132 900 1491 956 sacramentis
1528 899 1768 970 delegavi
1797 900 1934 957 bene
1973 900 2190 956 intuen-

625 989 714 1046 dis
743 990 790 1022 "
822 1006 835 1042 :
868 990 961 1044 ubi
1000 1004 1109 1045 non
1158 989 1393 1045 murium
1424 1000 1665 1046 stercora
1706 992 1848 1047 inter
1886 991 2187 1062 fragmenta

625 1076 923 1134 Dominicte
947 1080 1215 1152 partionis
1240 1088 1553 1149 appareant,
1578 1095 1753 1149 neque
1782 1082 1829 1112 "
1850 1082 2063 1151 putrida
2092 1098 2188 1151 per

625 1172 1009 1242 negligentiam
1036 1182 1358 1227 remaneant
1392 1175 1744 1238 clericorum,
1778 1181 1831 1229 et
1858 1174 2188 1228 convenien-

624 1274 728 1324 tes.
760 1263 855 1334 qui
892 1264 1142 1335 accipere
1175 1264 1278 1329 sibi
1329 1265 1653 1327 medicinam
1702 1264 2047 1327 desiderant,
2086 1280 2189 1335 pu-

623 1354 770 1408 trida
796 1356 921 1409 cum
953 1354 1205 1422 viderint,
1252 1356 1424 1435 magis
1455 1371 1581 1411 cum
1620 1354 1847 1411 ridiculo
1875 1361 1929 1409 et
1970 1354 2188 1409 fastidio

621 1447 916 1502 videantur
941 1449 1207 1517 accipere,
1240 1455 1293 1501 et
1323 1449 1377 1502 in
1410 1458 1690 1518 peccatum
1724 1448 1894 1518 magis
1934 1447 2188 1501 decidant

623 1553 721 1610 per
772 1540 1153 1610 negligentiam
1210 1540 1557 1596 clericorum.
1617 1538 1957 1610 Quapropter
2027 1553 2188 1593 nemo

622 1631 952 1688 clericorum
985 1632 1127 1686 ultra
1167 1631 1284 1687 haec
1309 1631 1617 1689 dissimulet
1636 1672 1652 1695 ,
1682 1642 1775 1687 aut
1802 1632 2077 1705 negligere
2102 1632 2188 1685 ul-

620 1720 841 1777 latenus
870 1722 1086 1782 audeat.
1121 1722 1215 1777 sed
1267 1723 1519 1785 libenter,
1552 1737 1673 1791 quae
1719 1722 1870 1790 jussa
1902 1728 2049 1785 sunt,
2090 1737 2187 1777 ex-

619 1813 791 1883 pleat,
826 1822 881 1868 et
908 1820 1249 1870 sacramenta
1272 1812 1454 1868 divina
1489 1826 1831 1882 nequaquam
1860 1813 2191 1883 negligenter

614 1912 947 1959 contreetet.
981 1902 1213 1973 Ideoque
1237 1911 1347 1956 tam
1369 1904 1598 1973 juvenes
1623 1917 1787 1973 quam
1813 1919 1972 1958 senes
1992 1904 2059 1958 de
2081 1902 2189 1971 bis,

615 1994 771 2051 etde
816 1994 967 2049 omni
1009 1996 1425 2053 conversatione
1460 2009 1596 2058 sua,
1631 2005 1687 2049 et
1732 1995 2107 2058 conversione,
2137 2002 2193 2049 et

617 2084 951 2156 poenitentia
992 2085 1151 2140 valde
1199 2100 1323 2141 esse
1376 2084 1643 2141 sollicitos
1686 2092 1919 2155 oportet,
1949 2085 2193 2154 satisque

617 2193 807 2253 agere,
837 2188 921 2243 ut,
954 2178 1070 2233 haec
1100 2178 1368 2249 condigne
1400 2185 1583 2248 agant,
1626 2186 1681 2234 et
1721 2179 1790 2234 de
1840 2178 2054 2248 reliquo
2101 2190 2194 2231 or-

620 2252 756 2323 nent
792 2274 904 2322 tam
938 2268 1127 2322 clerici
1156 2282 1335 2337 quam.
1358 2266 1648 2322 steculares
1686 2267 1898 2321 animas
1928 2252 2059 2322 suas
2103 2281 2194 2320 or-

624 2359 899 2414 namentis
922 2358 1285 2430 dignissimis,
1308 2356 1655 2428 dogmatibus
1690 2358 1900 2413 scilicet
1927 2359 2192 2423 veritatis,

624 2449 824 2505 decore
844 2450 1135 2521 pudicitiae,
1172 2450 1461 2519 splendore
1488 2449 1733 2518 justitia,
1759 2451 1996 2505 candore
2022 2452 2194 2519 pieta-

622 2547 718 2608 tis,
749 2543 981 2612 aliisque
1009 2542 1284 2607 omnibus,
1317 2542 1517 2612 quibus
1559 2542 1919 2611 compositam
1948 2541 1994 2572 '"
2038 2542 2194 2597 decet

625 2647 749 2687 esse
776 2632 1156 2687 rationabilem
1185 2639 1439 2685 mentem.
1467 2630 1603 2684 Tum
1630 2638 1893 2702 prmterea
1922 2631 2196 2687 declinare

627 2741 661 2779 a
689 2723 989 2779 consortiis
1019 2720 1324 2776 inhonestis
1364 2727 1418 2775 et
1448 2720 1777 2785 inﬁdelibus,
1810 2728 1864 2775 et
1904 2723 2194 2778 societates

622 2815 832 2875 habere
862 2814 1124 2875 ﬁdelium,
1152 2820 1313 2882 atque
1336 2814 1456 2868 illos
1487 2812 1833 2883 frequentare
1867 2825 2191 2878 conventus,

627 2908 688 2963 in
714 2907 915 2978 quibus
949 2906 1017 2961 de
1058 2906 1342 2977 pudicitia,
1375 2907 1443 2961 de
1484 2905 1719 2975 justitia,
1755 2905 1821 2959 de
1860 2908 2057 2976 pietate
2090 2916 2197 2962 tra-

628 3006 832 3053 ctatur.
878 2995 1050 3052 Orare
1080 3011 1296 3068 semper
1340 2995 1508 3051 Deum
1547 3012 1615 3051 ex
1660 3004 1775 3050 toto
1821 2999 2006 3061 corde,
2042 3006 2096 3053 ct
2129 3001 2196 3054 ab

630 3082 755 3162 ipso
783 3096 968 3161 petere
1015 3105 1139 3161 quae
1177 3090 1370 3153 decet,
1402 3090 1502 3160 ipsi
1537 3089 1743 3159 gratias
1781 3105 1959 3159 agere,
2010 3108 2193 3146 veram

629 3180 1262 3252 pmnitudinem.gerere
1311 3181 1711 3251 praeteritorum
1757 3191 2064 3249 gestorum,
2097 3182 2199 3236 ali-

629 3272 953 3343 quantulum
994 3275 1182 3335 etiam,
1227 3272 1275 3327 si
1304 3273 1563 3344 possibile
1599 3285 1705 3337 est,
1754 3291 1849 3345 per
1888 3274 2200 3329 misericor-

630 3364 753 3418 dias
782 3378 1077 3433 pauperum
1104 3364 1298 3433 juvare
1328 3366 1733 3434 paenitentiam.
1770 3365 1872 3419 Per
1913 3365 2025 3419 luce
2055 3368 2199 3420 enim

633 3453 844 3508 facilior
871 3454 1028 3509 venia
1056 3456 1297 3521 dabitur,
1327 3462 1381 3511 et
1410 3456 1709 3526 indulgenti
1753 3457 1916 3512 citius
1962 3458 2203 3529 indulge-

538 3536 541 3539 Α
602 3544 801 3599 'bitur.
826 3543 984 3611 Quod
1031 3545 1081 3599 si
1128 3547 1487 3615 provectioris
1539 3549 1715 3602 aetatis
1765 3548 1836 3602 sit
1889 3549 1968 3613 is,
2001 3550 2093 3616 qui
2133 3550 2199 3603 ad

632 3635 1010 3705 ptenitentiam
1058 3638 1223 3699 venit,
1258 3653 1323 3693 eo
1374 3638 1547 3705 magis
1592 3639 1798 3711 gratias
1838 3654 1995 3709 agere
2041 3640 2198 3694 debet

631 3725 766 3790 Deo,
792 3726 937 3795 quod
967 3734 1255 3797 postquam
1282 3727 1403 3783 ﬁnis
1426 3727 1473 3759 "
1503 3737 1585 3783 est
1611 3730 1791 3784 omnis
1815 3730 2048 3799 impetus
2075 3745 2201 3782 con-

622 3814 987 3885 cupiscentiae
1040 3819 1315 3881 carnalis,
1358 3810 1605 3873 scientia
1656 3820 1900 3874 veritatis
1953 3830 2196 3889 accepta,

632 3908 782 3962 nulla
810 3908 861 3963 ei
908 3909 1153 3963 imminet
1188 3922 1370 3978 pugna
1401 3909 1738 3973 certaminis,
1773 3924 1868 3979 per
1899 3925 2081 3979 quam,
2114 3911 2200 3963 in-

633 4008 921 4068 surgentes
947 3999 1208 4055 adversus
1251 4000 1511 4064 animam,
1544 4001 1803 4070 reprimat
1828 4003 2072 4072 corporis
2102 3986 2199 4058 vo-

634 4090 876 4145 luntates
903 4090 971 4147 ".
1007 4088 1267 4160 Superest
1288 4105 1420 4159 ergo
1448 4091 1499 4144 ei
1528 4090 1583 4144 in
1615 4091 1890 4160 agnitione
1929 4093 2194 4157 veritatis,

632 4189 691 4247 et
724 4181 1112 4236 misericordiae
1140 4181 1399 4251 operibus
1448 4182 1713 4246 exerceri,
1757 4190 1817 4236 ut
1855 4182 2044 4240 aﬂ‘erat
2083 4183 2200 4238 fru-

632 4264 761 4333 ctus
788 4275 983 4345 dignos
1008 4275 1359 4344 poenitentiae.
1383 4273 1494 4331 Nec
1523 4284 1705 4347 putet,
1738 4278 1865 4346 quia
1894 4277 1948 4332 in
1987 4286 2199 4348 tempo-

630 4367 713 4422 ris
739 4367 1079 4438 longitudine
1106 4368 1491 4423 documentum
1531 4372 1905 4424 conversionis
1949 4371 2197 4425 ostendi-

2289 534 2531 588 animum
2553 535 2956 599 misericordem
2979 542 3031 588 et
3049 533 3200 603 piam
3226 542 3480 590 mentem.
3502 534 3689 605 Neque
3710 536 3865 591 dives

2287 624 2883 694 conversionemgsuam
2913 623 3124 677 dill‘erat
3156 639 3254 693 pro
3290 623 3659 679 sollicitudine
3688 641 3836 679 saeru

2287 715 2409 778 lari,
2440 715 2569 770 dum
2601 718 2800 786 cogitat
2842 715 3116 785 quomodo
3158 715 3433 784 dispenset
3470 716 3864 788 abundantiam

2287 806 2524 878 frugum.
2565 805 2750 877 Neque
2789 806 2942 861 dicat
2984 806 3125 860 intra
3174 807 3564 876 semetipsum:
3606 807 3750 874 Quid
3783 806 3865 860 fa-

2286 899 2467 954 ciam?
2505 898 2597 954 ubi
2638 899 2928 953 recondam
2980 898 3192 954 fructus
3248 899 3434 954 meos?
3476 897 3664 969 Neque
3716 900 3867 954 dicat

2285 992 2481 1045 anima:
2506 1006 2647 1045 suae:
2671 989 2724 1043 11
2727 990 2848 1043 abes
2868 991 3035 1043 multa
3056 991 3190 1053 bona
3211 992 3442 1057 reposita
3461 993 3518 1045 in
3534 1003 3704 1044 annos
3724 992 3869 1045 mul-

2276 1090 2367 1133 tos
2392 1118 2411 1144 ,
2433 1080 2645 1151 epulare
2671 1090 2728 1133 et
2753 1081 2953 1134 (crtare.
2978 1079 3111 1133 Nam
3150 1080 3360 1135 dicetur
3391 1081 3441 1136 ei
3477 1100 3491 1136 :
3530 1079 3726 1145 Stulto,
3766 1081 3869 1134 hac

2285 1181 2434 1227 nocte
2460 1172 2728 1240 auferetur
2756 1171 2848 1226 abs
2885 1181 2933 1225 te
2973 1172 3151 1225 anima
3178 1184 3290 1237 tua,
3320 1180 3371 1227 et
3392 1162 3507 1243 qua:
3540 1170 3746 1243 parasti
3777 1188 3870 1225 cu-

2278 1262 2372 1331 jus
2418 1263 2631 1317 erunt"
2661 1263 2685 1316 ἲ
2719 1262 2905 1333 ltaque
2933 1263 3151 1319 festinet
3175 1264 3241 1317 ad
3265 1265 3637 1334 paenitentiam
3685 1264 3869 1317 omnis

2283 1361 2439 1418 tetas,
2484 1357 2665 1409 omnis
2726 1371 2889 1409 sexus
2935 1355 3223 1425 omnisque
3268 1353 3531 1419 conditio,
3592 1361 3651 1409 ut
3694 1355 3865 1407 vitam

2286 1455 2657 1515 consequatur
2688 1454 2968 1501 aeternam.
3000 1438 3236 1501 Juvenes
3264 1446 3482 1515 quidem
3531 1446 3586 1499 in
3625 1461 3692 1500 eo
3722 1445 3871 1515 grati

2286 1540 2421 1603 sint,
2469 1538 2616 1606 quod
2664 1538 2718 1591 in
2762 1538 2882 1607 ipso
2929 1538 3129 1607 impetu
3176 1533 3591 1602 desideriorum,
3621 1537 3870 1593 cervices

2287 1645 2418 1686 suas
2449 1630 2582 1701 jugo
2613 1629 2912 1698 subjiciunt
2955 1630 3279 1698 disciplina.
3330 1628 3499 1683 Senes
3524 1635 3580 1681 et
3611 1627 3716 1697 ipsi
3745 1628 3865 1681 lau-

2288 1725 2516 1788 dabiles,
2575 1725 2702 1794 quia
2756 1723 2916 1777 multi
2961 1722 3225 1793 temporis
3276 1720 3758 1784 consuetudinem,
3808 1720 3868 1771 in

2220 1797 2263 1851 Β
2293 1831 2399 1888 qua
2428 1817 2571 1871 male
2589 1816 2844 1886 praaventi
2878 1821 3028 1877 sunt,
3055 1830 3152 1885 pro
3187 1808 3297 1870 'Dei
3338 1829 3522 1868 amore
3545 1811 3598 1844 “
3620 1827 3871 1866 commu-

2294 1916 2431 1964 tant.
2477 1908 2645 1964 Ncmo
2690 1923 2820 1978 ergo
2860 1907 3093 1973 dill'erat,
3123 1920 3285 1961 nemo
3332 1914 3642 1961 cunctetur.
3674 1902 3872 1969 "Quae

2296 2001 2442 2055 enim
2483 2014 2647 2055 causa
2681 1998 2976 2057 cunctandi
3007 2009 3091 2053 est
3132 1997 3199 2051 ad
3238 1998 3375 2053 bene
3409 1996 3713 2067 agendum?
3733 1994 3872 2048 Ani-

2295 2107 2418 2148 mus
2448 2090 2552 2145 sibi
2589 2090 2732 2145 male
2784 2090 3063 2155 conscius,
3099 2077 3227 2143 dum
3264 2088 3482 2143 videtur
3509 2088 3613 2143 sibi
3658 2086 3869 2140 nullam

2295 2200 2510 2257 penam
2542 2184 2677 2254 pati,
2710 2184 2884 2239 credit
2929 2182 3059 2252 quia
3110 2198 3231 2237 non.
3274 2183 3483 2252 judiret
3563 2179 3868 2240 Dominus;

2296 2291 2420 2331 cum
2454 2275 2604 2329 abuti
2635 2274 2901 2343 patientia
2928 2272 3046 2335 Dei,
3071 2279 3125 2326 et
3162 2286 3272 2326 non
3304 2272 3607 2341 intelligere
3637 2283 3871 2338 parcen-

2299 2366 2370 2421 tis
2421 2364 2836 2434 benignitatem,
2860 2363 2974 2432 jam
3027 2361 3101 2416 sit
3142 2376 3338 2431 magna
3379 2359 3679 2413 damnatio.
3710 2355 3870 2411 Unde

2297 2456 2562 2527 scriptum
2597 2463 2721 2510 est:
2756 2454 3072 2509 Maledictus
3114 2454 3283 2506 omnis
3336 2453 3425 2522 qui
3478 2468 3605 2520 opus
3650 2449 3872 2504 Domini

2299 2549 2619 2621 negligenter
2649 2549 2758 2617 agit
2779 2548 2845 2601 ⁸⁸.
2904 2546 3250 2616 Quapropter
3307 2544 3600 2613 pastoralis
3654 2541 3871 2595 ordinis

2297 2645 2402 2699 est,
2446 2636 2863 2707 infatigabiliter
2915 2649 3190 2694 revocare.
3244 2632 3511 2703 quidquid
3564 2630 3633 2685 ad
3681 2646 3872 2684 corre—

2298 2730 2533 2783 ctionem
2583 2727 2931 2797 populorum,
2965 2727 3075 2780 imo
3113 2723 3287 2794 magis
3341 2723 3573 2777 ﬁliorum
3609 2723 3873 2793 spiritua-

2300 2818 2434 2873 lium
2502 2802 2769 2889 quantum
2798 2827 2880 2870 est
2908 2815 2992 2869 fas
3028 2814 3350 2883 intelligere.
3398 2814 3716 2882 cognoverit
3746 2826 3873 2882 per-

2298 2912 2494 2977 tinere,
2518 2917 2571 2965 et
2598 2924 2731 2973 non,
2763 2908 2906 2977 quod
2944 2907 3115 2961 absit!
3156 2920 3281 2960 cum
3327 2921 3427 2959 suo
3460 2905 3702 2975 periculo
3731 2904 3872 2958 alie--

2300 3023 2383 3062 ne
2430 3007 2544 3076 spei
2601 3020 2697 3075 per
2730 3005 2899 3059 solam
2945 3003 3328 3072 negligentiam
3361 3002 3536 3054 facere
3570 2999 3873 3054 detrimen-

2222 3134 2266 3190 ο
2301 3107 2440 3163 tum;
2472 3097 2567 3153 sed
2622 3097 2767 3167 quod
2819 3095 2883 3150 ad
2936 3094 3208 3163 generalis
3256 3093 3447 3148 salutis
3474 3098 3681 3187 spectat
3718 3106 3874 3144 com-

2302 3188 2584 3259 pendium,
2614 3186 2823 3243 salubri
2853 3199 3080 3239 necesse
3133 3191 3217 3239 est
3262 3179 3546 3253 providere
3601 3188 3867 3236 tractatu.

2301 3280 2583 3333 "Homini
2634 3278 2891 3348 religioso
2945 3291 3139 3345 parum
3180 3289 3304 3329 esse
3352 3273 3511 3327 debet
3551 3272 3871 3327 inimicitias

2300 3372 2527 3425 aliorum
2587 3386 2695 3423 non
2745 3382 3027 3431 exercere,
3053 3366 3138 3421 vel
3182 3380 3291 3419 non
3342 3379 3539 3433 augere
3586 3364 3729 3417 male
3786 3363 3873 3416 lo-

2300 3463 2534 3533 quendo,
2568 3461 2674 3515 nisi
2710 3476 2803 3515 eas
2843 3460 3008 3514 etiam
3037 3458 3387 3525 exstinguere
3421 3456 3557 3510 bene
3590 3454 3873 3522 loquendo

2300 3552 2592 3609 studuerit.
2627 3550 2672 3582 ⁸⁸
2691 3550 2831 3618 Ecce
2861 3550 2976 3603 oris
3012 3546 3183 3602 nostri
3211 3546 3446 3600 buccina
3470 3544 3535 3597 ad
3568 3559 3731 3599 aures
3760 3544 3865 3600 bo-

2300 3641 2506 3697 tninum
2558 3654 2940 3710 personamus,
2971 3652 3148 3707 neque
3182 3652 3242 3692 se
3272 3636 3532 3705 deinceps
3580 3636 3872 3691 excusabit

2298 3752 2407 3791 non
2440 3735 2729 3796 monitum,
2757 3735 2874 3797 qui,
2910 3732 3052 3801 quod
3097 3730 3251 3800 sequi
3284 3730 3497 3791 debeat,
3527 3740 3637 3783 tam
3683 3733 3870 3787 verbis

2282 3842 2461 3897 quam
2487 3824 2684 3879 litteris
2718 3823 2996 3877 edocetur.
3023 3822 3065 3854 ⁸⁷
3084 3820 3273 3884 Qualis
3309 3826 3487 3899 autem
3517 3819 3859 3874 condemna-

2297 3919 2399 3978 tio.
2430 3922 2483 3972 et
2504 3917 2684 3987 qualis
2725 3915 2974 3969 imminet
3006 3913 3322 3987 maledictio
3351 3912 3436 3965 bis
3470 3911 3561 3980 qui
3592 3913 3647 3964 in
3676 3920 3867 3981 patres

2298 4017 2553 4082 peccant,
2573 4008 2756 4063 divina
2779 4022 2880 4060 nos
2908 4005 3069 4059 docet
3096 4002 3401 4073 Scriptura.
3435 4002 3489 4056 Si
3521 4004 3665 4056 enim
3691 4003 3864 4057 (Iliam

2299 4102 2443 4157 illius
2471 4100 2586 4155 Noe
2604 4099 2672 4163 ⁸⁸,
2704 4100 2828 4152 cum
2870 4097 3102 4153 vidisset
3148 4097 3354 4151 nudum
3403 4097 3563 4155 suum
3627 4103 3865 4163 patrem,

2298 4193 2555 4264 quoniam
2586 4206 2697 4245 non
2724 4189 3007 4259 cooperuit
3035 4188 3209 4258 patris
3246 4187 3544 4257 corporalis
3567 4184 3611 4217 θ’
3641 4186 3867 4241 nudita-

2298 4290 2434 4345 tem,
2466 4280 2561 4335 sed
2589 4294 2868 4349 egressus,
2899 4278 3170 4332 nuntiavit
3209 4293 3327 4352 eam
3378 4276 3662 4339 fratribus,
3687 4286 3743 4331 et
3789 4278 3869 4331 illi

2300 4373 2621 4427 vestimento
2661 4386 2786 4425 eum
2837 4377 3270 4439 cooperuerunt;
3300 4370 3415 4438 ipse
3444 4368 3659 4437 quidem
3692 4368 3867 4422 (Iliam

632 4464 747 4521 tur,
774 4470 830 4512 et
850 4473 959 4511 non
990 4457 1043 4511 in
1073 4458 1377 4514 devotionis
1398 4474 1462 4513 ac
1489 4462 1751 4528 propositi
1786 4460 2056 4517 firmitate.
2090 4461 2201 4517 Deo
2231 4469 2275 4525 υ
2303 4470 2358 4517 et
2398 4461 2472 4515 illi
2509 4461 2599 4530 qui
2647 4476 2714 4515 ex
2759 4474 2826 4513 eo
2873 4460 2988 4513 nati
3034 4467 3184 4524 sunt,
3235 4461 3338 4514 sub
3387 4460 3678 4514 malediito
3736 4458 3868 4513 facti

631 4548 779 4603 enim
815 4546 1118 4602 manifestae
1161 4554 1292 4601 sunt
1322 4556 1548 4610 mentes,
1574 4551 1701 4619 quia
1744 4560 1851 4606 non
1892 4561 2193 4622 temporum

630 4643 895 4695 rationem
921 4641 1143 4712 colligit,
1170 4642 1268 4698 scd
1300 4644 1626 4699 animorum.
1659 4643 1775 4715 Ipse
1810 4647 1951 4701 enim
1982 4650 2195 4717 probat,

632 4728 678 4783 si
710 4728 851 4799 quis,
883 4730 1063 4798 agnita
1101 4732 1344 4786 veritatis
1391 4736 1792 4803 prmdieatione.
1833 4752 1939 4791 non
1963 4739 2193 4803 distulit,

631 4833 807 4886 neque
840 4824 1052 4888 tempus
1081 4820 1396 4890 negligendo
1424 4825 1760 4892 consumpsit
1787 4826 1851 4887 ⁸⁸,
1885 4828 1976 4879 Sed
2015 4830 2195 4881 statim

631 4920 703 4971 et,
734 4909 779 4963 si
823 4910 927 4964 dici
960 4920 1155 4980 potest,
1201 4911 1387 4967 eodem
1439 4923 1712 4968 momento
1762 4917 2028 4984 praeterita
2075 4934 2197 4987 per-

632 4999 975 5063 horrescens,
1006 5003 1309 5057 futurorum
1341 5003 1668 5059 desiderium
1694 5008 1853 5074 cepit,
1874 5015 1927 5060 et
1963 5006 2015 5059 in
2048 5023 2197 5061 amo-

633 5106 746 5145 rem
779 5094 930 5161 regni
961 5087 1197 5149 ctelesiis
1232 5090 1454 5149 exarsit.
1495 5094 1725 5165 Propter
1762 5097 1903 5165 quod
1930 5113 2086 5152 nemo
2110 5116 2204 5153 ve-

632 5189 807 5235 strum
846 5186 987 5237 ultra
1016 5186 1337 5247 dissimulet,
1389 5200 1487 5240 nec
1522 5195 1667 5240 retro
1699 5188 1973 5257 respiciat,
2007 5191 2099 5243 sed
2134 5192 2201 5244 ad

632 5267 980 5343 Evangelium
1032 5276 1181 5345 regni
1231 5274 1323 5329 Dei
1378 5276 1605 5330 libenter
1651 5278 1892 5332 accedat.
1957 5277 2074 5332 Non
2120 5280 2204 5334 di-

632 5376 722 5419 cat
757 5382 1001 5435 pauper:
1034 5367 1205 5434 Quia,
1252 5384 1376 5423 cum
1424 5369 1576 5426 dives
1622 5370 1799 5426 factus
1847 5370 2021 5434 fuero,
2072 5380 2201 5427 tunc

702 5522 748 5553 ⁷³
802 5522 1024 5578 tuendis.

631 5592 678 5623 ⁷³
712 5591 1021 5659 uoluptates.

632 5662 755 5717 1'53.

1098 5596 1141 5626 ⁸⁸
1170 5602 1502 5665 contempsit.
1578 5600 1620 5627 ’“
1652 5598 1784 5652 Luc.
1811 5612 1908 5658 xtl,
1948 5598 2031 5655 l9.
2064 5597 2153 5650 2i}.

866 5662 909 5695 ⁸ι
936 5664 1134 5720 Jerem.
1164 5683 1351 5721 XLVIII.

1127 5524 1253 5580 ⁷⁸8.
1308 5527 1467 5595 Greg.
1527 5527 1581 5580 in
1622 5527 1879 5581 TSacram.
1929 5542 2050 5596 cap.
2107 5527 2177 5579 De
2210 5526 2323 5580 ard.
2362 5528 2691 5579 mtbdiat‘oui.

2232 5599 2276 5628 ⁸⁸
2332 5600 2532 5651 timore.
2596 5598 2639 5627 ⁸³
2667 5598 2803 5662 Aug.
2843 5598 2893 5646 in
2941 5597 3026 5650 Ps.
3066 5615 3137 5649 ix,
3169 5597 3307 5663 apud
3351 5595 3693 5661 l’rosperum.
3719 5608 3866 5651 Sent.

1425 5670 1469 5698 ⁵⁸
1523 5667 1774 5735 Prosper.
1808 5675 1947 5720 seut.
2003 5668 2126 5721 178.
2162 5666 2359 5719 Calixt.
2421 5682 2505 5735 ep.
2542 5668 2591 5735 1Ϊ

629 5731 675 5764 ⁸⁷
704 5729 956 5786 Justinia.
1006 5734 1072 5789 de
1116 5736 1147 5789 5
1175 5740 1451 5808 capitulis.
1528 5740 1573 5769 ’τ
1604 5729 1737 5793 Gen.
1793 5753 1867 5792 ix.
1945 5737 1992 5769 ”
2039 5738 2377 5800 corporalem.

2304 4565 2431 4611 sunt
2450 4573 2464 4621 ;
2482 4555 2573 4623 qui
2605 4560 2789 4609 autem
2806 4559 3232 4623 cooperuerunt,
3256 4565 3504 4621 magnam
3528 4550 3867 4605 benedictio-

2304 4664 2428 4703 nem
2460 4653 2828 4709 meruerunt;
2857 4645 3031 4699 multo
3068 4644 3241 4713 magis
3292 4644 3385 4697 isti
3436 4643 3644 4712 majore
3672 4650 3727 4697 et
3751 4658 3867 4696 am-

2302 4741 2475 4810 pliore
2511 4735 2964 4793 condemnatione
3005 4734 3155 4804 digni
3196 4741 3325 4787 sunt
3370 4734 3461 4803 qui
3490 4732 3741 4803 patribus
3771 4735 3858 4789 ub-

2302 4830 2473 4893 viare,
2508 4834 2603 4882 aut
2623 4834 2814 4881 contra
2860 4840 2956 4881 eos
2983 4824 3269 4895 insurgere
3298 4825 3568 4887 nituntur,
3601 4832 3695 4878 aut
3724 4827 3858 4891 inju-

2303 4924 2439 4976 riam
2464 4908 2549 4976 vel
2598 4903 2984 4974 contumeliam
3015 4918 3095 4971 eis
3126 4916 3328 4971 inferre
3362 4916 3700 4984 moliuntur;
3733 4934 3868 4987 quo-

2304 5014 2450 5067 niam
2485 5012 2579 5082 qui
2612 5013 2692 5067 eis
2721 5010 2954 5071 resistit,
2990 5008 3101 5062 Deo
3137 5008 3376 5075 resistit,
3416 5016 3471 5062 et
3494 5008 3587 5077 qui
3621 5011 3702 5063 eis
3726 5010 3860 5076 inju-

2303 5104 2439 5156 riam
2468 5104 2551 5155 vel
2587 5100 2973 5156 contumeliam
3017 5100 3167 5162 facit,
3216 5098 3346 5161 Deo,
3380 5099 3541 5167 cujus
3598 5100 3870 5167 legatione

2304 5194 2627 5263 funguntur,
2662 5192 2791 5245 facit
2821 5212 2833 5244 :
2867 5191 3093 5259 Expavit
3123 5191 3305 5243 coelum
3333 5206 3486 5256 super
3516 5190 3633 5251 hoc,
3664 5202 3715 5243 et
3745 5192 3857 5242 hor-

2303 5284 2409 5334 ruit
2441 5281 2669 5348 amplius
2694 5280 3033 5340 t'ehementer,
3060 5279 3189 5330 dicit
3228 5278 3483 5331 Dominus
3506 5280 3572 5331 ’⁸.
3598 5276 3640 5331 Ο
3672 5280 3859 5331 intole-

2303 5357 2528 5427 rabilem
2566 5372 2993 5440 malignitatem!
3030 5386 3063 5423 ο
3112 5372 3351 5439 linguam
3409 5371 3715 5439 loquentem
3772 5370 3865 5422 ini.

2799 5528 2843 5556 ⁷⁷
2879 5539 3156 5592 rotatptam,
3190 5531 3260 5583 ita
3300 5542 3402 5578 ms.
3506 5527 3551 5556 ⁷⁸
3633 5524 3867 5591 fractus.

2694 5667 2740 5695 ⁸⁸
2776 5666 2830 5717 ‘2.
2858 5671 3039 5730 Qttzrst

3112 5668 3161 5724 Τ,
3198 5668 3529 5725 Sacerdotes,
3566 5676 3614 5717 et
3654 5668 3866 5736 reliqui.

2481 5738 2526 5762 "‘
2570 5734 2680 5789 Jer.
2732 5750 2793 5789 ιι.
