4096 6318
1550 350 1610 409 8°
1644 350 2037 411 CLEMENTIS
2070 357 2088 411 Ι
2124 356 2289 415 ΒΟΜ.
2329 358 2530 417 ΡΟΝΤ.
2568 356 2798 418 OPERA
2830 361 3059 424 DUBIA.

3806 368 3919 427 ιη

756 501 2709 535 ~——-————_________.__..____________

1818 609 2394 703 EPISTOLA
2440 599 2460 629 ⁷
2561 617 2745 707 Ill.

671 744 765 802 AD
798 745 1195 811 EPISCOPOS,
1216 747 1733 816 PRESBYTEROS.
1767 754 2127 823 DIACONOS,
2155 759 2331 823 ETC.,
2365 762 2451 816 ET
2496 761 2887 822 UNIVEliSOS
2919 766 3231 835 FIDELES,
3251 772 3337 827 DE
3359 774 3627 834 OFFlClO
3656 775 3914 835 SACER-

1873 847 2077 905 DOTlS
2108 851 2197 907 ΕΤ
2228 852 2698 923 CLElthORUM,

1605 984 1793 1058 Ruﬁno
1815 989 2027 1047 Torona
2046 991 2383 1063 Aquileiensi'
2396 994 2700 1068 presbytero
2727 999 3024 1071 interprete.

748 1186 1185 1263 Ctsnessurbis
1202 1202 1387 1261 Romae
1424 1208 1715 1282 episcopus
1738 1214 1995 1273 omnibus
2023 1216 2241 1289 coepis-
2268 1222 2316 1280 Α
2343 1220 2489 1277 nime
2509 1223 2823 1281 crediderit
2870 1226 3191 1285 doctoribus
3220 1235 3273 1283 et
3308 1229 3581 1301 episcopis
3612 1231 3726 1285 suis
3751 1269 3765 1295 ,
3802 1245 3918 1287 non

668 1292 843 1361 copis.
878 1292 1233 1363 presbyteris,
1270 1297 1517 1357 diaconis
1543 1316 1608 1367 ac
1648 1304 1879 1374 reliquis
1912 1307 2155 1375 clericis,
2185 1318 2241 1365 et

667 1383 884 1439 cunctis
916 1385 1258 1457 principibus
1288 1390 1592 1459 majoribus
1627 1395 2030 1465 minoribusve,
2062 1402 2243 1456 omni-

667 1470 883 1545 busque
930 1479 1264 1547 generaliter
1293 1479 1315 1513 ⁸
1354 1476 1607 1539 fidelibus
1644 1485 1979 1555 benedictio,
2020 1492 2241 1550 claritas

665 1574 723 1621 et
780 1566 955 1639 gloria
1008 1569 1063 1623 in
1116 1571 1291 1641 gratia
1346 1572 1482 1641 Dei,
1524 1591 1646 1646 qua:
1674 1576 1803 1634 data
1858 1587 1943 1637 est
1970 1584 2133 1640 nobis
2184 1584 2243 1643 in

667 1653 890 1715 Christo
924 1658 1054 1718 Jesu
1085 1662 1318 1721 Domino
1348 1676 1556 1724 nostro.

693 1810 695 1813 1
743 1748 908 1821 Urget
936 1769 1060 1818 nos,
1111 1756 1335 1824 fratres,
1369 1762 1577 1819 multus
1610 1778 1765 1820 amor
1804 1776 2006 1834 vester,
2034 1778 2088 1826 et
2116 1770 2244 1828 reli-

667 1841 820 1910 giosa
851 1842 1042 1899 invitat
1059 1846 1299 1913 devotio,
1326 1852 1453 1920 quia
1476 1852 1750 1913 debitores
1772 1873 1984 1925 sumus,
2004 1870 2063 1915 ut
2089 1878 2240 1933 qum-

666 1931 790 1987 dam
822 1934 979 1991 vobis
1007 1938 1332 2001 scribamus.
1372 1942 1482 1999 Vos
1501 1962 1653 2017 ergo,
1680 1950 1771 2019 qui
1798 1931 2239 2012 sacerdotio—Do-

666 2024 802 2079 mini
832 2024 1098 2095 fruimini,
1138 2040 1193 2086 et
1220 2032 1276 2087 in
1305 2036 1525 2105 specula
1556 2040 1688 2097 estis
1722 2042 1904 2112 positi,
1948 2046 2068 2116 plus
2098 2049 2243 2106 scire

670 2124 917 2185 oportet,
941 2128 999 2175 ut
1038 2120 1290 2180 subditos
1322 2127 1478 2184 vobis
1522 2133 1751 2200 populos
1783 2135 2016 2205 pleniter
2044 2139 2242 2199 docere

672 2209 918 2277 possitis,
942 2212 1134 2283 eisque
1156 2217 1224 2272 ad
1252 2233 1420 2289 regna
1450 2226 1713 2281 cwlorum
1741 2227 2001 2284 ducatum
2032 2234 2241 2302 praebe-

667 2312 747 2362 re,
770 2298 879 2377 Deo
908 2315 1204 2373 annuente,
1231 2310 1480 2368 valeatis.
1511 2313 1663 2371 Unde
1688 2324 1742 2373 et
1768 2319 1887 2389 ipsa
1922 2337 2019 2391 per
2032 2298 2110 2380 ‘se
2136 2323 2242 2382 Ve-

664 2390 801 2448 ritas
831 2392 948 2449 ait:
996 2395 1156 2455 Vobis
1190 2400 1375 2456 datum
1414 2415 1493 2459 est
1551 2421 1703 2463 nosse
1740 2390 2047 2482 mysterium
2096 2418 2241 2487 regni

666 2479 785 2549 Dei,
815 2490 1019 2545 caeteris
1048 2502 1221 2546 autem
1262 2496 1315 2549 in
1340 2498 1607 2561 parabolis
1626 2502 1666 2568 ’,
1701 2479 1809 2560 etc.
1833 2504 2063 2577 Propter
2092 2479 2239 2581 quod

664 2575 957 2633 consilium
985 2579 1056 2635 do
1088 2585 1383 2657 unicuique
1410 2598 1671 2655 vestrum,
1700 2575 2019 2653 constanter
2038 2575 2240 2660 docere

665 2667 832 2745 verba
856 2670 1042 2728 divina
1068 2683 1180 2741 ;.et
1210 2678 1571 2748 discentibus,
1604 2685 1834 2743 libenter
1864 2695 2239 2750 accommoda-

666 2773 726 2812 re
756 2776 946 2835 aurem
979 2768 1145 2823 verbo
1174 2768 1290 2826 Dei.
1324 2770 1580 2828 Vestrum
1612 2778 1780 2844 enim,
1806 2782 1933 2850 quia
1969 2783 2239 2854 legatione

668 2847 882 2907 Domini
915 2854 1343 2927 fungimini,.est
1366 2864 1563 2923 docere
1586 2847 1848 2938 populos;
1880 2847 2069 2929 eorum
2110 2892 2239 2933 vero

668 2951 751 2996 est
780 2945 934 3002 vobis
964 2949 1190 3007 obedire
1224 2961 1283 3008 ut
1318 2955 1430 3012 Deo
1451 2958 1515 3015 ¹⁰.
1546 2958 1600 3013 Si
1627 2972 1807 3019 autem
1842 2965 1995 3021 vobis
2024 2967 2237 3037 episco-

667 3035 754 3105 pis
772 3054 879 3093 non
897 3040 1200 3099 obcdierint
1222 3062 1411 3104 omnes
1428 3052 1750 3124 presbyteri,
1764 3056 1979 3111 diaconi
2014 3035 2078 3113 ac
2108 3061 2240 3115 sub-

665 3128 905 3199 diaconi,
936 3142 991 3190 et
1016 3137 1211 3208 reliqui
1243 3141 1449 3207 clerici,
1480 3160 1779 3217 omnesque
1799 3151 2096 3222 principes,
2127 3161 2237 3209 tam

668 3221 897 3292 majoris
933 3228 1144 3286 ordinis
1182 3248 1345 3302 quam
1386 3235 1684 3303 inferioris,
1718 3248 1881 3310 atque
1911 3221 2104 3314 reliqui
2141 3260 2235 3315 po-

669 3314 781 3381 puli
813 3316 991 3373 tribus
1026 3328 1080 3375 et
1110 3323 1309 3393 linguae
1331 3342 1441 3382 non
1477 3329 1990 3400 obtemperaverint,
2016 3350 2126 3391 non
2147 3351 2238 3392 so-

670 3402 781 3459 lum
815 3408 1067 3477 infames,
1121 3416 1219 3471 sed
1263 3430 1316 3473 et
1346 3429 1599 3479 extorres
1646 3439 1675 3477 a
1708 3442 1875 3498 regno
1904 3427 1998 3483 Dei
2028 3437 2081 3483 et
2105 3444 2237 3485 con-

669 3500 840 3554 sortio
866 3502 1126 3569 fidelium,
1162 3523 1225 3563 ac
1248 3525 1277 3563 a
1313 3512 1591 3571 liminibus
1624 3528 1825 3575 sancue
1862 3518 1953 3575 Dei
1984 3521 2251 3581 Ecclesiae.

670 3591 831 3647 alieni
860 3606 1041 3651 erunt.
1076 3597 1211 3655 Nam
1237 3612 1478 3660 vestrum
1535 3616 1620 3663 est
1668 3625 1761 3666 eos
1808 3612 2112 3676 instruere;
2146 3631 2236 3671 eo-

670 3698 790 3739 rum
818 3694 902 3743 est
950 3692 1100 3748 vobis
1136 3694 1356 3752 obedire
1386 3709 1443 3753 ut
1470 3700 1598 3769 Deo,
1631 3704 1789 3772 cujus
1814 3705 2081 3776 legatione
2111 3708 2239 3763 fun-

670 3776 884 3847 gimini,
910 3780 1125 3840 dicente
1152 3786 1424 3846 Domino:
1462 3792 1567 3861 Qui
1594 3812 1681 3850 vos
1714 3798 1900 3862 audit,
1942 3815 2023 3853 me
2064 3802 2235 3866 audit,

2343 1313 2664 1381 benevolus,
2698 1318 2793 1374 sed
2817 1319 3037 1377 rebellis
3061 1329 3223 1392 atque
3267 1322 3586 1379 inobediens
3614 1323 3917 1387 exstiterit,

2344 1394 2585 1463 fructum
2616 1413 3083 1483 nongerminabit
3115 1428 3217 1471 nec
3245 1420 3441 1486 pariet,
3476 1416 3570 1472 sed
3601 1416 3801 1473 similis
3832 1426 3921 1474 cst

2344 1500 2525 1555 arbori
2556 1500 2657 1567 illi,
2692 1502 2761 1558 de
2788 1518 2895 1575 qua
2934 1502 3199 1562 Dominus
3238 1506 3352 1561 ait:
3388 1506 3572 1562 Omnis
3619 1506 3776 1561 arbor
3796 1523 3921 1579 qua

2343 1606 2446 1645 non
2487 1590 2620 1661 facit
2641 1595 2875 1662 fructum
2896 1595 3107 1662 bonum,
3134 1597 3425 1665 excidatur,
3442 1608 3493 1651 et
3521 1600 3575 1653 in
3594 1599 3763 1669 ignem
3789 1599 3923 1653 mit-

2342 1690 2483 1737 tetur
2506 1684 2569 1740 “.
2607 1685 2652 1720 "
2684 1684 2903 1744 Primus
2929 1688 3072 1744 enim
3095 1688 3339 1761 pontifex
3368 1690 3573 1753 Aaron.
3613 1690 3923 1749 chrismate

2342 1774 2757 1845 compositionis
2798 1788 3096 1848 perunctus
3119 1819 3133 1845 ,
3183 1782 3440 1852 princeps
3468 1782 3653 1854 populi
3685 1782 3787 1837 fuit
3815 1801 3831 1851 ;
3866 1793 3925 1840 et

2342 1872 2600 1937 tanquam
2623 1884 2740 1937 rex,
2771 1869 3041 1941 primitias
3062 1878 3116 1928 et
3140 1873 3403 1929 tributum
3436 1890 3531 1945 per
3553 1874 3731 1945 capita
3763 1890 3923 1932 ecce.

2346 1958 2424 2028 pit
2446 1974 2476 2012 a
2498 1960 2734 2030 populo:
2765 1967 2819 2017 et
2834 1962 3120 2030 judicandi
3150 1966 3404 2035 populum
3443 1972 3591 2021 sorte
3630 1974 3917 2037 suscepta,

2342 2049 2409 2106 de
2438 2052 2657 2108 mundis
2680 2053 3081 2126 immundisque
3118 2055 3421 2125 judicabat.
3464 2054 3568 2111 Sed
3593 2064 3647 2111 et
3681 2056 3731 2113 si
3772 2058 3921 2115 alius

2341 2156 2410 2198 ex
2439 2143 2558 2214 ipso
2601 2154 2878 2216 unguento
2916 2156 3211 2217 perunctus
3240 2153 3346 2210 est,
3375 2146 3577 2202 virtute
3621 2146 3751 2203 inde
3781 2160 3922 2203 con-

2345 2243 2526 2305 cepta,
2550 2235 2713 2291 etiam
2743 2237 2860 2307 ipse
2880 2252 2976 2292 rex
3001 2249 3093 2293 aut
3124 2238 3384 2309 propheta
3424 2245 3518 2292 aut
3545 2237 3788 2309 pontifex
3822 2236 3922 2297 ﬁe-

2343 2324 2455 2379 bat.
2487 2324 2643 2392 Quod
2673 2326 2719 2383 si
2752 2330 3065 2401 temporalis
3102 2330 3273 2399 gratia
3308 2331 3377 2385 ab
3415 2328 3730 2385 hominibus
3760 2344 3923 2384 com-

2343 2418 2542 2487 posita,
2572 2426 2782 2473 tantum
2816 2420 2990 2491 potuit
3017 2460 3033 2487 ,
3063 2421 3351 2492 intelligite
3387 2419 3501 2491 jam
3547 2430 3816 2491 quantum
3847 2420 3922 2477 sit

2342 2508 2475 2563 illud
2508 2519 2868 2582 unguentum,
2892 2512 3036 2583 quod
3068 2528 3097 2566 a
3142 2511 3253 2569 Deo
3276 2512 3345 2568 de
3373 2512 3612 2584 virgulto
3637 2511 3762 2566 vitae
3782 2514 3913 2583 ριὀέ

2341 2600 2509 2656 latum
2540 2610 2645 2666 est,
2680 2619 2802 2658 cum
2826 2602 2929 2657 hoc
2955 2604 3099 2674 quod
3123 2603 3192 2659 ab
3230 2603 3543 2658 hominibus
3568 2603 3773 2657 factum
3804 2612 3918 2667 est,

2338 2697 2449 2746 tam
2468 2694 2698 2750 eximias
2723 2695 3133 2751 interhomines
3160 2694 3408 2751 conferat
3433 2695 3747 2767 dignitates.
3770 2694 3919 2764 Quid

2338 2783 2484 2838 enim
2515 2785 2569 2839 in
2604 2786 2859 2857 praesenti
2890 2788 3091 2842 saeculo
3123 2787 3385 2857 prepheta
3418 2786 3740 2857 gloriosius,
3782 2800 3921 2856 pon-

2339 2874 2483 2931 tifice
2514 2877 2737 2943 ciarius,
2774 2894 2900 2949 rege
2921 2879 3253 2936 sublimius?
3281 2877 3475 2936 Omnis
3493 2879 3637 2933 enim
3665 2878 3916 2949 pontifex

2340 2983 2499 3024 sacro
2520 2969 2821 3026 chrismate
2848 2980 3147 3040 perunctus
3170 3010 3184 3035 ,
3216 2954 3363 3026 et‘in
3396 2970 3615 3025 civitate
3643 2969 3919 3025 constitu-

2340 3068 2451 3127 tus,
2480 3059 2780 3132 Scripturis
2808 3063 2981 3117 sacris
3013 3062 3269 3117 conditus
3288 3063 3353 3127 ¹⁶,
3390 3060 3594 3118 charus
3617 3067 3670 3115 et
3702 3061 3917 3131 pretio-

2341 3168 2436 3209 sus
2476 3153 2790 3211 hominibus
2824 3153 3021 3225 oppido
3058 3170 3181 3211 esse
3220 3151 3450 3214 debet.“
3517 3153 3711 3220 Quem,
3753 3154 3920 3223 quasi

2338 3246 2543 3302 Christi
2572 3250 2749 3303 locum
2766 3254 3070 3312 tenentem,
3094 3247 3365 3302 honorare
3382 3260 3574 3301 omnes
3595 3244 3816 3317 debent,
3835 3246 3923 3299 ei-

2339 3355 2446 3409 que
2472 3342 2699 3406 servire,
2725 3347 2781 3396 et
2810 3336 3125 3397 obedientes
3151 3340 3219 3394 ad
3249 3340 3481 3395 salutem
3503 3354 3656 3395 suam
3680 3337 3924 3394 ﬁdeliter

2339 3432 2593 3497 existere,
2613 3433 2850 3489 scientes
2870 3431 3015 3504 quod
3038 3432 3151 3487 sive
3177 3430 3373 3495 honor,
3398 3432 3513 3487 sive
3544 3428 3769 3499 injuria,
3790 3444 3922 3499 qua

2338 3525 2391 3582 ei
2413 3523 2676 3592 defertur,
2705 3524 2762 3579 in
2802 3524 3081 3581 Christum
3113 3522 3383 3579 redundat
3410 3561 3425 3589 ,
3456 3530 3510 3579 et
3540 3537 3570 3577 a
3602 3523 3825 3578 Christo
3858 3522 3920 3576 in

2343 3618 2532 3673 Deum.
2562 3616 2608 3649 ⁸⁸
2637 3617 2842 3673 Audire
2874 3630 3005 3687 ergo
3039 3630 3162 3672 eum
3207 3616 3470 3671 attentius
3497 3622 3735 3685 oportet,
3766 3622 3823 3669 et
3846 3616 3922 3670 ab

2343 3708 2461 3781 ipso
2478 3707 2767 3779 suscipere
2811 3708 3119 3763 doctrinam
3160 3706 3305 3772 ﬁdei,
3338 3707 3543 3761 monita
3576 3713 3758 3761 autem
3787 3706 3923 3761 vita:

2343 3816 2373 3855 a
2405 3800 2737 3873 presbyteris
2754 3800 3053 3871 inquirere,
3078 3814 3107 3854 a
3132 3799 3380 3856 diaconis
3404 3814 3534 3855 vero
3560 3800 3810 3855 ordinem
3830 3799 3935 3853 di--

669 3879 719 3921 et
744 3871 832 3939 qui
862 3887 949 3925 vos
985 3878 1203 3943 spernit,
1234 3897 1312 3935 me
1342 3887 1535 3949 spernit
1555 3887 1626 3954 “;
1654 3895 1707 3943 et
1733 3908 1746 3944 :
1776 3890 1880 3955 Qui
1909 3892 1994 3946 vos
2034 3896 2237 3963 recipit,
2267 3894 2307 3951 C
2346 3871 2608 3965 sciplinai.
2653 3891 2881 3965 Propter
2919 3893 3066 3964 quod
3115 3892 3379 3962 deprecor
3415 3908 3513 3947 vos
3535 3905 3828 3947 conservos
3860 3898 3921 3944 et

673 3979 754 4016 me
784 3966 987 4034 recipit,
1018 3978 1066 4022 et
1104 3974 1191 4041 qui
1215 3991 1295 4028 me
1329 3978 1531 4046 recipit,
1562 3982 1745 4050 recipit
1767 3998 1885 4036 eum
1915 3986 2005 4055 qui
2033 4001 2112 4041 me
2142 3988 2245 4041 mia

672 4056 741 4108 sit
761 4055 975 4112 ".Nihil
1005 4063 1150 4117 enim
1186 4064 1449 4135 injustius
1468 4071 1551 4125 vel
1577 4073 1919 4131 inhonestius
1937 4085 2042 4142 est,
2076 4093 2241 4149 quam

676 4145 818 4201 ﬁlios
849 4152 1098 4218 patribus
1132 4157 1396 4228 rebelles,
1432 4170 1525 4215 aut
1556 4164 1789 4225 clericos
1820 4169 1903 4222 vel
1942 4145 2111 4240 laicus
2142 4172 2243 4227 doc

676 4240 948 4306 ctoribus,
992 4258 1088 4299 seu
1120 4246 1418 4321 discipulos
1444 4256 1722 4325 magistris
1752 4258 2125 4319 inobedientes
2158 4267 2243 4320 vel

674 4341 959 4400 protervos
993 4337 1248 4397 existere.
1279 4342 1535 4402 Novimus
1582 4350 1727 4402 enim
1775 4353 2011 4420 primum
2066 4354 2245 4414 homi-

674 4434 800 4476 nem
849 4441 945 4494 per
985 4428 1410 4491 inobedientiam
1442 4440 1709 4497 cecidisse
1752 4461 1767 4499 :
1818 4444 2023 4501 idcirco
2050 4464 2242 4505 onmes

674 4512 782 4568 hoc
812 4518 1007 4573 vitium
1047 4537 1393 4597 summopere
1434 4547 1625 4588 cavere
1663 4550 1967 4597 monemus.
2004 4539 2069 4595 Et
2112 4542 2241 4610 quia

677 4604 936 4663 Dominus
961 4616 1197 4681 superbis
1227 4622 1425 4675 resistit
1444 4661 1457 4685 ,
1483 4625 1764 4681 humilibus
1805 4640 1979 4685 autem
2007 4632 2099 4686 dat
2118 4604 2243 4703 gra-

676 4698 888 4766 tiam",
907 4701 1171 4763 Dominus
1190 4719 1377 4767 noster
1410 4716 1631 4772 mittens
1655 4734 1751 4775 vos
1768 4722 1887 4777 vice
1914 4739 2012 4779 sua
2036 4724 2091 4779 in
2122 4725 2241 4781 loco

676 4796 1049 4863 apostolorum
1071 4800 1139 4855 ad
1168 4802 1590 4871 praedicandum,
1621 4814 1876 4881 pmcepit
1897 4816 2051 4874 vobis
2079 4816 2244 4873 doceo

677 4899 738 4941 re
770 4901 981 4952 omnes,
1026 4907 1325 4963 omnesque
1365 4898 1519 4953 vobis
1548 4900 1779 4958 fideliter
1811 4908 2146 4978 obedientes,
2182 4920 2243 4967 ut

676 4975 805 5047 ipsi,
838 4982 1103 5051 existere;
1135 4989 1392 5056 quoniam
1428 5005 1529 5045 nec
1560 4994 1716 5049 aliter
1746 5005 1889 5051 terra
1914 5000 2089 5068 pariet
2121 5002 2239 5056 fru-

676 5077 801 5125 ctus
828 5087 958 5153 suos
979 5113 994 5138 ,
1046 5076 1157 5132 nisi
1196 5081 1345 5134 culta
1379 5089 1644 5154 receperit
1692 5104 1897 5153 semen,
1933 5098 1988 5145 et
2018 5092 2242 5165 irrigata

679 5168 1084 5235 germinaverit,
1138 5180 1193 5227 et
1238 5176 1425 5244 pariat
1450 5194 1569 5247 qua:
1608 5189 1692 5234 est
1737 5184 2001 5252 paritura.
2052 5182 2145 5253 Sic
2188 5198 2241 5242 et

677 5261 858 5316 omnis
888 5263 1070 5329 homo,
1090 5268 1188 5337 qui
1206 5268 1436 5325 libenter
1452 5288 1561 5327 non
1584 5278 1847 5344 receperit
1868 5280 2089 5334 verbum
2123 5279 2235 5343 Dei,

679 5350 924 5425 illudque
944 5358 1001 5411 in
1030 5350 1193 5417 corde
1220 5378 1321 5418 suo
1342 5368 1647 5435 germinare
1668 5385 1778 5424 non
1801 5370 2007 5439 siverit,
2043 5389 2107 5429 ac
2141 5375 2240 5428 mi-

2344 3976 2623 4057 adjntores
2652 4001 2824 4053 meos,
2849 3996 2908 4041 ut
2931 3984 3159 4039 discatis
3190 3984 3451 4041 attentius
3488 3984 3796 4039 animarum
3824 3998 3923 4038 cu-

2343 4094 2459 4134 ram
2496 4094 2704 4150 gerere,
2736 4086 2791 4134 et
2830 4094 2930 4149 pro
2958 4077 3212 4133 omnibus
3241 4086 3412 4143 stare,
3457 4076 3691 4131 maxime
3730 4084 3921 4132 tamen

2343 4185 2443 4241 pro
2474 4170 2560 4227 his
2588 4171 2683 4241 qui
2712 4172 2769 4225 in
2810 4171 2981 4230 cultu,
3003 4170 3189 4223 divino
3235 4170 3506 4223 laborant.
3544 4167 3923 4225 Ecclesiarum

2343 4264 2587 4319 omnium
2617 4277 2807 4318 curam
2839 4262 3115 4326 habetote,
3148 4261 3433 4342 servisque
3470 4275 3657 4317 earum
3699 4260 3923 4331 adjuto-

2343 4356 2485 4409 rium
2519 4355 2787 4425 praebete,
2823 4353 3112 4408 viduarum
3147 4353 3463 4423 religiosam
3501 4367 3689 4407 curam
3722 4352 3919 4423 gerite,

2344 4448 2578 4518 pupillos
2614 4448 2833 4504 enixius
2870 4446 3178 4512 liberate",
3225 4447 3555 4517 pauperibus
3600 4446 3923 4501 misericor-

2343 4541 2487 4595 diam
2513 4539 2696 4605 facite,
2724 4542 2954 4610 juvenes
2984 4538 3305 4611 pudicitiam
3337 4539 3549 4595 docete.
3579 4538 3668 4605 Et,
3706 4547 3763 4593 ut
3795 4541 3923 4595 bre-

2344 4634 2483 4689 viter
2508 4639 2680 4688 totum
2726 4634 2929 4698 dicam,
2963 4634 3287 4687 alterutrum
3326 4646 3447 4700 vos,
3488 4632 3543 4687 in
3577 4632 3781 4702 quibus
3829 4646 3921 4689 res

2343 4725 2673 4796 poposcerit,
2704 4733 3025 4782 sustentate.
3045 4724 3211 4782 Deum
3249 4712 3430 4790 colite,
3461 4724 3554 4795 qui
3577 4725 3782 4779 creavit
3805 4740 3920 4780 ete-

2344 4817 2455 4871 lum
2479 4831 2532 4873 et
2557 4829 2780 4883 terram,
2820 4825 2873 4873 et
2901 4817 3123 4874 Christo
3140 4817 3371 4885 credite,
3400 4819 3632 4875 invicem
3659 4836 3757 4877 vos
3785 4821 3917 4876 dili-

2343 4910 2474 4982 gite,
2516 4918 2571 4965 et
2610 4912 2995 4968 misericordes
3037 4920 3214 4967 estote
3260 4912 3315 4967 in
3347 4928 3561 4978 omnes,
3608 4929 3717 4968 non
3750 4915 3920 4970 verbo

2344 5004 2483 5067 Solo,
2509 5004 2601 5057 sed
2626 5019 2788 5075 opere
2804 5013 2858 5059 et
2875 5007 3039 5061 rebus
3061 4990 3278 5076 implete
3294 5006 3613 5061 cbaritatem
3634 5007 3699 5063 '°.
3721 5010 3763 5038 “
3787 5010 3918 5077 Agi-

2342 5106 2394 5153 te
2422 5112 2520 5168 pro
2541 5098 2767 5165 viribus,
2798 5100 3044 5155 conservi
3060 5099 3421 5166 dilectissimi,
3449 5101 3576 5171 quia
3604 5099 3809 5154 bonum
3832 5106 3918 5153 est

2344 5200 2404 5243 ut
2432 5192 2808 5262 unusquisque
2842 5203 3121 5259 vestrum,
3167 5192 3465 5249 secundum
3515 5193 3660 5263 quod
3713 5202 3913 5264 potest,

2345 5284 2516 5352 prosit
2558 5284 2944 5339 accedentibus
2972 5284 3040 5338 ad
3080 5283 3235 5340 ﬁdem
3269 5285 3548 5357 religionis
3584 5296 3807 5341 nostra.
3849 5286 3917 5343 fit

2341 5376 2463 5431 ideo
2488 5392 2560 5431 no
2618 5392 2715 5431 vos
2745 5376 3262 5447 pigeal,secundum
3292 5379 3635 5448 sapientiam,
3666 5395 3789 5450 qua:
3816 5395 3916 5445 vo-

750 5491 772 5522 ’
821 5492 907 5573 In.
939 5507 1045 5584 ms.
1084 5504 1273 5551 nostro
1289 5500 1509 5584 ltittilus'
1527 5508 1658 5583 est:
1726 5507 1860 5556 Item
1893 5506 2070 5584 incipit
2104 5505 2345 5584 [Epistolis
2369 5510 2625 5584 generatis
2663 5507 2944 5584 gementis
2981 5526 3155 5584 paper.
3189 5510 3427 5584 omnibus
3459 5522 3565 5567 tam
3591 5516 3908 5584 majoribus.

681 5577 839 5633 quam
882 5562 1154 5653 inferioris
1206 5569 1407 5624 ordinis
1458 5570 1713 5653 δραι-ἰοὺ)-
1741 5588 1805 5653 _u_c
1862 5562 2621 5653 curujis__ﬁdetibus"scriptu.
2663 5562 2995 5653 iisanuirius:
3026 5562 3166 5636 rir'lt'i
3676 5562 3911 5653 epistol;

684 5634 961 5706 generalis.
1066 5635 1239 5693 ’Luc.
1302 5656 1417 5706 vui,
1476 5643 1563 5697 1υ.

687 5701 733 5771 ε·
758 5701 946 5771 Matth.
982 5721 1035 5771 ι,
1066 5706 1154 5761 to.

1674 5644 1820 5698 “’H.

1260 5708 1507 5776 "Iacob,
1541 5730 1613 5775 tv,
1646 5713 1699 5774 6.
1732 5724 1785 5767 et
1834 5712 1852 5765 l
1882 5708 2029 5769 Potrf
2081 5734 2129 5773 ν.
2154 5718 2215 5772 τ5.

1915 5686 1928 5699 .
1978 5646 2113 5710 5,Si
2162 5658 2333 5702 autem
2389 5646 2833 5705 vobis.—Conc.
2884 5650 3128 5714 Tribur..
3167 5669 3217 5707 c.
3256 5652 3309 5708 8.

2325 5718 2606 5793 ?‘_Matth.
2654 5738 2763 5793 vn.
2812 5719 2907 5793 19.7
2978 5723 3019 5793 f5
3057 5721 3326 5793 Recogm’t.
3364 5724 3429 5793 ,1.

3426 5654 3468 5685 ¹¹
3513 5653 3646 5710 Luc.
3698 5671 3753 5719 x,
3802 5660 3906 5717 ‘16.

3539 5726 3581 5757 "
3646 5727 3906 5785 eruditus.

692 5770 734 5807 ³²
759 5769 1030 5841 Ιῖίεοθηὲιέ
1055 5775 1109 5845 3,
1138 5792 1188 5834 C.
1215 5779 1304 5835 66.
1380 5782 1423 5814 ¹⁸
1442 5769 1576 5838 Dist.
1602 5769 1664 5849 '5,
1686 5769 1721 5836 ξι
1736 5785 1883 5841 udire
1905 5769 2218 5854 episcopum.
2292 5789 2331 5821 ¹⁹
2646 5769 2909 5861 "(rapis—ti
2940 5769 3336 5844 chariilti‘f""-'t
3357 5769 3901 5867 Iiécognit.3;‘;.'-§5:
