4096 6318
171 418 289 473 ‘93

1387 402 1744 462 EPISTOLE
1785 370 2236 459 DECRETALES

3328 408 3434 465 494

173 531 271 584 bis
295 546 393 600 per
419 526 515 584 Dei
543 527 939 599 providentiam
963 525 1157 581 collata
1180 530 1285 586 est,
1312 522 1586 575 instruere
1609 520 1760 589 igna-
1792 530 1834 585 Α
1865 519 1935 573 tis
1966 517 2241 571 daemones
2271 529 2393 569 cum
2421 516 2776 584 passionibus
2796 559 2811 583 ,
2841 532 2980 587 quas
3008 518 3318 578 hominibus
3358 526 3437 578 iu-

171 637 280 694 ros
315 630 368 677 et
403 623 622 678 docere.
655 615 988 675 Desidet-ium
1020 632 1150 687 ergo
1172 616 1371 670 habere
1406 628 1595 667 omnes
1631 624 1757 680 erga

173 716 474 772 doctorem
519 715 787 779 veritatis,
834 726 1068 783 eumque
1098 719 1157 765 ut
1186 710 1375 766 oculos
1411 722 1540 763 suos
1575 718 1760 758 amare

172 818 441 879 Oportet;
473 810 601 880 quia
630 818 684 863 et
714 809 893 879 ipsum
935 806 1194 877 populum
1239 802 1345 858 sibi
1381 799 1755 860 commissum,

171 916 286 956 ceu
322 901 759 972 prepriosﬂlios,
789 893 974 954 amare
1004 910 1057 953 et
1085 898 1284 951 docere
1325 893 1623 956 condecet;
1656 886 1759 941 huc

168 998 336 1050 enim
356 996 404 1049 ei
434 1010 465 1049 a
497 994 658 1049 Patre
688 994 897 1050 cmlesti
921 992 1179 1047 donatum
1201 997 1285 1044 est
1300 988 1365 1042 “~.
1402 984 1507 1039 Sed
1528 991 1580 1038 et
1609 981 1759 1035 salus

172 1090 234 1145 in
260 1106 335 1144 eo
365 1097 468 1154 est,
509 1097 565 1147 ut
593 1090 925 1144 voluntatem
951 1086 1072 1155 ejus
1100 1082 1260 1159 cujus
1306 1092 1545 1134 amorem
1576 1082 1633 1161 et
1662 1075 1758 1129 de—

174 1178 476 1249 siderium,
510 1183 621 1239 Deo
649 1182 938 1251 largiente,
968 1177 1348 1247 conceperint,
1377 1166 1757 1231 faciant,"_Si

172 1278 314 1347 quis
338 1293 468 1349 ergo
505 1277 680 1332 ﬁdelis
710 1276 944 1331 voluerit
974 1274 1232 1348 existere,
1268 1278 1323 1324 et
1352 1266 1624 1324 desiderat
1660 1264 1759 1318 ba-

172 1370 404 1442 ptizari,
435 1378 632 1425 exutus
654 1370 930 1440 prioribus
954 1368 1133 1431 malis,
1158 1366 1225 1421 de
1253 1364 1464 1433 reliquo
1480 1374 1585 1432 pro
1599 1360 1758 1414 bonis

177 1452 402 1519 actibus
432 1464 604 1518 haeres
624 1464 887 1519 bonorum
914 1460 1217 1515 caelestium
1241 1473 1306 1515 ex
1325 1458 1493 1528 gestis
1520 1452 1757 1524 propriis

176 1555 291 1612 ﬁet.
327 1556 569 1611 Accedat
606 1564 786 1611 autem
814 1554 908 1625 qui
939 1553 1055 1607 vult
1106 1550 1174 1606 ad
1210 1550 1548 1605 sacerdotem
1574 1560 1754 1608 suum,

176 1659 237 1704 et
263 1650 367 1719 ipsi
392 1650 483 1703 det
509 1664 709 1705 nomen
739 1663 924 1708 suum,
951 1653 1115 1715 atque
1137 1643 1206 1697 ab
1246 1658 1313 1698 eo
1339 1640 1528 1695 audiat
1555 1645 1757 1710 myste-

175 1740 265 1796 ria
288 1745 441 1815 regni
462 1745 749 1811 cmlorum,
766 1742 992 1815 jejuniis
1019 1739 1394 1810 frequentibus
1415 1744 1636 1806 operam
1662 1734 1758 1787 im-

174 1838 406 1908 pendat,
432 1856 495 1895 ac
514 1842 868 1910 semetipsum
893 1841 948 1894 in
972 1838 1227 1893 omnibus
1248 1834 1460 1907 probet,
1492 1843 1549 1888 ut
1577 1831 1755 1886 tribus
1785 1868 1827 1922 Β

174 1935 467 1991 mensibus
494 1936 608 2006 jam
636 1921 1054 2002 consummatis,
1085 1935 1141 1990 in
1168 1933 1261 1988 die
1284 1926 1425 2000 festo
1450 1928 1633 2000 possit.
1655 1926 1754 1981 ba-

176 2031 403 2101 ptizari.
448 2030 760 2102 Baptizetur
792 2038 972 2086 autem
1002 2028 1381 2097 unusquisque
1402 2025 1457 2079 in
1477 2022 1634 2094 aquis
1667 2037 1756 2090 pe-

174 2125 466 2193 rennibus,
499 2126 719 2181 nomine
747 2125 906 2178 trina:
934 2120 1289 2177 beatitudinis
1317 2118 1569 2174 invocato
1590 2130 1755 2185 super

172 2236 263 2289 se,
301 2226 599 2291 perunctus
618 2221 795 2291 primo
811 2220 933 2276 oleo
954 2233 1048 2291 per
1069 2218 1371 2271 orationem
1390 2211 1749 2277 sanetiﬁcato,

173 2321 240 2367 ut
268 2314 344 2367 ita
375 2298 591 2369 demum
617 2314 636 2381 ,‘
662 2329 761 2385 per
789 2314 906 2369 hate
947 2320 1307 2369 consecratus
1326 2352 1341 2377 ,
1373 2312 1549 2383 possit
1574 2309 1752 2381 perci-

171 2420 306 2475 pere
336 2388 516 2460 locum
546 2422 669 2463 cum
710 2406 992 2465 sanctis.“
1011 2407 1206 2465 Nullus
1230 2411 1376 2464 enim
1409 2418 1629 2481 propter
1653 2425 1751 2480 op-

170 2501 461 2569 probrium
493 2505 792 2559 senectutis
820 2514 912 2559 aut
933 2505 1262 2574 juventutis,
1295 2506 1381 2561 vel
1408 2506 1746 2561 nobilitatem

168 2596 412 2663 generis,
456 2611 487 2651 a
517 2599 761 2667 parvulis
789 2605 843 2655 et
875 2600 1057 2655 minus
1075 2590 1309 2656 eruditis
1328 2642 1342 2665 ,
1374 2600 1419 2655 si
1448 2600 1579 2670 quid
1609 2600 1749 2655 forte

167 2695 258 2740 est
290 2687 545 2744 utilitatis
562 2698 655 2744 aut
672 2690 886 2757 salutis,
904 2690 1177 2762 inquirere
1198 2691 1459 2763 negligat.
1482 2691 1585 2767 Qui
1604 2686 1765 2747 enim'

167 2778 456 2835 rebelliter
480 2782 629 2850 vivit,
659 2795 714 2839 et
737 2785 947 2838 discere
969 2796 1131 2859 atque
1153 2800 1315 2855 agere
1341 2787 1481 2840 bona
1508 2795 1746 2853 recusat,

167 2874 351 2945 magis
373 2874 578 2930 diaboli
606 2893 770 2947 quam
792 2877 1000 2933 Christi
1030 2879 1336 2934 membrum
1364 2895 1486 2935 esse
1515 2882 1751 2935 ostendi-

172 2973 287 3031 tur,
328 2977 383 3020 et
427 2968 613 3036 potius
664 2970 899 3025 inﬁdelis
942 2986 1105 3039 quam
1164 2970 1340 3049 fidelis
1386 2980 1743 3033 monstratur,

168 3054 461 3123 Quomodo
480 3074 613 3130 ergo
643 3076 750 3116 non
781 3059 1037 3116 omnibus
1081 3061 1186 3118 hoc
1204 3061 1448 3116 amabile
1475 3072 1580 3129 est,
1612 3068 1748 3117 cuu-

1863 617 2142 674 vexerant,
2168 608 2505 663 transierunt
2526 616 2582 664 et
2598 610 2768 681 fugati
2797 620 2945 666 sunt.
2970 612 3016 644 ⁸⁸
3032 612 3170 678 Quia
3192 629 3321 685 ergo
3342 618 3433 673 alii

1861 700 2078 767 quidem
2107 700 2359 755 homines
2397 696 2721 771 patiuntur,
2768 703 2860 757 alii
2902 705 3169 773 patientes
3217 715 3433 774 sanant,

1860 805 2027 845 causa
2058 790 2177 845 sine
2204 790 2372 846 dubio
2397 794 2482 846 vel
2508 794 2749 863 patiendi
2788 794 2871 849 vel
2898 796 3127 850 curandi
3160 798 3436 854 noscenda

1859 868 1983 952 est;
2017 898 2142 953 quae
2170 899 2281 939 non
2308 885 2415 939 alia
2448 902 2593 951 esse,
2628 902 2794 957 quam
2824 888 3162 957 patientibus
3192 892 3435 959 quidem,

1861 974 2219 1043 inﬁdelitatis,
2263 978 2587 1034 curantibus
2631 994 2761 1034 vero
2782 1021 2796 1045 ,
2828 979 2973 1040 ﬁdei,
3007 979 3434 1036 demonstratur.

1858 1062 2154 1123 lnﬁdelitas
2184 1070 2333 1125 enim
2358 1070 2503 1125 "dum
2548 1086 2658 1125 ncn
2690 1073 2866 1127 credit
2897 1072 3142 1128 futurum
3171 1072 3266 1128 Dei
3296 1075 3440 1144 judi-

1857 1158 2039 1227 cium,
2071 1161 2335 1229 peccandi
2373 1160 2650 1217 licentiam
2692 1164 2929 1233 prazbet;
2975 1174 3257 1234 peccatum
3284 1182 3436 1231 vero,

1860 1249 2133 1305 hominem
2160 1252 2510 1322 passionibus
2539 1254 2835 1309 obnoxium
2869 1254 3016 1311 facit.
3042 1255 3204 1313 Fides
3234 1265 3436 1323 autem,

1862 1341 2110 1397 futurum
2144 1342 2240 1399 Dei
2262 1343 2531 1415 judicium
2570 1362 2693 1403 esse
2719 1347 2971 1413 credens,
2998 1350 3243 1406 continet
3266 1350 3440 1404 homi-

1860 1450 1958 1490 nes
1987 1450 2017 1489 a
2049 1445 2297 1506 peccato.
2324 1437 2443 1492 Non
2484 1447 2778 1508 peccantes
2805 1455 2974 1505 vero,
3007 1457 3117 1496 non
3160 1441 3339 1497 solum
3373 1442 3440 1495 li-

1859 1525 1974 1581 beri
1996 1536 2125 1583 sunt
2145 1544 2175 1581 a
2195 1528 2538 1584 daemonibus
2556 1537 2611 1585 et
2628 1528 3000 1600 passionibus,
3023 1544 3211 1587 verum
3228 1541 3283 1587 et
3301 1534 3434 1587 alio-

1858 1632 1977 1673 rum
2005 1619 2281 1677 daemones
2300 1628 2355 1677 et
2385 1622 2673 1695 passiones
2696 1622 2885 1695 fugare
2910 1634 3161 1694 possunt.
3194 1625 3328 1680 "Ex
3351 1627 3437 1683 his

1856 1726 1987 1782 ergo
2017 1714 2273 1769 omnibus
2299 1715 2592 1783 colligitur,
2632 1718 2779 1786 quod
2812 1718 2967 1787 origo
3000 1719 3167 1773 totius
3211 1720 3339 1773 mali
3366 1721 3437 1773 ab

1861 1802 2168 1871 ignorantia
2208 1805 2529 1871 descendat,
2562 1816 2616 1861 et
2646 1807 2762 1877 ipsa
2792 1808 2864 1863 sit
2899 1811 3139 1864 omnium
3170 1813 3436 1868 malorum

1858 1902 2052 1959 mater,
2070 1911 2191 1965 quae
2203 1897 2415 1951 incuria
2431 1906 2486 1952 et
2500 1898 2715 1969 ignavia
2731 1895 2992 1971 gignitur,
3006 1904 3330 1973 negligentia
3344 1922 3428 1959 ve-

1855 1978 1918 2040 ro
1934 1986 2100 2049 alitur
2114 1995 2167 2043 et
2178 1995 2429 2059 augetur,
2453 1997 2616 2060 atque
2634 1991 2688 2045 in
2710 1993 2962 2049 sensibus
2983 1992 3267 2048 hominum
3289 1996 3438 2049 radi-

1854 2078 2179 2141 catur,dum
2210 2087 2445 2148 amatur;
2482 2097 2646 2151 quam
2674 2083 2721 2138 si
2752 2085 2876 2153 quis
2913 2083 3054 2140 forte
3075 2084 3269 2140 doceat
3292 2086 3435 2142 effu-

1854 2171 2085 2240 gandam
2117 2173 2265 2229 velut
2294 2172 2537 2243 antiquis
2565 2182 2618 2229 et
2648 2174 3011 2230 haereditariis
3042 2178 3292 2241 sedibus,
3324 2193 3438 2231 mo-

1855 2262 1990 2317 leste
2013 2270 2071 2318 et
2106 2263 2457 2337 indignanter
2486 2266 2761 2319 avellitur.
2798 2266 2864 2319 Et
2884 2266 3006 2322 ideo
3037 2268 3319 2337 paululum
3352 2268 3436 2324 la-

1853 2354 2157 2409 borandum
2207 2356 2368 2412 nobis
2419 2364 2525 2421 est,
2561 2364 2621 2411 ut
2681 2357 3051 2428 indignantes,
3115 2360 3436 2431 ignorantia:

1852 2446 2328 2515 praesumptionem
2360 2447 2606 2503 scientiae
2636 2450 2847 2507 ratione
2880 2465 3230 2518 resecemus;
3265 2454 3320 2506 in
3349 2453 3435 2509 his

1854 2536 2145 2606 praecipue,
2170 2539 2264 2607 qui
2300 2539 2353 2592 in
2377 2539 2655 2609 aliquibus
2682 2541 2865 2595 minus
2886 2542 3049 2597 rectis
3080 2544 3434 2612 opinionibus

1852 2628 2111 2697 praeventi
2150 2637 2299 2693 sunt,
2334 2646 2432 2700 per
2476 2645 2637 2701 quas,
2669 2632 2828 2702 quasi
2856 2633 2960 2688 sub
2986 2634 3169 2704 specie
3196 2635 3432 2705 alicujus

1851 2718 2118 2781 scientiae,
2154 2721 2464 2793 ignorantia
2520 2722 2579 2776 in
2610 2722 2698 2778 his
2755 2724 3134 2781 vehementius
3182 2725 3431 2783 radicata

1850 2820 1953 2866 est.
1978 2810 2124 2866 Nihil
2154 2815 2301 2868 enim
2328 2823 2412 2870 est
2444 2815 2687 2885 gravius,
2715 2832 2879 2887 quam
2899 2818 2947 2872 si
2976 2817 3031 2871 id
3047 2819 3191 2889 quod
3217 2819 3431 2890 ignorat

1850 2904 1996 2972 quis,
2029 2906 2170 2961 scire
2197 2921 2258 2961 se
2285 2906 2494 2973 credat,
2523 2914 2576 2962 et
2605 2907 2863 2963 defendat
2893 2926 3078 2965 verum
3109 2927 3253 2976 esse,
3281 2915 3429 2983 quod

1850 2994 2050 3051 falsum
2076 3004 2190 3052 est:
2219 2998 2365 3067 quod
2392 3000 2504 3053 tale
2529 3007 2635 3063 est,
2667 3002 2828 3069 quale
2860 3002 2906 3056 si
2940 3004 3065 3071 quis
3094 3004 3280 3060 ebrius
3331 3022 3427 3060 so-

1848 3087 2030 3143 brium
2081 3104 2141 3143 se
2188 3097 2362 3158 putet,
2393 3099 2447 3145 et
2477 3099 2603 3161 agat
2633 3092 2853 3161 quidem
2882 3102 3080 3148 cuncta
3122 3103 3182 3149 ut
3210 3098 3425 3164 ebrius,

167 3150 390 3219 ctisque
410 3161 765 3222 exoptatum,
799 3162 858 3206 ut
884 3168 1007 3223 qua:
1034 3153 1283 3225 ignorat,
1308 3156 1504 3223 discat,
1546 3164 1600 3212 et
1627 3173 1746 3227 qua:

1852 3178 2095 3234 sobrium
2128 3195 2187 3235 se
2213 3188 2395 3235 tamen
2424 3190 2478 3235 et
2529 3184 2647 3254 ipse
2674 3192 2849 3253 putet,
2882 3185 2944 3241 et
2960 3186 3069 3241 dici
3123 3202 3155 3240 a
3206 3190 3427 3243 caeteris

164 3240 448 3308 didicerit,
477 3243 702 3322 doceat?
732 3244 776 3277 “
793 3244 1174 3317 Certissimum
1200 3263 1437 3318 namque
1462 3254 1571 3315 est,
1597 3250 1740 3319 quod

165 3350 349 3404 neque
378 3337 643 3403 amicitia,
682 3354 861 3407 neque
886 3340 1269 3409 propinquitas
1298 3342 1535 3411 generis,
1567 3358 1744 3411 neque

163 3429 323 3497 regni
356 3428 689 3494 sublimitas,
720 3432 929 3487 homini
960 3434 1119 3487 debet
1137 3448 1262 3488 esse
1280 3435 1572 3502 pretiosior
1596 3436 1742 3490 veri-

162 3530 299 3588 tate,
327 3524 455 3592 quia
481 3524 619 3578 nihil
646 3534 732 3580 est
758 3527 1050 3595 pretiosius
1066 3528 1269 3581 anima.
1297 3525 1622 3585 "Dominus
1642 3545 1741 3583 au-

161 3621 277 3668 tem
307 3625 525 3668 creator
550 3618 829 3682 omnium,
877 3633 944 3672 ex
974 3619 1134 3672 initio
1155 3621 1225 3672 ad
1256 3612 1764 3691 imaginemlsuam‘

160 3705 442 3761 hominem
494 3707 644 3773 fecit,
702 3710 862 3778 eique
909 3710 1341 3766 dominationem
1387 3723 1570 3779 terrae,
1618 3731 1737 3769 ma-

158 3798 350 3869 risque
396 3807 465 3854 et
508 3802 651 3856 aeris
711 3801 885 3872 ipsius
947 3803 1136 3885 dedit,
1191 3807 1584 3875 veritatemque
1653 3809 1737 3861 in-

155 3892 384 3960 quirere
436 3893 716 3963 praecepit,
767 3897 911 3949 sicut
959 3902 1016 3950 et
1066 3912 1228 3955 verus
1275 3899 1434 3953 nobis
1472 3900 1735 3971 prupiieta

155 3983 461 4047 enarravit,
494 3991 550 4038 et
595 3985 711 4056 ipsa
755 4001 937 4040 rerum
975 3987 1116 4043 ratio
1158 3988 1340 4055 docet.
1396 3988 1557 4045 Solus
1590 3994 1734 4045 enim

156 4074 325 4128 homo
356 4075 650 4131 rationalis
684 4085 767 4134 est
788 4119 805 4145 ,
839 4086 892 4133 et
918 4094 1264 4151 consequens
1296 4091 1400 4151 est,
1426 4093 1485 4139 ut
1512 4089 1653 4142 ratio
1678 4090 1732 4143 lu

156 4167 523 4223 rationalibus
550 4170 593 4201 "
637 4171 972 4229 dominetur.
999 4173 1101 4229 Hic
1127 4178 1272 4231 enim
1307 4178 1376 4232 ab
1404 4181 1737 4251 initio,cum

156 4259 341 4313 adhuc
360 4261 547 4327 justus
574 4272 739 4327 esset,
771 4268 987 4323 cunctis
1010 4268 1156 4333 vitiis
1179 4279 1233 4325 et
1256 4274 1405 4327 omni
1440 4272 1731 4345 fragilitate

153 4354 410 4422 superior
464 4363 616 4420 erat;
668 4356 757 4411 ubi
808 4367 989 4413 autem
1038 4364 1303 4430 peccavit,
1342 4374 1396 4419 et
1425 4364 1602 4421 factus
1648 4377 1731 4422 est

153 4460 353 4500 servus
379 4448 615 4515 peccati,
645 4452 808 4505 simul
830 4459 885 4505 et
931 4451 1212 4524 fragilitati
1251 4457 1490 4513 efﬁcitur
1516 4461 1729 4518 debitor

150 4546 209 4593 ct
238 4537 533 4594 obnoxius.
581 4539 735 4607 Quod
766 4542 974 4599 idcit’co
1004 4548 1266 4618 scriptum
1298 4560 1404 4613 est,
1455 4560 1511 4607 ut
1544 4556 1733 4610 sciant
1764 4536 1805 4589 Ῑ)

151 4630 444 4697 homines,
491 4634 619 4701 quia
658 4634 800 4689 sicut
841 4650 909 4690 ex
947 4637 1224 4707 impietate
1268 4644 1559 4713 passibilcs
1598 4646 1729 4702 facti

152 4731 309 4791 sunt,
349 4724 423 4778 ita
454 4740 550 4794 per
573 4727 831 4796 pietatem
854 4739 1083 4798 possunt
1101 4748 1226 4788 esse
1252 4736 1621 4805 impassibiles
1639 4742 1684 4772 ³⁸
1712 4760 1724 4796 :

152 4824 207 4869 et
237 4830 349 4869 non
374 4818 549 4871 solum
576 4819 962 4889 impassibiles,
986 4838 1173 4877 verum
1196 4834 1250 4880 et
1280 4842 1444 4895 parva
1474 4831 1527 4884 in
1559 4832 1726 4887 Deum

151 4908 257 4964 ﬁde
280 4908 512 4963 aliorum
537 4913 822 4981 passiones
841 4925 1122 4974 curantes.
1158 4917 1235 4972 Ita
1254 4922 1397 4975 enim
1430 4938 1593 4979 verus
1615 4927 1727 4994 ipse

150 5002 416 5073 propheta
449 5006 717 5074 promisit,
748 5007 940 5064 dicens
966 5030 978 5065 :
1014 5012 1178 5066 Amen
1207 5014 1324 5067 dico
1352 5016 1517 5079 vobis,
1557 5020 1604 5071 si
1629 5018 1725 5073 ha-

151 5093 375 5149 bueritis
412 5098 571 5167 ﬁdem
612 5101 751 5161 sicut
787 5088 1011 5171 granum
1056 5107 1298 5175 sinapis,
1330 5103 1514 5163 dicetis
1559 5115 1726 5167 monti

148 5187 275 5242 huic
299 5204 318 5241 :
352 5188 547 5244 Transi
580 5191 721 5257 hinc,
742 5203 793 5248 et
824 5197 1068 5261 transibit
1086 5200 1151 5253 ".
1182 5199 1358 5270 Hujus
1382 5203 1531 5258 vocis
1558 5205 1722 5261 etiam

147 5298 249 5337 vos
279 5282 380 5350 ipsi
418 5282 745 5340 documenta
787 5290 1031 5357 cepistis,
1069 5299 1123 5347 et
1154 5293 1273 5363 jam,
1299 5293 1443 5349 facta
1473 5297 1723 5366 quedam

148 5389 248 5443 per
295 5376 586 5444 magistros
622 5387 862 5446 nostros,
904 5381 1053 5450 ipsos
1102 5385 1357 5453 videlicet
1405 5392 1715 5459 apostolos,

147 5480 263 5520 non
287 5461 586 5537 ignoratis;
620 5472 771 5539 quia,
798 5461 1106 5533 astantibus
1133 5466 1311 5549 nobis,
1343 5499 1532 5539 eorum
1564 5487 1723 5541 meri-

196 5610 245 5687 ’ξ
278 5606 545 5687 Recogm't.
576 5626 673 5687 __t_v,
718 5614 866 5687 c._5.
896 5617 1028 5687 ων
1054 5615 1326 5687 Recogm‘t.
1375 5635 1462 5682 Ill,
1506 5635 1556 5674 c.
1612 5621 1699 5674 67.

126 5680 169 5710 ⁸⁸
202 5681 339 5739 Ans,
392 5680 525 5735 Luc.
576 5681 665 5735 lib.
712 5696 728 5736 ι
775 5679 841 5736 1η
895 5679 1211 5743 Νίὺετηιηιῖ

198 5750 388 5827 hiatth.
422 5766 555 5827 ξνιι,
584 5751 672 5827 19..
779 5753 823 5785 ³ο
854 5754 1124 5827 Recoynit.
1169 5775 1219 5822 γ,
1256 5775 1306 5814 c.
1333 5760 1386 5815 '5.

1326 5690 1371 5761 ⁸9
1413 5689 1679 5761 Recognt’t.
1727 5708 1787 5757 ν,
1834 5710 1885 5748 c.
1912 5696 1968 5753 2.

1501 5760 1844 5832 "Recognit.
1886 5781 1937 5831 v,
1968 5781 2018 5820 c.
2065 5766 2116 5823 4.

1796 3320 1800 3325 .
1849 3272 1994 3326 velit.
2024 3270 2102 3325 Ita
2138 3282 2412 3343 suntergo
2441 3282 2495 3329 et
2514 3275 2592 3340 hi,
2616 3276 3047 3347 quiignorantcs
3060 3279 3205 3349 quod
3236 3296 3426 3335 verum

1842 3374 1951 3427 est,
2002 3366 2241 3435 speciem
2291 3375 2475 3421 tamen
2528 3369 2764 3439 alicujus
2825 3369 3069 3425 scientiae
3129 3378 3332 3437 tenent,
3370 3383 3425 3428 et

1844 3460 1986 3512 mala
2026 3459 2183 3528 quasi
2215 3460 2358 3513 bona
2392 3468 2610 3530 gerunt,
2643 3469 2808 3532 atque
2836 3461 2903 3517 ad
2936 3463 3231 3532 perniciem
3264 3464 3422 3534 quasi

1839 3550 1908 3603 ad
1936 3551 2170 3605 salutem
2202 3549 2487 3607 festinant.
2521 3553 2565 3583 ³³
2592 3552 2825 3623 Propter
2877 3555 3025 3624 quod
3084 3563 3210 3609 ante
3237 3557 3422 3611 orantia

1842 3643 2247 3710 properandum
2278 3650 2364 3697 est
2394 3643 2461 3696 ad
2492 3644 2827 3712 agnitionem
2854 3646 3125 3711 veritatis,
3157 3655 3215 3700 ut
3243 3648 3423 3715 possi-

1838 3749 1985 3797 mus,
2020 3734 2183 3803 quasi
2211 3734 2418 3789 lumine
2448 3734 2608 3791 nobis
2640 3735 2768 3790 inde
2799 3750 3033 3791 accenso
3064 3738 3131 3801 ⁸³,
3166 3752 3418 3793 errorum

1838 3826 2092 3881 tenebras
2118 3826 2409 3895 depellere.
2453 3826 2671 3883 Grande
2698 3829 2844 3883 enim
2872 3831 3074 3883 malum
3111 3839 3217 3897 est,
3249 3838 3310 3884 ut
3337 3833 3420 3886 di-

1836 3920 2037 3983 ximus,
2068 3917 2412 3986 ignorantia;
2436 3920 2531 3975 sed
2546 3920 2675 3989 quia
2703 3922 3068 3977 substantiam
3090 3937 3201 3975 non
3233 3922 3415 3987 habet,

1836 4008 1994 4063 facile
2029 4010 2098 4063 ab
2134 4010 2242 4072 his,
2293 4011 2387 4080 qui
2448 4012 2689 4068 studiosi
2746 4020 2897 4076 sunt,
2944 4012 3239 4085 eﬂ‘ugatur.
3297 4014 3415 4069 Non

1833 4101 1980 4154 enim
2012 4102 2163 4161 aliud
2177 4109 2262 4156 est
2289 4103 2621 4173 ignorantia,
2648 4105 2755 4159 nisi
2787 4120 2896 4161 non
2920 4108 3243 4177 cognovisse
3270 4111 3414 4177 quod

1832 4194 2070 4264 expedit.
2121 4193 2223 4249 Ubi
2281 4206 2460 4251 autem
2488 4198 3011 4268 cognoveris,perit
3060 4200 3403 4268 ignorantia.

1831 4286 2009 4352 Quaeri
2040 4303 2171 4358 ergo
2190 4304 2517 4359 magnopere
2537 4290 2696 4346 debet
2717 4293 2963 4347 veritatis
2992 4294 3217 4360 agnitio,
3252 4309 3411 4363 quam

1831 4395 1993 4435 nemo
2019 4382 2162 4437 alius
2193 4383 2476 4452 assignare
2508 4392 2710 4452 potest,
2746 4385 2853 4440 nisi
2905 4400 3067 4439 verus
3126 4388 3391 4455 propheta

1838 4472 1962 4526 llaec
1989 4473 2134 4527 enim
2163 4472 2208 4505 “
2235 4475 2321 4527 via
2354 4475 2397 4504 ³⁸
2430 4484 2545 4538 est,
2585 4478 2752 4529 vitam
2805 4477 3115 4533 volentibus
3175 4481 3386 4548 ingredi

1834 4572 1887 4617 et
1918 4580 2190 4619 summum
2220 4564 2264 4596 ³⁸
2294 4566 2394 4620 iter
2423 4566 2692 4623 bonorum
2717 4584 2939 4639 cperum
2965 4575 3318 4642 pergentibus
3345 4570 3422 4630 ad'

1833 4656 2109 4710 civitatem
2139 4656 2354 4711 salutis.
2375 4658 2419 4688 ³⁷
2453 4656 2510 4712 Si
2537 4660 2661 4729 quis
2690 4675 2823 4716 sane
2854 4661 3083 4717 audiens
3102 4679 3408 4720 sermonem

1835 4749 1948 4805 veri
1998 4750 2277 4819 prephetze
2318 4751 2568 4805 velitaut
2600 4752 2737 4805 nolit
2770 4754 3012 4822 recipere
3044 4762 3097 4809 et
3154 4757 3408 4826 amplecti

1834 4859 1975 4899 onus
2004 4844 2147 4911 ejus,
2181 4843 2234 4897 id
2264 4851 2349 4897 est
2376 4844 2632 4899 mandata
2663 4844 2806 4910 vitaz,
2846 4847 3011 4901 habet
3032 4864 3085 4901 in
3114 4862 3211 4902 sua
3256 4856 3408 4917 pote—

1835 4945 2004 5002 state;
2047 4936 2206 4990 liberi
2235 4937 2380 4992 eniui
2402 4953 2593 4995 sumus
2612 4939 2847 4993 arbitrii.
2872 4938 3005 4993 Nam
3032 4942 3076 4993 si
3110 4942 3211 4995 hoc
3235 4950 3402 5007 esset,

1831 5036 1887 5081 ut
1917 5027 2164 5083 videntes
2189 5042 2276 5090 ea.
2304 5028 2419 5098 jam
2444 5044 2554 5085 non
2584 5030 2848 5085 haberent
2874 5032 2929 5085 in
2958 5039 3227 5101 potestate
3254 5034 3402 5089 aliud

1826 5119 2023 5182 facere,
2056 5136 2223 5191 quam
2253 5122 2542 5176 audierant
2568 5140 2582 5188 ;
2613 5123 2695 5177 vis
2724 5130 2842 5177 erat
2870 5125 3119 5193 quaedam
3167 5134 3399 5192 naturae,

1825 5227 1921 5282 per
1955 5227 2118 5282 quam
2149 5214 2511 5269 liberumnon
2538 5209 2683 5270 eséet
2710 5214 2779 5269 ad
2813 5216 2976 5271 aliam
3005 5199 3244 5288 migrare
3271 5235 3399 5274 seu-

1824 5305 2071 5360 tentiam.
2103 5305 2212 5360 Aut
2241 5305 2289 5362 si
2319 5322 2513 5362 rursus
2551 5324 2619 5361 ex
2662 5308 3016 5365 audientibus
3055 5313 3394 5366 nullusiom-

1825 5397 1957 5451 nino
1986 5398 2362 5468 reciperet,.’et
2406 5400 2510 5454 hoc
2538 5408 2752 5455 natura:
2780 5401 2864 5457 vis
2892 5410 3033 5465 erat,
3068 5420 3189 5473 quae
3228 5420 3393 5459 unum

1827 5490 2032 5561 aliquid
2061 5491 2175 5549 ﬁeri
2200 5500 2515 5563 cogeret,et
2533 5494 2693 5548 alteri
2711 5494 2856 5564 parti
2872 5509 2984 5551 non
3008 5497 3161 5553 daret
3192 5497 3390 5552 locum.

1816 5622 1861 5655 “
1894 5623 2029 5713 illst.
2062 5624 2153 5713 ἓξ,
2185 5626 2711 5713 Nullusncpiscopus.
2745 5632 3114 5713 ‘——‘-”Recogut:l.
3149 5653 3185 5713 I_,
3220 5654 3285 5713 cn
3307 5641 3398 5696 67.

2080 5698 2123 5729 ⁸⁷
2157 5700 2439 5753 rationalis
2475 5698 2953 5758 irrationabilibus.
2983 5698 3002 5704 ⁷
3064 5710 3109 5738 ’⁵
3144 5698 3405 5774 ἀπαθεῖς,

2080 5766 2166 5841 l.__
2232 5769 2276 5799 ³⁸
2307 5770 2577 5841 Recognit.
2624 5774 2779 5836 ibid.,
2805 5791 2853 5829 c.
2890 5774 2939 5831 5.
3052 5775 3098 5807 ³³
3130 5796 3396 5837 succcmo.

127 5820 167 5850 “
202 5821 304 5912 Ms:
329 5830 381 5874 et
423 5819 704 5912 liecgguit.
750 5837 905 5893 porta
954 5819 1031 5882 cit
1078 5819 1219 5895 vim,
1268 5830 1558 5887 valentibus
1599 5819 1745 5903 ingrve

1867 5819 2472 5912 ρι’ἱὶετίνιιμωυιαυθῗ
2505 5834 2581 5874 ’³⁵
2619 5819 2823 5911 ρονιίῖ.Δ
2874 5819 3153 5902 “penita.
3232 5819 3399 5906 ’τὶιὲ

124 5893 343 5961 εοςηὶι..
375 5907 425 5958 v,
457 5907 507 5948 c.
541 5893 592 5945 6.
