4096 6318
715 381 820 438 495

1595 378 1654 433 S.
1691 377 2084 434 CLEMENTIS
2118 375 2137 432 1
2174 378 2336 434 ΒΟΜ.
2373 378 2573 434 ΡΟΝΤ.
2611 379 2833 435 ΟΡΕΒᾹ
2871 379 3095 436 DUBIA.

3848 383 3955 438 690

715 499 867 554 Nunc
895 506 1097 562 autem,
1129 499 1255 569 quia
1282 497 1510 552 liberum
1541 505 1620 551 est
1641 497 1846 560 animo,
1878 497 1934 551 in
1957 512 2118 567 quam
2145 498 2273 551 velit
2304 506 2347 559 Α
2380 514 2729 554 concurrere.
2759 499 2988 570 Propter
3021 501 3123 553 hoc
3168 497 3403 568 denique
3456 510 3616 550 verus
3657 495 3947 565 propheta,

717 600 920 660 partem
951 591 1226 644 declinare
1269 590 1538 658 judicium
1575 605 1758 652 suum,
1788 597 1842 642 et
1872 605 2035 659 quam
2082 591 2278 660 proba-

713 686 864 747 v‘crit,
900 682 1100 750 eligere
1132 683 1305 746 viam;
1333 679 1866 745 constatevidenter,
1890 682 2072 735 inesse
2107 681 2278 735 homi-

711 776 870 829 nibus
920 773 1130 826 arbitrii
1169 772 1491 826 libertatem.
1528 771 1573 802 ⁸⁸
1600 770 1768 841 Igitur
1822 773 2143 841 priusquam
2175 787 2275 824 au-

708 866 819 918 diat
847 867 989 935 quis,
1023 864 1164 934 quod
1195 865 1240 918 ei
1270 864 1505 933 expedit,
1540 871 1748 917 certum
1765 872 1848 918 est
1874 863 2000 933 quia
2033 865 2268 933 ignoret:

708 966 758 1010 et
791 957 1045 1025 ignorans
1071 956 1187 1009 vult
1230 963 1282 1009 et
1335 954 1636 1018 desiderat,
1691 953 1837 1022 quod
1893 969 1998 1007 non
2054 954 2274 1024 expedit

707 1064 886 1118 agere,
919 1054 1141 1117 pr0pter
1196 1045 1340 1115 quod
1385 1061 1483 1114 pro
1513 1045 1613 1099 hoc
1644 1061 1750 1098 non
1781 1044 2081 1113 ju'dicatur.
2133 1046 2271 1098 Cum

705 1155 834 1194 vero
859 1141 1092 1195 audierit
1122 1153 1318 1192 causas
1353 1138 1556 1192 erroris
1587 1138 1702 1198 sui,
1733 1132 2100 1191 et'rationem
2133 1137 2272 1192 veri-

705 1231 830 1286 tatis
872 1230 1162 1299 acceperit,
1220 1239 1350 1284 tunc
1381 1230 1426 1282 si
1480 1229 1841 1298 permanserit
1874 1231 1926 1283 in
1957 1230 2038 1284 his
2071 1231 2272 1283 errori—

702 1323 805 1377 bus
828 1361 842 1386 ,
892 1323 1095 1393 quibus
1125 1323 1326 1376 dudum
1357 1322 1532 1375 fuerat
1566 1330 1891 1391 praeventus,
1958 1330 2104 1376 recte
2155 1322 2266 1390 jam

700 1414 981 1468 vocabitur
1032 1414 1099 1466 ad
1124 1413 1413 1483 judicium,
1445 1414 1671 1468 daturus
1702 1429 1892 1484 pcenas
1914 1454 1928 1477 ,
1978 1414 2104 1484 quia
2143 1413 2268 1468 vitm

699 1505 864 1575 hujus
895 1505 1156 1575 spatium,
1185 1505 1328 1575 quod
1361 1505 1427 1558 ad
1449 1506 1586 1560 bene
1607 1507 1896 1558 vivendum
1933 1505 2176 1575 accepit,
2211 1507 2265 1559 in

700 1597 954 1652 ludibriis
981 1599 1381 1667 consumpserit
1409 1612 1679 1651 errorum.
1739 1597 1840 1662 Qui
1875 1613 2001 1651 vero
2037 1598 2264 1651 audiens

699 1687 837 1754 hmo,
868 1689 1095 1745 libenter
1140 1691 1356 1760 accipit,
1389 1697 1441 1744 et
1495 1691 1802 1760 gratulatur
1848 1682 2113 1743 bonuruni
2158 1690 2262 1744 sibi

697 1782 1004 1838 doctrinam
1060 1780 1233 1836 fuisse
1291 1783 1550 1847 delatam;
1596 1784 1840 1852 requirat
1895 1781 2179 1845 intentius,
2209 1789 2263 1835 et

2382 605 2507 643 cum
2544 601 2688 645 esset
2719 609 2958 662 prasens
2999 592 3302 653 nobiscum,
3333 599 3389 644 et
3417 590 3675 659 quosdam
3707 603 3771 642 ex
3805 590 3954 644 divi-

2383 683 2529 737 tibus
2561 686 2895 754 negligentes
2920 701 3048 754 erga
3077 684 3172 739 Dei
3203 685 3406 737 cultum
3431 685 3654 747 videret,
3681 683 3848 751 hujus
3870 685 3950 737 rei

2382 770 2454 823 ita
2486 775 2704 840 aperuit
2737 777 3056 829 veritatem:
3096 774 3262 828 Nemo
3288 784 3483 842 potest,
3511 775 3706 844 inquit,
3739 775 3950 829 duobus

2381 861 2608 916 dominis
2637 867 2868 929 servire;
2927 875 3010 920 et:
3047 865 3169 920 Non
3219 868 3432 935 potestis
3483 865 3592 919 Deo
3650 869 3840 920 servire
3891 878 3952 921 et

2377 970 2689 1009 mantmome
2711 957 2786 1023 “;
2811 974 3144 1022 mammona,
3182 958 3355 1027 patria
3381 973 3568 1011 eorum
3600 974 3752 1024 voce,
3802 960 3951 1013 divi-

2375 1047 2476 1101 tias
2511 1063 2732 1104 vocans.
2762 1048 2805 1079 “
2826 1049 2925 1102 llic
2973 1064 3101 1120 ergo
3131 1065 3290 1103 verus
3325 1050 3608 1118 proiiheta,
3632 1051 3726 1118 qui
3759 1051 3813 1103 in
3841 1048 3948 1103 Ju-

2373 1137 2487 1191 daa
2515 1140 2672 1194 nobis
2707 1140 2982 1209 apparuit,
3023 1151 3081 1195 ut
3105 1141 3365 1208 audistis;
3391 1143 3504 1211 qui,
3527 1150 3677 1196 stans
3703 1145 3944 1212 publice,

2372 1231 2487 1283 sola
2512 1231 2762 1298 jussione
2791 1231 3028 1286 faciebat
3057 1249 3230 1287 cmcos
3261 1234 3469 1296 videre,
3503 1234 3698 1287 surdos
3726 1236 3945 1297 audire,

2372 1319 2591 1390 fugabat
2626 1324 2918 1386 daemones,
2943 1325 3099 1394 aegris
3128 1327 3411 1379 sanitatem
3440 1325 3696 1379 reddebat
3724 1336 3777 1378 et
3804 1343 3953 1379 inor-

2369 1413 2477 1489 tuis
2503 1413 2700 1470 vitam:
2744 1431 2976 1485 cumque
2998 1417 3133 1469 nihil
3155 1417 3364 1471 essetei
3385 1418 3743 1486 impossibile,
3775 1419 3947 1470 etiam

2369 1507 2725 1575 cogitationes
2757 1507 3037 1560 hominum
3090 1507 3426 1577 pervidcbat,
3477 1509 3618 1577 quod
3671 1510 3809 1562 nulli
3865 1520 3950 1564 est

2368 1598 2653 1667 possibile,
2686 1597 2794 1652 nisi
2826 1599 2930 1654 soli
2964 1598 3092 1652 Deo.
3155 1598 3255 1652 llic
3303 1598 3665 1653 annuntiabat
3713 1617 3948 1670 regnum

2366 1688 2495 1756 Dei;
2533 1690 2622 1743 cui
2655 1705 2757 1744 nos
2809 1690 2875 1744 de
2903 1691 3161 1746 omnibus
3213 1708 3334 1761 quae
3380 1692 3626 1757 dicebat,
3681 1701 3948 1762 tanquam

2364 1796 2491 1836 vero
2524 1781 2821 1850 prophetae,
2849 1781 3167 1850 credimus;
3217 1782 3528 1838 ﬁrmitatem
3580 1783 3704 1837 ﬁdei
3737 1794 3950 1839 nostra:

697 1875 907 1930 discere
944 1890 1054 1928 non
1103 1873 1338 1940 desinat,
1384 1890 1669 1943 usquequo
1719 1882 2033 1944 cognoscat,
2084 1873 2128 1929 si
2178 1881 2260 1927 est
2291 1867 2332 1920 Β
2363 1888 2472 1925 non
2503 1873 2678 1925 solum
2704 1864 2775 1925 ex
2801 1873 2986 1927 verbis
3008 1875 3150 1942 ers.
3168 1876 3260 1928 sed
3281 1883 3334 1929 et
3363 1876 3620 1945 operibus
3651 1890 3950 1929 assumen-

696 1971 820 2019 ‘vere
849 1965 994 2019 aliud
1026 1965 1304 2030 saeculum,
1357 1970 1412 2018 in
1443 1981 1550 2035 quo
1578 1965 1739 2020 bonis
1791 1966 2008 2035 praemia
2050 1967 2260 2034 praepa-

695 2065 812 2112 rata
838 2058 966 2112 sint.
994 2056 1062 2111 Et
1083 2054 1214 2112 cum
1241 2065 1424 2111 certus
1457 2058 1523 2112 de
1554 2057 1658 2111 hoc
1688 2056 1874 2120 fuerit,
1907 2057 2112 2126 gratias
2137 2063 2261 2125 agat

695 2147 848 2213 Deo,
887 2140 1031 2220 quod
1063 2143 1167 2205 sibi
1197 2150 1446 2204 veritatis
1491 2149 1670 2204 lumen
1704 2149 2006 2203 ostenderit
2028 2187 2042 2210 ,
2084 2161 2147 2201 ac
2195 2147 2262 2202 de

695 2242 897 2295 Cmtero
927 2241 1124 2312 dirigat
1155 2249 1312 2295 actus
1343 2257 1473 2295 suos
1500 2241 1554 2294 in
1585 2240 1844 2295 omnibus
1871 2241 2132 2310 operibus
2164 2240 2264 2294 bo-

692 2333 801 2396 nis,
831 2348 1064 2403 quorum
1108 2332 1210 2388 sibi
1240 2334 1294 2386 in
1352 2330 1538 2386 futuro
1595 2331 1900 2387 Mercedem
1956 2341 2139 2387 certus
2177 2341 2261 2388 est

691 2413 1071 2495 praeparatam,
1104 2425 1381 2480 demirans
1415 2440 1510 2494 per
1543 2426 1729 2479 omnia
1757 2431 1811 2478 et
1837 2432 2253 2494 stupens'caete-

690 2530 875 2570 rorum
898 2517 1181 2571 hominum
1205 2533 1440 2580 errores,
1469 2526 1522 2570 et
1552 2518 1697 2586 quod
1730 2524 1856 2570 ante
1891 2517 2081 2571 oculos
2109 2518 2260 2586 posi-

690 2615 798 2660 tam
820 2608 1102 2666 veritatem
1141 2623 1299 2663 neino
1355 2606 1557 2663 videat.
1607 2607 1728 2677 Ipse
1782 2619 1965 2661 tamen
2015 2609 2258 2678 gaudens

690 2707 853 2768 super
873 2690 1094 2772 divitias
1126 2693 1595 2773 sapientiaquas
1614 2701 1842 2764 invenit,
1878 2700 2259 2755 satiabiliter"

688 2790 776 2845 bis
812 2790 1145 2860 perfruatur,
1175 2802 1226 2847 et
1253 2793 1516 2847 exercitio
1544 2793 1811 2848 bonorum
1844 2807 2070 2862 operum
2113 2791 2253 2847 dele-

689 2891 869 2938 ctetur
890 2923 905 2945 ,
925 2881 1198 2939 festinans
1222 2889 1288 2938 ad
1319 2885 1576 2939 saeculum
1605 2883 1853 2939 futurum
1872 2884 2076 2939 mundo
2097 2884 2260 2939 corde

692 2983 748 3027 et
780 2989 914 3044 pura
976 2975 1316 3030 conscientia
1346 2977 1632 3044 pervenire
1659 3016 1673 3040 ,
1725 2976 1820 3030 ubi
1875 2975 2038 3029 etiam
2076 2975 2261 3030 videre

691 3062 859 3121 Deum
893 3079 1075 3134 regem
1101 3068 1344 3121 omnium
1377 3068 1573 3136 possit.
1607 3066 1651 3098 δθ
1677 3066 1772 3121 His
1803 3074 1981 3122 autem
2003 3066 2258 3121 omnibus

690 3170 878 3214 carere
917 3153 1016 3213 nos
1043 3167 1097 3213 et
1123 3159 1385 3221 fraudari,
1438 3159 1554 3214 sola
1587 3152 1715 3213 facit
1747 3158 2076 3228 ignorantia.
2119 3156 2254 3211 Dum
2286 3191 2326 3248 Ο

690 3250 831 3305 enim
891 3250 1142 3320 ignorant
1203 3251 1815 3320 bomines,~quantum
1865 3250 1993 3303 boni
2060 3249 2258 3303 habeat

686 3325 942 3405 scientia,
990 3342 1313 3412 ignorantiae
1362 3343 1565 3395 malum
1603 3341 1670 3395 de
1712 3356 1771 3396 se
1818 3356 1925 3395 non
1980 3340 2259 3410 patiuntur

689 3431 902 3486 excludi
930 3449 945 3497 ;
980 3433 1236 3487 nesciunt
1291 3434 1436 3488 enim
1485 3440 1688 3501 quanta
1720 3433 1790 3487 sit
1816 3433 1871 3486 in
1899 3434 2092 3488 horum
2130 3449 2254 3502 per-

687 3523 989 3578 mutatione
1048 3522 1356 3579 diversitas.
1391 3523 1619 3593 Propter
1654 3526 1797 3596 quod
1845 3527 2137 3581 consilium
2189 3527 2258 3581 do

691 3615 988 3685 unicuique
1021 3615 1276 3681 discenti,
1312 3602 1543 3671 libenter
1592 3617 1833 3686 praebere
1863 3625 2044 3673 autem
2093 3619 2260 3674 verbo

693 3705 807 3770 Dei,
831 3715 1031 3763 etcum
1057 3723 1244 3764 amore
1273 3710 1517 3764 veritatis
1539 3711 1732 3765 audire
1759 3726 1880 3780 qua:
1907 3711 2164 3775 dicimus,
2199 3719 2259 3766 ut

693 3812 847 3856 mens
894 3801 1101 3871 optimo
1144 3801 1353 3858 semine
1407 3811 1687 3872 suscepto,
1747 3818 1844 3872 per
1896 3803 2071 3858 bonos
2102 3813 2258 3860 actus

693 3892 843 3948 laetos
865 3879 1052 3948 aﬂ'erat
1075 3892 1304 3948 fructus.
1329 3891 1464 3947 Nam
1499 3893 1566 3958 si,
1595 3908 1682 3948 me
1702 3892 1932 3949 docente
1960 3907 2024 3948 ea
2045 3909 2166 3964 quae
2189 3894 2257 3947 ad

689 3988 921 4044 salutem
947 3986 1246 4056 pertinent,
1271 3985 1512 4056 recipere
1536 3986 1660 4055 quis
1689 3985 1878 4040 abnuit
1902 4025 1918 4050 ,
1966 3995 2020 4042 et
2074 3987 2257 4043 animo

694 4077 878 4145 pravis
907 4077 1259 4147 opinionibus
1283 4084 1550 4146 occupato
1575 4077 1842 4132 obsistere
1871 4077 2114 4144 nititur;
2145 4094 2258 4134 twn

689 4182 756 4223 ex
788 4170 968 4231 nobis,
1003 4167 1097 4224 sed
1125 4184 1193 4223 ex
1215 4169 1766 4239 semetipso‘habebit
1811 4169 2076 4239 pereundi
2128 4185 2260 4226 cau-

692 4276 830 4317 sam.
880 4260 1050 4332 Delirat
1070 4261 1216 4317 enim
1242 4261 1393 4332 justo
1415 4261 1624 4331 judicio
1645 4262 1960 4316 examinare
1983 4279 2102 4333 qua:
2130 4263 2261 4318 dici-

693 4370 835 4419 mus,
866 4363 920 4410 et
959 4353 1285 4425 intelligere,
1324 4354 1452 4424 quia
1485 4355 1652 4410 verba
1683 4355 1959 4425 loquimur
1986 4355 2256 4422 veritatis,

693 4458 752 4500 ut
783 4445 1017 4523 cognitis
1045 4448 1133 4502 his
1162 4462 1282 4517 quae
1302 4455 1451 4510 sunt,
1484 4455 1544 4500 ut
1573 4454 1723 4511 sunt,
1769 4448 1824 4501 in
1850 4448 2010 4503 bonis
2044 4450 2257 4505 actibus

2365 1971 2481 2028 tes;
2517 1965 2645 2032 quia
2679 1964 2823 2018 dicta
2851 1964 3006 2034 legis,
3028 1981 3149 2034 quae
3169 1974 3294 2021 ante
3326 1967 3526 2020 multas
3558 1967 3949 2036 generationes

2361 2056 2428 2110 de
2454 2057 2744 2125 praesentia
2762 2055 2882 2124 ejus
2907 2069 3297 2124 exposuerant,
3337 2059 3389 2110 in
3420 2058 3535 2126 ipso
3553 2056 3945 2126 designantur,

2361 2151 2415 2198 et
2453 2145 2716 2214 imagines
2747 2156 3026 2216 gestorum
3062 2147 3248 2210 Mosis,
3271 2155 3324 2200 et
3355 2149 3682 2218 anteipsum
3705 2150 3948 2218 patriar-

2362 2237 2476 2289 cba0
2507 2235 2697 2301 Jacob,
2723 2238 2900 2308 ipsius
2935 2254 3031 2307 per
3060 2241 3240 2292 omnia
3264 2246 3449 2309 typum
3483 2238 3749 2293 ferebant.
3785 2239 3950 2294 Tem-

2362 2343 2466 2396 pus
2504 2345 2722 2399 quoque
2768 2331 3034 2385 adventus
3066 2327 3346 2399 ejus,'lioc
3399 2339 3482 2384 est
3515 2331 3690 2399 ipsum
3724 2331 3775 2383 in
3833 2345 3947 2400 quo

2360 2426 2605 2482 venerat,
2639 2422 2960 2489 praedictum
2986 2421 3053 2473 ab
3075 2421 3159 2474 his
3187 2429 3437 2486 constat;
3463 2431 3514 2475 et
3536 2437 3700 2489 super
3728 2423 3944 2485 omnia,

2363 2511 2509 2579 quod
2538 2519 2687 2565 esset
2721 2527 2750 2564 a
2773 2513 3028 2582 gentibus
3059 2513 3483 2580 exspectandus,
3515 2515 3688 2568 sacris
3740 2514 3947 2568 litteris

2361 2601 2813 2670 comprehensum
2839 2612 2941 2666 est,
2968 2618 3088 2672 qua:
3118 2605 3169 2656 in
3193 2619 3257 2657 eo
3280 2604 3488 2672 pariter
3513 2605 3765 2658 universa
3787 2620 3949 2658 com-

2359 2692 2502 2761 pleta
2527 2699 2676 2745 sunt.
2696 2691 2742 2723 ⁸⁸
2757 2692 2909 2758 Quod
2922 2702 3100 2756 autem
3113 2693 3422 2747 Iudaeorum
3440 2695 3700 2764 propheta
3731 2695 3777 2724 “
3800 2710 3948 2765 pim-

2359 2783 2496 2837 dixit
2521 2787 2643 2838 eum
2675 2797 2706 2838 a
2740 2786 2992 2856 gentibus
3019 2786 3470 2855 exspectandum,
3515 2803 3679 2855 supra
3712 2787 3945 2841 modum

2360 2874 2417 2928 in
2438 2890 2504 2929 eo
2536 2874 2696 2929 ﬁdem
2726 2891 2912 2930 veram
2945 2877 3220 2932 ﬁrmat.Si
3241 2878 3387 2932 enim
3419 2878 3648 2932 dixisset
3669 2893 3699 2930 a
3731 2878 3946 2934 Judaeis

2360 2969 2806 3036 exspectandum,
2838 2984 2948 3023 non
2974 2965 3179 3039 aliquid
3211 2969 3467 3023 eximium
3503 2969 3860 3038 prophetasse
3894 2971 3944 3002 ’τ

2360 3059 2658 3124 videretur,
2705 3060 2852 3129 quod
2897 3076 2926 3114 a
2971 3062 3267 3115 contribuli
3313 3064 3535 3132 populo,
3561 3071 3615 3118 et
3651 3079 3679 3116 a
3715 3067 3945 3133 propria

2361 3159 2518 3218 gente
2569 3160 2884 3220 speraretur
2935 3153 3010 3216 is,
3065 3153 3222 3222 cujus
3251 3153 3518 3209 adventus
3575 3155 3642 3208 ad
3698 3159 3944 3209 salutem

2364 3243 2551 3296 mundi
2583 3243 2761 3298 fuerat
2786 3244 3174 3314 repromissus.
3201 3245 3424 3299 Videtur
3443 3249 3586 3299 enim
3612 3247 3786 3316 magis
3802 3263 3946 3301 cou-

2362 3350 2597 3404 sequens
2622 3336 2762 3390 ratio
2786 3352 2928 3400 esse,
2955 3344 3013 3390 ut
3054 3337 3158 3391 hoc
3203 3337 3374 3400 ﬁeret,
3410 3353 3571 3407 quam
3610 3339 3754 3408 quod
3792 3356 3943 3409 pra:-

2361 3427 2576 3481 dicebat
2599 3428 3001 3498 magniﬁcentia
3031 3430 3385 3500 prophetalis.
3407 3429 3562 3485 Nunc
3592 3439 3772 3485 autem
3808 3449 3942 3486 cum

2361 3519 2639 3585 praphetze
2667 3520 2874 3584 dicant,
2900 3535 3116 3575 omnem
3139 3522 3284 3574 illam
3321 3537 3493 3590 spem,
3517 3537 3638 3591 qu:e
3667 3523 3732 3576 de
3754 3522 3945 3577 salute

2362 3609 2547 3662 mundi
2571 3612 3075 3680 repromittitur,vet
3109 3613 3406 3666 novitatem
3444 3615 3633 3683 regni,
3668 3629 3790 3682 qua:
3846 3614 3944 3668 in-

2361 3703 2622 3783 struenda
2654 3720 2753 3774 per
2783 3704 3062 3760 Christum
3094 3714 3197 3772 est,
3223 3715 3384 3776 atque
3413 3707 3594 3762 omnia
3626 3723 3747 3775 qua:
3775 3708 3846 3760 de
3870 3726 3943 3760 eo

2357 3791 2674 3848 indicantur
2727 3795 2794 3849 ad
2842 3804 3032 3866 gentes
3059 3811 3184 3851 esse
3221 3796 3631 3862 transferenda,
3659 3797 3773 3866 jam
3823 3815 3940 3852 non

2358 3875 2662 3940 secundum
2714 3890 3160 3959 consequentiam
3209 3901 3430 3952 rerum,
3458 3889 3576 3953 sed
3623 3890 3941 3945 incredibili

2360 3977 2596 4047 quodam
2627 3980 3036 4036 vaticinationis
3075 3990 3310 4047 eventu,
3362 3982 3764 4052 magniﬁcentia
3805 3999 3943 4052 pro-

2358 4069 2575 4138 phetica
2611 4071 2983 4128 conﬁrmatur.
3015 4072 3188 4128 Judaei
3237 4085 3474 4143 namque
3505 4090 3570 4128 ex
3615 4073 3798 4136 initio,
3831 4073 3937 4126 ad-

2360 4160 2476 4215 fore
2504 4162 2794 4232 aliquando
2821 4164 2968 4219 hunc
2996 4165 3195 4228 virum,
3232 4181 3326 4236 per
3352 4183 3514 4236 quem
3543 4174 3743 4221 cuncta
3770 4183 3940 4236 repa-

2359 4262 2574 4319 rentur,
2605 4258 2891 4311 verlssima
2925 4257 3222 4312 traditione
3277 4268 3668 4328 susceperunt;
3709 4267 3764 4315 et
3794 4275 3939 4328 quo-

2360 4347 2491 4402 tidie
2509 4349 2835 4406 meditantes
2867 4365 2930 4404 ac
2952 4351 3369 4421 prospicientes,
3387 4351 3607 4420 quando
3622 4352 3742 4420 ejus
3779 4352 3938 4406 tieret

2361 4437 2664 4507 adventus;
2698 4442 2789 4496 ubi
2836 4428 3029 4497 adesse
3077 4459 3201 4497 eum
3259 4443 3532 4507 viderunt,
3565 4450 3619 4498 et
3661 4444 3817 4512 signa
3869 4460 3936 4497 ac

693 4536 935 4607 dirigens
956 4537 1100 4592 viam
1125 4554 1302 4600 suam,
1329 4540 1481 4609 regni
1504 4539 1770 4594 caelorum
1793 4543 1966 4610 possit
1985 4542 2256 4611 particeps
2289 4533 2332 4589 Ι)
2361 4535 2628 4604 prodigia,
2655 4536 2798 4590 sicut
2826 4537 2892 4591 de
2918 4551 2984 4590 eo
3011 4537 3274 4605 scriptum
3300 4536 3498 4599 fuerat,
3519 4535 3934 4604 adimplentein;

694 4626 948 4692 inveniri,
982 4629 1281 4698 subjiciens
1315 4631 1416 4684 sibi
1441 4633 1621 4686 carnis
1649 4631 1940 4696 desideria,
1973 4640 2027 4686 et
2063 4630 2256 4688 'domi—

695 4733 800 4772 nus
831 4734 1020 4774 eorum
1053 4720 1251 4784 factus,
1310 4729 1370 4776 ut
1422 4722 1495 4775 ita
1541 4721 1757 4778 demum
1789 4723 1953 4778 etiam
1996 4723 2113 4792 ipse
2162 4722 2255 4778 ﬁat

695 4807 1056 4867 dominatoris
1080 4812 1322 4888 omnium
1345 4811 1588 4882 jucunda
1610 4814 1907 4884 possessio.
1936 4813 1979 4846 δι
2002 4813 2138 4868 Nam
2161 4815 2254 4884 qui

696 4908 976 4969 permanet
1004 4901 1060 4956 in
1089 4903 1254 4967 malo,
1282 4912 1336 4959 et
1374 4919 1566 4960 servus
1607 4913 1689 4959 est
1722 4905 1872 4970 mali,
1931 4922 2038 4960 non
2076 4914 2254 4975 potest

697 4990 834 5046 efﬁci
864 4982 1409 5070 portidboni,donec
1435 5003 1718 5065 permanet
1743 4997 1798 5051 in
1820 4997 1998 5064 malo;
2031 4997 2158 5066 quia
2188 4999 2256 5053 ab

671 5083 876 5148 vinitio,
911 5094 970 5140 ut
995 5094 1117 5141 ante
1135 5086 1249 5157 jam
1277 5088 1541 5154 diximus,
1561 5087 1670 5143 duo
1695 5104 1861 5157 regna
1882 5090 2072 5143 statuit
2095 5088 2257 5157 Deus;

698 5181 1109 5245 et'potestatem
1135 5178 1283 5233 dedit
1327 5180 1616 5250 unicuique
1661 5179 1982 5244 hominum,
2018 5188 2078 5235 ut
2113 5181 2259 5237 illius

700 5267 852 5337 regni
875 5267 966 5326 ﬁat
996 5267 1196 5340 partio,
1223 5270 1316 5325 cui
1341 5287 1400 5326 se
1421 5271 1488 5325 ad
1511 5270 1874 5328 obediendum
1915 5272 2032 5341 ipse
2077 5272 2256 5342 subje-

700 5358 856 5413 cerit.
874 5359 957 5414 'Et
983 5362 1108 5432 quia
1137 5361 1416 5418 deﬁnitum
1437 5374 1519 5420 est
1544 5364 1684 5434 apud
1709 5362 1901 5427 Deum,
1945 5380 2056 5418 non
2100 5378 2258 5432 posse

703 5467 868 5506 unum
913 5453 1187 5510 hominem
1203 5457 1489 5526 utriusque
1505 5458 1656 5527 regni
1679 5471 1803 5512 esse
1825 5454 2043 5511 servum
2065 5475 2079 5522 ;
2109 5458 2258 5511 omni

702 5545 884 5600 studio
913 5545 1037 5602 date
1066 5564 1308 5619 operam,
1340 5551 1395 5604 in
1427 5550 1556 5604 boni
1577 5550 1720 5621 regis
1749 5549 1928 5603 aulam
1965 5548 2009 5581 δ’
2040 5549 2256 5620 acjura

757 5666 802 5740 ξ’
835 5665 1100 5737 Recognit.
1162 5683 1211 5722 v.
1281 5686 1329 5724 c.
1383 5671 1433 5740 7,
1477 5674 1699 5729 totidem
1752 5675 1952 5730 verbis.

677 5735 828 5811 ibid.,
855 5753 903 5792 c.
929 5735 986 5791 9(
1081 5741 1125 5811 δέ
1152 5740 1366 5808 foedum.
1420 5735 1429 5740 ’
1466 5745 1510 5776 ⁸³
1537 5745 1722 5799 Matth.
1757 5762 1831 5811 γι,
1861 5748 1964 5801 24.’

677 5806 720 5834 ⁸⁷
748 5807 880 5862 Ceu.
922 5824 1068 5873 xux,
1107 5806 1193 5864 10.
1254 5815 1312 5844 ’δ’
1343 5812 1611 5884 Recogm’t.
1671 5833 1723 5880 v,
1757 5806 1928 5872 «τίη.

2058 5677 2101 5708 ³’
2135 5676 2527 5732 insatiabiliter.

2053 5747 2096 5778 “
2129 5747 2396 5817 Recognit.
2430 5765 2480 5813 ν,
2507 5765 2558 5804 c.
2595 5750 2680 5803 l0.
2755 5748 2822 5818 ιδδ
2856 5748 3105 5816 Recognit
3137 5788 3152 5812 ,
3187 5747 3342 5813 ibitl.,
3376 5761 3426 5801 c.
3458 5746 3541 5800 Η.

2362 4626 2564 4680 invidia
2581 4629 2858 4695 excaecati,
2878 4643 3174 4698 agnoscere
3198 4630 3561 4698 nequiverunt
3578 4637 3933 4698 praesentem,

2360 4719 2414 4771 in
2443 4719 2601 4789 cujus
2631 4735 2728 4789 spe
2756 4722 3079 4777 laetabantur
3111 4721 3375 4776 absentis.
3397 4721 3786 4789 lntellexerunt,
3811 4729 3937 4772 tan-

2360 4823 2473 4864 tum
2506 4813 2683 4867 sancti
2710 4814 2975 4892 apostoli,
3009 4816 3102 4882 qui
3132 4829 3162 4866 a
3187 4813 3296 4868 Deo
3326 4814 3485 4869 electi
3533 4820 3681 4874 sunt,
3716 4821 3770 4865 et
3808 4827 3931 4874 nos,

2360 4909 2454 4978 qui
2483 4917 2607 4979 post
2645 4909 2712 4963 ab
2736 4910 2818 4964 eis
2867 4909 3024 4964 electi
3059 4923 3270 4962 sumus.
3307 4906 3352 4940 ⁸⁸
3375 4906 3487 4959 Hoc
3521 4917 3702 4958 autem
3749 4905 3920 4973 provi-

2359 5002 2542 5056 d’entia
2576 5001 2669 5056 Dei
2701 5001 2904 5055 factum
2928 5009 3035 5064 est,
3064 5008 3123 5054 ut
3156 5000 3362 5070 agnitio
3401 4999 3532 5054 boni
3571 4997 3736 5066 hujus
3764 4997 3931 5050 etiam

2359 5095 2611 5163 gentibus
2642 5093 2985 5160 traderetur;
3028 5100 3082 5147 et
3111 5092 3164 5146 hi
3189 5093 3282 5162 qui
3317 5105 3597 5159 nunquam
3629 5090 3696 5142 de
3738 5104 3806 5141 eo
3834 5103 3923 5140 au-

2358 5185 2592 5246 dierant,
2625 5201 2727 5240 nec
2757 5201 2786 5238 a
2841 5185 3118 5255 prophetis
3172 5183 3516 5244 didicerant,
3569 5188 3925 5248 agnoscerent

2357 5292 2514 5343 eum;
2547 5277 2622 5330 illi
2656 5293 2808 5339 vero,
2843 5279 2934 5347 qui
2959 5277 3295 5347 quotidianis
3327 5272 3776 5328 meditationibus
3803 5286 3922 5324 eva-

2357 5377 2609 5433 nuerunt,
2644 5370 2977 5440 ignorarent.
3015 5368 3153 5422 Ecce
3178 5367 3323 5421 enim
3355 5381 3500 5420 nunc
3551 5379 3646 5433 per
3682 5379 3801 5423 vos,
3834 5352 3926 5431 qui

2358 5469 2652 5530 praesentes
2697 5462 2964 5525 estis,,et
2994 5460 3321 5515 desideratis
3375 5459 3562 5512 audire
3614 5455 3925 5510 doctrinam

2357 5551 2479 5606 ﬁdei
2502 5553 2643 5621 ejus,
2673 5559 2728 5606 et
2754 5567 3052 5623 agnoscere
3094 5551 3216 5621 quis
3246 5559 3299 5604 et
3339 5549 3612 5619 quomodo
3640 5557 3694 5602 et
3747 5551 3925 5616 qualis

3073 5676 3227 5739 ibith,
3293 5690 3344 5729 c.
3391 5675 3424 5730 8
3557 5676 3599 5706 ⁸⁸
3636 5673 3938 5746 Recognit..

2639 5678 2684 5710 ⁸ο
2713 5677 3004 5746 Recognit.,
3073 5677 3227 5739 ibid.,
3293 5690 3344 5729 c.
3391 5677 3424 5730 8
3557 5677 3599 5706 ⁸⁸
3636 5677 3937 5746 Recognit..

2639 5750 2680 5803 3.
2755 5748 2822 5816 ιδδ
2856 5748 3105 5816 Recognit
3137 5788 3152 5812 ,
3187 5747 3342 5813 ibitl.,
3376 5761 3426 5801 c.
3458 5746 3541 5800 Η.
3636 5747 3683 5777 ⁵⁸
3704 5749 3842 5816 Agg.
3879 5762 3937 5800 tt.
