4074 6330
217 380 325 437 497

1430 374 1786 432 EPISTOLZE
1822 374 2293 430 DECllETALES‘.

3375 374 3480 431 498

224 502 299 556 sit
322 499 442 568 ejus
490 497 778 561 adventus,
830 495 1149 567 prophetica
1196 491 1399 549 veritas
1444 494 1793 563 adimpletur.
1827 496 1870 550 Α
1901 490 2076 543 luceat
2106 489 2354 544 omnibus
2404 488 2493 559 qui
2523 490 2576 542 in
2607 487 2761 541 doma
2818 497 2941 541 sunt
2973 488 3040 544 θ’.
3087 485 3142 541 Si
3175 486 3299 558 quis
3351 504 3480 558 ergo

220 592 269 624 δ’
293 590 409 645 lloc
427 591 573 644 enim
604 589 880 659 propheta:
907 587 954 618 "
984 586 1369 657 praedixerant,
1403 585 1528 654 quia
1580 599 1610 636 a
1642 586 1793 637 vobis

222 685 555 756 quaerendus
580 691 743 744 esset,
773 680 866 750 qui
896 680 961 734 de
996 694 1060 733 eo
1097 692 1377 746 nunquam
1407 676 1638 729 audistis
1660 716 1673 729 .
1732 674 1797 728 Et

224 780 352 832 ideo
375 777 618 829 videntes
648 774 702 827 in
733 771 885 825 vobis
930 770 1060 839 ipsis
1106 767 1422 838 prophetica
1469 767 1616 820 dicta
1646 781 1795 820 com-

224 868 388 938 pleri,
419 867 546 919 huic
569 864 661 918 uni
692 869 838 917 recte
866 860 1110 921 creditis,
1142 860 1289 913 hunc
1328 865 1477 913 recte
1510 869 1794 927 exspecta-

223 961 323 1020 tis,
359 958 426 1013 de
457 959 559 1013 hoc
589 963 735 1011 recte
766 952 1063 1025 inquiritis,
1096 959 1155 1006 ut
1178 967 1286 1005 non
1311 951 1487 1005 solum
1509 957 1795 1019 exspecte-

222 1052 300 1105 tis
332 1065 477 1113 eum,
513 1048 607 1103 sed
636 1054 690 1102 et
725 1045 1095 1101 luereditatem
1139 1042 1293 1113 regni
1346 1042 1465 1112 ejus
1508 1041 1793 1095 credentes

223 1140 659 1212 consequamiui,
725 1138 1025 1195 secundum
1076 1136 1221 1207 quod
1277 1137 1393 1211 ipse
1447 1135 1606 1197 dixit,
1665 1136 1795 1203 quia

222 1233 605 1301 unusquisque
634 1231 781 1284 illius
832 1229 890 1283 ﬁt
918 1245 1131 1292 servus.
1174 1229 1262 1282 cui
1295 1244 1353 1283 se
1394 1227 1510 1296 ipse
1543 1226 1795 1293 subjece-

222 1330 317 1382 rit.
348 1328 389 1359 ⁵⁸
431 1325 719 1396 Pmpterea
751 1338 879 1393 ergo
909 1321 1151 1392 vigilate,
1179 1328 1234 1374 et
1263 1319 1551 1372 Dominum
1592 1317 1795 1371 Deum-

220 1434 332 1487 que
362 1424 607 1472 nostrum
666 1414 819 1469 vobis
850 1413 1184 1468 conscribite
1224 1411 1536 1473 Dominum.
1592 1413 1683 1481 qui
1740 1418 1796 1465 et

218 1510 352 1569 caeli
385 1526 447 1565 ac
478 1517 636 1562 terra:
672 1505 934 1566 Dominus
964 1512 1070 1560 est.
1100 1504 1166 1558 Et
1194 1505 1259 1559 ad
1294 1504 1465 1573 ipsius
1512 1520 1610 1559 vos
1657 1505 1795 1557 ima-

216 1605 404 1677 ginem
428 1615 492 1653 ac
521 1597 929 1657 similitudinem
962 1596 1272 1662 reformate,
1306 1597 1447 1651 sicut
1495 1597 1611 1666 ipse
1634 1612 1795 1651 verus

218 1693 488 1765 prOpheta
512 1690 690 1751 docet,
720 1688 937 1749 dicens:
965 1687 1147 1743 Estote
1177 1688 1320 1751 boni,
1351 1697 1399 1741 et
1432 1687 1795 1742 misericordes

216 1786 361 1839 sicut
398 1792 447 1835 et
473 1782 634 1835 Pater
656 1790 820 1834 vester
836 1781 1058 1833 cwlestis
1090 1779 1389 1833 misericors
1419 1788 1517 1843 est,
1550 1780 1639 1849 qui
1665 1780 1796 1831 oriri

216 1875 357 1945 facit
381 1874 542 1927 solem
572 1889 723 1926 suum
760 1889 914 1940 super
947 1870 1105 1925 bonos
1127 1881 1175 1927 et
1200 1872 1390 1932 malos,
1413 1880 1463 1925 et
1484 1872 1618 1940 pluit
1641 1889 1797 1940 super

209 1944 393 2042 iustos
426 1976 473 2021 et
505 1965 729 2042 injustas
756 1965 823 2019 ⁸².
859 1964 1013 2019 llune
1042 1980 1171 2034 ergo
1201 1964 1485 2042 imitamini
1505 2004 1519 2026 ,
1561 1972 1615 2018 et
1652 1965 1798 2020 hunc

220 2064 459 2127 timete;
482 2068 538 2115 et
562 2038 705 2115 sicut
728 2058 1044 2112 mandatum
1092 2056 1269 2125 datur,
1306 2041 1644 2119 hominibus,
1686 2054 1795 2109 Do-

217 2155 425 2208 minum
474 2151 639 2206 Deum
673 2160 820 2203 tuum
863 2148 1090 2212 timebis,
1141 2157 1190 2202 et
1232 2148 1317 2201 illi
1348 2147 1448 2201 soli
1503 2150 1692 2202 servies
1724 2149 1791 2203 ”.

216 2243 267 2277 "*
303 2242 618 2296 lnlidelibus
660 2242 878 2309 quidem
905 2238 1108 2294 dormit
1136 2238 1399 2295 Dominus
1425 2278 1439 2304 .
1492 2246 1549 2293 et
1594 2240 1794 2293 absens

217 2335 458 2391 habetur
486 2334 572 2389 bis
604 2349 633 2386 a
661 2333 861 2403 quibus
892 2347 1013 2386 esse
1042 2346 1151 2384 non
1182 2329 1446 2393 creditur,
1483 2337 1537 2384 et
1566 2331 1793 2383 manda-

216 2428 293 2482 tis
338 2427 460 2496 ejus
491 2441 599 2479 non
643 2424 939 2489 obediunt;
976 2430 1139 2492 atque
1189 2423 1259 2475 ob
1304 2420 1356 2474 id
1413 2422 1523 2476 illis
1578 2420 1794 2476 videtur

215 2520 380 2588 quasi
408 2517 644 2572 dormire
660 2514 946 2578 Dominus,
980 2513 1106 2584 quia
1135 2528 1232 2582 pro
1257 2512 1495 2591 peccatis
1530 2512 1645 2566 suis
1682 2529 1793 2567 non

216 2609 612 2666 exaudiuntur.
668 2608 715 2639 ⁵⁸
746 2608 1091 2677 Quapropter
1135 2605 1350 2659 cunctis
1403 2606 1684 2670 ﬁdelibus,
1740 2612 1795 2659 et

217 2717 568 2771 summopere
596 2701 852 2754 omnibus
882 2700 1215 2769 presbyteris
1250 2707 1304 2753 et
1338 2698 1587 2753 diaconis
1628 2706 1680 2753 et
1710 2714 1795 2752 re-

217 2794 389 2863 liquis
440 2794 655 2848 clericis
714 2790 1105 2846 attendendum
1138 2800 1222 2846 est
1287 2797 1348 2843 ut
1397 2789 1533 2844 nihil
1586 2790 1794 2858 absque

214 2886 459 2956 episcopi
490 2885 692 2955 proprii
725 2884 943 2943 licentia
970 2890 1151 2957 agant.
1180 2883 1225 2914 "
1258 2881 1374 2935 Non
1390 2884 1578 2952 utique
1597 2882 1794 2937 missas

215 2981 342 3033 sine
376 2978 494 3047 ejus
541 2978 695 3046 jussu
743 2976 1039 3046 quisquam
1092 2972 1536 3043 presbyterorum
1593 2973 1649 3027 in
1694 2987 1794 3026 sua

214 3069 480 3142 parochia
508 3074 651 3139 agat,
683 3082 793 3121 non
826 3066 1085 3137 baptizet,
1119 3080 1219 3118 nec
1243 3064 1539 3133 quidquam
1588 3062 1795 3132 absque

1897 582 1983 636 bis
2014 581 2450 645 obcdierit.Deo,
2475 588 2535 634 ut
2593 579 2800 635 dictum
2829 590 2931 645 est,
2976 596 3233 650 magnum
3283 595 3483 637 munus

1898 673 2080 729 offert.
2106 672 2209 740 Qui
2230 682 2412 728 autem
2443 672 2530 727 his
2548 672 2830 736 restiterit,
2859 679 2952 725 aut
2971 672 3292 728 inobediens
3313 676 3484 729 exsti-

1898 768 2048 830 terit,
2085 782 2195 821 non
2218 766 2327 830 his,
2356 765 2452 821 sed
2484 764 2717 820 Domino
2749 763 3018 819 Salvatori
3058 760 3282 826 nostro,
3323 761 3483 832 cujus

1895 860 2169 929 legatione
2208 858 2537 929 funguntur,
2568 857 2799 913 resistit.
2828 858 2872 887 ⁶¹
2898 856 3129 926 Propter
3170 856 3339 925 quod“
3372 856 3481 926 prio

1895 967 2045 1006 mum
2071 959 2155 1007 est
2186 952 2453 1016 omnium,
2504 951 2775 1021 justitiam
2814 950 2931 1013 Dei,
2974 953 3315 1021 regnumque
3359 950 3481 1019 ejus

1895 1043 2179 1112 inquirere
2196 1055 2219 1108 ,'
2244 1050 2297 1097 et
2338 1044 2453 1098 suis
2484 1042 2833 1111 jussionibus
2860 1042 3275 1112 obtemperare;
3317 1041 3483 1112 justi-

1895 1133 2028 1187 tiam
2070 1133 2329 1203 quidem,
2360 1141 2422 1188 ut
2470 1141 2620 1189 recte
2666 1148 2826 1203 agere
2870 1134 3203 1199 doceamur;
3252 1148 3477 1204 regnum

1896 1240 2044 1291 vero,
2082 1235 2161 1289 ut,
2187 1240 2308 1295 quae
2332 1225 2402 1279 sit
2421 1240 2627 1280 merces
2657 1226 2837 1296 posita
2863 1224 3068 1279 laboris
3096 1232 3149 1280 et
3179 1224 3477 1294 patientire,

1894 1316 2248 1383 noverimus;
2282 1316 2339 1369 in
2380 1330 2490 1386 quo
2529 1323 2615 1371 est
2668 1316 2827 1371 bonis
2870 1315 3091 1386 quidem
3139 1324 3477 1371 aeternorum

1896 1408 2167 1465 bonorum
2197 1409 2592 1475 remuneratio,
2622 1409 2710 1465 his
2733 1418 2912 1465 autem
2946 1408 3040 1479 qui
3064 1417 3258 1463 contra
3286 1409 3480 1464 volun-

1898 1509 2059 1557 tatem
2092 1502 2213 1571 ejus
2234 1503 2466 1571 egerint,
2498 1517 2596 1573 pro
2627 1501 3063 1571 uniuscujusque
3090 1502 3259 1571 gestis
3285 1516 3444 1571 paena
3467 1530 3482 1539 -

1897 1610 2017 1648 rum
2048 1595 2211 1665 digna
2241 1596 2538 1651 restitutio.
2573 1594 2618 1626 °'
2653 1594 2752 1649 Hic
2782 1610 2934 1664 ergo,
2973 1594 3078 1649 hoc
3109 1603 3215 1657 est,
3243 1596 3296 1649 iu
3342 1610 3481 1665 prae-

1888 1687 2039 1743 senti
2064 1688 2178 1740 vita
2205 1688 2438 1757 positos,
2459 1695 2675 1757 oportet
2704 1703 2806 1742 nos
2827 1701 3127 1756 agnoscere
3144 1687 3481 1741 voluntatem

1900 1776 2016 1843 Dei,
2048 1778 2140 1833 ubi
2173 1778 2459 1849 etagendi,
2483 1789 2541 1833 et
2564 1779 2912 1833 sacriﬁcandi
2938 1786 3025 1833 est
3050 1778 3239 1844 locus;
3272 1777 3317 1809 ⁸³
3345 1792 3484 1847 quo—

1898 1872 2057 1924 niam.
2088 1871 2143 1924 in
2173 1872 2296 1926 aliis
2334 1872 2468 1927 locis
2495 1871 2809 1927 sacriﬁcare
2842 1881 2896 1926 et
2942 1872 3154 1936 missas,
3194 1870 3478 1927 celebrare

1896 1978 2005 2017 non
2032 1963 2183 2030 licet,
2218 1965 2324 2019 nisi
2355 1966 2408 2019 in
2440 1965 2549 2031 his,
2572 1965 2627 2019 in
2658 1964 2859 2034 quibus
2887 1966 3178 2035 episcopus
3224 1966 3481 2035 proprius

1891 2056 2145 2125 jusserit,
2179 2066 2273 2111 aut
2310 2058 2379 2111 ab
2407 2057 2669 2128 episcopo
2695 2058 3021 2128 regulariter
3055 2058 3309 2113 ordinato
3335 2100 3350 2125 ,
3396 2067 3479 2115 te-

1895 2158 2059 2206 nente
2082 2150 2339 2206 videlicet
2370 2152 2667 2216 civitatem,
2700 2159 3060 2205 consecratus
3091 2150 3275 2206 fuerit.
3309 2150 3480 2207 Aliter

1894 2245 2039 2298 enim
2096 2260 2209 2300 non
2264 2253 2388 2298 sunt
2428 2245 2541 2300 haec
2576 2246 2808 2314 agenda,
2860 2262 2958 2300 nec
2990 2246 3093 2299 rite
3129 2245 3479 2312 celebranda,

1894 2336 2124 2393 docente
2193 2353 2294 2393 nos
2356 2335 2506 2393 Novo
2562 2346 2617 2393 et
2672 2336 2853 2392 Veteri
2918 2336 3289 2393 Testamento.
3350 2337 3480 2395 llaec

1894 2431 2125 2499 apostoli
2184 2446 2214 2483 a
2262 2430 2490 2485 Domino
2559 2439 2919 2500 acceperunt,
2975 2438 3029 2484 et
3092 2432 3251 2485 nobis
3304 2431 3478 2485 tradi—

1894 2521 2128 2588 derunt;
2159 2523 2274 2576 haec
2315 2538 2416 2578 nos
2446 2523 2741 2589 Idocemus,
2785 2524 3050 2592 vobisque
3108 2531 3161 2577 et.
3201 2524 3477 2585 omnibus,

1894 2615 2099 2684 absque
2142 2615 2595 2685 reprehensione,
2668 2622 2853 2669 tenere
2909 2626 2961 2669 et
3011 2616 3231 2680 docere,
3279 2616 3481 2684 quibus

1896 2706 2167 2773 agendum
2232 2713 2334 2771 est,
2392 2705 2738 2761 mandamus.
2794 2706 2837 2736 ”
2862 2704 3214 2775 Unaquaeque
3273 2707 3480 2761 etenim

1896 2812 1984 2850 res
2045 2807 2259 2865 tempus
2312 2814 2469 2851 suum
2533 2796 2696 2850 habet
2753 2805 2809 2850 et
2870 2798 3070 2852 locum.
3103 2798 3341 2867 Operum
3386 2797 3479 2853 hic

1897 2886 2050 2943 locus
2078 2896 2183 2952 est,
2213 2897 2429 2958 tempus
2459 2905 2588 2943 vero
2616 2889 2933 2944 meritorum
2968 2898 3051 2944 est
3096 2891 3355 2945 saeculum
3384 2886 3477 2944 fu-

1898 2985 2103 3032 turum.
2132 2978 2211 3034 Ne
2236 2995 2366 3049 ergo
2398 2980 2760 3051 impediamur
2784 3022 2799 3047 ,
2833 2981 3078 3035 ordinem
3114 2982 3357 3035 locorum
3414 2996 3479 3036 ac

1896 3077 2205 3138 temporum
2232 3078 2627 3139 permutautes,
2658 3072 2856 3140 primo,
2882 3088 3003 3141 qute
3027 3074 3099 3127 sit
3126 3072 3221 3127 Dei
3239 3073 3476 3142 justitia,

214 3163 638 3233 ejuspermissu
684 3160 866 3215 faciat.
923 3158 1187 3212 Similiter
1243 3164 1296 3210 et
1331 3156 1527 3225 reliqui
1585 3156 1790 3225 populi,
1822 3165 1863 3222 C
1898 3161 2615 3231 requiramus,ettanquam
2657 3162 2761 3216 iter
2790 3163 2990 3229 acturi,
3019 3164 3321 3217 abundanti
3370 3163 3477 3216 vie-

214 3255 461 3323 majores
493 3254 703 3308 scilicet
738 3268 803 3306 ac
826 3252 1066 3306 minores
1095 3249 1163 3315 ",
1188 3264 1285 3319 per
1322 3248 1442 3318 ejus
1491 3248 1787 3313 licentiam,

214 3347 482 3417 quidquid
536 3345 803 3415 agendum
835 3351 941 3407 est,
973 3349 1168 3413 agant:
1221 3356 1323 3395 nec
1352 3343 1471 3396 sine
1500 3341 1621 3410 ejus
1669 3356 1793 3409 per-

214 3440 396 3494 missu
427 3452 457 3490 a
487 3436 744 3506 parochia
771 3435 1097 3498 abscedant,
1126 3435 1211 3489 vel
1246 3435 1303 3490 in
1332 3449 1396 3488 ea
1435 3433 1790 3488 adventantes

212 3530 421 3590 morari
449 3535 800 3598 prazsumant.
827 3526 1036 3580 Animae
1074 3539 1206 3580 vero
1235 3540 1426 3579 eorum
1474 3525 1525 3579 ei
1573 3523 1791 3577 credita:

212 3630 369 3679 sunt.
397 3620 521 3675 Ideo
552 3620 737 3673 omnia
765 3619 884 3688 ejus
915 3619 1146 3673 consilio
1174 3632 1332 3686 agere
1375 3617 1595 3678 debent,
1625 3624 1679 3670 et
1724 3631 1791 3671 eo

212 3712 529 3767 inconsulto
552 3710 708 3765 nihil.
738 3712 781 3742 ⁵⁸
797 3710 1118 3778 Quicunque
1134 3709 1277 3763 enim
1301 3707 1561 3763 obediunt
1577 3707 1791 3777 episco~

211 3803 302 3873 pis
328 3802 466 3867 suis,
498 3802 753 3856 videntur
797 3801 1018 3871 quidem
1070 3800 1272 3869 aliquid
1310 3800 1498 3869 gratiae
1541 3798 1792 3853 conferre

211 3893 352 3948 Deo.
386 3892 490 3959 Qui
520 3902 699 3947 autem
725 3893 805 3948 eis
833 3908 944 3947 non
974 3892 1255 3958 obediunt,
1301 3890 1675 3944 indubitanter
1709 3890 1791 3944 rei

210 3992 271 4044 ει
296 3985 514 4053 reprobi
561 3985 824 4039 existunt.
854 3983 1025 4039 Porro
1050 3985 1153 4053 ipsi
1180 3999 1210 4037 a
1234 3984 1341 4037 Deo
1360 3984 1566 4036 donum
1590 3980 1791 4037 summi

210 4078 461 4132 muneris
493 4087 928 4147 consequuntur,
962 4077 1057 4147 qui
1095 4092 1192 4145 per
1228 4075 1455 4145 justitim
1491 4082 1544 4129 et
1588 4089 1791 4144 praece-

212 4178 435 4239 ptorum
494 4170 611 4239 ejus
667 4171 891 4225 semitas
938 4168 1255 4223 incedentes
1302 4168 1621 4221 doctoribus
1674 4166 1789 4222 suis

214 4261 335 4332 (qui
365 4268 510 4315 recte
540 4262 779 4331 episc0pi
814 4261 1215 4331 intelliguntur)
1250 4262 1481 4315 libenter
1502 4261 1784 4316 obediunt.

210 4352 293 4407 De
330 4353 529 4422 quibus
559 4363 611 4407 et
631 4353 821 4408 beatus
839 4353 1054 4416 Petrus,
1086 4342 1388 4407 instructor
1422 4360 1474 4407 et
1504 4353 1789 4407 ordinator

209 4453 426 4507 noster,
459 4452 513 4498 et
539 4444 793 4514 princeps
825 4446 1224 4515 apostolorum,
1252 4444 1542 4500 manifeste
1558 4455 1788 4501 cunctos

1893 3252 2002 3306 tico
2052 3252 2213 3308 bonis
2254 3254 2512 3323 Oper-ibus
2556 3255 2869 3323 repleamur
2894 3296 2908 3321 ,
2942 3270 3052 3324 quo
3085 3255 3364 3326 possimus
3408 3255 3475 3309 ad

1894 3358 2120 3412 regnum
2162 3342 2277 3410 Dei,
2311 3353 2568 3414 tanquam
2601 3346 2668 3399 ad
2701 3346 2890 3400 urbem
2939 3348 3255 3408 maximam,
3281 3360 3475 3415 perve-

1895 3435 2033 3491 nire.
2086 3436 2225 3491 Deus
2252 3437 2399 3491 enim
2431 3437 2514 3491 his
2570 3438 2662 3505 qui
2720 3446 2867 3492 recte
2923 3439 3169 3509 sentiunt
3208 3452 3304 3507 per
3357 3438 3478 3506 ipsa

1893 3543 2057 3596 opera
2101 3526 2312 3593 mundi,
2354 3544 2476 3597 quae
2523 3527 2674 3591 fecit,
2710 3528 3035 3583 manifestus
3059 3536 3144 3583 est
3168 3529 3250 3592 ⁶⁵;
3302 3529 3475 3596 ipsius

1893 3630 2157 3674 creatura:
2181 3636 2294 3675 sua:
2323 3628 2487 3675 utens
2516 3623 2859 3675 testimonio:
2893 3630 2947 3676 et
2974 3620 3098 3674 ideo
3127 3636 3252 3674 cum
3276 3621 3342 3674 de
3364 3620 3475 3675 Deo

1893 3710 2161 3765 dubitatio
2199 3727 2321 3767 esse
2345 3728 2453 3766 non
2475 3712 2693 3772 debeat,
2725 3712 2793 3766 de
2816 3700 2931 3769 sola
2965 3729 3113 3767 nunc
3161 3714 3281 3780 ejus
3308 3712 3476 3780 justi-

1894 3804 1968 3856 tia
1990 3803 2333 3871 requiramus
2354 3811 2408 3858 et
2438 3819 2626 3874 regno.
2648 3802 2858 3858 Idcirco
2881 3803 3182 3874 persuadeo
3211 3803 3471 3885 primum,

1889 3895 2158 3963 justitiam
2187 3895 2307 3963 ejus
2328 3911 2449 3949 esse
2481 3894 2891 3965 requirendam,
2922 3902 2980 3949 ut
3026 3911 3123 3963 per
3170 3882 3313 3947 hanc
3367 3895 3473 3949 iter

1894 3994 2135 4055 agentes,
2167 3995 2222 4041 et
2252 3988 2306 4040 in
2330 3988 2415 4040 via
2443 3987 2687 4042 veritatis
2713 3987 2899 4056 positi,
2924 4002 3112 4041 verum
3143 3987 3472 4055 prophetam

1894 4077 2136 4132 invenire
2167 4078 2463 4149 possimus,
2491 4094 2601 4133 non
2620 4078 2911 4133 velocitate
2934 4078 3153 4147 pedum,
3183 4077 3278 4131 sed
3300 4078 3473 4131 bono-

1892 4183 2014 4222 rum
2043 4185 2268 4239 operum
2292 4170 2581 4224 velocitate
2608 4178 2894 4224 currentes
2920 4188 2933 4235 ;
2956 4177 3014 4222 ut
3040 4169 3159 4237 ipso
3190 4168 3331 4221 duce
3362 4167 3469 4231 usi,

1892 4260 2103 4314 nullum
2134 4260 2233 4314 viae
2265 4259 2426 4329 hujus
2449 4262 2720 4330 patiamur
2741 4274 3006 4315 errorem.
3037 4260 3093 4314 Si
3113 4258 3260 4313 enim
3292 4258 3469 4328 ipsum

1893 4352 2218 4421 sequentes,’
2237 4351 2449 4422 ingredi
2504 4353 2870 4407 meruerimus
2926 4354 3097 4416 illam,
3131 4367 3243 4422 quo
3274 4367 3469 4421 perve-

1891 4444 2011 4499 nire
2033 4444 2632 4514 cupimus,civitatem;
2664 4445 2851 4497 omnia
2878 4444 2989 4512 jam
3010 4444 3075 4498 de
3099 4444 3301 4513 quibus
3326 4460 3469 4513 quie-

209 4540 501 4596 audientes
534 4538 857 4599 instruebat,
892 4538 1113 4591 dicens:
1140 4537 1185 4567 ‘9
1215 4535 1654 4599 Videnturmihi,
1691 4538 1786 4606 qui
1821 4535 1867 4588 D
1894 4536 2049 4601 ritur,
2083 4536 2257 4590 oculis
2294 4534 2623 4599 videbimus,
2662 4544 2924 4605 tanquam
2951 4536 3193 4592 hteredes
3223 4538 3469 4591 omnium

212 4634 517 4700 loquuntur
539 4631 701 4685 verba
731 4630 999 4691 veritatis,
1030 4635 1083 4681 et
1113 4628 1205 4697 qui
1238 4628 1549 4680 illuminant
1572 4628 1786 4683 animas

211 4723 523 4787 hominum,
556 4724 762 4777 similes
791 4739 911 4778 esse
944 4722 1113 4775 radiis
1136 4722 1299 4786 solis;
1337 4722 1427 4790 qui
1462 4728 1519 4774 ut
1566 4737 1788 4790 proces-

211 4818 390 4873 serint
411 4823 465 4869 et
490 4817 839 4885 apparuerint
865 4815 1087 4879 mundo,
1122 4815 1287 4869 celari
1322 4816 1461 4867 ultra
1492 4815 1787 4868 autoecul-

213 4907 322 4961 tari
348 4907 657 4961 nullatenus
690 4913 939 4976 possunt,
980 4906 1107 4960 dum
1152 4922 1258 4959 non
1294 4913 1400 4958 tam
1426 4905 1681 4957 videntur
1720 4905 1787 4957 ab

213 4999 495 5059 omnibus,
526 5014 685 5066 quam
714 4998 895 5050 videre
931 4997 1187 5050 omnibus
1212 5004 1493 5063 prtestant.
1534 4994 1685 5048 Unde
1735 5004 1788 5048 et

216 5091 490 5159 beneipsa
523 5105 616 5157 per
638 5106 695 5143 se
730 5088 942 5143 Veritas
975 5090 1040 5142 ad
1066 5088 1325 5142 Veritatis
1360 5106 1640 5157 prreeones
1676 5092 1784 5145 ait:

228 5180 331 5234 Vas
354 5182 477 5233 estis
504 5181 594 5232 lux
621 5180 797 5232 nmndi
822 5196 839 5241 ,'
875 5188 927 5234 et
950 5200 960 5233 :
992 5178 1110 5232 Non
1126 5188 1292 5246 potest
1325 5181 1509 5231 ciuitas
1535 5180 1788 5232 abscondi

215 5288 379 5338 supra
412 5282 631 5324 montem
662 5273 851 5339 posita,
886 5287 1045 5341 neque
1099 5262 1386 5323 detendunt
1443 5270 1707 5323 lucernam
1738 5281 1787 5324 et

213 5375 415 5433 ponunt
444 5381 558 5417 eam
591 5363 682 5415 sub
716 5363 909 5428 modio,
967 5362 1056 5417 sed
1085 5378 1247 5431 supra
1296 5361 1692 5430 candelabrum,
1728 5372 1786 5415 ut

268 5501 312 5532 ⁸⁵
354 5499 445 5554 Est

474 5501 631 5571 quod.
728 5503 772 5532 ⁵ο
799 5502 904 5557 lsa.
950 5518 1073 5556 LXV.

198 5658 388 5713 respue
426 5642 688 5713 juniores.
766 5642 1097 5713 "lieroguit.
1137 5659 1197 5697 ιι.

195 5731 248 5769 c.
280 5712 335 5783 4.
432 5714 474 5743 ⁸ο
502 5712 688 5765 Matth.
718 5728 770 5775 v,
802 5713 883 5765 14.
974 5716 1015 5745 ⁶¹
1052 5713 1322 5783 Recognit.
1357 5730 1416 5776 ιι,
1450 5730 1499 5766 c.
1531 5714 1621 5765 :ll).

193 5800 277 5856 ep.
316 5782 363 5837 l.
444 5784 490 5820 ⁵⁸
524 5783 788 5853 liecognit.
822 5801 879 5852 II,
908 5793 961 5841 ct
988 5800 1151 5856 supra
1185 5782 1239 5840 in
1270 5787 1429 5853 epist.
1462 5784 1512 5839 1.

1172 5501 1215 5533 ⁵⁸
1268 5502 1553 5545 Ιέρρηηηὶι--
1597 5518 1646 5545 ν,
1692 5518 1740 5545 ρ-
1792 5501 1868 5545 13

268 5502 312 5532 ⁸⁵
354 5502 445 5554 Est
474 5502 631 5571 quod.
728 5503 772 5532 ⁵ο
799 5502 904 5557 lsa.
950 5518 1073 5556 st.
1172 5502 1215 5533 “
1265 5502 1555 5571 Ilecognil.,
1597 5518 1649 5564 ν,
1692 5518 1740 5554 e.
1792 5502 1871 5555 15.
1968 5504 2013 5533 “
2045 5502 2176 5556 Luc.
2229 5518 2318 5563 vl,
2354 5502 2457 5562 27;
2502 5502 2689 5552 Matth.
2730 5515 2783 5563 v,
2814 5502 2904 5552 45.
3002 5502 3048 5530 ⁸³
3086 5502 3138 5549 υι

193 5572 245 5605 ⁸⁸
272 5571 542 5640 Recognit.
588 5587 703 5624 \‘lll.
780 5572 960 5643 "716,
992 5582 1182 5643 qurest.
1228 5588 1278 5635 ι,
1329 5572 1544 5625 Cum-tis
1574 5572 1837 5643 ﬁdelibus.
1914 5574 2151 5627 “Cone.
2184 5571 2405 5627 Tribur.
2434 5571 2522 5627 ⁸52.
2558 5569 2678 5643 lvo,
2717 5586 2772 5643 p.
2814 5584 2887 5631 ιι,
2920 5583 2969 5622 c.

446 5642 688 5695 iuniores.
766 5644 808 5673 ⁸⁸
832 5639 1097 5712 lieroguit.
1137 5659 1197 5697 ιι.
1274 5645 1319 5675 ⁸⁸
1357 5645 1481 5697 Ιιωιε
1509 5639 1652 5696 beati
1682 5642 1819 5694 Petri
1857 5645 2089 5712 apostoli
2125 5646 2289 5697 verba
2334 5643 2601 5712 habentur
2639 5640 2694 5693 in
2723 5641 2984 5712 librovm
3018 5639 3472 5712 liecogtLitiontjt,

1590 5716 1621 5764 i.
1715 5714 1757 5742 ⁵³

1590 5784 1632 5815 ⁸⁸
1667 5781 1791 5834 Ιὶυιῐ

1895 5708 2167 5779 consecr.,
2203 5712 2422 5768 distiuc.
2458 5712 2481 5765 l
2506 5751 2520 5778 ,
2550 5710 2654 5764 Hic
2683 5727 2827 5782 ergo,
2862 5710 2915 5762 id
2940 5722 3038 5765 est.
3112 5711 3176 5782 ,εδ
3203 5709 3354 5765 Felix
3384 5708 3475 5779 ιν,

1716 5798 1828 5839 om.
1866 5800 1904 5840 Ι,

1896 4626 2045 4682 iacti.
2077 4626 2363 4697 lntelligite
2384 4628 2566 4695 itaque
2596 4627 2739 4680 viain
2770 4642 2893 4683 esse
2923 4628 3070 4682 hunc
3120 4630 3241 4684 vita:
3268 4622 3472 4685 nostrae
3497 4653 3503 4660 -

1894 4734 2152 4785 cursum;
2186 4718 2444 4783 viatores,
2476 4733 2571 4772 eos
2599 4719 2691 4787 qui
2723 4734 2824 4772 nos
2862 4718 3162 4782 instruunt,
3212 4721 3295 4775 vel
3325 4721 3469 4779 bona

1893 4826 2057 4881 opera
2081 4817 2307 4879 gerunt;
2341 4817 2554 4879 portam
2568 4826 2718 4875 vero,
2749 4811 3069 4881 prepbetam
3099 4812 3166 4867 de
3187 4813 3464 4882 quodici-

1895 4918 2043 4966 mus;
2071 4904 2279 4968 urbem,
2313 4916 2539 4971 regnum
2570 4916 2717 4964 esse,
2745 4902 2799 4955 in
2828 4918 2937 4971 quo
2988 4902 3193 4957 residet
3217 4902 3470 4972 omnipo-

1894 5002 2014 5049 tens
2042 4994 2220 5059 Pater,
2253 5010 2415 5064 quem
2457 4994 2558 5049 soli
2590 4994 2772 5048 videre
2796 5002 3027 5064 possunt
3069 4995 3124 5049 hi
3150 4996 3468 5064 quimundo

1891 5096 2020 5143 sunt
2050 5088 2231 5143 corde.
2276 5087 2395 5143 Non
2427 5102 2556 5156 ergo
2582 5087 2741 5141 nobis
2765 5086 3006 5141 difﬁcilis
3033 5087 3283 5141 videatur
3301 5086 3466 5156 hujus

1890 5182 2103 5236 itineris
2137 5182 2311 5243 labor,
2338 5179 2463 5249 quia
2512 5180 2565 5231 in
2591 5178 2695 5234 (ine
2720 5178 2838 5247 ejus
2871 5178 3086 5247 requies
3116 5180 3237 5234 erit.
3259 5177 3393 5232 Nam
3411 5188 3467 5233 et

1889 5273 2009 5342 ipse
2032 5290 2193 5328 verus
2220 5274 2506 5344 propheta.
2528 5271 2595 5325 ab
2618 5272 2775 5331 initio
2824 5271 3013 5324 mundi
3055 5286 3152 5342 per
3200 5271 3461 5326 saeculum

1891 5380 2144 5432 currens,
2180 5365 2403 5422 festinat
2424 5364 2491 5421 ad
2520 5363 2783 5434 requiem.
2815 5362 3145 5419 Adestenim
3161 5362 3321 5418 nobis
3344 5378 3464 5421 om-

1968 5504 2013 5533 "
2045 5502 2176 5556 an.
2229 5518 2318 5563 νι,
2354 5500 2457 5562 27;
2502 5472 2689 5552 Matth.
2730 5515 2783 5563 v,
2814 5498 2904 5552 ts.
3002 5498 3048 5530 ω
3086 5496 3242 5552 Deut.
3273 5515 3347 5563 γι,
3386 5498 3472 5552 ιδ.

3231 5570 3271 5599 ‘7
3304 5570 3478 5621 senio-
