4096 6318
689 392 798 450 699

1559 390 1617 448 S.
1653 388 2092 444 CLEMENTISJ
2129 387 2291 443 ROM.
2331 385 2529 442 PONT.
2569 384 2792 440 ΟΡΕΠᾹ
2830 383 3056 440 DUBZA.

3803 383 3917 438 500

676 503 837 559 nibus
858 501 1072 570 diebus;
1104 513 1156 558 et
1179 506 1223 559 si
1251 505 1468 574 quanio
1502 520 1727 561 necesse
1748 515 1852 569 est,
1902 513 2145 574 apparet,
2187 516 2239 558 et
2268 512 2314 566 Α
2345 519 2468 556 rum
2503 517 2667 556 causa
2711 503 2777 567 ⁷⁸,
2828 501 2959 555 utile
2999 515 3105 554 non
3140 499 3383 555 videtur:
3431 515 3497 553 ne
3543 498 3684 554 forte
3713 502 3904 558 existi-

672 594 896 668 corrigit
921 611 1042 661 nos,
1067 608 1123 648 ut
1148 597 1582 665 obtemperantes
1604 598 1729 662 sibi,
1761 599 1826 651 ad
1852 599 2012 652 vitam
2038 598 2237 668 perdu-

671 692 758 737 cat
783 693 1059 743 mternam.
1097 686 1170 740 De
1196 687 1284 743 his
1327 698 1506 742 autem
1537 690 1627 760 qui
1653 687 1930 758 negligunt
1959 689 2097 743 viam
2125 705 2237 746 suae

673 773 886 839 salutis,
925 777 1179 832 etadhue
1207 779 1254 809 "
1281 794 1390 832 non
1410 774 1569 834 bene
1603 779 1817 843 ﬁdeles,
1849 788 1905 834 et
1954 783 2236 850 praeceptis

671 865 790 932 ejus
806 881 1136 939 suorumque
1153 871 1467 940 pontificum
1480 872 1822 940 jussionihus
1841 872 2232 938 inobedientes,

670 958 756 1012 vel
807 968 1158 1017 contumaces
1213 963 1293 1020 eis
1334 965 1609 1027 existunt,
1659 965 1701 996 ⁸⁷
1736 963 2000 1019 Dominus
2048 973 2234 1019 noster

670 1047 829 1105 Jcsus
857 1050 1130 1112 Christus.
1188 1057 1414 1112 mittens
1443 1057 1741 1127 discipulos
1779 1075 1930 1123 suos,
1981 1061 2235 1130 praecepit

671 1140 849 1207 nobis,
867 1143 1053 1199 dicens
1077 1164 1089 1198 :
1115 1144 1180 1198 Ut
1195 1147 1251 1199 in
1273 1163 1628 1217 quamcunque
1642 1152 1898 1204 civitatem
1912 1160 2002 1204 aut
2017 1151 2232 1205 domum

665 1233 1046 1302 t'ntroierimua,
1069 1236 1305 1292 dicamus
1339 1253 1356 1291 :
1381 1236 1502 1293 Pax
1532 1239 1652 1296 huic
1679 1240 1884 1297 domui.
1929 1241 1996 1295 Et
2027 1243 2074 1296 si
2115 1244 2233 1312 qui-

663 1328 803 1394 dem,
819 1328 1203 1401 -inquit,ftterit
1232 1330 1302 1382 ibi
1329 1331 1475 1398 ﬁlius
1498 1334 1643 1399 pacis
1661 1372 1677 1397 ,
1719 1335 1883 1387 veniet
1932 1351 2086 1403 super
2112 1352 2232 1390 eum

661 1438 766 1490 paa:
783 1434 975 1478 vestra.
996 1424 1055 1478 Si
1080 1442 1194 1480 vero
1209 1439 1314 1480 non
1328 1423 1511 1492 fuerit,
1529 1440 1636 1492 paa:
1659 1437 1830 1478 vestra
1851 1426 1919 1478 ad
1936 1444 2023 1480 vos
2061 1444 2231 1481 rever-

646 1526 817 1571 'tetur.
859 1516 1057 1573 Euntes
1089 1529 1264 1573 autem
1290 1518 1353 1572 de
1395 1517 1554 1573 domo
1581 1517 1655 1570 vel
1696 1518 1902 1571 civitate
1925 1518 2042 1583 illa,
2068 1520 2229 1573 etiam

661 1609 920 1674 pulverem
942 1612 1031 1679 qui
1060 1609 1335 1664 adhwscrit
1355 1610 1570 1678 pedibus
1596 1610 1806 1674 vestris,
1835 1610 2117 1672 excutiatis
2139 1627 2231 1664 su-

659 1713 749 1765 per
777 1716 884 1754 eos.
935 1700 1286 1756 Tolerabilius
1331 1703 1432 1755 erit
1463 1711 1619 1757 terra:
1647 1702 2002 1758 Sodomorum
2040 1711 2090 1754 et
2123 1699 2246 1756 60-.

660 1790 1042 1844 morrhworum
1088 1793 1142 1848 in
1171 1778 1254 1847 die
1293 1792 1509 1860 judicii,
1559 1811 1715 1863 quam
1764 1795 1847 1848 illi
1891 1793 2100 1850 civitati
2149 1793 2228 1847 vel

2342 602 2491 649 ment
2543 611 2643 648 nos
2697 593 3068 663 responsionis
3131 593 3357 661 penuria
3411 592 3684 648 declinare
3725 606 3915 649 certa-

2338 702 2484 750 men,
2515 694 2570 740 et
2614 686 2746 741 lides
2785 701 2974 740 eorum
3026 688 3275 753 ltedatur,
3317 702 3426 740 non
3470 689 3828 759 intelligentia
3859 689 3912 722 "

2335 777 2599 847 propositi
2629 778 2802 832 nostri
2825 778 2896 833 ".
2949 777 3202 849 "Magna
3241 781 3595 843 contumelia,
3641 791 3696 836 et
3739 797 3914 853 grave

2337 869 2498 925 nobis
2547 871 2653 924 erit
2694 880 3000 940 peccatum,
3041 872 3087 926 si
3139 873 3214 925 ita
3267 872 3624 940 desipiamus,
3666 883 3727 929 ut
3773 888 3910 931 cum

2313 962 2617 1019 videamus
2645 978 2769 1018 eum
2793 963 2887 1033 qui
2911 963 3056 1017 idola
3087 964 3222 1018 colit
3236 979 3360 1018 esse
3386 964 3651 1031 sobrium,
3681 980 3784 1021 nos
3807 969 3910 1038 qui

2335 1052 2504 1108 Deum
2533 1056 2788 1120 colimus,
2824 1055 2996 1109 sobrii
3027 1053 3152 1112 esse
3177 1071 3519 1112 recusemus.
3548 1056 3666 1113 Non
3698 1059 3801 1114 hoc
3831 1061 3911 1116 sit

2334 1146 2477 1201 inter
2502 1162 2624 1212 nos,
2658 1148 2751 1203 sed
2787 1163 3042 1217 magnum
3075 1148 3374 1204 habeamus
3426 1149 3692 1216 studium,
3743 1164 3805 1207 ut
3854 1156 3908 1210 si

2337 1237 2412 1291 illi
2464 1240 2555 1309 qui
2613 1248 2803 1294 errant
2851 1241 3210 1296 homicidium
3258 1256 3386 1296 non
3423 1241 3648 1316 iaciunt,
3684 1260 3787 1300 nos
3833 1262 3910 1300 ne

2335 1329 2639 1385 irascamur
2686 1331 2927 1401 quidem.
2967 1330 3033 1386 Et
3061 1332 3107 1387 si
3140 1334 3219 1387 illi
3250 1334 3581 1389 adulterium
3612 1319 3721 1391 non
3749 1354 3910 1392 com-

2332 1422 2578 1487 mittunt,
2611 1437 2711 1477 nec
2748 1413 3207 1493 concupiscamus
3237 1427 3455 1494 quidem
3496 1426 3728 1481 alienam
3777 1445 3911 1482 mu-

2332 1511 2541 1568 lierem.
2592 1513 2648 1567 Si
2688 1513 2765 1567 illi
2812 1525 2999 1570 amant
3047 1516 3334 1586 proximos
3386 1534 3539 1585 suos,
3589 1533 3691 1574 nos
3734 1521 3906 1574 etiam

2331 1602 2622 1673 diligamus
2653 1605 2904 1660 inimicos
2945 1614 3184 1662 nostros.
3222 1606 3280 1660 Si
3318 1609 3397 1662 illi
3432 1617 3621 1664 mutuo
3649 1610 3786 1664 dant
3816 1611 3906 1666 his

2331 1696 2425 1765 qui
2456 1697 2657 1751 habent
2694 1698 2834 1752 unde
2872 1698 3126 1763 reddant,
3161 1714 3263 1753 nos
3302 1699 3465 1776 etiam
3506 1700 3591 1755 his
3613 1700 3834 1768 demus,
3872 1717 3908 1754 a

2331 1778 2530 1858 quibus
2563 1790 2805 1860 recipere
2833 1805 2942 1846 non
2970 1805 3276 1866 speramus.
3316 1789 3383 1844 Et
3413 1793 3516 1860 per
3545 1793 3733 1846 omnia
3776 1807 3906 1858 nos,

658 1880 838 1936 domui
869 1883 933 1936 ⁸⁸.
969 1883 1126 1949 Quod
1154 1859 1341 1954 utique
1368 1885 1440 1938 ita
1473 1859 1693 1940 demum
1724 1871 1840 1942 ﬁeri
1868 1887 2144 1957 praecepit,
2174 1885 2230 1946 si
2259 1859 2304 1915 Β
2336 1880 2429 1950 qui
2457 1879 2504 1914 ⁷³
2533 1859 2721 1935 aeterni
2757 1881 2942 1937 saaculi
2979 1863 3352 1938 haereditatem
3390 1859 3700 1952 speramus,
3738 1884 3910 1941 debe—

651 1975 812 2044 prius
834 1975 892 2028 in
914 1975 1135 2030 civitate
1163 1977 1245 2035 vel
1290 1977 1450 2032 domo
1487 1978 1732 2034 veritatis
1758 1994 1936 2034 sermo
1957 1980 2224 2050 pradicew

661 2074 781 2132 tur;
831 2082 897 2122 ex
949 2082 1059 2137 quo
1102 2069 1186 2123 vel
1231 2070 1556 2139 recipientes
1598 2072 1846 2126 veritatis
1894 2071 2077 2136 iidem,
2126 2073 2222 2140 illii

660 2157 813 2225 pacis
843 2166 896 2212 et
921 2158 1015 2211 ﬁlii
1053 2159 1144 2212 Dei
1177 2159 1307 2214 ﬁant
1331 2177 1347 2226 ;
1375 2159 1458 2214 vel
1484 2175 1592 2215 non
1629 2163 1955 2232 recipientes
1987 2180 2223 2233 arguan—

663 2256 775 2321 tur,
830 2252 990 2320 quasi
1021 2250 1230 2304 inimici
1270 2251 1421 2320 pacis
1448 2260 1503 2307 et
1552 2251 1668 2308 Dei.
1714 2253 1792 2307 Ita
1822 2271 1949 2327 ergo
2003 2263 2056 2309 et
2097 2271 2219 2320 nos,

658 2341 906 2410 magistri
939 2342 1184 2397 instituta
1217 2350 1511 2408 sectantes,
1537 2344 1712 2413 primo
1747 2361 1934 2415 pacem
1964 2347 2222 2415 proponi-

659 2445 783 2486 mus
847 2432 1232 2498 auditoribus,
1292 2443 1349 2488 ut
1397 2434 1604 2503 absque
1657 2436 1772 2489 ulla-
1816 2438 2222 2507 perturbatione

657 2523 835 2591 pos'sit
861 2523 948 2577 via
983 2513 1176 2580 salutis
1205 2524 1446 2595 agnosci.
1472 2523 1628 2593 Quod
1659 2528 1845 2595 siquis
1875 2529 2024 2598 pacis
2057 2529 2217 2583 verba

654 2627 766 2668 non
801 2613 1056 2683 suscipit,
1091 2631 1270 2684 neque
1293 2616 1594 2686 acquiescit
1619 2619 1855 2683 veritati,
1886 2621 2090 2674 scimus
2129 2621 2218 2674 ad-

655 2719 850 2761 versus
887 2721 1013 2761 eum
1066 2722 1301 2776 pugnam
1342 2711 1494 2766 verbi
1533 2725 1775 2777 movere,
1818 2719 1872 2768 et
1908 2712 2136 2784 arguere
2173 2714 2218 2746 “

651 2797 861 2865 acrius,
908 2797 1246 2854 confutando
1304 2802 1689 2874 ignorantiam,
1743 2812 1798 2858 et
1842 2804 2219 2875 redarguendo

653 2897 898 2957 peccata.
935 2889 1259 2947 Necessario
1300 2894 1468 2961 igitur
1512 2909 1698 2962 pacem
1731 2899 2112 2965 preponimus,
2160 2904 2218 2952 ut

650 2982 699 3036 si
743 2982 868 3052 quis
918 2990 1001 3039 est
1033 2983 1178 3038 ﬁlius
1219 2986 1395 3055 pacis,
1428 3001 1532 3056 pax
1578 2996 1768 3058 nostra
1818 2989 2001 3044 veniat
2052 3004 2218 3060 super

650 3089 814 3144 cum;
855 3075 924 3130 ab
953 3090 1018 3131 eo
1057 3085 1240 3132 autem
1273 3079 1368 3148 qui
1411 3093 1471 3132 se
1500 3079 1737 3134 alienum
1783 3080 1906 3151 paci
1952 3079 2214 3148 etl'ecerit,

2321 1976 2453 2030 mas
2479 1973 2791 2045 praecedere
2821 1973 2868 2005 "’
2894 1985 3019 2041 eos,
3061 1974 3155 2044 qui
3199 1989 3443 2044 praesens
3475 1982 3688 2031 tantum
3721 1991 3906 2032 saecu-

2323 2068 2439 2124 lum
2478 2074 2776 2133 noverunt;
2800 2066 3057 2134 scientes,
3086 2068 3212 2137 quia
3246 2067 3293 2122 si
3325 2082 3490 2134 opera
3545 2069 3767 2122 illorum
3801 2084 3909 2125 no—

2323 2171 2456 2215 stris
2485 2158 2743 2227 operibus
2795 2158 3012 2222 collata,
3055 2159 3111 2212 in
3153 2157 3240 2213 die
3275 2157 3471 2227 judicii
3519 2159 3722 2214 similia
3755 2143 3908 2216 inve-

2322 2251 2552 2306 niantur
2586 2265 2650 2303 ac
2680 2250 2853 2320 paria,
2882 2250 3137 2306 confusio
3161 2251 3320 2306 nobis
3343 2251 3465 2319 erit,
3490 2252 3635 2322 quod
3661 2254 3908 2323 aequales

2322 2341 2669 2396 inveniamur
2692 2341 2748 2394 in
2772 2338 3052 2410 operibus,
3067 2341 3154 2398 his
3173 2342 3266 2412 qui
3290 2351 3512 2414 propter
3532 2343 3903 2413 ignorantiam

2321 2434 2780 2497 condemnamur,
2834 2445 2888 2489 et
2930 2435 3136 2489 nullam
3168 2451 3319 2505 spem
3363 2436 3533 2491 futuri
3574 2433 3761 2511 saeculi
3801 2438 3905 2492 ha-

2321 2525 2586 2583 buerunt.
2632 2525 2678 2557 '°
2719 2525 2787 2579 Et
2822 2541 2948 2580 vere
2981 2526 3144 2597 digna
3175 2527 3430 2583 confusio
3480 2535 3586 2592 est,
3632 2529 3726 2584 ubi
3764 2529 3905 2585 nihil

2321 2619 2557 2689 amplius
2587 2617 2864 2691 gessimus
2892 2619 2964 2673 ab
2992 2618 3078 2675 his
3107 2619 3311 2691 quibus
3353 2620 3584 2690 amplius
3625 2620 3903 2677 intellexi-

2321 2724 2464 2766 mus.
2496 2709 2656 2777 Quod
2683 2709 2733 2765 si
2762 2709 3017 2766 conlusio
3061 2704 3223 2766 nobis
3254 2711 3380 2776 erit,
3413 2713 3653 2782 aequales
3685 2713 3774 2769 his
3815 2713 3904 2768 ln-

2319 2801 2495 2856 veniri
2519 2802 2572 2856 in
2597 2802 2860 2874 operibus
2881 2803 3074 2870 bonis;
3101 2803 3236 2873 quid
3261 2805 3366 2870 erit
3390 2804 3569 2868 nobis,
3604 2805 3651 2859 si
3678 2804 3903 2860 inferio-

2320 2907 2409 2947 res
2443 2909 2545 2947 nos
2577 2909 2642 2949 ac
2669 2892 2993 2960 deteriores,
3026 2887 3360 2950 examinatio
3405 2882 3602 2950 futura-
3624 2897 3905 2966 reperiat?

2317 2983 2514 3040 Audite
2543 3000 2695 3056 ergo,
2735 2985 3011 3055 quomodo
3041 2985 3110 3041 de
3141 2986 3229 3042 his
3280 3002 3384 3043 nos
3419 2973 3536 3058 ipse
3563 3003 3729 3043 verus
3769 3003 3901 3059 pro-

2318 3077 2478 3147 pheta
2511 3077 2780 3133 doeuerit.
2807 3075 2894 3134 Ad
2917 3093 3013 3136 eos
3043 3087 3225 3135 autem
3266 3080 3361 3150 qui
3390 3080 3670 3151 negligunt
3706 3082 3903 3137 audire

651 3168 992 3238 ngredietur
1038 3170 1108 3224 ad
1149 3185 1250 3226 nos
1288 3186 1393 3242 pax
1424 3169 1692 3226 nostra."
1745 3171 1811 3226 Et
1842 3173 1889 3229 si
1924 3173 2124 3229 iterum
2156 3175 2212 3230 in
2241 3197 2284 3256 ο
2319 3169 2483 3222 verba
2522 3168 2827 3239 sapientiai,
2881 3170 2957 3224 ita
3003 3170 3122 3226 ait:
3155 3169 3356 3242 Regina
3402 3172 3574 3225 austri
3620 3181 3797 3244 surget
3841 3172 3902 3230 in

653 3259 926 3314 mandatis
961 3259 1242 3327 habemus,
1271 3268 1332 3314 ut
1359 3261 1642 3318 venientes
1691 3262 1757 3316 ad
1804 3263 2100 3333 civitatem,
2131 3265 2218 3320 di-

662 3365 883 3407 scamus
912 3353 1065 3422 prius
1097 3353 1222 3424 quis
1252 3352 1308 3408 in
1344 3368 1406 3409 ea
1453 3352 1650 3423 dignus
1700 3353 1794 3421 sit,
1818 3361 1877 3408 ut
1901 3355 2045 3427 apud
2091 3371 2216 3412 eum

652 3445 834 3498 cibum
861 3444 1242 3511 sumamus";
1271 3452 1477 3515 quanto
1496 3446 1669 3515 magis
1684 3446 1940 3500 convenit
1964 3459 2215 3514 noscere,

653 3537 801 3606 quis,
835 3536 1081 3608 qualisve
1107 3538 1180 3591 sit
1209 3537 1277 3602 is,
1307 3538 1396 3591 cui
1438 3538 1865 3595 immortalitatis
1897 3539 2060 3593 verba
2103 3555 2218 3594 cre-

628 3627 827 3683 denda
865 3630 1035 3686 sunt?
1073 3628 1305 3685 Solliciti
1336 3630 1505 3696 enim,
1544 3638 1598 3685 et
1620 3631 1778 3686 valde
1823 3631 2045 3686 solliciti
2093 3648 2216 3687 esse

653 3720 938 3786 debemus,
997 3737 1066 3777 ne
1115 3723 1439 3792 margaritas
1484 3730 1723 3778 nostras.
1754 3724 2034 3780 mittamus
2091 3735 2217 3780 ante

654 3828 849 3882 porcos
879 3814 948 3869 ⁷⁸.
981 3812 1088 3868 Sed
1115 3821 1169 3868 et
1204 3813 1342 3870 alias
1366 3813 1436 3868 ob
1462 3829 1682 3877 causas,
1709 3817 1840 3870 utile
1866 3826 1949 3871 est
1988 3818 2091 3873 viri
2121 3818 2218 3872 hu-

649 3903 742 3972 ]us
761 3905 964 3961 habere
992 3920 1080 3961 me
1117 3907 1391 3961 notitiam.
1435 3906 1493 3961 Si
1544 3909 1689 3962 enim
1722 3910 1915 3973 sciam,
1972 3912 2101 3979 quia
2159 3912 2216 3967 in

653 3996 763 4062 his,
794 3995 863 4051 de
889 3997 1092 4066 quibus
1122 4013 1228 4051 non
1259 4006 1438 4066 potest
1466 3998 1707 4053 dubitari
1747 4001 1890 4070 quod
1917 4002 2056 4057 bona
2081 4003 2212 4066 sint,

653 4087 976 4145 emendatus
1004 4096 1155 4144 estet
1180 4089 1560 4160 inculpabilis;
1588 4091 1691 4145 hoc
1704 4101 1810 4159 est,
1837 4095 1882 4147 si
1898 4093 2132 4157 sobrius,
2167 4096 2214 4150 si

653 4183 993 4245 misericors,
1024 4183 1070 4237 si
1089 4183 1295 4251 justus,
1333 4182 1379 4236 si
1408 4183 1561 4237 mitis
1585 4196 1639 4239 et
1661 4184 1933 4240 humanus
1958 4196 2061 4252 est,
2095 4203 2215 4257 quae

653 4276 842 4344 utique
879 4277 1022 4331 bona
1051 4290 1175 4330 esse
1203 4275 1386 4333 nullus
1423 4275 1682 4344 ambigit;
1716 4283 1844 4331 tunc
1868 4292 2214 4347 consequens

652 4366 945 4432 videbitur,
977 4377 1036 4421 ut
1061 4366 1110 4420 ei
1136 4365 1228 4436 qui
1266 4365 1472 4420 obtinet
1520 4367 1659 4420 bona
1703 4369 1988 4432 virtutum,
2023 4370 2211 4435 etiam,

651 4460 795 4529 quod
819 4460 974 4517 deest
1006 4457 1131 4513 ﬁdei
1159 4466 1214 4513 et
1243 4459 1508 4522 scientiae,
1541 4458 1888 4526 conferatur;
1912 4469 1965 4514 et
1996 4462 2050 4514 in
2097 4463 2214 4530 qui-

652 4553 753 4607 bus
778 4549 1041 4606 maculari
1077 4550 1292 4606 videtur
1320 4551 1440 4620 ejus
1466 4553 1597 4614 vita,
1628 4566 1750 4621 quae
1777 4559 1863 4606 est
1892 4551 1945 4607 in
1983 4553 2212 4621 reliquis

600 4658 606 4664 ‘
651 4643 972 4713 probabilis,
1017 4645 1356 4698 emendetur.
1401 4641 1460 4697 Si
1498 4658 1628 4698 vero
1670 4643 1727 4696 in
1758 4643 1844 4698 his
1883 4659 2003 4712 quae
2033 4645 2212 4713 palam

648 4747 778 4791 sunt
809 4737 1050 4806 peccatis
1078 4737 1354 4791 involutus
1405 4744 1689 4805 permanet
1735 4736 2072 4806 inquinatus,
2103 4752 2212 4791 non

648 4844 735 4882 me
763 4836 979 4898 oportet
1002 4827 1206 4897 aliquid
1235 4818 1311 4883 'de
1344 4828 1732 4883 secretioribus
1775 4835 1829 4884 et
1855 4828 2082 4883 remotis
2129 4829 2213 4884 di-

646 4922 787 4972 vina:
813 4919 1060 4972 scientiae
1083 4919 1350 4988 proloqui,
1376 4918 1471 4973 sed
1490 4920 1662 4988 magis
1683 4919 1971 4988 protestari
2004 4929 2059 4977 et
2080 4934 2212 4972 cou-

646 5013 836 5066 venire
884 5027 1031 5075 eum,
1073 5017 1132 5064 ut
1164 5025 1391 5080 peccare
1435 5011 1672 5076 desinat,
1713 5018 1769 5064 et
1807 5020 1962 5065 actus
2011 5026 2142 5074 suos
2176 5026 2208 5066 a

645 5104 797 5157 vitiis
827 5103 1098 5170 emendet.
1121 5102 1274 5167 Quod.
1304 5103 1350 5156 si
1383 5102 1671 5173 ingesserit
1695 5118 1776 5167 se,
1800 5110 1852 5156 et
1882 5117 2211 5172 provocave-

650 5197 722 5247 rit
757 5208 856 5247 nos
893 5194 1093 5258 dicere,
1147 5210 1266 5263 quae
1305 5208 1452 5256 eum,
1495 5194 1680 5247 minus
1728 5201 1879 5248 recte
1932 5200 2206 5262 agentem,

650 5302 759 5339 non
812 5292 1060 5354 Oporteat
1121 5285 1344 5351 audire;
1398 5283 1691 5354 prudenter
1750 5299 1875 5339 eum
1948 5285 2209 5339 debemus

650 5377 866 5431 eludere
890 5378 936 5410 ⁷⁸
971 5395 984 5431 :
1012 5392 1139 5431 nam
1183 5377 1319 5430 nihil
1348 5375 1574 5436 omnino
1606 5375 1956 5447 respondere,
1992 5376 2210 5433 audito-

708 5592 762 5665 έθ-
801 5594 858 5645 ob
900 5593 1014 5647 hoc.
1128 5596 1170 5626 ⁸⁷
1218 5594 1485 5665 Recognit.
1531 5613 1587 5650 ιι.

634 5661 677 5690 ἰ
721 5661 904 5713 Matth.
943 5682 991 5714 χ.
1067 5665 1111 5697 ⁷¹
1139 5665 1324 5719 Matth.
1354 5661 1452 5721 ‘vu.
1532 5669 1576 5697 ⁷³
1605 5669 1832 5721 erudire.
1909 5672 1954 5701 ⁷⁵
1982 5661 2173 5722 causar.

636 5731 907 5799 (inertium
939 5737 1264 5802 propositum
1293 5749 1550 5790 nostrum.
1577 5737 1907 5792 HABDL‘lNlES.

899 5805 977 5855 Η.
1057 5808 1094 5837 ⁸¹
1131 5808 1314 5855 Matth.
1351 5824 1441 5855 3m.
1481 5808 1584 5855 ,ἱεὶς
1624 5809 1752 5855 Luc.
1789 5810 1903 5855 In“).

645 5803 651 5812 .

637 5823 670 5852 ι.
899 5805 977 5858 Η.

1705 5597 1748 5629 ⁵⁸
1786 5597 1973 5654 Matth.
2016 5618 2068 5662 x,
2107 5599 2203 5663 il;
2242 5596 2372 5652 Luc.
2423 5613 2477 5659 ιι,
2512 5596 2567 5655 8..

2250 5670 2292 5699 ⁷⁵
2326 5686 2424 5720 non
2454 5667 2717 5720 intellecta
2741 5669 3040 5737 diligentia.

2004 5742 2045 5769 ⁷⁷
2078 5739 2341 5806 Ιιθιεοσιιίι.
2377 5756 2448 5798 vi,
2480 5756 2528 5791 e.
2569 5739 2651 5790 15.

1057 5808 1094 5837 ⁸¹
1129 5808 1314 5863 Matth.
1351 5824 1443 5868 xu.
1481 5808 1584 5870 ως
1621 5809 1753 5863 Luc.
1787 5826 1847 5874 ιι,
1871 5810 1958 5866 Ἡ.
2037 5815 2078 5842 ι’
2110 5812 2264 5874 lbid.,

2290 3265 2304 3276 ’
2309 3259 2517 3331 judicio
2562 3278 2681 3316 cum
2725 3264 3060 3333 generatione
3102 3263 3223 3328 hac,
3265 3273 3316 3317 et
3358 3264 3723 3319 condemnabit
3750 3281 3898 3331 eam,

2316 3354 2440 3422 quia
2467 3354 2605 3409 venit
2627 3371 2660 3408 a
2681 3353 2877 3424 ﬁnibus
2905 3363 3059 3411 terra:
3085 3356 3273 3410 audire
3296 3358 3611 3425 sapientiam
3643 3357 3898 3414 Salomo-

2289 3428 2295 3436 ’
2318 3445 2399 3498 nis
2427 3461 2444 3499 :
2466 3455 2515 3499 et
2537 3462 2652 3500 ecce
2673 3445 2953 3515 plusquam
2977 3446 3230 3502 Salomon
3255 3448 3358 3513 hic,
3381 3459 3431 3502 et
3454 3465 3557 3504 non
3580 3450 3805 3508 audiunt
3820 3454 3892 3508 ⁶¹.

2317 3537 2399 3592 Ad
2425 3553 2521 3592 eos
2553 3553 2701 3605 vero,
2734 3538 2829 3608 qui
2861 3537 2929 3594 de
2953 3541 3112 3596 malis
3157 3542 3374 3595 actibus
3399 3558 3589 3611 gerere
3624 3539 3902 3600 detrecta-

2317 3628 2448 3682 bant
2470 3630 2870 3697 ptenitentiam,
2899 3632 2973 3684 ita
3005 3632 3081 3686 ait
3106 3651 3117 3686 :
3162 3631 3275 3686 Viri
3303 3632 3557 3689 Ninivita:
3581 3647 3798 3704 surgent
3835 3637 3897 3692 in

2308 3719 2512 3789 judicio
2539 3738 2654 3776 sum
2675 3710 3010 3790 generatione
3052 3723 3173 3787 hac,
3202 3733 3252 3777 et
3279 3724 3700 3798 condemnabam
3746 3744 3893 3792 eam,

2315 3813 2440 3875 quia
2460 3813 2816 3882 paenitentiam
2853 3825 3067 3884 egerunt
3111 3816 3166 3869 in
3206 3799 3589 3883 prwdieatione
3620 3817 3807 3884 Jones.
3841 3834 3893 3875 et

2316 3920 2429 3958 ecce
2455 3905 2573 3976 plus
2601 3922 2758 3974 quam
2787 3905 2957 3962 Jonas
2978 3906 3061 3960 hic
3088 3906 3402 3964 “..Videtis
3427 3923 3580 3979 ergo,
3608 3911 3894 3980 quomodo

2316 4011 2435 4060 eos,
2469 3997 2562 4066 qui
2602 3997 3000 4054 erudiebantur
3028 4014 3097 4054 ex
3141 3999 3278 4069 lege,
3311 4001 3560 4056 adductis
3594 4001 3659 4055 ad
3701 4008 3893 4058 exem-

2317 4087 2464 4156 plum
2509 4088 2616 4142 illis
2660 4089 2752 4159 qui
2794 4105 2861 4144 ex
2905 4090 3094 4159 gentili
3141 4091 3450 4161 ignorantia
3485 4093 3802 4159 veniebant,
3835 4103 3895 4158 et,

2316 4179 2616 4236 ostendens
2644 4195 2741 4237 eos
2765 4197 2868 4237 nec
2891 4181 3131 4252 aequales
3161 4184 3270 4238 illis
3306 4200 3430 4239 esse
3462 4186 3557 4257 qui
3595 4185 3650 4239 in
3697 4202 3889 4243 errore

2316 4271 2478 4340 positi
2526 4271 2870 4338 videbantur,
2910 4289 2975 4328 ex
3032 4276 3151 4345 ipsa
3215 4285 3422 4329 tantum
3473 4280 3889 4348 comparatione

2315 4364 2664 4419 condemnat.
2698 4364 2777 4419 Ex
2807 4367 3008 4440 quibus
3041 4368 3300 4422 omnibus
3329 4384 3529 4434 sermo,
3564 4387 3726 4440 quem
3757 4387 3888 4441 pro-

2317 4456 2988 4526 posuimus,approbatur,
3008 4467 3063 4512 ut
3091 4461 3438 4525 castimonia,
3471 4477 3590 4532 quae
3616 4463 3889 4532 aliquate-

2243 4525 2287 4579 Β
2311 4563 2422 4618 nus
2448 4549 2609 4602 etiam
2638 4525 2717 4603 ab,
2737 4549 2828 4604 bis
2856 4550 2912 4611 in
2957 4558 3145 4606 errore
3179 4559 3308 4606 sunt
3334 4525 3503 4622 positi
3537 4525 3884 4624 custoditur;

2315 4641 2488 4694 rnqu
2519 4642 2671 4709 prius
2703 4649 2758 4696 et
2803 4643 3089 4710 attentius,
3114 4651 3173 4698 et
3203 4660 3300 4713 per
3331 4646 3576 4717 singulas
3602 4662 3877 4718 quasque,

2311 4733 2455 4791 sicut
2483 4748 2648 4802 supra
2685 4734 3049 4797 ostendimus,
3102 4737 3311 4804 species
3335 4752 3363 4790 a
3391 4738 3572 4804 nobis,
3615 4742 3708 4810 qui
3741 4743 3886 4796 veri-

2312 4832 2479 4881 tatem
2525 4825 2829 4894 sequimur,
2874 4830 3156 4893 teneatur;
3199 4843 3265 4881 eo
3314 4830 3506 4900 magis,
3549 4834 3694 4900 quod
3736 4837 3882 4903 apud

2313 4931 2415 4970 nos
2439 4916 2800 4974 observantia:
2827 4917 2946 4986 ejus
2979 4921 3196 4988 praamia
3229 4928 3432 4978 aeterna
3487 4934 3620 4977 sunt
3677 4927 3878 4994 posita.

2315 5005 2490 5082 Aliter
2517 5009 2663 5061 enim
2694 5024 2854 5063 nemo
2890 5009 3072 5065 salvus
3104 5026 3229 5066 esse
3261 5014 3481 5081 poterit,
3509 5015 3616 5070 nisi
3652 5017 3738 5071 his
3780 5019 3887 5079 oh-_

2316 5101 2720 5158 servationibus
2741 5117 2839 5171 pro
2865 5103 3072 5160 viribus
3096 5120 3313 5173 operam
3344 5106 3573 5163 dederit.
3618 5108 3758 5164 Deus
3785 5097 3882 5169 vos

2316 5194 2373 5246 in
2417 5209 2515 5248 sua
2574 5196 2869 5259 voluntate,
2928 5213 3375 5268 unumquemque
3430 5199 3484 5253 in
3537 5216 3639 5254 suo
3686 5204 3882 5261 ordine

2316 5301 2529 5355 semper
2550 5288 2842 5355 custodiat,
2886 5287 3106 5354 fratres,
3145 5290 3246 5346 sibi
3270 5292 3483 5360 placere
3518 5292 3572 5346 in
3625 5296 3880 5353 omnibus

2313 5378 2594 5440 concedat.
2626 5378 2819 5439 Amen.

3091 5595 3443 5674 "_’_I_iecqgnit.
3482 5610 3541 5674 ιι,
3586 5610 3634 5648 c.
3680 5595 3715 5648 3
3745 5605 3808 5673 'et
3841 5601 3878 5674 ξ

3118 5669 3162 5698 τ⁵
3192 5669 3249 5718 ln
3279 5668 3572 5734 Iiecognit.,
3607 5681 3708 5717 non
3739 5668 3896 5719 intel-

3137 5739 3452 5800 prwcellere.
3546 5737 3896 5807 8°iiecognit.

2678 5598 2723 5629 "
2775 5611 2978 5666 urgere.

2751 5740 2796 5770 ⁷⁸
2827 5741 2973 5809 quia.
3066 5739 3109 5770 ⁷⁸
3137 5739 3452 5800 prwcellere.

2295 5809 2656 5879 41;δυιι.ιιι,
2685 5808 2739 5864 5.
