4096 6318
245 527 3422 552 m

1420 373 1785 428 EPISTOL/E
1825 373 2303 432 DECRETALES.

1454 647 2050 740 EPlSTOLA
2133 653 2297 742 IV.

321 831 534 906 Scripta
563 833 832 905 discipulis
858 837 977 912 suis
999 835 1146 890 Julia
1171 845 1221 890 et
1248 834 1488 912 loliario,
1514 839 1611 908 qui
1627 837 2199 912 malarumhaminum
2229 839 2661 912 persuasionibus
2715 843 3069 912 aliquatenus
3094 861 3128 898 a
3177 853 3317 899 recta
3346 845 3438 902 riu

845 904 1443 981 declinat‘erant,[ethis
1481 904 1659 979 atque]
1683 909 1944 979 gentibus,
1974 909 2107 963 inter
2148 904 2280 979 quas
2321 910 2655 979 habitabant,
2685 904 2910 970 directa.

315 1136 572 1195 Ctuens
601 1135 859 1198 Romanae
917 1133 1067 1192 urbis
1111 1135 1424 1208 episcopus.
1469 1135 1816 1192 charissimis
1847 1131 2270 1200 A'abst‘raxerit,
2306 1139 2359 1188 et
2389 1133 2444 1188 in
2490 1149 2610 1204 qua:
2649 1136 3003 1206 praecipitarit
3031 1140 3192 1205 mala,
3234 1149 3307 1204 et,
3355 1143 3505 1212 quod

229 1229 511 1287 fratribus
536 1228 693 1285 Juno
724 1237 776 1283 et
803 1227 1051 1295 Juuano,
1083 1245 1147 1284 ac
1165 1228 1397 1299 reliquis
1428 1229 1817 1287 consodalibus

230 1324 477 1393 nostris,
515 1323 878 1394 gentibusque
909 1337 1029 1394 quae
1056 1321 1202 1377 circa
1236 1330 1509 1378 vossunt.

311 1415 542 1487 Oportet
571 1415 792 1479 fratres,
826 1429 1016 1470 omnes
1041 1414 1317 1478 doctores,
1345 1415 1434 1485 qui
1468 1415 1537 1470 ad
1584 1416 1816 1472 salutem

234 1510 555 1563 animarum
584 1506 820 1561 instituti
865 1514 1014 1573 sunt,
1060 1516 1114 1562 et
1164 1506 1228 1562 ad
1256 1507 1554 1564 lucrandas
1601 1510 1814 1566 animas

230 1603 486 1672 episcopi
518 1609 645 1661 sunt
675 1601 1003 1665 consecrati,
1031 1616 1130 1672 pro
1148 1595 1361 1656 cunctis
1385 1601 1816 1658 sollicitudinem

232 1708 452 1764 gerere,
494 1701 548 1748 et
576 1701 818 1748 errantes
850 1694 913 1747 ad
949 1695 1090 1748 viam
1137 1693 1383 1748 veritatis
1411 1701 1466 1748 et
1489 1691 1557 1746 ad
1599 1701 1816 1764 portum

230 1785 435 1840 salutis
465 1784 745 1840 reducere.
782 1782 847 1838 Et
881 1785 1004 1841 licet
1031 1794 1250 1856 propter
1281 1799 1491 1857 gentes,
1525 1804 1647 1858 quae
1670 1790 1815 1845 circa

230 1892 337 1933 vos
357 1885 513 1941 sunt,
541 1877 596 1930 iu
627 1876 844 1931 modico
875 1891 972 1934 vos
995 1893 1214 1935 errasse
1245 1879 1543 1952 contigerit
1569 1900 1582 1948 ;
1617 1882 1815 1937 melius

229 1985 323 2038 est
363 1977 543 2023 tamen
581 1967 763 2023 redire
805 1966 873 2023 ad
903 1969 1154 2037 veritatis
1197 1971 1364 2036 viam,
1398 1987 1562 2043 quam
1608 1974 1814 2030 diutius

231 2060 292 2114 in
320 2060 442 2129 ipso
473 2075 660 2114 errore
681 2075 1035 2130 perseverare
1052 2062 1122 2117 ⁸⁸.
1147 2060 1520 2134 Quoscohque
1562 2067 1705 2120 enim
1747 2067 1814 2122 de

231 2150 348 2216 bis,
374 2151 469 2221 qui
497 2165 595 2205 vos
623 2167 812 2207 errare
847 2150 1117 2220 fecerunt,
1149 2155 1235 2209 vel
1269 2155 1336 2210 de
1366 2156 1474 2222 bis,
1505 2157 1599 2229 qui
1633 2156 1816 2214 adhuc

229 2243 466 2302 verbum
498 2243 904 2313 praedicationis
935 2261 1047 2301 non
1077 2247 1392 2314 audierunt,
1434 2251 1689 2320 potestis,
1717 2269 1812 2307 vo-

229 2333 452 2389 biscum
487 2335 770 2399 assumite,
796 2343 850 2402 et
875 2336 942 2392 ad
972 2338 1115 2393 viam
1156 2340 1405 2395 veritatis
1435 2342 1712 2407 adducite,
1745 2361 1813 2400 ne

227 2423 552 2493 infructosi,
584 2425 680 2484 sed
705 2425 976 2486 iructuosi
1001 2429 1231 2489 Domino
1263 2431 1643 2490 inveniamini.
1673 2433 1720 2468 “
1746 2435 1812 2490 Et

1921 1234 2007 1280 est
2034 1240 2197 1296 super
2231 1224 2413 1280 omnia
2456 1227 2699 1296 gravius,
2736 1229 2881 1297 quod
2915 1246 3012 1285 vos
3064 1231 3117 1284 in
3173 1232 3357 1288 futuro
3397 1248 3503 1290 sas

1922 1316 2048 1372 culo
2077 1318 2299 1374 aeternis
2343 1317 2522 1387 poenis
2554 1318 2822 1374 obnoxios
2864 1320 3012 1377 fecit.
3060 1321 3252 1380 Nonne
3281 1339 3378 1394 pro
3418 1327 3504 1383 his

1923 1401 2201 1475 amnibUs,
2250 1408 2340 1465 ubi
2389 1409 2543 1465 vobis
2566 1413 2814 1467 veritatis
2859 1413 3043 1469 lumen
3082 1415 3307 1482 effulsit,
3361 1418 3504 1491 ignis

1918 1500 2243 1570 justissima:
2279 1501 2675 1572 indignationis
2719 1504 3065 1571 accenditur,
3109 1517 3162 1561 et
3206 1509 3506 1568 iracundiae

1908 1591 2035 1648 ‘Deo
2084 1594 2296 1663 placita:
2336 1595 2479 1648 intra
2520 1609 2618 1650 vos
2663 1597 2948 1666 consurgit
2999 1596 3338 1668 incendium,
3393 1619 3505 1675 quo

1922 1694 2281 1742 consumatur
2304 1695 2356 1742 et
2386 1686 2650 1742 radicitus
2697 1687 2933 1742 intereat
2980 1704 3143 1746 omne
3177 1706 3422 1761 germen,
3456 1695 3536 1750 si-

1920 1779 2064 1850 quod
2102 1778 2243 1834 forte
2273 1781 2416 1833 intra
2445 1794 2541 1835 vos
2574 1782 2730 1835 malae
2778 1781 3132 1837 conscientiae
3178 1784 3227 1815 ’°
3267 1783 3506 1854 pullula-

1919 1873 1995 1926 vit
2016 1873 2102 1926 ’ἔν’
2121 1878 2140 1896 ‘
2164 1870 2323 1927 Unde
2343 1881 2396 1927 et
2421 1862 2542 1948 ipse
2570 1873 2663 1942 qui
2685 1871 2836 1929 misit
2864 1889 2986 1938 nos,
3013 1891 3143 1930 cum.
3160 1872 3422 1944 venisset,
3451 1887 3505 1933 et

1919 1979 2135 2019 omnem
2183 1964 2448 2018 mundum
2483 1963 2715 2019 vidisset
2755 1964 2820 2020 ad
2861 1966 3124 2024 malitiam
3156 1966 3463 2024 declinasse
3487 2013 3501 2037 ,

1919 2071 2029 2110 non
2059 2056 2321 2110 continuo
2345 2055 2393 2110 ei
2425 2069 2634 2125 pacem,
2663 2055 2720 2111 in
2751 2056 3030 2114 erroribus
3073 2059 3282 2129 posito,
3329 2060 3504 2128 dedit,

1918 2165 1988 2203 ne
2019 2163 2144 2202 eum
2185 2147 2538 2203 conﬁrmaret
2581 2148 2636 2204 in
2677 2150 2860 2214 malis,
2893 2150 2990 2206 sed
3027 2147 3351 2222 ignorantia:
3380 2153 3502 2224 ejus

1917 2240 2094 2296 ruinis
2133 2240 2424 2302 scientiam
2448 2242 2695 2298 veritatis
2721 2243 3013 2312 opposuit;
3040 2253 3118 2308 ut,
3162 2245 3207 2300 si
3237 2245 3332 2316 qui
3358 2237 3502 2305 forte

1909 2333 2323 2403 resipiscerent,
2353 2333 2537 2390 lumen
2569 2336 2820 2391 veritatis
2870 2337 3202 2406 aspicerent,
3239 2336 3501 2412 deceptos

1919 2439 1998 2490 se,
2040 2433 2093 2479 ct
2126 2426 2179 2480 in
2219 2421 2521 2496 praecipitia
2566 2428 2773 2482 erroris
2821 2429 3131 2488 abstractos
3163 2432 3361 2489 merito
3399 2433 3501 2490 do-

228 2519 499 2588 quoniam
533 2520 773 2590 quidem,
807 2521 949 2577 sicut
1005 2537 1034 2576 a
1085 2525 1293 2580 cultore
1340 2527 1585 2596 neglecta
1641 2537 1809 2595 terra,
1845 2495 1894 2553 θ
1920 2517 2117 2583 lerent,
2148 2526 2201 2573 et
2229 2518 2527 2574 iracundiae
2558 2520 2817 2579 salutaris
2856 2523 3037 2592 ignem
3085 2520 3352 2581 adversus
3403 2526 3499 2597 de-

230 2610 432 2680 apinas
465 2622 517 2666 et
553 2613 781 2670 tribulos
818 2617 1132 2672 necessario
1181 2617 1454 2691 producit,
1493 2620 1571 2676 ita
1617 2637 1815 2678 sensus

229 2711 423 2758 vester
451 2703 595 2774 longi
620 2705 882 2775 temporis
910 2707 1120 2763 incuria
1153 2711 1354 2766 multas
1377 2720 1427 2766 et
1454 2714 1653 2770 noxias
1693 2714 1813 2786 opi-

229 2795 436 2852 niones
475 2811 659 2850 rerum
695 2805 748 2852 et
774 2798 1190 2870 'inteliigentias
1221 2800 1387 2857 falsae
1412 2803 1660 2860 scientiae
1692 2822 1814 2877 ger-

229 2887 466 2941 minavit
486 2906 500 2954 ;
523 2903 660 2962 opus
682 2896 932 2945 estnunc
962 2891 1130 2946 multa
1153 2892 1434 2964 diligentia
1460 2896 1530 2950 ad
1555 2898 1813 2953 excolen-

231 2977 368 3033 dum
416 2993 510 3036 rus
551 2981 748 3037 mentis
799 2984 1017 3052 vestrm,
1071 2995 1128 3040 ut
1186 2985 1288 3042 boc
1329 3003 1512 3044 sermo
1565 2991 1812 3047 veritatis

234 3069 356 3141 (qui
387 3077 469 3126 est
497 3087 660 3128 verus
692 3082 745 3128 et
789 3073 1026 3146 diligens
1056 3078 1239 3133 cordis
1283 3080 1535 3152 colonus)
1567 3082 1810 3138 assiduis

229 3163 454 3218 excolat
479 3163 810 3236 disciplinis.
843 3166 1100 3225 Vestrum
1132 3187 1265 3243 ergo
1294 3180 1379 3226 est
1403 3175 1645 3242 praebere
1673 3175 1810 3230 obc-

233 3255 520 3322 dientiam,
559 3267 614 3314 et
643 3260 1036 3331 occupationes
1076 3276 1140 3317 ac
1183 3264 1586 3324 sollicitudines
1620 3284 1815 3339 super-

233 3346 376 3405 ﬂuas
434 3359 763 3422 amputare,
824 3369 892 3408 ne
937 3355 1141 3412 bouum
1201 3358 1579 3415 verbisemen
1620 3367 1812 3417 enecet

231 3440 457 3496 noxium
487 3457 730 3512 germen.
765 3442 948 3501 Potest
978 3449 1123 3503 enim
1157 3449 1295 3515 fieri,
1337 3458 1396 3505 ut
1421 3452 1576 3505 multi
1606 3461 1812 3524 tempo-

233 3530 315 3587 ris
348 3533 733 3604 negligentiam
773 3535 957 3599 brevis
986 3545 1040 3593 et
1073 3539 1298 3595 assidua
1331 3554 1548 3613 reparet
1575 3530 1810 3615 diligen-

233 3625 334 3680 tia.
377 3622 647 3681 lacertum
685 3642 922 3699 namque
975 3639 1061 3686 est
1107 3634 1548 3706 uniuscujusque
1593 3641 1809 3708 tempus

230 3720 381 3774 vitae.
413 3718 479 3773 Et
510 3721 631 3776 ideo
662 3720 1033 3784 festinandum
1057 3734 1142 3780 est
1176 3727 1241 3781 ad
1273 3727 1527 3795 salutem,
1559 3744 1627 3784 ne
1665 3727 1808 3785 forte

1916 2610 2211 2680 ceptricem
2255 2619 2416 2666 suam
2450 2610 2804 2681 conciperent
2839 2612 3228 2683 ignorantiam.
3267 2614 3354 2672 0b
3395 2618 3501 2674 hoc

1915 2700 2099 2772 itaque
2121 2701 2336 2756 dicebat
2368 2721 2381 2758 :
2415 2700 2596 2772 Ignem
2627 2702 2741 2758 veni
2772 2705 2979 2760 mittere
3007 2707 3064 2760 in
3094 2716 3313 2771 terram,
3345 2724 3498 2780 quem

1911 2795 2026 2849 volo
2058 2803 2115 2848 ut
2145 2794 2465 2849 accendatur
2481 2796 2547 2852 ".
2581 2794 2675 2850 Est
2712 2812 2842 2869 ergo
2871 2814 3050 2871 pugna
3081 2797 3350 2870 quaedam,
3375 2817 3500 2872 qua

1913 2885 2149 2957 gerenda
2173 2884 2333 2942 nobis
2362 2896 2445 2942 est
2470 2888 2524 2942 in
2555 2889 2659 2944 hac
2686 2889 2818 2944 vita.
2853 2888 3046 2947 Sermo
3074 2891 3219 2948 enim
3245 2893 3496 2953 veritatis

1913 2983 1967 3031 et
1997 2977 2240 3033 scientiae
2272 2981 2586 3035 necessario
2610 2990 2825 3052 separet
2848 2981 3102 3056 Mmines
3133 2985 3200 3040 ab
3229 3000 3419 3042 errore
3440 2996 3497 3043 et

1914 3068 2256 3141 ignorantia,
2321 3073 2464 3130 sicut
2518 3089 2662 3144 saepe
2709 3074 3001 3141 videmus,
3061 3077 3396 3148 putrefactas
3437 3087 3493 3136 et

1911 3172 2187 3219 emortuas
2221 3179 2416 3221 carnes
2457 3167 2704 3236 corporis
2744 3183 2774 3222 a
2807 3168 3150 3226 connexione
3188 3170 3500 3228 viventium

1912 3255 2311 3323 membrorum,
2347 3257 2494 3314 ferro
2526 3266 2749 3316 secante
2776 3260 2845 3327 θ’,
2880 3261 3150 3332 separari.
3199 3258 3332 3320 Tale
3361 3280 3500 3338 ergo

1913 3346 2122 3416 aliquid
2167 3356 2275 3413 est,
2329 3351 2472 3420 quod
2516 3350 2626 3422 agit
2686 3351 2935 3408 veritatis
2984 3354 3212 3425 agnitio.
3257 3353 3494 3414 Necesse

1917 3433 2085 3503 enim,
2117 3447 2178 3495 ut
2209 3437 2405 3497 salutis
2438 3458 2603 3497 causa
2637 3442 2806 3510 filius,
2840 3444 2987 3500 verbi
3017 3445 3214 3516 gratia,
3253 3447 3346 3518 qui
3375 3462 3494 3504 ser-

1912 3545 2127 3587 monem
2163 3536 2433 3606 receperit
2465 3535 2734 3603 veritatis,
2769 3551 2800 3592 a
2845 3539 3168 3609 parentibus
3207 3549 3492 3610 separetur

1910 3624 2232 3692 incredulis,
2266 3635 2360 3682 aut
2392 3644 2610 3682 rursum
2643 3639 2798 3698 pater
2845 3639 3136 3701 separetUr
3166 3646 3195 3685 a
3232 3632 3365 3699 lilio,
3395 3643 3492 3690 aut

1911 3718 2020 3774 lilia
2052 3736 2082 3774 a
2112 3728 2306 3777 matre.
2344 3719 2411 3776 Et
2452 3721 2555 3778 hoc
2585 3722 2746 3778 modo
2779 3723 2921 3780 inter
2950 3723 3290 3796 propinquos
3323 3732 3491 3798 atque

231 3821 581 3868 cunctantem
601 3830 751 3870 mors
776 3817 1057 3888 repentina
1085 3819 1460 3887 praeveniat,“
1511 3817 1578 3875 Ει
1606 3820 1676 3875 ob
1704 3821 1809 3876 hoc
1835 3842 1877 3901 C
1900 3822 2371 3896 consanguineos,
2405 3813 2693 3870 credentes
2726 3821 2891 3886 atque
2936 3816 3272 3883 incredulos,
3307 3819 3490 3874 scien-

231 3904 419 3960 acrius
463 3905 818 3963 adnitendum
842 3908 896 3944 -⁸⁶
927 3915 1031 3973 est,
1083 3919 1163 3971 ut,
1217 3910 1344 3966 dum
1403 3919 1489 3967 est
1544 3914 1806 3982 temporis

230 3998 495 4069 spatium,
526 4000 752 4055 collecta
784 4001 937 4056 mala:
961 4002 1377 4058 consuetudinis
1397 4004 1528 4082 vitia
1558 4020 1807 4061 resecen-

232 4097 346 4146 tur.
378 4089 532 4157 Quod
562 4107 671 4146 non
725 4093 886 4148 aliter
918 4091 1096 4150 facere
1141 4095 1413 4164 poteritis,
1455 4095 1560 4151 nisi
1593 4104 1651 4154 ut
1698 4097 1807 4152 ira-

232 4184 464 4241 scamini
498 4185 898 4256 quodammodo
955 4186 1240 4242 adversum
1291 4192 1654 4258 vosmetipsos
1709 4206 1807 4260 pro

233 4276 321 4333 bis
347 4291 469 4348 quae
499 4277 764 4332 inutiliter
817 4279 1067 4347 gessistis
1096 4294 1160 4336 ac
1201 4281 1454 4349 turpiter.
1491 4279 1616 4335 Haec
1655 4282 1804 4338 enim

231 4377 315 4425 est
347 4363 496 4425 utilis
525 4370 569 4402 "
595 4373 702 4426 vita
732 4370 800 4436 ⁸⁸,
826 4379 880 4427 et
897 4373 1043 4441 justa
1067 4380 1121 4428 et
1151 4374 1464 4428 necessaria
1495 4375 1801 4439 iracundia,

233 4463 718 4533 utunusquisque,
777 4463 831 4517 in
884 4465 1084 4534 quibus
1133 4467 1361 4532 erravit,
1412 4474 1467 4521 et
1516 4482 1802 4536 perperam

231 4554 420 4626 gessit,
449 4554 782 4627 indignetur,
822 4564 876 4612 et
922 4558 1274 4628 semetipsum
1306 4568 1547 4614 accuset.
1586 4559 1662 4614 Ex
1693 4575 1799 4631 qua

231 4646 605 4718 indignatione
640 4649 958 4705 accenditur
987 4650 1042 4704 in
1075 4652 1235 4706 nobis
1266 4653 1408 4722 ignis
1436 4652 1677 4721 quidam,
1707 4655 1797 4724 qui

230 4738 378 4793 velut
413 4753 544 4810 agro
573 4739 748 4795 sterili
773 4740 1071 4805 immissus,
1105 4745 1450 4815 consumptis
1473 4752 1527 4798 et
1556 4747 1801 4800 excoctis

233 4828 509 4886 radicibus
531 4831 782 4901 pessima;
809 4832 1106 4890 voluntatis
1138 4835 1204 4898 ",
1236 4836 1380 4890 bono
1411 4835 1607 4891 semini
1638 4832 1801 4892 verbo

233 4919 326 4976 Dei
351 4919 724 4979 fecundiorem
755 4925 937 4981 cordis
970 4941 1235 4996 praeparet
1271 4929 1503 5000 glebam.
1549 4927 1686 4985 Puto
1710 4945 1802 4983 au-

233 5024 360 5077 tem,
390 5016 534 5085 quod
565 5017 701 5072 satis
733 5016 925 5088 dignas
953 5019 1198 5074 habeatis
1242 5036 1440 5076 causas
1477 5021 1796 5085 iracundiae,

199 5120 296 5164 ἐι
341 5107 540 5177 quibus
583 5109 924 5177 justissimus
972 5111 1113 5182 ignis
1167 5113 1269 5168 iste
1299 5114 1573 5169 coalescat
1617 5114 1704 5177 ³³⁵,
1751 5115 1799 5168 si

1877 3906 1882 3909 “
1912 3905 1999 3959 tiae
2031 3913 2196 3978 atque
2227 3905 2569 3974 ignorantiae,
2603 3905 2966 3977 veritatisque
2993 3914 3046 3962 et
3072 3909 3282 3964 erroris
3307 3926 3489 3981 pugna

1908 3983 2157 4061 consistit
2194 3998 2260 4053 ".
2297 3996 2362 4051 Et
2392 3999 2464 4053 ob
2495 3997 2600 4054 hoc
2634 3999 2832 4054 iterum
2863 4000 3097 4065 dicebat,
3127 4001 3219 4073 qui
3252 4018 3354 4059 nos
3384 4005 3489 4060 mi-

1907 4089 2021 4144 sit:
2051 4086 2174 4143 Non
2222 4090 2334 4144 veni
2379 4105 2560 4158 pacem
2605 4092 2810 4145 mittere
2861 4108 2915 4148 tn
2958 4101 3175 4158 terram,
3229 4095 3488 4167 sed-gla-

1905 4181 2054 4238 dium
2085 4185 2153 4240 ".
2177 4184 2222 4217 ”
2251 4184 2408 4250 Quod
2439 4186 2484 4240 si
2521 4185 2670 4241 dicat
2711 4186 2912 4259 aliquis
2950 4207 2962 4244 :
3001 4188 3064 4243 Et
3097 4193 3371 4260 quomodo
3405 4195 3490 4265 ju-

1907 4284 2053 4330 stum
2103 4276 2320 4332 videtur
2357 4279 2605 4348 separari
2659 4278 2802 4335 filios
2856 4295 2886 4334 a
2943 4284 3303 4351 parentibus?
3342 4287 3488 4343 Audi

1905 4369 2210 4438 quomodo:
2237 4369 2374 4436 Quia
2404 4384 2526 4425 cum
2560 4370 2696 4441 ipsis
2731 4373 2774 4426 si
2812 4373 2864 4426 in
2896 4387 3082 4429 errore
3109 4389 3484 4445 permaneant,

1906 4475 2085 4531 neque
2110 4454 2220 4521 illis
2257 4461 2594 4532 proderunt;
2625 4470 2679 4518 et
2710 4463 2813 4532 ipsi
2854 4479 2977 4518 cum
3007 4466 3117 4521 illis
3150 4469 3357 4538 pariter
3398 4470 3486 4524 in-

1906 4554 2168 4608 teribunt.
2196 4553 2418 4609 iustum
2448 4555 2614 4624 igitur
2649 4563 2704 4610 et
2744 4557 2902 4612 valde
2936 4557 3150 4628 justum
3191 4568 3298 4626 est,
3325 4578 3485 4633 sepa-

1905 4647 2012 4700 rari
2045 4662 2168 4702 eum
2202 4647 2295 4718 qui
2335 4647 2534 4702 salvari
2565 4649 2700 4710 vult,
2741 4651 2808 4702 ab
2841 4665 2907 4704 eo
2936 4653 3028 4721 qui
3061 4667 3170 4706 non
3204 4654 3338 4710 vult.
3375 4655 3483 4712 Sed

1903 4745 1958 4792 et
1981 4738 2117 4792 illud
2149 4738 2391 4800 adverte,
2420 4740 2548 4810 quia
2580 4757 2690 4794 non
2732 4757 2798 4795 cx
2825 4742 2936 4797 illis
2964 4746 3058 4812 qui
3087 4747 3290 4801 rectius
3318 4747 3484 4803 intel~

1901 4830 2079 4902 ligunt
2109 4832 2258 4885 venit
2281 4832 2384 4887 ista
2418 4833 2710 4902 separatio.
2731 4831 2810 4887 illi
2836 4834 2981 4889 enim
2998 4839 3189 4892 volunt
3215 4839 3484 4897 interesse

1901 4925 2126 4992 pariter,
2163 4934 2216 4979 et
2246 4934 2506 4994 prodesse
2546 4925 2653 4991 bis,
2689 4933 2742 4981 et
2772 4927 2967 4983 docere
2998 4930 3245 4987 meliora.
3289 4930 3395 4988 Sed
3425 4943 3480 4988 et

1902 5015 2045 5070 istud
2073 5032 2353 5087 prOpi-ium
2383 5025 2466 5072 est
2499 5017 2820 5087 ignorantiae
2845 5018 3058 5085 vitium,
3087 5029 3146 5074 ut
3184 5023 3480 5078 confutan-

1900 5117 2006 5164 tem
2034 5126 2093 5165 se
2121 5110 2364 5165 veritatis
2382 5111 2556 5165 lucem
2589 5126 2695 5165 non
2720 5110 2856 5166 ferat
2881 5111 3079 5169 habere
3111 5113 3177 5168 de
3200 5116 3475 5186 proximo.

232 5198 604 5266 consideretis,
639 5203 692 5254 in
720 5208 952 5271 quantos
980 5178 1073 5257 vos
1096 5219 1311 5258 errores
1334 5204 1618 5258 deduxerit
1641 5205 1799 5279 igne.
1829 5178 1874 5234 D
1900 5199 1966 5254 Et
2005 5201 2125 5256 ideo
2166 5217 2228 5256 ex
2281 5202 2389 5256 illis
2435 5203 2538 5256 ista
2570 5204 2816 5257 nascitur
2848 5205 3142 5274 separatio.
3191 5206 3327 5260 Nam
3381 5211 3474 5277 qui

235 5291 419 5345 rantis:
441 5292 664 5356 malum,
695 5303 1041 5365 quantosque
1067 5295 1254 5365 lapsus
1278 5303 1330 5350 et
1355 5303 1559 5365 quanta
1585 5295 1796 5373 praeui-

235 5382 360 5453 pitia
413 5383 480 5438 ad
531 5385 869 5454 peccandum
900 5386 1144 5443 dederit:
1179 5401 1210 5440 a
1240 5389 1458 5457 quantis
1485 5402 1584 5443 vos
1632 5386 1796 5454 bonis

1902 5295 2188 5350 scientiam
2218 5295 2462 5349 veritatis
2491 5298 2788 5363 accipiunt,
2823 5296 2950 5366 quia
3000 5297 3263 5354 bonitatis
3314 5300 3474 5368 plena

1901 5394 2006 5452 est,
2041 5396 2302 5458 tanquam
2344 5401 2374 5438 a
2406 5385 2549 5442 bono
2594 5384 2704 5442 Deo
2747 5386 2927 5442 datam
2957 5387 3024 5456 ",
3056 5391 3286 5458 cupiunt
3328 5407 3472 5456 cani,

284 5519 680 5602 "nperduranreL
731 5513 1070 5602 “iRecognit.
1096 5546 1173 5602 vt,
1202 5546 1254 5586 c.
1286 5531 1342 5584 ἓ.
1419 5531 1476 5564 ⁸⁸
1501 5531 1798 5602 Recognit.,
1827 5530 1981 5595 ibid.,
2012 5547 2061 5586 c.
2104 5531 2160 5584 5.
2210 5530 2281 5602 7“
2318 5529 2674 5602 innitendum.
2723 5529 2791 5602 ξ’
2823 5528 2947 5584 Haec
2992 5545 3092 5584 vox
3131 5528 3342 5602 videtur
3390 5544 3484 5586 su-

219 5593 436 5660 perﬂuo.

220 5663 260 5693 ”
294 5663 595 5730 voluptatis.

222 5732 259 5763 "
291 5731 417 5786 Luc.
454 5749 548 5794 xu,
579 5738 667 5791 49.

223 5800 546 5857 insomnes.

710 5669 774 5697 “‘
811 5671 1153 5724 concalescat.

548 5596 591 5626 ⁸⁸
642 5595 800 5651 Forte
845 5595 981 5653 vita}.
1037 5601 1093 5654 lu
1145 5601 1607 5672 Recognitionibus
1640 5595 1658 5655 Ξ
1689 5595 1817 5655 Haec
1866 5603 2006 5655 enim
2072 5610 2148 5654 est
2193 5601 2366 5672 justa,
2415 5599 2638 5653 vocibus
2688 5599 2806 5672 aliis
2850 5602 3097 5672 omissis.
3145 5596 3487 5654 llannum‘us,

1267 5670 1311 5704 ⁹δ
1360 5675 1412 5726 iu
1463 5673 1760 5739 Recognit.,
1815 5672 2266 5747 concupiscenth
2327 5670 2656 5747 llanpumus.
2704 5742 2728 5747 υ
2772 5671 3144 5747 “i‘liew‘gnit.
3193 5686 3220 5747 v

744 5740 786 5769 θ’
822 5744 1063 5796 secantis.
1143 5744 1190 5774 θ’
1221 5744 1508 5812 consurgit.
1587 5746 1632 5776 θ’
1664 5742 1808 5799 Matt!

1910 5758 1945 5808 ἰ,
1980 5745 2066 5798 3i.
2145 5742 2190 5773 ⁵³⁸
2227 5741 2493 5810 liccognit.
2518 5756 2597 5799 VI,
2625 5757 2670 5790 ρ.
2700 5742 2746 5786 Η
2830 5743 2872 5774 νδ
2912 5742 2963 5790 In
2997 5741 3289 5809 ltecogm’t.,
3323 5743 3481 5794 data:

2772 5671 2836 5701 9‘“
2874 5671 3144 5738 Iierognit.
3193 5685 3266 5732 γι,
3317 5685 3364 5722 c.
3427 5673 3478 5725 4.
