4096 6318
602 401 717 459 505

1464 398 1526 458 8.
1558 400 1950 459 CU‘IMENTIS
1980 404 2001 458 ι
2034 398 2201 457 ιιοιιι.
2238 398 2442 461 ΡΟΝΤ.
2478 402 2707 459 OPEHA
2740 402 2967 462 DUBIA.

3733 404 3838 462 50l-

589 520 635 573 εί
668 514 783 569 fieri
812 521 1011 584 potest,
1041 528 1169 571 eum
1225 511 1481 569 omnibus
1538 514 1740 571 habere
1793 531 2164 583 communem,
2196 519 2245 576 Α
2270 523 2324 573 et
2353 518 2579 581 occidit,
2605 519 2938 574 mutationes
2968 517 3096 573 luna
3124 520 3466 591 perpetitur?
3490 519 3721 592 Propter
3744 538 3837 581 vos

588 612 752 662 etiam
797 623 923 661 cum
970 606 1057 661 bis
1094 606 1190 676 qui
1218 606 1456 660 oderunt
1492 621 1590 662 eos
1630 616 1686 663 et
1731 617 2159 680 persequuntur.

592 700 787 752 Sciunt
811 698 960 753 enim
989 698 1117 767 quia
1158 708 1467 766 peccatum.
1518 699 1764 769 ipsorum
1808 716 1976 757 causa
2009 702 2164 773 igno-

588 790 783 844 rantia:
810 797 895 847 est
938 790 1008 843 ".
1070 789 1367 860 Propterea
1418 790 1657 862 datique
1704 792 1823 863 ipse
1878 795 2159 866 magister.

588 898 713 935 cum
735 881 805 934 ab
829 881 916 937 his
946 882 1039 950 qui
1071 882 1397 952 ignorabant
1442 898 1568 937 eum
1612 883 1909 939 duceretur
1938 886 2005 940 ad
2034 902 2164 941 cru-

587 990 730 1039 cem,
756 974 949 1029 orabat
976 974 1195 1029 Patrem
1228 991 1328 1044 pro
1360 974 1809 1032 interfectoribus
1845 984 1983 1043 suis,
2008 988 2063 1034 et
2079 981 2165 1035 di-

587 1065 745 1123 Cebat
777 1084 792 1119 :
830 1065 1016 1131 Pater,
1048 1066 1256 1121 dimitte
1303 1068 1376 1125 eis
1416 1079 1709 1137 potentatu,
1754 1072 1880 1141 quia
1926 1074 2164 1129 nesciunt

586 1160 713 1229 quid
736 1160 941 1227 faciunt
970 1161 1038 1214 ’⁸.
1082 1160 1367 1218 lmitantes
1419 1176 1639 1231 quoque
1679 1161 1939 1231 discipuli
1984 1163 2162 1232 magi-

590 1257 796 1315 strum,
821 1252 983 1310 etiam
1000 1252 1128 1322 ipsi,
1146 1267 1272 1306 cum
1304 1260 1640 1322 paterentur,
1669 1252 1924 1311 similiter
1951 1269 2051 1324 pro
2079 1256 2166 1311 in-

586 1340 974 1401 terfectoribus
1002 1345 1118 1399 suis
1148 1345 1402 1404 orabant.
1431 1342 1589 1417 Quod
1620 1343 1669 1401 si
1691 1343 1981 1413 disciplina
2006 1345 2165 1407 nobis

586 1441 691 1498 est,
722 1450 883 1493 orare
911 1434 1077 1491 etiam
1110 1450 1211 1506 pro
1241 1435 1684 1493 interfectoribus
1711 1443 1765 1490 et
1797 1436 2164 1507 persecutori—

587 1524 691 1579 bus
720 1527 946 1590 nostris,
978 1527 1253 1595 quomodo
1282 1542 1390 1585 non
1420 1526 1585 1586 etiam
1614 1536 1901 1599 parentum
1947 1536 2002 1581 et
2036 1543 2165 1597 pro-

586 1617 919 1687 pinquorum
951 1619 1367 1689 persecutiones
1396 1618 1562 1682 ferre,
1591 1628 1647 1673 et
1677 1634 1778 1689 pro
1808 1620 2166 1677 conversione

585 1726 779 1767 eorum
830 1726 994 1766 orare
1047 1712 1376 1770 credimur?
1400 1712 1448 1743 ”
1478 1710 1618 1771 Tum
1660 1711 1862 1770 deinde
1895 1712 2063 1767 etiam
2093 1714 2164 1745 ⁸⁸⁸

585 1802 903 1871 diligentius
930 1803 1373 1869 consideremus,
1404 1818 1526 1874 quae
1566 1804 1641 1859 sit
1682 1803 1844 1862 nobis
1868 1818 2037 1863 causa
2066 1820 2165 1877 pa-

586 1903 769 1951 rentes
796 1894 1079 1964 diligendi.
1116 1897 1131 1925 ¹
1166 1896 1273 1955 Pro
1301 1912 1388 1961 eo,
1418 1896 1692 1967 inquiunt,
1715 1896 1845 1967 quia
1888 1898 2015 1951 vita:
2060 1914 2163 1952 no-

582 1998 715 2047 stra
737 1989 995 2045 videntur
1019 1998 1294 2050 auctores,
1346 1988 1615 2048 Auctore:
1657 1987 1878 2061 quidem
1907 1988 2033 2043 vita:
2068 2004 2165 2044 no-

584 2089 717 2136 strae
748 2088 1004 2154 parentes
1034 2096 1143 2133 non
1174 2087 1327 2143 sunt,
1358 2079 1455 2135 sed
1485 2079 1743 2135 ministri.
1774 2078 1892 2133 Non
1914 2081 2058 2141 enim
2083 2082 2163 2137 vi-

582 2180 694 2229 tam
725 2173 990 2241 prmbent,
1015 2172 1111 2227 sed
1142 2173 1485 2242 ingrediendi
1516 2172 1677 2226 nobis
1708 2173 1778 2225 ad
1808 2173 1952 2233 hanc
1994 2174 2160 2234 vitam

580 2264 843 2323 exhibent
884 2265 1291 2329 ministerium;
1333 2273 1528 2316 auctor
1552 2270 1735 2317 autem
1774 2263 1899 2317 vita:
1931 2280 2073 2319 unus
2107 2273 2162 2320 et

581 2359 736 2413 solus
765 2366 849 2412 est
892 2357 1058 2413 Deus.
1108 2355 1167 2411 Si
1208 2364 1389 2410 autem
1439 2363 1721 2410 auctorem
1769 2356 1895 2411 vita:
1935 2357 2161 2428 diligere

580 2450 857 2511 volumus,
905 2448 1061 2502 illum
1122 2447 1283 2501 nobis
1340 2462 1465 2502 esse
1513 2447 1851 2519 diligendum
1888 2451 2155 2506 sciamus.

581 2537 691 2592 Sed
740 2540 918 2605 illum,
976 2539 1254 2609 inquiunt,
1302 2554 1634 2609 cognoscere
1695 2556 1803 2592 non
1849 2540 2157 2610 potuimus,

577 2631 722 2685 istos
748 2638 930 2687 autem
952 2638 1009 2687 et
1031 2632 1304 2694 novimus,
1320 2640 1374 2685 et
1398 2634 1453 2684 in
1475 2631 1671 2687 affectu
1703 2632 1987 2688 habemus.
2005 2634 2156 2699 Esto,

578 2739 691 2777 non
746 2722 1007 2793 potuistis
1042 2739 1381 2792 cognoscere
1417 2725 1543 2793 quis
1565 2726 1587 2755 ⁸
1630 2726 1702 2779 sit
1752 2724 1896 2780 Deus
1929 2745 1943 2780 :
1975 2728 2105 2796 quid
2138 2729 2159 2760 ³

580 2824 760 2870 tamen
790 2831 900 2870 non
929 2817 1003 2869 sit
1031 2814 1178 2871 Deus
1224 2818 1487 2887 perfacile
1535 2818 1681 2872 scire
1712 2817 1987 2888 potuistis.
2023 2818 2159 2873 Nam
2208 2848 2214 2854 -

577 2910 856 2978 quomodo
884 2908 1055 2963 latere
1086 2910 1263 3008 potuit
1295 2909 1595 2973 hominem,
1628 2910 1773 2985 quod
1805 2911 2034 2985 lignum,
2067 2921 2160 2967 aut

577 3001 743 3071 lapis,
775 3009 871 3061 aut
898 3016 996 3069 ms,
1020 3002 1105 3056 vel
1128 3001 1235 3057 alia
1260 3001 1577 3071 bujusniodi
1606 3004 1853 3067 materia,
1886 3003 2028 3059 Deus
2050 3020 2159 3061 non

576 3094 681 3148 sit?
702 3092 860 3159 Quod
882 3094 928 3156 si
942 3094 997 3147 in
1022 3092 1109 3153 his
1129 3108 1253 3163 qua:
1277 3092 1439 3149 facile
1466 3094 1873 3165 deprehendere
1885 3099 2156 3168 potuistis,

2264 625 2417 665 mare
2451 612 2673 668 exhibet
2724 610 3043 665 famulatum
3098 628 3281 677 suum,
3318 622 3379 667 ut
3405 614 3559 669 vobis
3608 615 3837 685 ingratis

2264 710 2463 757 cuncta
2492 703 2835 773 subjaceant.
2870 702 3062 758 Nonne
3104 719 3203 775 pro
3253 705 3340 761 his
3385 706 3641 761 omnibus
3690 706 3841 781 just‘a

2264 796 2371 851 erit
2403 796 2629 853 ultionis
2649 812 2831 867 ptena,
2863 797 2991 867 quia
3020 798 3215 851 horum
3242 797 3838 868 omniumiargitorem,

2264 902 2426 956 quem
2480 894 2609 942 ante
2652 887 2834 942 omnia
2891 895 2945 943 et
3005 902 3303 957 agnoscere
3346 894 3401 942 et
3440 889 3693 943 venerari
3742 890 3838 943 de-

2266 978 2506 1043 buistis,
2569 978 2749 1033 solum
2818 993 2929 1048 pne
2993 978 3211 1033 caeteris
3276 979 3605 1048 ignoratis?
3655 979 3679 1010 ⁸
3735 979 3839 1034 Sed

2264 1076 2319 1125 et
2390 1084 2538 1124 nunc
2601 1085 2699 1140 per
2771 1069 2914 1128 idem
2982 1086 3081 1128 vos
3149 1070 3330 1126 adhuc
3406 1069 3461 1123 in
3535 1070 3839 1141 intelligen-

2264 1160 2399 1219 tiam
2444 1160 2567 1230 ejus
2609 1161 2773 1216 duco.
2813 1159 3022 1216 Videtis
3063 1161 3285 1225 etenim,
3338 1160 3483 1237 quod
3532 1162 3717 1215 omnia
3760 1160 3841 1231 gi-

2265 1262 2505 1325 gnuntur
2525 1270 2591 1310 ex
2616 1256 2795 1332 aquis,
2814 1269 2953 1332 aqua
2974 1268 3103 1309 vero
3120 1268 3217 1331 per
3232 1252 3663 1337 unigenitumex
3680 1252 3839 1306 initio

2265 1348 2410 1405 facta
2448 1356 2555 1412 est,
2601 1347 2869 1417 unigeniti
2903 1361 3034 1407 vero
3079 1344 3619 1414 omnipotenS'Deus
3671 1349 3840 1413 caput

2262 1448 2369 1504 est,
2402 1455 2497 1509 per
2534 1455 2697 1507 quem
2731 1438 2825 1496 tali
2854 1438 3070 1501 ordine,
3117 1444 3175 1491 ut
3205 1450 3370 1507 supra
3400 1434 3669 1498 diximus,
3718 1449 3841 1503 per-

2264 1532 2484 1586 venitur
2514 1529 2582 1583 ad
2616 1530 2853 1587 Patrem.
2877 1529 3015 1583 Cum
3052 1536 3233 1583 autem
3263 1525 3643 1597 perveneritis,
3679 1539 3845 1595 agno-

2266 1625 2401 1678 scite
2430 1623 2573 1681 hanc
2599 1640 2724 1679 esse
2753 1624 3091 1683 voluntatem
3120 1621 3264 1688 ejus,
3290 1628 3352 1679 ut
3382 1634 3477 1687 per
3502 1632 3695 1689 aquas,
3719 1631 3843 1686 qua:

2264 1716 2456 1788 prima:
2510 1717 2824 1770 creaturae'
2855 1722 3015 1777 sunt,
3063 1714 3243 1776 denuo
3300 1710 3691 1767 seirascamini.
3733 1707 3841 1775 Qui

2267 1809 2413 1862 enim
2445 1813 2801 1878 regeneratus
2822 1806 2987 1861 fuerit
3017 1822 3113 1875 per
3142 1820 3363 1875 aquam,
3393 1803 3552 1857 bonis
3581 1801 3843 1873 operibus

2268 1901 2530 1969 repletus,
2581 1900 2756 1955 haeres
2811 1899 3045 1953 eﬂicitur
3077 1896 3199 1966 ejus
3240 1912 3273 1949 a
3318 1911 3429 1966 quo
3470 1895 3524 1949 in
3580 1894 3842 1947 incorru-

2266 1993 2449 2062 ptione
2479 1998 2839 2064 regeneratus
2878 1997 2983 2045 est.
3016 1987 3249 2058 Propter
3278 1985 3449 2058 quod,
3482 1986 3692 2056 paratis
3720 1982 3844 2038 ani-

2264 2084 2369 2139 mis
2400 2083 2668 2146 accedite,
2701 2081 2861 2151 qnasi
2900 2080 2997 2135 lilii
3038 2080 3105 2135 ad
3135 2088 3367 2149 patrem,
3401 2086 3461 2132 ut
3489 2083 3713 2147 peccata
3749 2091 3845 2131 ve-

2265 2184 2377 2228 stra
2430 2175 2733 2236 diluuntur,
2789 2182 2843 2229 et
2893 2189 3059 2230 causa
3110 2187 3299 2229 eorum
3357 2172 3473 2226 sola
3530 2167 3843 2239 ignorantia

2264 2264 2437 2318 fuisse
2470 2264 2729 2339 probetur
2759 2265 2903 2333 apud
2948 2263 3139 2319 Deum.
3182 2262 3317 2320 Nam
3351 2263 3395 2321 si
3442 2269 3564 2342 post
3606 2260 3844 2335 agnitio-

2262 2373 2385 2417 nem
2418 2357 2613 2415 borum
2646 2356 2978 2433 permanetis
3009 2357 3065 2409 in
3106 2354 3509 2417 incredulitate,
3540 2352 3700 2408 vobis
3723 2350 3842 2421 jam

2264 2448 2587 2523 perditionis
2618 2459 2814 2505 vestrae
2852 2464 3045 2511 causa,
3073 2455 3127 2502 et
3152 2464 3262 2501 non
3294 2446 3640 2517 ignorantiae,
3674 2458 3843 2513 repu-

2264 2542 2490 2605 tabitur,
2518 2540 2631 2603 Nec
2669 2543 2893 2611 putetis,
2935 2541 3083 2611 quod
3127 2541 3345 2593 etiamsi
3404 2553 3617 2592 omnem
3656 2537 3839 2606 pieta-

2264 2650 2372 2689 tem
2400 2636 2617 2698 colatis,
2648 2648 2974 2703 omnemque
3002 2631 3297 2701 justitiam,
3333 2630 3664 2698 baptismum
3704 2642 3841 2682 vero

2262 2744 2371 2781 non
2414 2727 2725 2796 accipiatis,
2758 2742 2909 2800 spem
2950 2724 3178 2795 possitis
3221 2723 3422 2777 habere
3459 2720 3601 2791 apud
3634 2718 3837 2785 Deum;

2262 2819 2372 2873 imo
2400 2820 2607 2888 majore
2649 2835 2807 2888 pmna
2843 2817 2993 2891 digni
3024 2816 3201 2882 eritis,
3237 2815 3329 2886 qui
3359 2815 3501 2867 bona
3528 2826 3696 2881 opera
3726 2824 3839 2863 non

2261 2910 2397 2965 bene
2447 2911 2655 2979 Operati
2695 2910 2851 2966 estis.
2902 2907 3199 2965 Confertur
3229 2906 3373 2964 enim
3424 2905 3683 2959 meritum
3731 2902 3837 2959 lto-

2261 3005 2397 3058 mini
2446 3020 2514 3057 ex
2552 3005 2712 3057 bonis
2753 3003 2956 3072 gestis;
3002 3001 3097 3057 sed
3142 3001 3189 3063 si
3232 3000 3307 3056 ita
3352 3006 3634 3073 gerantur,
3688 2997 3839 3053 sicut

2263 3095 2407 3152 Deus
2431 3097 2611 3165 jubet.
2644 3095 2787 3151 Deus
2817 3102 2999 3149 autem
3022 3093 3213 3163 jussit,
3235 3108 3450 3148 omnem
3481 3092 3750 3145 colentem
3778 3105 3837 3145 se

576 3186 824 3243 animum
853 3187 921 3241 ad
951 3186 1364 3243 discutiendum
1391 3188 1659 3247 noluistis
1690 3188 2013 3258 intendere;
2040 3207 2157 3249 cer-
2182 3183 2223 3238 C
2257 3190 2532 3259 baptismo
2580 3186 2914 3258 consignari.
2942 3186 2962 3217 ⁸
2985 3184 3140 3251 Quod
3182 3186 3228 3241 si
3264 3200 3362 3239 vos
3410 3183 3726 3247 renueritis,
3776 3190 3836 3237 ut

576 3286 694 3333 tum
727 3286 833 3343 est,
865 3280 995 3348 quia
1033 3278 1089 3332 in
1121 3280 1401 3349 agnitione
1433 3278 1526 3339 Dei
1558 3280 1807 3351 impediti
1848 3283 2005 3345 estis,
2046 3299 2157 3343 non

576 3370 1061 3440 impossibilitatis,
1097 3371 1193 3426 sed
1228 3370 1462 3442 ignavia:
1490 3372 1661 3438 vitio;
1698 3388 1824 3425 nam
1861 3374 1909 3429 si
1951 3375 2157 3432 voluis-

576 3462 734 3525 setis,
758 3478 822 3519 ex
856 3461 944 3517 his
973 3461 1109 3531 ipsis
1133 3463 1425 3519 inutilibus
1457 3462 1770 3523 simulacris
1798 3464 2043 3536 profecto
2066 3483 2158 3523 ac.

576 3553 865 3625 cepissetis
918 3553 1292 3625 intelligentia:
1338 3555 1502 3613 viam.
1544 3553 1567 3585 ⁸
1608 3542 1829 3611 Certum
1870 3565 1978 3619 est,
2028 3560 2156 3629 quia

579 3660 680 3718 per
709 3646 917 3707 ferrum
947 3644 1087 3704 facta
1119 3654 1248 3700 sunt
1276 3647 1606 3713 simulacra;
1638 3647 1841 3702 ferrum
1886 3664 2016 3710 vero
2062 3667 2156 3721 per

578 3740 757 3809 ignem
780 3738 1096 3795 confectum
1129 3746 1238 3801 est,
1269 3739 1363 3808 qui
1400 3738 1546 3807 ignis
1574 3754 1716 3808 aqua
1747 3740 2153 3813 exstinguitur;

578 3845 721 3899 aqua
751 3837 934 3889 autem
963 3845 1060 3904 per
1095 3828 1354 3901 spiritum
1388 3840 1660 3894 movetur,
1698 3831 1932 3899 spiritus
1971 3840 2152 3892 autem

577 3939 609 3978 a
649 3923 759 3977 Deo
806 3922 1024 3979 initium
1082 3921 1263 3978 habet.
1315 3920 1408 3980 Sic
1453 3921 1599 3983 enim
1634 3921 1775 3975 dixit
1802 3920 1981 3976 Moses
2018 3939 2151 3997 pro-

578 4016 788 4085 pheta;
824 4014 891 4072 In
932 4016 1192 4085 principio
1244 4014 1366 4081 fecit
1399 4011 1543 4073 Deus
1594 4015 1779 4073 catum
1830 4024 1880 4069 et
1934 4025 2147 4072 terram.

579 4108 745 4161 Terra
771 4115 945 4159 autem
973 4114 1087 4159 erat
1116 4105 1393 4162 invisibilis
1435 4113 1485 4158 et
1516 4106 1883 4174 incomposita,
1913 4117 1963 4159 et
2013 4116 2152 4164 tene-

578 4200 685 4253 bra:
716 4209 870 4259 erant
898 4212 1054 4265 super
1083 4197 1274 4265 faciem
1304 4195 1506 4266 abyssi,
1548 4207 1599 4250 et
1632 4200 1855 4265 spiritus
1902 4197 2003 4252 Dei
2029 4208 2148 4252 erat

577 4307 732 4360 super
761 4305 928 4360 aquas
960 4290 1003 4341 '.
1050 4287 1153 4355 Qui
1212 4288 1442 4367 spiritus
1481 4286 1575 4342 Dei
1618 4289 1800 4355 jussu,
1844 4289 2000 4359 quasi
2032 4291 2150 4365 ipsa

578 4399 773 4437 manus
822 4379 1148 4443 conditoris,
1197 4382 1372 4435 lucem
1424 4382 1701 4450 scparavit
1734 4398 1764 4434 a
1794 4383 2055 4444 tenebris,
2094 4391 2149 4437 et

2259 3287 2456 3340 vestra:
2492 3281 2762 3335 voluntati
2794 3278 2991 3349 magis,
3036 3292 3201 3347 quam
3233 3275 3360 3339 Dei,
3406 3274 3833 3347 obtemperetis;

2256 3373 2521 3431 contrarii
2551 3373 2671 3427 sine
2701 3371 2871 3425 dubio
2900 3378 2954 3425 et
2984 3369 3193 3423 inimici
3221 3368 3358 3424 estis
3388 3369 3656 3424 voluntati
3687 3370 3830 3438 ejus.

2259 3465 2367 3527 Sed
2396 3464 2579 3520 dicitis
2608 3460 3045 3528 fortasse-.Quod
3078 3461 3293 3531 confert
3333 3476 3489 3531 aqua:
3522 3462 3833 3534 baptismus

2258 3558 2323 3612 ad
2368 3557 2463 3612 Dei
2515 3556 2760 3612 cultum?
2808 3553 2995 3609 Primo
3043 3554 3299 3623 quidem,
3345 3554 3476 3623 quia
3533 3553 3679 3623 quod
3721 3552 3833 3609 Deo

2256 3651 2492 3721 placuit,
2546 3648 2825 3716 impletur.
2883 3644 3160 3711 Secundo,
3208 3645 3340 3715 quia
3390 3653 3715 3715 regenerato
3760 3661 3831 3701 ex

2257 3742 2434 3810 aquis,
2460 3750 2514 3800 et
2545 3738 2655 3799 Deo
2688 3746 2900 3800 renato,
2964 3737 3231 3807 fragilitas
3260 3735 3464 3805 prioris
3504 3737 3828 3802 nativitatis,

2253 3848 2374 3910 quae
2412 3832 2569 3885 vobis
2601 3846 2698 3900 per
2739 3830 3012 3888 hominem
3060 3828 3205 3881 facta
3248 3835 3353 3891 est,
3400 3836 3740 3898 amputatur,
3773 3832 3831 3883 et

2257 3926 2330 3977 ita
2371 3923 2591 3977 domum
2635 3920 2935 4000 pervenire
2965 3919 3215 3995 poteritis
3251 3920 3318 3973 ad
3359 3920 3593 3974 salutem
3622 3939 3635 3974 :
3669 3920 3830 3975 aliter

2253 4014 2589 4084 impossibile
2617 4021 2723 4067 est.
2757 4012 2849 4065 Sic
2893 4013 3038 4066 enim
3089 4012 3247 4065 nobis
3298 4026 3422 4065 cum
3480 4018 3826 4067 sacramento

2252 4123 2414 4162 verus
2460 4105 2724 4183 prepheta
2756 4112 2991 4165 testatus
3032 4110 3137 4167 est,
3168 4103 3357 4158 dicens
3384 4122 3397 4157 :
3427 4103 3613 4166 Amen,
3647 4120 3823 4169 amen,

2250 4200 2366 4260 dico
2404 4198 2566 4261 vobis,
2602 4198 2705 4250 nisi
2750 4198 2868 4266 quis
2908 4196 3076 4259 denuo
3128 4205 3341 4255 renatus
3385 4196 3543 4265 fuerit
3578 4212 3643 4250 ea:
3685 4212 3823 4268 aqua

2250 4293 2384 4355 viva,
2410 4308 2511 4343 non
2546 4288 2783 4351 introibit
2814 4294 2867 4341 in
2899 4304 3111 4361 regnum
3141 4288 3385 4345 steterunt
3405 4290 3446 4342 ’.
3484 4288 3549 4341 Ει
3578 4288 3701 4345 ideo
3736 4306 3825 4344 ac-

2249 4385 2483 4439 celerate
2509 4402 2525 4447 ;
2555 4390 2642 4437 est
2672 4382 2817 4435 enim
2848 4381 2901 4433 in
2932 4364 3090 4449 aquis
3133 4381 3253 4434 istis
3291 4381 3668 4439 misericordia
3698 4383 3823 4450 ejus

580 4483 703 4545 post
732 4474 864 4527 illud
895 4472 1171 4526 invisibile
1204 4472 1405 4530 malum
1445 4472 1591 4526 istud
1626 4473 1836 4527 visibile
1866 4474 2144 4549 produxit,
2179 4512 2222 4567 Π
2248 4476 2493 4547 quaedam
2518 4514 2533 4535 ,
2586 4488 2707 4555 qua:
2753 4487 2819 4531 ex
2869 4472 3023 4524 initio
3082 4471 3345 4539 ferebatur
3387 4488 3540 4541 super
3591 4490 3718 4540 cas;
3768 4485 3821 4530 et

577 4577 639 4622 ut
683 4567 970 4635 superiora
1006 4565 1227 4635 quidem
1273 4564 1643 4618 habitaculum
1686 4564 1888 4621 faceret
1914 4568 2143 4635 angelis,

578 4662 837 4716 inferiora
869 4675 1001 4715 vero
1036 4656 1374 4715 hominibus.
1416 4654 1651 4729 Propter
1688 4672 1785 4715 vos
1814 4672 1945 4726 ergo
1983 4656 2145 4725 jussu

580 4756 699 4820 Dei,
729 4768 893 4823 aqua,
938 4765 1058 4821 quae
1094 4756 1213 4809 erat
1248 4764 1413 4817 super
1443 4749 1636 4803 faciem
1670 4757 1850 4813 terrae,
1896 4752 2145 4816 secessit,

582 4858 640 4903 ut
668 4857 813 4903 terra
846 4846 1001 4900 vobis
1034 4842 1359 4911 produceret
1388 4841 1617 4899 fructus.
1648 4839 1747 4894 Cui
1768 4843 1929 4895 etiam
1954 4842 2147 4895 humo-

582 4957 701 5002 rum
724 4954 890 4993 venas
916 4937 1145 4989 latenter
1173 4932 1427 4995 inseruit,
1455 4939 1515 4987 ut
1539 4933 1692 4993 vobis
1720 4949 1787 4986 ex
1814 4948 1879 4985 ea
1912 4932 2145 5002 proﬂue-

581 5041 701 5089 rent
734 5031 910 5085 fontes
938 5034 993 5082 et
1022 5025 1265 5078 ﬂumina.
1292 5022 1522 5097 Propter
1552 5041 1649 5081 vos
1682 5025 1978 5093 producere
1994 5025 2149 5092 jussa

579 5136 667 5181 est
694 5120 1012 5185 animantia,
1044 5125 1099 5171 et
1129 5118 1314 5169 omnia
1352 5131 1473 5185 qua:
1494 5124 1673 5176 vestro
1708 5120 1827 5169 usui
1858 5118 2150 5178 voluntatis

582 5235 686 5289 quc
716 5214 1001 5269 servirent.
1027 5212 1224 5263 Annon
1256 5220 1477 5277 prOpter
1504 5224 1600 5262 vos
1639 5210 1781 5262 venti
1815 5211 2043 5278 spirant,
2090 5220 2149 5263 u:

584 5327 647 5362 cx
678 5306 811 5376 ipsis
846 5303 1162 5369 concipiens
1198 5300 1407 5353 fructus
1450 5300 1606 5353 vobis
1660 5308 1800 5353 terra
1848 5304 2150 5369 parturiat?

584 5404 773 5453 bonne
818 5406 1038 5465 propter
1071 5412 1164 5446 vos
1216 5394 1417 5445 imbres
1462 5392 1757 5459 proﬂuunt,
1801 5403 1855 5445 ct
1908 5405 2147 5463 tempora

584 5491 991 5545 vidssimdines
1018 5492 1233 5538 mutant
1258 5488 1278 5535 ‘3
1308 5483 1447 5537 Num
1472 5492 1693 5553 propter
1722 5500 1815 5539 vos
1842 5486 1924 5543 sol
1949 5488 2144 5551 oritur,

2250 4568 2496 4636 agnoscit
2523 4580 2619 4619 eos
2662 4565 2755 4633 qui
2793 4564 3142 4632 baptizantur
3174 4564 3278 4616 sub
3311 4565 3673 4639 appellatione
3721 4567 3821 4619 tri-

2247 4658 2404 4729 plicis
2448 4656 2809 4717 sacramenti,
2854 4663 2909 4712 ct
2956 4654 3117 4724 eripit
3166 4670 3261 4709 eos
3302 4656 3368 4709 de
3411 4658 3698 4728 suppliciis
3730 4658 3819 4712 fu-

2250 4751 2409 4813 turis,
2438 4748 2595 4819 quasi
2630 4747 2835 4801 donum
2870 4732 3141 4814 quoddam
3176 4746 3407 4801 oli‘erens
3455 4747 3565 4802 Dco
3611 4751 3821 4804 animas

2250 4857 2345 4913 per
2402 4841 2730 4909 baptismum
2800 4848 3175 4891 consecratas.
3231 4836 3523 4907 Confugite
3576 4855 3709 4910 ergo
3752 4841 3820 4895 ad

2251 4946 2421 5006 aquas
2454 4932 2624 4991 istas:
2661 4930 2790 4983 solae
2822 4937 2949 4983 sunt
2977 4929 3144 4989 enim,
3177 4945 3299 4998 qua:
3343 4932 3557 5001 possint
3592 4934 3697 4985 vim
3736 4934 3821 4986 fu-

2251 5024 2355 5076 turi
2392 5024 2528 5091 ignis
2562 5022 2909 5093 cxslinguere
2939 5042 2950 5074 :
2986 5021 3050 5073 ad
3083 5037 3217 5089 quas
3248 5023 3342 5093 qui
3385 5032 3630 5075 moratur
3659 5039 3821 5078 acce-

2248 5117 2397 5178 dere,
2430 5123 2645 5175 coiistat
2675 5115 2727 5165 in
2764 5131 2827 5167 eo
2861 5113 3041 5165 adhuc
3085 5112 3659 5189 infidelitatisidoluni
3696 5132 3820 5185 per-

2251 5223 2489 5267 mancrc,
2522 5214 2576 5264 et
2618 5206 2685 5257 ub
2725 5206 2844 5273 ipso
2890 5205 3163 5274 prohiberi
3198 5205 3263 5258 ad
3301 5222 3476 5275 aquas
3522 5223 3819 5277 properare

2250 5316 2367 5365 qua".
2406 5300 2639 5350 salutent
2679 5295 2990 5350 conferunt.
3028 5295 3154 5351 Sive
3182 5298 3326 5350 enim
3366 5302 3570 5367 justus,
3604 5303 3720 5355 sive
3747 5303 3816 5355 sit

2256 5390 2513 5455 iniustus,
2558 5389 2862 5455 baptismus
2903 5388 2951 5439 ei
2985 5402 3080 5455 per
3123 5388 3303 5441 omnia
3336 5394 3679 5447 necessarius
3710 5404 3811 5448 est.

2254 5481 2409 5535 iusto
2440 5480 2682 5555 quidem,
2717 5486 2774 5531 ut
2819 5477 3178 5557 adimpleatur
3227 5481 3282 5537 in
3319 5496 3385 5535 eo
3433 5485 3713 5554 perfectio,
3762 5493 3814 5539 et

712 5687 1139 5773 Recognitionum
1174 5704 1383 5773 auctor,
1417 5694 1618 5748 rectius
1656 5694 1914 5773 {fcrenti
1946 5700 2173 5773 ipsorum
2206 5718 2363 5752 causa
2412 5704 2716 5769 ignorantia
2747 5713 2843 5756 est.
2892 5702 3220 5761 innuimus.
3298 5704 3343 5739 ’ί
3373 5702 3504 5763 an.
3544 5719 3700 5773 ut",
3730 5706 3820 5760 54.

567 5760 611 5787 ‘9
647 5760 922 5825 liccognit.
954 5761 1215 5813 debemus.
1254 5763 1585 5819 “.kiiillilNUS.
1668 5768 1733 5795 ¹⁰⁰
1766 5768 1917 5818 illud.

568 5828 587 5859 “
622 5828 756 5889 ﬁcu.
796 5846 831 5897 ι,
886 5834 923 5886 i.
1007 5834 1029 5863 “
1054 5832 1323 5902 liccogntt.
1356 5852 1429 5899 γι,
1464 5855 1511 5892 c.
1551 5840 1601 5890 ὅ.

2001 5772 2015 5799 ⁸
2048 5770 2315 5839 lir‘tfugiztl.
2358 5790 2426 5831 γι,
2478 5790 2526 5825 ε.
2562 5774 2615 5825 (ἱ.

1684 5840 1697 5865 ⁷
1730 5852 1937 5894 creatis.
2014 5844 2035 5871 ³
2074 5841 2337 5911 licmguit.
2378 5860 2449 5911 γι,
2473 5860 2517 5898 c.
2548 5845 2599 5897 ‘J.
2677 5846 2697 5875 ⁵
2730 5843 2882 5900 Joun.
2920 5860 2999 5911 in,
3029 5840 3079 5897 5.

2693 5775 2711 5802 ³
2742 5774 2889 5844 quid.
2969 5775 2986 5803 ³
3028 5776 3136 5841 qui.
3218 5775 3235 5805 ⁸
3268 5774 3536 5844 Rccogm't.
3560 5772 3649 5842 Μ,
3683 5792 3730 5833 c.
3767 5776 3817 5832 6.
