  <div class='ocr_page' id='page_1' title='image "/cluster/home/n/w/nwhite01/storage/ocr_20150623/1/pst.000005711796/261.png"; bbox 0 0 4096 6318; ppageno 0'>
   <div class='ocr_carea' id='block_1_1' title="bbox 622 356 724 415">
    <p class='ocr_par' dir='ltr' id='par_1_1' title="bbox 622 356 724 415">
     <span class='ocr_line' id='line_1_1' title="bbox 622 356 724 415; baseline 0.039 -8"><span class='ocrx_word' id='word_1_1' title='bbox 622 356 724 415; x_wconf 68' lang='grc' dir='ltr'><strong>8οἹ</strong></span> 
     </span>
    </p>
   </div>
   <div class='ocr_carea' id='block_1_2' title="bbox 1461 351 2999 414">
    <p class='ocr_par' dir='ltr' id='par_1_2' title="bbox 1461 351 2999 414">
     <span class='ocr_line' id='line_1_2' title="bbox 1461 351 2999 414; baseline 0.004 -6"><span class='ocrx_word' id='word_1_2' title='bbox 1461 351 1518 408; x_wconf 88' lang='lat' dir='ltr'><strong>S.</strong></span> <span class='ocrx_word' id='word_1_3' title='bbox 1555 352 1948 412; x_wconf 74' lang='lat' dir='ltr'><strong>CLEMENTIS</strong></span> <span class='ocrx_word' id='word_1_4' title='bbox 1981 357 2001 413; x_wconf 84' lang='lat' dir='ltr'><strong>l</strong></span> <span class='ocrx_word' id='word_1_5' title='bbox 2037 355 2201 414; x_wconf 69' lang='lat' dir='ltr'><strong>ROM.</strong></span> <span class='ocrx_word' id='word_1_6' title='bbox 2239 356 2443 414; x_wconf 78' lang='lat' dir='ltr'><strong>PONT.</strong></span> <span class='ocrx_word' id='word_1_7' title='bbox 2482 354 2708 412; x_wconf 76' lang='lat' dir='ltr'><strong>OPERA</strong></span> <span class='ocrx_word' id='word_1_8' title='bbox 2769 354 2999 414; x_wconf 75' lang='lat' dir='ltr'><strong>DUBIA.</strong></span> 
     </span>
    </p>
   </div>
   <div class='ocr_carea' id='block_1_3' title="bbox 3751 355 3864 414">
    <p class='ocr_par' dir='ltr' id='par_1_3' title="bbox 3751 355 3864 414">
     <span class='ocr_line' id='line_1_3' title="bbox 3751 355 3864 414; baseline 0.018 -2"><span class='ocrx_word' id='word_1_9' title='bbox 3751 355 3864 414; x_wconf 76' lang='lat'><strong>508</strong></span> 
     </span>
    </p>
   </div>
   <div class='ocr_carea' id='block_1_4' title="bbox 622 468 3872 542">
    <p class='ocr_par' dir='ltr' id='par_1_4' title="bbox 622 468 3872 542">
     <span class='ocr_line' id='line_1_4' title="bbox 622 468 3872 542; baseline -0.001 -15"><span class='ocrx_word' id='word_1_10' title='bbox 622 471 863 534; x_wconf 80' lang='lat' dir='ltr'><strong>minibus</strong></span> <span class='ocrx_word' id='word_1_11' title='bbox 918 469 1146 538; x_wconf 83' lang='lat' dir='ltr'><strong>debuit;</strong></span> <span class='ocrx_word' id='word_1_12' title='bbox 1193 469 1286 526; x_wconf 85' lang='lat' dir='ltr'><strong>sed</strong></span> <span class='ocrx_word' id='word_1_13' title='bbox 1338 485 1435 541; x_wconf 85' lang='lat' dir='ltr'><strong>per</strong></span> <span class='ocrx_word' id='word_1_14' title='bbox 1488 469 1830 541; x_wconf 70' lang='lat' dir='ltr'><strong>iniquitatem</strong></span> <span class='ocrx_word' id='word_1_15' title='bbox 1886 473 2027 530; x_wconf 85' lang='lat' dir='ltr'><strong>alius</strong></span> <span class='ocrx_word' id='word_1_16' title='bbox 2086 474 2188 528; x_wconf 88' lang='lat' dir='ltr'><strong>hoc</strong></span> <span class='ocrx_word' id='word_1_17' title='bbox 2221 482 2263 535; x_wconf 78' lang='grc' dir='ltr'>Α</span> <span class='ocrx_word' id='word_1_18' title='bbox 2299 481 2599 529; x_wconf 85' lang='lat' dir='ltr'><strong>vestrarum</strong></span> <span class='ocrx_word' id='word_1_19' title='bbox 2628 472 2882 542; x_wconf 89' lang='lat' dir='ltr'><strong>partium,</strong></span> <span class='ocrx_word' id='word_1_20' title='bbox 2912 470 3209 527; x_wconf 86' lang='lat' dir='ltr'><strong>secundum</strong></span> <span class='ocrx_word' id='word_1_21' title='bbox 3239 470 3514 542; x_wconf 87' lang='lat' dir='ltr'><strong>ingenium</strong></span> <span class='ocrx_word' id='word_1_22' title='bbox 3555 468 3872 537; x_wconf 82' lang='lat' dir='ltr'><strong>hominum,</strong></span> 
     </span>
    </p>
   </div>
   <div class='ocr_carea' id='block_1_5' title="bbox 622 560 2192 635">
    <p class='ocr_par' dir='ltr' id='par_1_5' title="bbox 622 560 2192 635">
     <span class='ocr_line' id='line_1_5' title="bbox 622 560 2192 635; baseline 0.001 -17"><span class='ocrx_word' id='word_1_23' title='bbox 622 579 782 635; x_wconf 68' lang='lat' dir='ltr'><strong>puum</strong></span> <span class='ocrx_word' id='word_1_24' title='bbox 814 578 936 618; x_wconf 86' lang='lat' dir='ltr'><strong>esse</strong></span> <span class='ocrx_word' id='word_1_25' title='bbox 963 561 1116 627; x_wconf 91' lang='lat' dir='ltr'><strong>dixit,</strong></span> <span class='ocrx_word' id='word_1_26' title='bbox 1149 569 1202 617; x_wconf 86' lang='lat' dir='ltr'><strong>et</strong></span> <span class='ocrx_word' id='word_1_27' title='bbox 1233 562 1372 618; x_wconf 91' lang='lat' dir='ltr'><strong>alius</strong></span> <span class='ocrx_word' id='word_1_28' title='bbox 1396 560 1548 626; x_wconf 91' lang='lat' dir='ltr'><strong>illud,</strong></span> <span class='ocrx_word' id='word_1_29' title='bbox 1572 570 1624 616; x_wconf 88' lang='lat' dir='ltr'><strong>et</strong></span> <span class='ocrx_word' id='word_1_30' title='bbox 1656 563 1736 616; x_wconf 91' lang='lat' dir='ltr'><strong>sic</strong></span> <span class='ocrx_word' id='word_1_31' title='bbox 1763 569 1905 618; x_wconf 83' lang='lat' dir='ltr'><strong>mter</strong></span> <span class='ocrx_word' id='word_1_32' title='bbox 1933 564 2192 619; x_wconf 82' lang='lat' dir='ltr'><strong>mortales</strong></span> 
     </span>
    </p>
   </div>
   <div class='ocr_carea' id='block_1_6' title="bbox 625 651 2192 724">
    <p class='ocr_par' dir='ltr' id='par_1_6' title="bbox 625 651 2192 724">
     <span class='ocr_line' id='line_1_6' title="bbox 625 651 2192 724; baseline -0.001 -16"><span class='ocrx_word' id='word_1_33' title='bbox 625 655 767 708; x_wconf 76' lang='lat' dir='ltr'><strong>facta</strong></span> <span class='ocrx_word' id='word_1_34' title='bbox 809 654 1003 709; x_wconf 79' lang='lat' dir='ltr'><strong>divisio</strong></span> <span class='ocrx_word' id='word_1_35' title='bbox 1049 660 1154 709; x_wconf 87' lang='lat' dir='ltr'><strong>est.</strong></span> <span class='ocrx_word' id='word_1_36' title='bbox 1200 653 1441 723; x_wconf 78' lang='lat' dir='ltr'><strong>Denique</strong></span> <span class='ocrx_word' id='word_1_37' title='bbox 1489 651 1801 709; x_wconf 77' lang='lat' dir='ltr'><strong>Graecorum</strong></span> <span class='ocrx_word' id='word_1_38' title='bbox 1838 653 2057 724; x_wconf 91' lang='lat' dir='ltr'><strong>quidam</strong></span> <span class='ocrx_word' id='word_1_39' title='bbox 2103 669 2192 710; x_wconf 87' lang='lat' dir='ltr'><strong>sa-</strong></span> 
     </span>
    </p>
   </div>
   <div class='ocr_carea' id='block_1_7' title="bbox 624 742 2192 818">
    <p class='ocr_par' dir='ltr' id='par_1_7' title="bbox 624 742 2192 818">
     <span class='ocr_line' id='line_1_7' title="bbox 624 742 2192 818; baseline -0.003 -17"><span class='ocrx_word' id='word_1_40' title='bbox 624 747 998 818; x_wconf 82' lang='lat' dir='ltr'><strong>pientissimus</strong></span> <span class='ocrx_word' id='word_1_41' title='bbox 1019 748 1084 814; x_wconf 83' lang='lat'><strong>“,</strong></span> <span class='ocrx_word' id='word_1_42' title='bbox 1117 747 1231 801; x_wconf 72' lang='lat' dir='ltr'><strong>haec</strong></span> <span class='ocrx_word' id='word_1_43' title='bbox 1263 746 1335 799; x_wconf 91' lang='lat' dir='ltr'><strong>ita</strong></span> <span class='ocrx_word' id='word_1_44' title='bbox 1360 744 1542 800; x_wconf 87' lang='lat' dir='ltr'><strong>sciens</strong></span> <span class='ocrx_word' id='word_1_45' title='bbox 1573 759 1718 807; x_wconf 89' lang='lat' dir='ltr'><strong>esse,</strong></span> <span class='ocrx_word' id='word_1_46' title='bbox 1751 743 1822 797; x_wconf 81' lang='lat' dir='ltr'><strong>ait</strong></span> <span class='ocrx_word' id='word_1_47' title='bbox 1846 742 2192 799; x_wconf 85' lang='lat' dir='ltr'><strong>:Communia</strong></span> 
     </span>
    </p>
   </div>
   <div class='ocr_carea' id='block_1_8' title="bbox 623 835 2189 905">
    <p class='ocr_par' dir='ltr' id='par_1_8' title="bbox 623 835 2189 905">
     <span class='ocr_line' id='line_1_8' title="bbox 623 835 2189 905; baseline -0.003 -12"><span class='ocrx_word' id='word_1_48' title='bbox 623 837 805 893; x_wconf 85' lang='lat' dir='ltr'><strong>debere</strong></span> <span class='ocrx_word' id='word_1_49' title='bbox 835 853 944 892; x_wconf 87' lang='lat' dir='ltr'><strong>esse</strong></span> <span class='ocrx_word' id='word_1_50' title='bbox 983 839 1271 890; x_wconf 82' lang='lat' dir='ltr'><strong>amicorum</strong></span> <span class='ocrx_word' id='word_1_51' title='bbox 1315 838 1491 890; x_wconf 91' lang='lat' dir='ltr'><strong>omnia</strong></span> <span class='ocrx_word' id='word_1_52' title='bbox 1513 835 1583 902; x_wconf 79' lang='lat'><strong>”,</strong></span> <span class='ocrx_word' id='word_1_53' title='bbox 1615 844 1662 890; x_wconf 86' lang='lat' dir='ltr'><strong>et</strong></span> <span class='ocrx_word' id='word_1_54' title='bbox 1705 837 1841 888; x_wconf 88' lang='lat' dir='ltr'><strong>sicut</strong></span> <span class='ocrx_word' id='word_1_55' title='bbox 1888 852 1990 888; x_wconf 88' lang='lat' dir='ltr'><strong>non</strong></span> <span class='ocrx_word' id='word_1_56' title='bbox 2020 845 2189 905; x_wconf 79' lang='lat' dir='ltr'><strong>potest</strong></span> 
     </span>
    </p>
   </div>
   <div class='ocr_carea' id='block_1_9' title="bbox 625 925 2190 1001">
    <p class='ocr_par' dir='ltr' id='par_1_9' title="bbox 625 925 2190 1001">
     <span class='ocr_line' id='line_1_9' title="bbox 625 925 2190 1001; baseline -0.001 -18"><span class='ocrx_word' id='word_1_57' title='bbox 625 929 844 1001; x_wconf 85' lang='lat' dir='ltr'><strong>(inquit)</strong></span> <span class='ocrx_word' id='word_1_58' title='bbox 874 930 1038 984; x_wconf 83' lang='lat' dir='ltr'><strong>dividi</strong></span> <span class='ocrx_word' id='word_1_59' title='bbox 1065 945 1176 995; x_wconf 88' lang='lat' dir='ltr'><strong>aer,</strong></span> <span class='ocrx_word' id='word_1_60' title='bbox 1217 945 1376 999; x_wconf 85' lang='lat' dir='ltr'><strong>neque</strong></span> <span class='ocrx_word' id='word_1_61' title='bbox 1403 925 1648 998; x_wconf 72' lang='lat' dir='ltr'><strong>splendor</strong></span> <span class='ocrx_word' id='word_1_62' title='bbox 1691 927 1844 992; x_wconf 85' lang='lat' dir='ltr'><strong>solis,</strong></span> <span class='ocrx_word' id='word_1_63' title='bbox 1878 927 1954 982; x_wconf 90' lang='lat' dir='ltr'><strong>ita</strong></span> <span class='ocrx_word' id='word_1_64' title='bbox 1986 945 2078 982; x_wconf 87' lang='lat' dir='ltr'><strong>nec</strong></span> <span class='ocrx_word' id='word_1_65' title='bbox 2109 944 2190 982; x_wconf 85' lang='lat' dir='ltr'><strong>re-</strong></span> 
     </span>
    </p>
   </div>
   <div class='ocr_carea' id='block_1_10' title="bbox 628 1019 2193 1095">
    <p class='ocr_par' dir='ltr' id='par_1_10' title="bbox 628 1019 2193 1095">
     <span class='ocr_line' id='line_1_10' title="bbox 628 1019 2193 1095; baseline -0.003 -18"><span class='ocrx_word' id='word_1_66' title='bbox 628 1024 769 1094; x_wconf 82' lang='lat' dir='ltr'><strong>liqua</strong></span> <span class='ocrx_word' id='word_1_67' title='bbox 811 1041 925 1095; x_wconf 61' lang='lat' dir='ltr'><strong>qua;</strong></span> <span class='ocrx_word' id='word_1_68' title='bbox 956 1022 1298 1077; x_wconf 77' lang='lat' dir='ltr'><strong>communiter</strong></span> <span class='ocrx_word' id='word_1_69' title='bbox 1330 1023 1384 1075; x_wconf 88' lang='lat' dir='ltr'><strong>in</strong></span> <span class='ocrx_word' id='word_1_70' title='bbox 1419 1021 1514 1075; x_wconf 85' lang='lat' dir='ltr'><strong>hoc</strong></span> <span class='ocrx_word' id='word_1_71' title='bbox 1551 1021 1745 1075; x_wconf 86' lang='lat' dir='ltr'><strong>mundo</strong></span> <span class='ocrx_word' id='word_1_72' title='bbox 1789 1020 2025 1076; x_wconf 84' lang='lat' dir='ltr'><strong>omnibus</strong></span> <span class='ocrx_word' id='word_1_73' title='bbox 2062 1019 2193 1073; x_wconf 92' lang='lat' dir='ltr'><strong>data</strong></span> 
     </span>
    </p>
   </div>
   <div class='ocr_carea' id='block_1_11' title="bbox 625 1109 2193 1178">
    <p class='ocr_par' dir='ltr' id='par_1_11' title="bbox 625 1109 2193 1178">
     <span class='ocr_line' id='line_1_11' title="bbox 625 1109 2193 1178; baseline -0.003 -10"><span class='ocrx_word' id='word_1_74' title='bbox 625 1124 747 1168; x_wconf 83' lang='lat' dir='ltr'><strong>sunt</strong></span> <span class='ocrx_word' id='word_1_75' title='bbox 793 1114 861 1167; x_wconf 85' lang='lat' dir='ltr'><strong>ad</strong></span> <span class='ocrx_word' id='word_1_76' title='bbox 901 1113 1216 1178; x_wconf 80' lang='lat' dir='ltr'><strong>habendum,</strong></span> <span class='ocrx_word' id='word_1_77' title='bbox 1246 1111 1411 1167; x_wconf 82' lang='lat' dir='ltr'><strong>dividi</strong></span> <span class='ocrx_word' id='word_1_78' title='bbox 1457 1111 1660 1176; x_wconf 81' lang='lat' dir='ltr'><strong>debere,</strong></span> <span class='ocrx_word' id='word_1_79' title='bbox 1697 1112 1785 1165; x_wconf 83' lang='lat' dir='ltr'><strong>sed</strong></span> <span class='ocrx_word' id='word_1_80' title='bbox 1816 1109 2056 1166; x_wconf 83' lang='lat' dir='ltr'><strong>habenda</strong></span> <span class='ocrx_word' id='word_1_81' title='bbox 2083 1126 2193 1174; x_wconf 80' lang='lat' dir='ltr'><strong>esse</strong></span> 
     </span>
    </p>
   </div>
   <div class='ocr_carea' id='block_1_12' title="bbox 628 1201 2193 1274">
    <p class='ocr_par' dir='ltr' id='par_1_12' title="bbox 628 1201 2193 1274">
     <span class='ocr_line' id='line_1_12' title="bbox 628 1201 2193 1274; baseline -0.002 -15"><span class='ocrx_word' id='word_1_82' title='bbox 628 1208 944 1260; x_wconf 88' lang='lat' dir='ltr'><strong>communia.</strong></span> <span class='ocrx_word' id='word_1_83' title='bbox 978 1204 1130 1261; x_wconf 89' lang='lat' dir='ltr'><strong>Unde</strong></span> <span class='ocrx_word' id='word_1_84' title='bbox 1162 1214 1214 1259; x_wconf 90' lang='lat' dir='ltr'><strong>et</strong></span> <span class='ocrx_word' id='word_1_85' title='bbox 1248 1204 1507 1259; x_wconf 86' lang='lat' dir='ltr'><strong>Dominus</strong></span> <span class='ocrx_word' id='word_1_86' title='bbox 1538 1218 1633 1274; x_wconf 88' lang='lat' dir='ltr'><strong>per</strong></span> <span class='ocrx_word' id='word_1_87' title='bbox 1664 1203 1982 1274; x_wconf 79' lang='lat' dir='ltr'><strong>prophetam</strong></span> <span class='ocrx_word' id='word_1_88' title='bbox 2017 1201 2193 1272; x_wconf 91' lang='lat' dir='ltr'><strong>loqui-</strong></span> 
     </span>
    </p>
   </div>
   <div class='ocr_carea' id='block_1_13' title="bbox 628 1293 2193 1367">
    <p class='ocr_par' dir='ltr' id='par_1_13' title="bbox 628 1293 2193 1367">
     <span class='ocr_line' id='line_1_13' title="bbox 628 1293 2193 1367; baseline -0.004 -13"><span class='ocrx_word' id='word_1_89' title='bbox 628 1307 738 1361; x_wconf 79' lang='lat' dir='ltr'><strong>tur,</strong></span> <span class='ocrx_word' id='word_1_90' title='bbox 772 1297 997 1354; x_wconf 82' lang='lat' dir='ltr'><strong>dicens:</strong></span> <span class='ocrx_word' id='word_1_91' title='bbox 1031 1296 1163 1351; x_wconf 87' lang='lat' dir='ltr'><strong>Ecce</strong></span> <span class='ocrx_word' id='word_1_92' title='bbox 1193 1313 1350 1367; x_wconf 90' lang='lat' dir='ltr'><strong>quam</strong></span> <span class='ocrx_word' id='word_1_93' title='bbox 1395 1296 1582 1349; x_wconf 88' lang='lat' dir='ltr'><strong>bonum</strong></span> <span class='ocrx_word' id='word_1_94' title='bbox 1624 1305 1670 1350; x_wconf 88' lang='lat' dir='ltr'><strong>et</strong></span> <span class='ocrx_word' id='word_1_95' title='bbox 1708 1311 1866 1366; x_wconf 86' lang='lat' dir='ltr'><strong>quam</strong></span> <span class='ocrx_word' id='word_1_96' title='bbox 1897 1293 2193 1363; x_wconf 84' lang='lat' dir='ltr'><strong>jucundum</strong></span> 
     </span>
    </p>
   </div>
   <div class='ocr_carea' id='block_1_14' title="bbox 627 1387 2194 1458">
    <p class='ocr_par' dir='ltr' id='par_1_14' title="bbox 627 1387 2194 1458">
     <span class='ocr_line' id='line_1_14' title="bbox 627 1387 2194 1458; baseline 0.002 -17"><span class='ocrx_word' id='word_1_97' title='bbox 627 1388 866 1443; x_wconf 77' lang='lat' dir='ltr'><strong>habitare</strong></span> <span class='ocrx_word' id='word_1_98' title='bbox 894 1389 1088 1458; x_wconf 82' lang='lat' dir='ltr'><strong>fratres</strong></span> <span class='ocrx_word' id='word_1_99' title='bbox 1123 1389 1174 1441; x_wconf 83' lang='lat' dir='ltr'><strong>in</strong></span> <span class='ocrx_word' id='word_1_100' title='bbox 1208 1405 1370 1441; x_wconf 89' lang='lat' dir='ltr'><strong>unum</strong></span> <span class='ocrx_word' id='word_1_101' title='bbox 1398 1388 1463 1444; x_wconf 75' lang='lat'><strong>“.</strong></span> <span class='ocrx_word' id='word_1_102' title='bbox 1507 1387 1670 1444; x_wconf 81' lang='lat' dir='ltr'><strong>Istius</strong></span> <span class='ocrx_word' id='word_1_103' title='bbox 1705 1387 1849 1444; x_wconf 89' lang='lat' dir='ltr'><strong>enim</strong></span> <span class='ocrx_word' id='word_1_104' title='bbox 1900 1396 2194 1444; x_wconf 88' lang='lat' dir='ltr'><strong>consuetu-</strong></span> 
     </span>
    </p>
   </div>
   <div class='ocr_carea' id='block_1_15' title="bbox 627 1477 2195 1551">
    <p class='ocr_par' dir='ltr' id='par_1_15' title="bbox 627 1477 2195 1551">
     <span class='ocr_line' id='line_1_15' title="bbox 627 1477 2195 1551; baseline -0.002 -16"><span class='ocrx_word' id='word_1_105' title='bbox 627 1480 771 1536; x_wconf 89' lang='lat' dir='ltr'><strong>dinis</strong></span> <span class='ocrx_word' id='word_1_106' title='bbox 801 1496 947 1535; x_wconf 91' lang='lat' dir='ltr'><strong>more</strong></span> <span class='ocrx_word' id='word_1_107' title='bbox 979 1487 1207 1545; x_wconf 88' lang='lat' dir='ltr'><strong>retento,</strong></span> <span class='ocrx_word' id='word_1_108' title='bbox 1235 1480 1397 1534; x_wconf 87' lang='lat' dir='ltr'><strong>etiam</strong></span> <span class='ocrx_word' id='word_1_109' title='bbox 1429 1480 1682 1550; x_wconf 83' lang='lat' dir='ltr'><strong>apostoli,</strong></span> <span class='ocrx_word' id='word_1_110' title='bbox 1707 1495 2005 1551; x_wconf 84' lang='lat' dir='ltr'><strong>eorumque</strong></span> <span class='ocrx_word' id='word_1_111' title='bbox 2033 1477 2195 1535; x_wconf 78' lang='lat' dir='ltr'><strong>disci-</strong></span> 
     </span>
    </p>
   </div>
   <div class='ocr_carea' id='block_1_16' title="bbox 628 1571 2193 1643">
    <p class='ocr_par' dir='ltr' id='par_1_16' title="bbox 628 1571 2193 1643">
     <span class='ocr_line' id='line_1_16' title="bbox 628 1571 2193 1643; baseline -0.001 -17"><span class='ocrx_word' id='word_1_112' title='bbox 628 1573 761 1643; x_wconf 84' lang='lat' dir='ltr'><strong>puli.</strong></span> <span class='ocrx_word' id='word_1_113' title='bbox 790 1581 848 1627; x_wconf 90' lang='lat' dir='ltr'><strong>ut</strong></span> <span class='ocrx_word' id='word_1_114' title='bbox 879 1571 1190 1642; x_wconf 72' lang='lat' dir='ltr'><strong>przedietum</strong></span> <span class='ocrx_word' id='word_1_115' title='bbox 1249 1579 1354 1635; x_wconf 88' lang='lat' dir='ltr'><strong>est,</strong></span> <span class='ocrx_word' id='word_1_116' title='bbox 1381 1587 1488 1625; x_wconf 89' lang='lat' dir='ltr'><strong>una</strong></span> <span class='ocrx_word' id='word_1_117' title='bbox 1520 1572 1802 1627; x_wconf 89' lang='lat' dir='ltr'><strong>nobiscum</strong></span> <span class='ocrx_word' id='word_1_118' title='bbox 1828 1581 1876 1627; x_wconf 87' lang='lat' dir='ltr'><strong>et</strong></span> <span class='ocrx_word' id='word_1_119' title='bbox 1909 1572 2193 1628; x_wconf 81' lang='lat' dir='ltr'><strong>vobiscum</strong></span> 
     </span>
    </p>
   </div>
   <div class='ocr_carea' id='block_1_17' title="bbox 627 1662 2192 1735">
    <p class='ocr_par' dir='ltr' id='par_1_17' title="bbox 627 1662 2192 1735">
     <span class='ocr_line' id='line_1_17' title="bbox 627 1662 2192 1735; baseline -0.001 -15"><span class='ocrx_word' id='word_1_120' title='bbox 627 1680 970 1720; x_wconf 84' lang='lat' dir='ltr'><strong>communem</strong></span> <span class='ocrx_word' id='word_1_121' title='bbox 1019 1664 1179 1718; x_wconf 86' lang='lat' dir='ltr'><strong>vitam</strong></span> <span class='ocrx_word' id='word_1_122' title='bbox 1230 1662 1454 1719; x_wconf 81' lang='lat' dir='ltr'><strong>duxere.</strong></span> <span class='ocrx_word' id='word_1_123' title='bbox 1504 1662 1657 1719; x_wconf 89' lang='lat' dir='ltr'><strong>Unde</strong></span> <span class='ocrx_word' id='word_1_124' title='bbox 1697 1663 1777 1735; x_wconf 91' lang='lat' dir='ltr'><strong>(ut</strong></span> <span class='ocrx_word' id='word_1_125' title='bbox 1827 1665 1962 1720; x_wconf 89' lang='lat' dir='ltr'><strong>bene</strong></span> <span class='ocrx_word' id='word_1_126' title='bbox 1998 1662 2192 1735; x_wconf 90' lang='lat' dir='ltr'><strong>nostis)</strong></span> 
     </span>
    </p>
   </div>
   <div class='ocr_carea' id='block_1_18' title="bbox 627 1755 2194 1810">
    <p class='ocr_par' dir='ltr' id='par_1_18' title="bbox 627 1755 2194 1810">
     <span class='ocr_line' id='line_1_18' title="bbox 627 1755 2194 1810; baseline -0.001 -1"><span class='ocrx_word' id='word_1_127' title='bbox 627 1765 741 1810; x_wconf 87' lang='lat' dir='ltr'><strong>erat</strong></span> <span class='ocrx_word' id='word_1_128' title='bbox 782 1755 1133 1809; x_wconf 75' lang='lat' dir='ltr'><strong>multitudinis</strong></span> <span class='ocrx_word' id='word_1_129' title='bbox 1178 1771 1358 1808; x_wconf 87' lang='lat' dir='ltr'><strong>eorum</strong></span> <span class='ocrx_word' id='word_1_130' title='bbox 1405 1771 1495 1808; x_wconf 88' lang='lat' dir='ltr'><strong>cor</strong></span> <span class='ocrx_word' id='word_1_131' title='bbox 1541 1771 1702 1809; x_wconf 87' lang='lat' dir='ltr'><strong>unum</strong></span> <span class='ocrx_word' id='word_1_132' title='bbox 1730 1764 1777 1810; x_wconf 89' lang='lat' dir='ltr'><strong>et</strong></span> <span class='ocrx_word' id='word_1_133' title='bbox 1827 1757 2007 1810; x_wconf 89' lang='lat' dir='ltr'><strong>anima</strong></span> <span class='ocrx_word' id='word_1_134' title='bbox 2043 1769 2194 1809; x_wconf 89' lang='lat' dir='ltr'><strong>una:</strong></span> 
     </span>
    </p>
   </div>
   <div class='ocr_carea' id='block_1_19' title="bbox 630 1845 2197 1918">
    <p class='ocr_par' dir='ltr' id='par_1_19' title="bbox 630 1845 2197 1918">
     <span class='ocr_line' id='line_1_19' title="bbox 630 1845 2197 1918; baseline 0.001 -19"><span class='ocrx_word' id='word_1_135' title='bbox 630 1863 721 1900; x_wconf 85' lang='lat' dir='ltr'><strong>nec</strong></span> <span class='ocrx_word' id='word_1_136' title='bbox 757 1847 1030 1917; x_wconf 82' lang='lat' dir='ltr'><strong>quisquam</strong></span> <span class='ocrx_word' id='word_1_137' title='bbox 1062 1862 1239 1899; x_wconf 87' lang='lat' dir='ltr'><strong>eorum</strong></span> <span class='ocrx_word' id='word_1_138' title='bbox 1271 1854 1363 1899; x_wconf 89' lang='lat' dir='ltr'><strong>aut</strong></span> <span class='ocrx_word' id='word_1_139' title='bbox 1391 1855 1649 1909; x_wconf 86' lang='lat' dir='ltr'><strong>nostrum,</strong></span> <span class='ocrx_word' id='word_1_140' title='bbox 1675 1845 1737 1900; x_wconf 81' lang='lat' dir='ltr'><strong>de</strong></span> <span class='ocrx_word' id='word_1_141' title='bbox 1767 1845 1845 1900; x_wconf 82' lang='lat' dir='ltr'><strong>his</strong></span> <span class='ocrx_word' id='word_1_142' title='bbox 1875 1863 1992 1917; x_wconf 71' lang='lat' dir='ltr'><strong>quas</strong></span> <span class='ocrx_word' id='word_1_143' title='bbox 2024 1847 2197 1918; x_wconf 85' lang='lat' dir='ltr'><strong>possi-</strong></span> 
     </span>
    </p>
   </div>
   <div class='ocr_carea' id='block_1_20' title="bbox 629 1936 2199 2009">
    <p class='ocr_par' dir='ltr' id='par_1_20' title="bbox 629 1936 2199 2009">
     <span class='ocr_line' id='line_1_20' title="bbox 629 1936 2199 2009; baseline 0.001 -17"><span class='ocrx_word' id='word_1_144' title='bbox 629 1938 804 2004; x_wconf 87' lang='lat' dir='ltr'><strong>debat,</strong></span> <span class='ocrx_word' id='word_1_145' title='bbox 848 1936 1047 2009; x_wconf 86' lang='lat' dir='ltr'><strong>aliquid</strong></span> <span class='ocrx_word' id='word_1_146' title='bbox 1079 1954 1230 1992; x_wconf 86' lang='lat' dir='ltr'><strong>suum</strong></span> <span class='ocrx_word' id='word_1_147' title='bbox 1259 1955 1371 1993; x_wconf 81' lang='lat' dir='ltr'><strong>esse</strong></span> <span class='ocrx_word' id='word_1_148' title='bbox 1401 1939 1627 2004; x_wconf 86' lang='lat' dir='ltr'><strong>dicebat,</strong></span> <span class='ocrx_word' id='word_1_149' title='bbox 1669 1938 1759 1993; x_wconf 87' lang='lat' dir='ltr'><strong>sed</strong></span> <span class='ocrx_word' id='word_1_150' title='bbox 1797 1940 1972 1994; x_wconf 84' lang='lat' dir='ltr'><strong>omnia</strong></span> <span class='ocrx_word' id='word_1_151' title='bbox 2003 1939 2112 1995; x_wconf 88' lang='lat' dir='ltr'><strong>illis</strong></span> <span class='ocrx_word' id='word_1_152' title='bbox 2148 1947 2199 1995; x_wconf 88' lang='lat' dir='ltr'><strong>et</strong></span> 
     </span>
    </p>
   </div>
   <div class='ocr_carea' id='block_1_21' title="bbox 631 2030 2200 2101">
    <p class='ocr_par' dir='ltr' id='par_1_21' title="bbox 631 2030 2200 2101">
     <span class='ocr_line' id='line_1_21' title="bbox 631 2030 2200 2101; baseline -0.002 -14"><span class='ocrx_word' id='word_1_153' title='bbox 631 2031 778 2087; x_wconf 81' lang='lat' dir='ltr'><strong>nobis</strong></span> <span class='ocrx_word' id='word_1_154' title='bbox 809 2040 959 2086; x_wconf 87' lang='lat' dir='ltr'><strong>erant</strong></span> <span class='ocrx_word' id='word_1_155' title='bbox 988 2031 1302 2089; x_wconf 86' lang='lat' dir='ltr'><strong>communia,</strong></span> <span class='ocrx_word' id='word_1_156' title='bbox 1327 2045 1417 2082; x_wconf 85' lang='lat' dir='ltr'><strong>nec</strong></span> <span class='ocrx_word' id='word_1_157' title='bbox 1445 2030 1718 2101; x_wconf 79' lang='lat' dir='ltr'><strong>quisquam</strong></span> <span class='ocrx_word' id='word_1_158' title='bbox 1742 2046 1892 2101; x_wconf 83' lang='lat' dir='ltr'><strong>egens</strong></span> <span class='ocrx_word' id='word_1_159' title='bbox 1924 2039 2038 2086; x_wconf 86' lang='lat' dir='ltr'><strong>erat</strong></span> <span class='ocrx_word' id='word_1_160' title='bbox 2065 2031 2200 2084; x_wconf 83' lang='lat' dir='ltr'><strong>inter</strong></span> 
     </span>
    </p>
   </div>
   <div class='ocr_carea' id='block_1_22' title="bbox 631 2119 2190 2192">
    <p class='ocr_par' dir='ltr' id='par_1_22' title="bbox 631 2119 2190 2192">
     <span class='ocr_line' id='line_1_22' title="bbox 631 2119 2190 2192; baseline 0 -14"><span class='ocrx_word' id='word_1_161' title='bbox 631 2140 747 2179; x_wconf 80' lang='lat' dir='ltr'><strong>nos.</strong></span> <span class='ocrx_word' id='word_1_162' title='bbox 784 2122 972 2178; x_wconf 87' lang='lat' dir='ltr'><strong>Omnes</strong></span> <span class='ocrx_word' id='word_1_163' title='bbox 1006 2131 1200 2186; x_wconf 83' lang='lat' dir='ltr'><strong>autem,</strong></span> <span class='ocrx_word' id='word_1_164' title='bbox 1229 2122 1318 2192; x_wconf 83' lang='lat' dir='ltr'><strong>qui</strong></span> <span class='ocrx_word' id='word_1_165' title='bbox 1344 2119 1525 2176; x_wconf 86' lang='lat' dir='ltr'><strong>domos</strong></span> <span class='ocrx_word' id='word_1_166' title='bbox 1557 2121 1633 2176; x_wconf 83' lang='lat' dir='ltr'><strong>vel</strong></span> <span class='ocrx_word' id='word_1_167' title='bbox 1651 2137 1806 2192; x_wconf 82' lang='lat' dir='ltr'><strong>agros</strong></span> <span class='ocrx_word' id='word_1_168' title='bbox 1827 2121 2190 2191; x_wconf 70' lang='lat' dir='ltr'><strong>possidebant,</strong></span> 
     </span>
    </p>
   </div>
   <div class='ocr_carea' id='block_1_23' title="bbox 634 2213 2197 2285">
    <p class='ocr_par' dir='ltr' id='par_1_23' title="bbox 634 2213 2197 2285">
     <span class='ocr_line' id='line_1_23' title="bbox 634 2213 2197 2285; baseline 0 -16"><span class='ocrx_word' id='word_1_169' title='bbox 634 2213 915 2270; x_wconf 71' lang='lat' dir='ltr'><strong>vendebant</strong></span> <span class='ocrx_word' id='word_1_170' title='bbox 945 2229 1054 2278; x_wconf 84' lang='lat' dir='ltr'><strong>eos,</strong></span> <span class='ocrx_word' id='word_1_171' title='bbox 1087 2221 1134 2267; x_wconf 88' lang='lat' dir='ltr'><strong>et</strong></span> <span class='ocrx_word' id='word_1_172' title='bbox 1162 2213 1332 2280; x_wconf 86' lang='lat' dir='ltr'><strong>pretia</strong></span> <span class='ocrx_word' id='word_1_173' title='bbox 1360 2227 1560 2277; x_wconf 88' lang='lat' dir='ltr'><strong>eorum,</strong></span> <span class='ocrx_word' id='word_1_174' title='bbox 1588 2221 1637 2266; x_wconf 85' lang='lat' dir='ltr'><strong>et</strong></span> <span class='ocrx_word' id='word_1_175' title='bbox 1683 2213 1912 2283; x_wconf 82' lang='lat' dir='ltr'><strong>reliquas</strong></span> <span class='ocrx_word' id='word_1_176' title='bbox 1954 2230 2035 2270; x_wconf 81' lang='lat' dir='ltr'><strong>res</strong></span> <span class='ocrx_word' id='word_1_177' title='bbox 2067 2231 2197 2285; x_wconf 80' lang='lat' dir='ltr'><strong>quas</strong></span> 
     </span>
    </p>
   </div>
   <div class='ocr_carea' id='block_1_24' title="bbox 632 2304 2201 2376">
    <p class='ocr_par' dir='ltr' id='par_1_24' title="bbox 632 2304 2201 2376">
     <span class='ocr_line' id='line_1_24' title="bbox 632 2304 2201 2376; baseline 0 -15"><span class='ocrx_word' id='word_1_178' title='bbox 632 2305 922 2372; x_wconf 73' lang='lat' dir='ltr'><strong>habebant,</strong></span> <span class='ocrx_word' id='word_1_179' title='bbox 952 2305 1270 2376; x_wconf 72' lang='lat' dir='ltr'><strong>aﬁ‘crebant,</strong></span> <span class='ocrx_word' id='word_1_180' title='bbox 1307 2314 1550 2376; x_wconf 85' lang='lat' dir='ltr'><strong>ponentes</strong></span> <span class='ocrx_word' id='word_1_181' title='bbox 1585 2314 1705 2360; x_wconf 83' lang='lat' dir='ltr'><strong>ante</strong></span> <span class='ocrx_word' id='word_1_182' title='bbox 1735 2304 1888 2375; x_wconf 85' lang='lat' dir='ltr'><strong>pedes</strong></span> <span class='ocrx_word' id='word_1_183' title='bbox 1934 2306 2201 2376; x_wconf 85' lang='lat' dir='ltr'><strong>apostolo-</strong></span> 
     </span>
    </p>
   </div>
   <div class='ocr_carea' id='block_1_25' title="bbox 634 2397 2199 2469">
    <p class='ocr_par' dir='ltr' id='par_1_25' title="bbox 634 2397 2199 2469">
     <span class='ocr_line' id='line_1_25' title="bbox 634 2397 2199 2469; baseline -0.001 -17"><span class='ocrx_word' id='word_1_184' title='bbox 634 2414 752 2452; x_wconf 85' lang='lat' dir='ltr'><strong>rum</strong></span> <span class='ocrx_word' id='word_1_185' title='bbox 769 2399 835 2466; x_wconf 75' lang='lat'><strong>&quot;,</strong></span> <span class='ocrx_word' id='word_1_186' title='bbox 849 2397 992 2454; x_wconf 80' lang='lat' dir='ltr'><strong>sicut</strong></span> <span class='ocrx_word' id='word_1_187' title='bbox 1016 2398 1298 2454; x_wconf 90' lang='lat' dir='ltr'><strong>nobiscum</strong></span> <span class='ocrx_word' id='word_1_188' title='bbox 1315 2397 1533 2469; x_wconf 88' lang='lat' dir='ltr'><strong>quidam</strong></span> <span class='ocrx_word' id='word_1_189' title='bbox 1550 2406 1792 2453; x_wconf 88' lang='lat' dir='ltr'><strong>vestrum</strong></span> <span class='ocrx_word' id='word_1_190' title='bbox 1825 2405 2199 2469; x_wconf 89' lang='lat' dir='ltr'><strong>cognoverunt</strong></span> 
     </span>
    </p>
   </div>
   <div class='ocr_carea' id='block_1_26' title="bbox 634 2487 2198 2561">
    <p class='ocr_par' dir='ltr' id='par_1_26' title="bbox 634 2487 2198 2561">
     <span class='ocr_line' id='line_1_26' title="bbox 634 2487 2198 2561; baseline -0.002 -15"><span class='ocrx_word' id='word_1_191' title='bbox 634 2499 688 2546; x_wconf 85' lang='lat' dir='ltr'><strong>et</strong></span> <span class='ocrx_word' id='word_1_192' title='bbox 713 2488 963 2545; x_wconf 73' lang='lat' dir='ltr'><strong>viderunt</strong></span> <span class='ocrx_word' id='word_1_193' title='bbox 988 2506 1000 2543; x_wconf 88' lang='lat'><strong>:</strong></span> <span class='ocrx_word' id='word_1_194' title='bbox 1031 2495 1080 2543; x_wconf 86' lang='lat' dir='ltr'><strong>et</strong></span> <span class='ocrx_word' id='word_1_195' title='bbox 1102 2487 1404 2542; x_wconf 82' lang='lat' dir='ltr'><strong>dividebant</strong></span> <span class='ocrx_word' id='word_1_196' title='bbox 1434 2488 1681 2559; x_wconf 78' lang='lat' dir='ltr'><strong>singulis,</strong></span> <span class='ocrx_word' id='word_1_197' title='bbox 1699 2500 1855 2559; x_wconf 83' lang='lat' dir='ltr'><strong>prout</strong></span> <span class='ocrx_word' id='word_1_198' title='bbox 1873 2493 2056 2561; x_wconf 84' lang='lat' dir='ltr'><strong>cuique</strong></span> <span class='ocrx_word' id='word_1_199' title='bbox 2070 2507 2198 2561; x_wconf 88' lang='lat' dir='ltr'><strong>opus</strong></span> 
     </span>
    </p>
   </div>
   <div class='ocr_carea' id='block_1_27' title="bbox 633 2579 2201 2652">
    <p class='ocr_par' dir='ltr' id='par_1_27' title="bbox 633 2579 2201 2652">
     <span class='ocr_line' id='line_1_27' title="bbox 633 2579 2201 2652; baseline 0 -14"><span class='ocrx_word' id='word_1_200' title='bbox 633 2591 767 2638; x_wconf 83' lang='lat' dir='ltr'><strong>erat.</strong></span> <span class='ocrx_word' id='word_1_201' title='bbox 797 2580 1038 2635; x_wconf 82' lang='lat' dir='ltr'><strong>Ananiae</strong></span> <span class='ocrx_word' id='word_1_202' title='bbox 1069 2587 1269 2645; x_wconf 87' lang='lat' dir='ltr'><strong>autem,</strong></span> <span class='ocrx_word' id='word_1_203' title='bbox 1316 2580 1399 2634; x_wconf 89' lang='lat' dir='ltr'><strong>vir</strong></span> <span class='ocrx_word' id='word_1_204' title='bbox 1433 2587 1714 2642; x_wconf 84' lang='lat' dir='ltr'><strong>austeros,</strong></span> <span class='ocrx_word' id='word_1_205' title='bbox 1752 2588 1807 2636; x_wconf 92' lang='lat' dir='ltr'><strong>et</strong></span> <span class='ocrx_word' id='word_1_206' title='bbox 1859 2579 2128 2652; x_wconf 87' lang='lat' dir='ltr'><strong>Sapphira</strong></span> <span class='ocrx_word' id='word_1_207' title='bbox 2155 2583 2201 2615; x_wconf 80' lang='lat'>“</span> 
     </span>
    </p>
   </div>
   <div class='ocr_carea' id='block_1_28' title="bbox 636 2670 2201 2744">
    <p class='ocr_par' dir='ltr' id='par_1_28' title="bbox 636 2670 2201 2744">
     <span class='ocr_line' id='line_1_28' title="bbox 636 2670 2201 2744; baseline -0.001 -15"><span class='ocrx_word' id='word_1_208' title='bbox 636 2688 775 2730; x_wconf 88' lang='lat' dir='ltr'><strong>uxor</strong></span> <span class='ocrx_word' id='word_1_209' title='bbox 805 2672 924 2744; x_wconf 87' lang='lat' dir='ltr'><strong>ejus</strong></span> <span class='ocrx_word' id='word_1_210' title='bbox 948 2671 1013 2737; x_wconf 77' lang='grc'><strong>⁸⁷,</strong></span> <span class='ocrx_word' id='word_1_211' title='bbox 1045 2672 1139 2743; x_wconf 86' lang='lat' dir='ltr'><strong>qui</strong></span> <span class='ocrx_word' id='word_1_212' title='bbox 1190 2670 1400 2726; x_wconf 83' lang='lat' dir='ltr'><strong>mentiti</strong></span> <span class='ocrx_word' id='word_1_213' title='bbox 1449 2678 1576 2726; x_wconf 90' lang='lat' dir='ltr'><strong>sunt</strong></span> <span class='ocrx_word' id='word_1_214' title='bbox 1608 2671 1872 2741; x_wconf 83' lang='lat' dir='ltr'><strong>apostolis</strong></span> <span class='ocrx_word' id='word_1_215' title='bbox 1920 2671 1986 2728; x_wconf 91' lang='lat' dir='ltr'><strong>de</strong></span> <span class='ocrx_word' id='word_1_216' title='bbox 2024 2672 2201 2743; x_wconf 91' lang='lat' dir='ltr'><strong>pretio</strong></span> 
     </span>
    </p>
   </div>
   <div class='ocr_carea' id='block_1_29' title="bbox 636 2763 2203 2837">
    <p class='ocr_par' dir='ltr' id='par_1_29' title="bbox 636 2763 2203 2837">
     <span class='ocr_line' id='line_1_29' title="bbox 636 2763 2203 2837; baseline 0.001 -17"><span class='ocrx_word' id='word_1_217' title='bbox 636 2781 891 2837; x_wconf 80' lang='lat' dir='ltr'><strong>agrorum</strong></span> <span class='ocrx_word' id='word_1_218' title='bbox 925 2779 1169 2832; x_wconf 88' lang='lat' dir='ltr'><strong>suorum,</strong></span> <span class='ocrx_word' id='word_1_219' title='bbox 1192 2778 1330 2834; x_wconf 90' lang='lat' dir='ltr'><strong>quos</strong></span> <span class='ocrx_word' id='word_1_220' title='bbox 1358 2763 1734 2831; x_wconf 84' lang='lat' dir='ltr'><strong>vendiderant,</strong></span> <span class='ocrx_word' id='word_1_221' title='bbox 1769 2764 1928 2819; x_wconf 89' lang='lat' dir='ltr'><strong>nobis</strong></span> <span class='ocrx_word' id='word_1_222' title='bbox 1961 2780 2203 2836; x_wconf 67' lang='lat' dir='ltr'><strong>praesen-</strong></span> 
     </span>
    </p>
   </div>
   <div class='ocr_carea' id='block_1_30' title="bbox 636 2853 2202 2925">
    <p class='ocr_par' dir='ltr' id='par_1_30' title="bbox 636 2853 2202 2925">
     <span class='ocr_line' id='line_1_30' title="bbox 636 2853 2202 2925; baseline -0.001 -12"><span class='ocrx_word' id='word_1_223' title='bbox 636 2857 783 2913; x_wconf 88' lang='lat' dir='ltr'><strong>tibus</strong></span> <span class='ocrx_word' id='word_1_224' title='bbox 811 2855 887 2923; x_wconf 81' lang='lat'><strong>&quot;,</strong></span> <span class='ocrx_word' id='word_1_225' title='bbox 919 2854 973 2910; x_wconf 88' lang='lat' dir='ltr'><strong>in</strong></span> <span class='ocrx_word' id='word_1_226' title='bbox 1021 2861 1318 2925; x_wconf 89' lang='lat' dir='ltr'><strong>conspectu</strong></span> <span class='ocrx_word' id='word_1_227' title='bbox 1366 2853 1611 2909; x_wconf 91' lang='lat' dir='ltr'><strong>omnium</strong></span> <span class='ocrx_word' id='word_1_228' title='bbox 1648 2855 2141 2922; x_wconf 87' lang='lat' dir='ltr'><strong>circumstantium,</strong></span> <span class='ocrx_word' id='word_1_229' title='bbox 2172 2872 2202 2911; x_wconf 90' lang='lat' dir='ltr'><strong>a</strong></span> 
     </span>
    </p>
   </div>
   <div class='ocr_carea' id='block_1_31' title="bbox 636 2952 2201 3019">
    <p class='ocr_par' dir='ltr' id='par_1_31' title="bbox 636 2952 2201 3019">
     <span class='ocr_line' id='line_1_31' title="bbox 636 2952 2201 3019; baseline 0 -17"><span class='ocrx_word' id='word_1_230' title='bbox 636 2952 934 3019; x_wconf 89' lang='lat' dir='ltr'><strong>conspectu</strong></span> <span class='ocrx_word' id='word_1_231' title='bbox 969 2952 1374 3016; x_wconf 85' lang='lat' dir='ltr'><strong>apostotorum,</strong></span> <span class='ocrx_word' id='word_1_232' title='bbox 1426 2954 1647 3017; x_wconf 88' lang='lat' dir='ltr'><strong>propter</strong></span> <span class='ocrx_word' id='word_1_233' title='bbox 1681 2955 1962 3016; x_wconf 89' lang='lat' dir='ltr'><strong>peccatum</strong></span> <span class='ocrx_word' id='word_1_234' title='bbox 2015 2963 2201 3004; x_wconf 92' lang='lat' dir='ltr'><strong>eorum</strong></span> 
     </span>
    </p>
   </div>
   <div class='ocr_carea' id='block_1_32' title="bbox 635 3037 2205 3116">
    <p class='ocr_par' dir='ltr' id='par_1_32' title="bbox 635 3037 2205 3116">
     <span class='ocr_line' id='line_1_32' title="bbox 635 3037 2205 3116; baseline 0 -21"><span class='ocrx_word' id='word_1_235' title='bbox 635 3048 692 3095; x_wconf 89' lang='lat' dir='ltr'><strong>et</strong></span> <span class='ocrx_word' id='word_1_236' title='bbox 721 3037 1064 3116; x_wconf 77' lang='lat' dir='ltr'><strong>mendacium</strong></span> <span class='ocrx_word' id='word_1_237' title='bbox 1105 3037 1250 3108; x_wconf 92' lang='lat' dir='ltr'><strong>quod</strong></span> <span class='ocrx_word' id='word_1_238' title='bbox 1305 3037 1580 3104; x_wconf 79' lang='lat' dir='ltr'><strong>fecerunt,</strong></span> <span class='ocrx_word' id='word_1_239' title='bbox 1626 3040 1824 3094; x_wconf 89' lang='lat' dir='ltr'><strong>mortui</strong></span> <span class='ocrx_word' id='word_1_240' title='bbox 1864 3038 2029 3095; x_wconf 82' lang='lat' dir='ltr'><strong>delati</strong></span> <span class='ocrx_word' id='word_1_241' title='bbox 2077 3052 2205 3096; x_wconf 87' lang='lat' dir='ltr'><strong>sunt</strong></span> 
     </span>
    </p>
   </div>
   <div class='ocr_carea' id='block_1_33' title="bbox 639 3119 2205 3201">
    <p class='ocr_par' dir='ltr' id='par_1_33' title="bbox 639 3119 2205 3201">
     <span class='ocr_line' id='line_1_33' title="bbox 639 3119 2205 3201; baseline 0.001 -17"><span class='ocrx_word' id='word_1_242' title='bbox 639 3130 821 3186; x_wconf 90' lang='lat' dir='ltr'><strong>ambo.</strong></span> <span class='ocrx_word' id='word_1_243' title='bbox 843 3119 1170 3199; x_wconf 75' lang='lat' dir='ltr'><strong>Caeteraque</strong></span> <span class='ocrx_word' id='word_1_244' title='bbox 1213 3145 1333 3199; x_wconf 66' lang='lat' dir='ltr'><strong>quae</strong></span> <span class='ocrx_word' id='word_1_245' title='bbox 1361 3128 1428 3184; x_wconf 92' lang='lat' dir='ltr'><strong>de</strong></span> <span class='ocrx_word' id='word_1_246' title='bbox 1459 3129 1660 3185; x_wconf 78' lang='lat' dir='ltr'><strong>talibus</strong></span> <span class='ocrx_word' id='word_1_247' title='bbox 1684 3130 1728 3161; x_wconf 82' lang='grc'><strong>¹⁹</strong></span> <span class='ocrx_word' id='word_1_248' title='bbox 1763 3130 2122 3201; x_wconf 60' lang='lat' dir='ltr'><strong>cognouimus</strong></span> <span class='ocrx_word' id='word_1_249' title='bbox 2152 3140 2205 3186; x_wconf 90' lang='lat' dir='ltr'><strong>et</strong></span> 
     </span>
    </p>
   </div>
   <div class='ocr_carea' id='block_1_34' title="bbox 637 3220 2203 3286">
    <p class='ocr_par' dir='ltr' id='par_1_34' title="bbox 637 3220 2203 3286">
     <span class='ocr_line' id='line_1_34' title="bbox 637 3220 2203 3286; baseline 0.003 -12"><span class='ocrx_word' id='word_1_250' title='bbox 637 3220 908 3286; x_wconf 78' lang='lat' dir='ltr'><strong>vidimus,</strong></span> <span class='ocrx_word' id='word_1_251' title='bbox 961 3235 1062 3276; x_wconf 90' lang='lat' dir='ltr'><strong>nec</strong></span> <span class='ocrx_word' id='word_1_252' title='bbox 1115 3220 1529 3285; x_wconf 90' lang='lat' dir='ltr'><strong>recordatione,</strong></span> <span class='ocrx_word' id='word_1_253' title='bbox 1581 3236 1681 3275; x_wconf 90' lang='lat' dir='ltr'><strong>nec</strong></span> <span class='ocrx_word' id='word_1_254' title='bbox 1739 3220 2203 3279; x_wconf 85' lang='lat' dir='ltr'><strong>demonstratione</strong></span> 
     </span>
    </p>
   </div>
   <div class='ocr_carea' id='block_1_35' title="bbox 639 3310 2207 3384">
    <p class='ocr_par' dir='ltr' id='par_1_35' title="bbox 639 3310 2207 3384">
     <span class='ocr_line' id='line_1_35' title="bbox 639 3310 2207 3384; baseline 0 -16"><span class='ocrx_word' id='word_1_255' title='bbox 639 3311 803 3384; x_wconf 87' lang='lat' dir='ltr'><strong>digna</strong></span> <span class='ocrx_word' id='word_1_256' title='bbox 851 3320 998 3367; x_wconf 87' lang='lat' dir='ltr'><strong>sunt.</strong></span> <span class='ocrx_word' id='word_1_257' title='bbox 1031 3310 1372 3381; x_wconf 82' lang='lat' dir='ltr'><strong>Quapropter</strong></span> <span class='ocrx_word' id='word_1_258' title='bbox 1417 3311 1532 3367; x_wconf 74' lang='lat' dir='ltr'><strong>haec</strong></span> <span class='ocrx_word' id='word_1_259' title='bbox 1564 3312 1720 3369; x_wconf 92' lang='lat' dir='ltr'><strong>vobis</strong></span> <span class='ocrx_word' id='word_1_260' title='bbox 1763 3313 2004 3368; x_wconf 86' lang='lat' dir='ltr'><strong>cavenda</strong></span> <span class='ocrx_word' id='word_1_261' title='bbox 2052 3329 2207 3368; x_wconf 85' lang='lat' dir='ltr'><strong>man-</strong></span> 
     </span>
    </p>
   </div>
   <div class='ocr_carea' id='block_1_36' title="bbox 641 3401 2210 3474">
    <p class='ocr_par' dir='ltr' id='par_1_36' title="bbox 641 3401 2210 3474">
     <span class='ocr_line' id='line_1_36' title="bbox 641 3401 2210 3474; baseline 0.003 -17"><span class='ocrx_word' id='word_1_262' title='bbox 641 3401 856 3465; x_wconf 88' lang='lat' dir='ltr'><strong>damus,</strong></span> <span class='ocrx_word' id='word_1_263' title='bbox 887 3410 940 3457; x_wconf 91' lang='lat' dir='ltr'><strong>et</strong></span> <span class='ocrx_word' id='word_1_264' title='bbox 968 3401 1233 3457; x_wconf 84' lang='lat' dir='ltr'><strong>doctrinis</strong></span> <span class='ocrx_word' id='word_1_265' title='bbox 1265 3410 1316 3456; x_wconf 87' lang='lat' dir='ltr'><strong>et</strong></span> <span class='ocrx_word' id='word_1_266' title='bbox 1345 3403 1610 3474; x_wconf 77' lang='lat' dir='ltr'><strong>exemplis</strong></span> <span class='ocrx_word' id='word_1_267' title='bbox 1658 3404 2029 3474; x_wconf 83' lang='lat' dir='ltr'><strong>apostolorum</strong></span> <span class='ocrx_word' id='word_1_268' title='bbox 2076 3407 2210 3461; x_wconf 74' lang='lat' dir='ltr'><strong>obe~</strong></span> 
     </span>
    </p>
   </div>
   <div class='ocr_carea' id='block_1_37' title="bbox 639 3492 2211 3566">
    <p class='ocr_par' dir='ltr' id='par_1_37' title="bbox 639 3492 2211 3566">
     <span class='ocr_line' id='line_1_37' title="bbox 639 3492 2211 3566; baseline 0.001 -17"><span class='ocrx_word' id='word_1_269' title='bbox 639 3492 758 3549; x_wconf 86' lang='lat' dir='ltr'><strong>dire</strong></span> <span class='ocrx_word' id='word_1_270' title='bbox 789 3493 1165 3564; x_wconf 75' lang='lat' dir='ltr'><strong>praecipimus;</strong></span> <span class='ocrx_word' id='word_1_271' title='bbox 1201 3495 1326 3564; x_wconf 86' lang='lat' dir='ltr'><strong>quia</strong></span> <span class='ocrx_word' id='word_1_272' title='bbox 1363 3493 1416 3548; x_wconf 89' lang='lat' dir='ltr'><strong>hi</strong></span> <span class='ocrx_word' id='word_1_273' title='bbox 1446 3493 1540 3564; x_wconf 89' lang='lat' dir='ltr'><strong>qui</strong></span> <span class='ocrx_word' id='word_1_274' title='bbox 1564 3496 1817 3548; x_wconf 84' lang='lat' dir='ltr'><strong>mandata</strong></span> <span class='ocrx_word' id='word_1_275' title='bbox 1849 3511 2037 3551; x_wconf 87' lang='lat' dir='ltr'><strong>eorum</strong></span> <span class='ocrx_word' id='word_1_276' title='bbox 2065 3505 2211 3566; x_wconf 89' lang='lat' dir='ltr'><strong>post-</strong></span> 
     </span>
    </p>
   </div>
   <div class='ocr_carea' id='block_1_38' title="bbox 639 3583 2206 3655">
    <p class='ocr_par' dir='ltr' id='par_1_38' title="bbox 639 3583 2206 3655">
     <span class='ocr_line' id='line_1_38' title="bbox 639 3583 2206 3655; baseline 0.004 -18"><span class='ocrx_word' id='word_1_277' title='bbox 639 3590 871 3655; x_wconf 87' lang='lat' dir='ltr'><strong>ponunt,</strong></span> <span class='ocrx_word' id='word_1_278' title='bbox 895 3598 1003 3639; x_wconf 89' lang='lat' dir='ltr'><strong>non</strong></span> <span class='ocrx_word' id='word_1_279' title='bbox 1030 3583 1204 3639; x_wconf 88' lang='lat' dir='ltr'><strong>solum</strong></span> <span class='ocrx_word' id='word_1_280' title='bbox 1235 3583 1333 3648; x_wconf 90' lang='lat' dir='ltr'><strong>rei,</strong></span> <span class='ocrx_word' id='word_1_281' title='bbox 1362 3585 1454 3639; x_wconf 90' lang='lat' dir='ltr'><strong>sed</strong></span> <span class='ocrx_word' id='word_1_282' title='bbox 1486 3592 1732 3640; x_wconf 78' lang='lat' dir='ltr'><strong>extorres</strong></span> <span class='ocrx_word' id='word_1_283' title='bbox 1764 3585 1916 3641; x_wconf 73' lang='lat' dir='ltr'><strong>fiunt.</strong></span> <span class='ocrx_word' id='word_1_284' title='bbox 1943 3586 2075 3654; x_wconf 87' lang='lat' dir='ltr'><strong>Quae</strong></span> <span class='ocrx_word' id='word_1_285' title='bbox 2099 3605 2206 3644; x_wconf 89' lang='lat' dir='ltr'><strong>non</strong></span> 
     </span>
    </p>
   </div>
   <div class='ocr_carea' id='block_1_39' title="bbox 642 3675 2207 3750">
    <p class='ocr_par' dir='ltr' id='par_1_39' title="bbox 642 3675 2207 3750">
     <span class='ocr_line' id='line_1_39' title="bbox 642 3675 2207 3750; baseline 0.003 -19"><span class='ocrx_word' id='word_1_286' title='bbox 642 3675 816 3732; x_wconf 81' lang='lat' dir='ltr'><strong>solum</strong></span> <span class='ocrx_word' id='word_1_287' title='bbox 853 3693 883 3730; x_wconf 84' lang='lat' dir='ltr'><strong>v</strong></span> <span class='ocrx_word' id='word_1_288' title='bbox 927 3675 1009 3731; x_wconf 85' lang='lat' dir='ltr'><strong>bis</strong></span> <span class='ocrx_word' id='word_1_289' title='bbox 1037 3675 1300 3741; x_wconf 88' lang='lat' dir='ltr'><strong>cavenda,</strong></span> <span class='ocrx_word' id='word_1_290' title='bbox 1345 3675 1440 3731; x_wconf 87' lang='lat' dir='ltr'><strong>sed</strong></span> <span class='ocrx_word' id='word_1_291' title='bbox 1483 3685 1537 3733; x_wconf 91' lang='lat' dir='ltr'><strong>et</strong></span> <span class='ocrx_word' id='word_1_292' title='bbox 1580 3678 1831 3734; x_wconf 90' lang='lat' dir='ltr'><strong>omnibus</strong></span> <span class='ocrx_word' id='word_1_293' title='bbox 1863 3678 2207 3750; x_wconf 72' lang='lat' dir='ltr'><strong>pnndicanda</strong></span> 
     </span>
    </p>
   </div>
   <div class='ocr_carea' id='block_1_40' title="bbox 639 3763 2208 3840">
    <p class='ocr_par' dir='ltr' id='par_1_40' title="bbox 639 3763 2208 3840">
     <span class='ocr_line' id='line_1_40' title="bbox 639 3763 2208 3840; baseline 0.003 -18"><span class='ocrx_word' id='word_1_294' title='bbox 639 3775 790 3823; x_wconf 70' lang='lat' dir='ltr'><strong>sunt.</strong></span> <span class='ocrx_word' id='word_1_295' title='bbox 817 3767 861 3799; x_wconf 81' lang='lat'>”</span> <span class='ocrx_word' id='word_1_296' title='bbox 891 3763 1138 3821; x_wconf 81' lang='lat' dir='ltr'><strong>Relatum</strong></span> <span class='ocrx_word' id='word_1_297' title='bbox 1177 3774 1261 3822; x_wconf 89' lang='lat' dir='ltr'><strong>est</strong></span> <span class='ocrx_word' id='word_1_298' title='bbox 1299 3766 1462 3822; x_wconf 89' lang='lat' dir='ltr'><strong>etiam</strong></span> <span class='ocrx_word' id='word_1_299' title='bbox 1495 3768 1675 3832; x_wconf 89' lang='lat' dir='ltr'><strong>nobis,</strong></span> <span class='ocrx_word' id='word_1_300' title='bbox 1707 3769 1852 3838; x_wconf 87' lang='lat' dir='ltr'><strong>quod</strong></span> <span class='ocrx_word' id='word_1_301' title='bbox 1899 3770 2120 3840; x_wconf 89' lang='lat' dir='ltr'><strong>quidam</strong></span> <span class='ocrx_word' id='word_1_302' title='bbox 2152 3772 2208 3826; x_wconf 93' lang='lat' dir='ltr'><strong>in</strong></span> 
     </span>
    </p>
   </div>
   <div class='ocr_carea' id='block_1_41' title="bbox 640 3858 2208 3929">
    <p class='ocr_par' dir='ltr' id='par_1_41' title="bbox 640 3858 2208 3929">
     <span class='ocr_line' id='line_1_41' title="bbox 640 3858 2208 3929; baseline 0.005 -16"><span class='ocrx_word' id='word_1_303' title='bbox 640 3858 840 3913; x_wconf 77' lang='lat' dir='ltr'><strong>vestris</strong></span> <span class='ocrx_word' id='word_1_304' title='bbox 892 3859 1137 3929; x_wconf 84' lang='lat' dir='ltr'><strong>partibus</strong></span> <span class='ocrx_word' id='word_1_305' title='bbox 1181 3865 1614 3924; x_wconf 87' lang='lat' dir='ltr'><strong>commorantes,</strong></span> <span class='ocrx_word' id='word_1_306' title='bbox 1659 3860 2018 3918; x_wconf 81' lang='lat' dir='ltr'><strong>adversantur</strong></span> <span class='ocrx_word' id='word_1_307' title='bbox 2057 3863 2208 3921; x_wconf 83' lang='lat' dir='ltr'><strong>sanis</strong></span> 
     </span>
    </p>
   </div>
   <div class='ocr_carea' id='block_1_42' title="bbox 644 3947 2211 4022">
    <p class='ocr_par' dir='ltr' id='par_1_42' title="bbox 644 3947 2211 4022">
     <span class='ocr_line' id='line_1_42' title="bbox 644 3947 2211 4022; baseline 0.004 -20"><span class='ocrx_word' id='word_1_308' title='bbox 644 3949 928 4014; x_wconf 88' lang='lat' dir='ltr'><strong>doctrinis,</strong></span> <span class='ocrx_word' id='word_1_309' title='bbox 954 3959 1007 4004; x_wconf 91' lang='lat' dir='ltr'><strong>et</strong></span> <span class='ocrx_word' id='word_1_310' title='bbox 1039 3947 1222 4020; x_wconf 88' lang='lat' dir='ltr'><strong>(prout</strong></span> <span class='ocrx_word' id='word_1_311' title='bbox 1252 3948 1333 4005; x_wconf 91' lang='lat' dir='ltr'><strong>eis</strong></span> <span class='ocrx_word' id='word_1_312' title='bbox 1360 3949 1596 4022; x_wconf 89' lang='lat' dir='ltr'><strong>videtur)</strong></span> <span class='ocrx_word' id='word_1_313' title='bbox 1627 3966 1738 4006; x_wconf 89' lang='lat' dir='ltr'><strong>non</strong></span> <span class='ocrx_word' id='word_1_314' title='bbox 1765 3954 2066 4009; x_wconf 87' lang='lat' dir='ltr'><strong>secundum</strong></span> <span class='ocrx_word' id='word_1_315' title='bbox 2096 3961 2211 4010; x_wconf 88' lang='lat' dir='ltr'><strong>tra-</strong></span> 
     </span>
    </p>
   </div>
   <div class='ocr_carea' id='block_1_43' title="bbox 645 4040 2210 4112">
    <p class='ocr_par' dir='ltr' id='par_1_43' title="bbox 645 4040 2210 4112">
     <span class='ocr_line' id='line_1_43' title="bbox 645 4040 2210 4112; baseline 0.006 -19"><span class='ocrx_word' id='word_1_316' title='bbox 645 4041 907 4096; x_wconf 81' lang='lat' dir='ltr'><strong>ditionem</strong></span> <span class='ocrx_word' id='word_1_317' title='bbox 938 4040 1116 4097; x_wconf 87' lang='lat' dir='ltr'><strong>Patris</strong></span> <span class='ocrx_word' id='word_1_318' title='bbox 1143 4042 1209 4106; x_wconf 81' lang='lat'><strong>“,</strong></span> <span class='ocrx_word' id='word_1_319' title='bbox 1247 4042 1340 4097; x_wconf 82' lang='lat' dir='ltr'><strong>sed</strong></span> <span class='ocrx_word' id='word_1_320' title='bbox 1367 4042 1522 4112; x_wconf 80' lang='lat' dir='ltr'><strong>juxta</strong></span> <span class='ocrx_word' id='word_1_321' title='bbox 1555 4059 1775 4101; x_wconf 82' lang='lat' dir='ltr'><strong>sensum</strong></span> <span class='ocrx_word' id='word_1_322' title='bbox 1808 4061 1968 4101; x_wconf 91' lang='lat' dir='ltr'><strong>suum</strong></span> <span class='ocrx_word' id='word_1_323' title='bbox 2011 4048 2210 4104; x_wconf 85' lang='lat' dir='ltr'><strong>docere</strong></span> 
     </span>
    </p>
   </div>
   <div class='ocr_carea' id='block_1_44' title="bbox 647 4134 2209 4209">
    <p class='ocr_par' dir='ltr' id='par_1_44' title="bbox 647 4134 2209 4209">
     <span class='ocr_line' id='line_1_44' title="bbox 647 4134 2209 4209; baseline 0.006 -23"><span class='ocrx_word' id='word_1_324' title='bbox 647 4134 918 4190; x_wconf 88' lang='lat' dir='ltr'><strong>videntur.</strong></span> <span class='ocrx_word' id='word_1_325' title='bbox 947 4134 990 4166; x_wconf 88' lang='grc'><strong>³¹</strong></span> <span class='ocrx_word' id='word_1_326' title='bbox 1039 4134 1233 4190; x_wconf 86' lang='lat' dir='ltr'><strong>Multas</strong></span> <span class='ocrx_word' id='word_1_327' title='bbox 1281 4137 1424 4190; x_wconf 88' lang='lat' dir='ltr'><strong>enim</strong></span> <span class='ocrx_word' id='word_1_328' title='bbox 1478 4135 1699 4208; x_wconf 88' lang='lat' dir='ltr'><strong>quidam</strong></span> <span class='ocrx_word' id='word_1_329' title='bbox 1743 4138 1833 4209; x_wconf 89' lang='lat' dir='ltr'><strong>(ut</strong></span> <span class='ocrx_word' id='word_1_330' title='bbox 1880 4138 2209 4196; x_wconf 80' lang='lat' dir='ltr'><strong>audivimus\</strong></span> 
     </span>
    </p>
   </div>
   <div class='ocr_carea' id='block_1_45' title="bbox 734 4321 1443 4394">
    <p class='ocr_par' dir='ltr' id='par_1_45' title="bbox 734 4321 1443 4394">
     <span class='ocr_line' id='line_1_45' title="bbox 734 4321 1443 4394; baseline 0.006 -19"><span class='ocrx_word' id='word_1_331' title='bbox 734 4324 777 4353; x_wconf 85' lang='lat'>&quot;</span> <span class='ocrx_word' id='word_1_332' title='bbox 825 4322 1100 4394; x_wconf 71' lang='lat' dir='ltr'><strong>Platonem</strong></span> <span class='ocrx_word' id='word_1_333' title='bbox 1172 4321 1443 4394; x_wconf 79' lang='lat' dir='ltr'><strong>intelligit.</strong></span> 
     </span>
    </p>
   </div>
   <div class='ocr_carea' id='block_1_46' title="bbox 651 4462 1327 4524">
    <p class='ocr_par' dir='ltr' id='par_1_46' title="bbox 651 4462 1327 4524">
     <span class='ocr_line' id='line_1_46' title="bbox 651 4462 1327 4524; baseline -0.004 -7"><span class='ocrx_word' id='word_1_334' title='bbox 651 4466 702 4517; x_wconf 72' lang='grc'><strong>1.</strong></span> <span class='ocrx_word' id='word_1_335' title='bbox 780 4463 823 4494; x_wconf 81' lang='grc'><strong>’⁸</strong></span> <span class='ocrx_word' id='word_1_336' title='bbox 854 4464 974 4515; x_wconf 76' lang='lat' dir='ltr'><strong>Act.</strong></span> <span class='ocrx_word' id='word_1_337' title='bbox 1019 4477 1090 4524; x_wconf 86' lang='lat' dir='ltr'><strong>tv,</strong></span> <span class='ocrx_word' id='word_1_338' title='bbox 1129 4462 1216 4516; x_wconf 73' lang='grc'><strong>54.</strong></span> <span class='ocrx_word' id='word_1_339' title='bbox 1283 4463 1327 4495; x_wconf 78' lang='grc'>³⁸</span> 
     </span>
    </p>
   </div>
   <div class='ocr_carea' id='block_1_47' title="bbox 1413 4462 2170 4534">
    <p class='ocr_par' dir='ltr' id='par_1_47' title="bbox 1413 4462 2170 4534">
     <span class='ocr_line' id='line_1_47' title="bbox 1413 4462 2170 4534; baseline 0.007 -14"><span class='ocrx_word' id='word_1_340' title='bbox 1413 4480 1458 4520; x_wconf 91' lang='lat' dir='ltr'><strong>s.</strong></span> <span class='ocrx_word' id='word_1_341' title='bbox 1494 4462 1762 4534; x_wconf 38' lang='lat' dir='ltr'><strong>,Zapltira.</strong></span> <span class='ocrx_word' id='word_1_342' title='bbox 1857 4469 1899 4499; x_wconf 77' lang='lat'>&quot;</span> <span class='ocrx_word' id='word_1_343' title='bbox 1952 4468 2074 4525; x_wconf 79' lang='lat' dir='ltr'><strong>Act.</strong></span> <span class='ocrx_word' id='word_1_344' title='bbox 2120 4486 2170 4525; x_wconf 83' lang='grc' dir='ltr'><strong>ν.</strong></span> 
     </span>
    </p>
   </div>
   <div class='ocr_carea' id='block_1_48' title="bbox 654 4601 1064 4665">
    <p class='ocr_par' dir='ltr' id='par_1_48' title="bbox 654 4601 1064 4665">
     <span class='ocr_line' id='line_1_48' title="bbox 654 4601 1064 4665; baseline 0 -11"><span class='ocrx_word' id='word_1_345' title='bbox 654 4601 698 4632; x_wconf 77' lang='grc'><strong>’⁸</strong></span> <span class='ocrx_word' id='word_1_346' title='bbox 730 4601 826 4658; x_wconf 78' lang='lat' dir='ltr'><strong>Ms.</strong></span> <span class='ocrx_word' id='word_1_347' title='bbox 856 4611 1064 4665; x_wconf 72' lang='lat' dir='ltr'><strong>artem,</strong></span> 
     </span>
    </p>
   </div>
   <div class='ocr_carea' id='block_1_49' title="bbox 2227 1808 2269 1869">
    <p class='ocr_par' dir='ltr' id='par_1_49' title="bbox 2227 1808 2269 1869">
     <span class='ocr_line' id='line_1_49' title="bbox 2227 1808 2269 1869; baseline 0 0"><span class='ocrx_word' id='word_1_348' title='bbox 2227 1808 2269 1869; x_wconf 82' lang='grc' dir='ltr'><strong>Β</strong></span> 
     </span>
    </p>
   </div>
   <div class='ocr_carea' id='block_1_50' title="bbox 2294 560 3868 633">
    <p class='ocr_par' dir='ltr' id='par_1_50' title="bbox 2294 560 3868 633">
     <span class='ocr_line' id='line_1_50' title="bbox 2294 560 3868 633; baseline -0.004 -15"><span class='ocrx_word' id='word_1_349' title='bbox 2294 578 2358 619; x_wconf 83' lang='lat' dir='ltr'><strong>ex</strong></span> <span class='ocrx_word' id='word_1_350' title='bbox 2392 564 2478 619; x_wconf 88' lang='lat' dir='ltr'><strong>his</strong></span> <span class='ocrx_word' id='word_1_351' title='bbox 2526 578 2645 633; x_wconf 67' lang='lat' dir='ltr'><strong>quae</strong></span> <span class='ocrx_word' id='word_1_352' title='bbox 2693 563 2908 632; x_wconf 82' lang='lat' dir='ltr'><strong>legunt,</strong></span> <span class='ocrx_word' id='word_1_353' title='bbox 2951 562 3458 618; x_wconf 84' lang='lat' dir='ltr'><strong>verisimilitudines</strong></span> <span class='ocrx_word' id='word_1_354' title='bbox 3505 560 3730 631; x_wconf 86' lang='lat' dir='ltr'><strong>capiunt</strong></span> <span class='ocrx_word' id='word_1_355' title='bbox 3765 580 3778 614; x_wconf 89' lang='lat'><strong>:</strong></span> <span class='ocrx_word' id='word_1_356' title='bbox 3810 568 3868 613; x_wconf 81' lang='lat' dir='ltr'><strong>et</strong></span> 
     </span>
    </p>
   </div>
   <div class='ocr_carea' id='block_1_51' title="bbox 2295 651 3870 725">
    <p class='ocr_par' dir='ltr' id='par_1_51' title="bbox 2295 651 3870 725">
     <span class='ocr_line' id='line_1_51' title="bbox 2295 651 3870 725; baseline -0.003 -15"><span class='ocrx_word' id='word_1_357' title='bbox 2295 656 2415 710; x_wconf 84' lang='lat' dir='ltr'><strong>ideo</strong></span> <span class='ocrx_word' id='word_1_358' title='bbox 2455 654 2744 725; x_wconf 72' lang='lat' dir='ltr'><strong>diligenter</strong></span> <span class='ocrx_word' id='word_1_359' title='bbox 2786 654 3185 710; x_wconf 85' lang='lat' dir='ltr'><strong>observandum</strong></span> <span class='ocrx_word' id='word_1_360' title='bbox 3229 664 3330 718; x_wconf 87' lang='lat' dir='ltr'><strong>est,</strong></span> <span class='ocrx_word' id='word_1_361' title='bbox 3374 663 3434 708; x_wconf 89' lang='lat' dir='ltr'><strong>ut</strong></span> <span class='ocrx_word' id='word_1_362' title='bbox 3465 654 3550 709; x_wconf 87' lang='lat' dir='ltr'><strong>lex</strong></span> <span class='ocrx_word' id='word_1_363' title='bbox 3585 651 3702 717; x_wconf 90' lang='lat' dir='ltr'><strong>Dei,</strong></span> <span class='ocrx_word' id='word_1_364' title='bbox 3739 665 3870 707; x_wconf 90' lang='lat' dir='ltr'><strong>cum</strong></span> 
     </span>
    </p>
   </div>
   <div class='ocr_carea' id='block_1_52' title="bbox 2294 743 3872 818">
    <p class='ocr_par' dir='ltr' id='par_1_52' title="bbox 2294 743 3872 818">
     <span class='ocr_line' id='line_1_52' title="bbox 2294 743 3872 818; baseline -0.001 -19"><span class='ocrx_word' id='word_1_365' title='bbox 2294 745 2511 817; x_wconf 86' lang='lat' dir='ltr'><strong>legitur,</strong></span> <span class='ocrx_word' id='word_1_366' title='bbox 2563 760 2674 800; x_wconf 87' lang='lat' dir='ltr'><strong>non</strong></span> <span class='ocrx_word' id='word_1_367' title='bbox 2722 745 3025 802; x_wconf 86' lang='lat' dir='ltr'><strong>secundum</strong></span> <span class='ocrx_word' id='word_1_368' title='bbox 3072 747 3349 818; x_wconf 87' lang='lat' dir='ltr'><strong>propriam</strong></span> <span class='ocrx_word' id='word_1_369' title='bbox 3407 745 3609 817; x_wconf 77' lang='lat' dir='ltr'><strong>ingenii</strong></span> <span class='ocrx_word' id='word_1_370' title='bbox 3662 743 3872 800; x_wconf 89' lang='lat' dir='ltr'><strong>intelli-</strong></span> 
     </span>
    </p>
   </div>
   <div class='ocr_carea' id='block_1_53' title="bbox 2291 833 3871 908">
    <p class='ocr_par' dir='ltr' id='par_1_53' title="bbox 2291 833 3871 908">
     <span class='ocr_line' id='line_1_53' title="bbox 2291 833 3871 908; baseline -0.003 -17"><span class='ocrx_word' id='word_1_371' title='bbox 2291 837 2530 908; x_wconf 75' lang='lat' dir='ltr'><strong>gentiam</strong></span> <span class='ocrx_word' id='word_1_372' title='bbox 2586 837 2796 905; x_wconf 82' lang='lat' dir='ltr'><strong>legatur</strong></span> <span class='ocrx_word' id='word_1_373' title='bbox 2846 837 2930 892; x_wconf 85' lang='lat' dir='ltr'><strong>vel</strong></span> <span class='ocrx_word' id='word_1_374' title='bbox 2987 835 3271 893; x_wconf 87' lang='lat' dir='ltr'><strong>doceatur.</strong></span> <span class='ocrx_word' id='word_1_375' title='bbox 3320 836 3457 891; x_wconf 89' lang='lat' dir='ltr'><strong>Sunt</strong></span> <span class='ocrx_word' id='word_1_376' title='bbox 3498 836 3644 892; x_wconf 88' lang='lat' dir='ltr'><strong>enim</strong></span> <span class='ocrx_word' id='word_1_377' title='bbox 3695 833 3871 889; x_wconf 86' lang='lat' dir='ltr'><strong>multa</strong></span> 
     </span>
    </p>
   </div>
   <div class='ocr_carea' id='block_1_54' title="bbox 2291 924 3874 1000">
    <p class='ocr_par' dir='ltr' id='par_1_54' title="bbox 2291 924 3874 1000">
     <span class='ocr_line' id='line_1_54' title="bbox 2291 924 3874 1000; baseline -0.001 -19"><span class='ocrx_word' id='word_1_378' title='bbox 2291 929 2459 984; x_wconf 81' lang='lat' dir='ltr'><strong>verba</strong></span> <span class='ocrx_word' id='word_1_379' title='bbox 2501 927 2558 983; x_wconf 87' lang='lat' dir='ltr'><strong>in</strong></span> <span class='ocrx_word' id='word_1_380' title='bbox 2598 926 3162 998; x_wconf 73' lang='lat' dir='ltr'><strong>Scripturisdivinis,</strong></span> <span class='ocrx_word' id='word_1_381' title='bbox 3203 943 3324 999; x_wconf 63' lang='lat' dir='ltr'><strong>qua:</strong></span> <span class='ocrx_word' id='word_1_382' title='bbox 3355 935 3584 1000; x_wconf 88' lang='lat' dir='ltr'><strong>possunt</strong></span> <span class='ocrx_word' id='word_1_383' title='bbox 3613 925 3760 980; x_wconf 86' lang='lat' dir='ltr'><strong>trahi</strong></span> <span class='ocrx_word' id='word_1_384' title='bbox 3798 924 3874 980; x_wconf 89' lang='lat' dir='ltr'><strong>ad</strong></span> 
     </span>
    </p>
   </div>
   <div class='ocr_carea' id='block_1_55' title="bbox 2293 1005 3877 1090">
    <p class='ocr_par' dir='ltr' id='par_1_55' title="bbox 2293 1005 3877 1090">
     <span class='ocr_line' id='line_1_55' title="bbox 2293 1005 3877 1090; baseline -0.003 -15"><span class='ocrx_word' id='word_1_385' title='bbox 2293 1035 2418 1075; x_wconf 86' lang='lat' dir='ltr'><strong>cum</strong></span> <span class='ocrx_word' id='word_1_386' title='bbox 2453 1019 2496 1052; x_wconf 84' lang='grc'><strong>³⁸</strong></span> <span class='ocrx_word' id='word_1_387' title='bbox 2556 1035 2816 1085; x_wconf 85' lang='lat' dir='ltr'><strong>sensum,</strong></span> <span class='ocrx_word' id='word_1_388' title='bbox 2862 1034 3023 1090; x_wconf 87' lang='lat' dir='ltr'><strong>quem</strong></span> <span class='ocrx_word' id='word_1_389' title='bbox 3095 1018 3198 1075; x_wconf 83' lang='lat' dir='ltr'><strong>sibi</strong></span> <span class='ocrx_word' id='word_1_390' title='bbox 3246 1019 3622 1090; x_wconf 84' lang='lat' dir='ltr'><strong>unusquisque</strong></span> <span class='ocrx_word' id='word_1_391' title='bbox 3671 1005 3877 1087; x_wconf 80' lang='lat' dir='ltr'><strong>sponte</strong></span> 
     </span>
    </p>
   </div>
   <div class='ocr_carea' id='block_1_56' title="bbox 2295 1109 3877 1184">
    <p class='ocr_par' dir='ltr' id='par_1_56' title="bbox 2295 1109 3877 1184">
     <span class='ocr_line' id='line_1_56' title="bbox 2295 1109 3877 1184; baseline -0.003 -19"><span class='ocrx_word' id='word_1_392' title='bbox 2295 1112 2665 1182; x_wconf 66' lang='lat' dir='ltr'><strong>praesumpsit,</strong></span> <span class='ocrx_word' id='word_1_393' title='bbox 2709 1109 2801 1166; x_wconf 89' lang='lat' dir='ltr'><strong>sed</strong></span> <span class='ocrx_word' id='word_1_394' title='bbox 2837 1110 2954 1166; x_wconf 83' lang='lat' dir='ltr'><strong>ﬁeri</strong></span> <span class='ocrx_word' id='word_1_395' title='bbox 2984 1126 3094 1165; x_wconf 91' lang='lat' dir='ltr'><strong>non</strong></span> <span class='ocrx_word' id='word_1_396' title='bbox 3138 1117 3374 1184; x_wconf 82' lang='lat' dir='ltr'><strong>oportet.</strong></span> <span class='ocrx_word' id='word_1_397' title='bbox 3404 1110 3519 1165; x_wconf 81' lang='lat' dir='ltr'><strong>Non</strong></span> <span class='ocrx_word' id='word_1_398' title='bbox 3561 1109 3707 1166; x_wconf 88' lang='lat' dir='ltr'><strong>enim</strong></span> <span class='ocrx_word' id='word_1_399' title='bbox 3740 1123 3877 1162; x_wconf 86' lang='lat' dir='ltr'><strong>sen-</strong></span> 
     </span>
    </p>
   </div>
   <div class='ocr_carea' id='block_1_57' title="bbox 2295 1201 3879 1273">
    <p class='ocr_par' dir='ltr' id='par_1_57' title="bbox 2295 1201 3879 1273">
     <span class='ocr_line' id='line_1_57' title="bbox 2295 1201 3879 1273; baseline -0.005 -15"><span class='ocrx_word' id='word_1_400' title='bbox 2295 1218 2413 1258; x_wconf 86' lang='lat' dir='ltr'><strong>sum</strong></span> <span class='ocrx_word' id='word_1_401' title='bbox 2442 1218 2600 1273; x_wconf 89' lang='lat' dir='ltr'><strong>quem</strong></span> <span class='ocrx_word' id='word_1_402' title='bbox 2626 1202 2967 1258; x_wconf 84' lang='lat' dir='ltr'><strong>extrinsecus</strong></span> <span class='ocrx_word' id='word_1_403' title='bbox 2987 1201 3321 1266; x_wconf 86' lang='lat' dir='ltr'><strong>adulteretis,</strong></span> <span class='ocrx_word' id='word_1_404' title='bbox 3348 1201 3584 1255; x_wconf 88' lang='lat' dir='ltr'><strong>alienum</strong></span> <span class='ocrx_word' id='word_1_405' title='bbox 3609 1205 3662 1255; x_wconf 90' lang='lat' dir='ltr'><strong>et</strong></span> <span class='ocrx_word' id='word_1_406' title='bbox 3689 1204 3879 1254; x_wconf 77' lang='lat' dir='ltr'><strong>extra-</strong></span> 
     </span>
    </p>
   </div>
   <div class='ocr_carea' id='block_1_58' title="bbox 2293 1287 3880 1364">
    <p class='ocr_par' dir='ltr' id='par_1_58' title="bbox 2293 1287 3880 1364">
     <span class='ocr_line' id='line_1_58' title="bbox 2293 1287 3880 1364; baseline -0.004 -15"><span class='ocrx_word' id='word_1_407' title='bbox 2293 1309 2455 1349; x_wconf 84' lang='lat' dir='ltr'><strong>neum</strong></span> <span class='ocrx_word' id='word_1_408' title='bbox 2480 1291 2689 1349; x_wconf 84' lang='lat' dir='ltr'><strong>debetis</strong></span> <span class='ocrx_word' id='word_1_409' title='bbox 2714 1308 2979 1364; x_wconf 73' lang='lat' dir='ltr'><strong>quzerere,</strong></span> <span class='ocrx_word' id='word_1_410' title='bbox 3012 1301 3105 1348; x_wconf 85' lang='lat' dir='ltr'><strong>aut</strong></span> <span class='ocrx_word' id='word_1_411' title='bbox 3133 1291 3408 1362; x_wconf 89' lang='lat' dir='ltr'><strong>quomodo</strong></span> <span class='ocrx_word' id='word_1_412' title='bbox 3431 1292 3476 1323; x_wconf 73' lang='lat'>“</span> <span class='ocrx_word' id='word_1_413' title='bbox 3507 1293 3687 1363; x_wconf 86' lang='lat' dir='ltr'><strong>ipsum</strong></span> <span class='ocrx_word' id='word_1_414' title='bbox 3717 1287 3880 1343; x_wconf 86' lang='lat' dir='ltr'><strong>Scri-</strong></span> 
     </span>
    </p>
   </div>
   <div class='ocr_carea' id='block_1_59' title="bbox 2296 1381 3880 1458">
    <p class='ocr_par' dir='ltr' id='par_1_59' title="bbox 2296 1381 3880 1458">
     <span class='ocr_line' id='line_1_59' title="bbox 2296 1381 3880 1458; baseline -0.003 -18"><span class='ocrx_word' id='word_1_415' title='bbox 2296 1393 2581 1458; x_wconf 84' lang='lat' dir='ltr'><strong>pturarum</strong></span> <span class='ocrx_word' id='word_1_416' title='bbox 2639 1385 2964 1438; x_wconf 86' lang='lat' dir='ltr'><strong>auctoritate</strong></span> <span class='ocrx_word' id='word_1_417' title='bbox 3024 1383 3394 1450; x_wconf 84' lang='lat' dir='ltr'><strong>coniirmetis;</strong></span> <span class='ocrx_word' id='word_1_418' title='bbox 3454 1382 3547 1437; x_wconf 89' lang='lat' dir='ltr'><strong>sed</strong></span> <span class='ocrx_word' id='word_1_419' title='bbox 3596 1397 3662 1436; x_wconf 88' lang='lat' dir='ltr'><strong>ex</strong></span> <span class='ocrx_word' id='word_1_420' title='bbox 3731 1381 3880 1451; x_wconf 88' lang='lat' dir='ltr'><strong>ipsis</strong></span> 
     </span>
    </p>
   </div>
   <div class='ocr_carea' id='block_1_60' title="bbox 2298 1471 3882 1548">
    <p class='ocr_par' dir='ltr' id='par_1_60' title="bbox 2298 1471 3882 1548">
     <span class='ocr_line' id='line_1_60' title="bbox 2298 1471 3882 1548; baseline -0.004 -17"><span class='ocrx_word' id='word_1_421' title='bbox 2298 1475 2600 1548; x_wconf 90' lang='lat' dir='ltr'><strong>Scripturis</strong></span> <span class='ocrx_word' id='word_1_422' title='bbox 2628 1491 2851 1532; x_wconf 87' lang='lat' dir='ltr'><strong>sensum</strong></span> <span class='ocrx_word' id='word_1_423' title='bbox 2884 1490 3080 1546; x_wconf 88' lang='lat' dir='ltr'><strong>capere</strong></span> <span class='ocrx_word' id='word_1_424' title='bbox 3108 1475 3376 1530; x_wconf 83' lang='lat' dir='ltr'><strong>veritatis.</strong></span> <span class='ocrx_word' id='word_1_425' title='bbox 3409 1472 3472 1528; x_wconf 85' lang='lat' dir='ltr'><strong>Et</strong></span> <span class='ocrx_word' id='word_1_426' title='bbox 3498 1471 3621 1528; x_wconf 84' lang='lat' dir='ltr'><strong>ideo</strong></span> <span class='ocrx_word' id='word_1_427' title='bbox 3651 1479 3882 1543; x_wconf 85' lang='lat' dir='ltr'><strong>oportet</strong></span> 
     </span>
    </p>
   </div>
   <div class='ocr_carea' id='block_1_61' title="bbox 2295 1565 3880 1640">
    <p class='ocr_par' dir='ltr' id='par_1_61' title="bbox 2295 1565 3880 1640">
     <span class='ocr_line' id='line_1_61' title="bbox 2295 1565 3880 1640; baseline -0.008 -13"><span class='ocrx_word' id='word_1_428' title='bbox 2295 1571 2363 1627; x_wconf 84' lang='lat' dir='ltr'><strong>ab</strong></span> <span class='ocrx_word' id='word_1_429' title='bbox 2395 1585 2458 1625; x_wconf 90' lang='lat' dir='ltr'><strong>eo</strong></span> <span class='ocrx_word' id='word_1_430' title='bbox 2490 1569 2902 1640; x_wconf 74' lang='lat' dir='ltr'><strong>intelligentiam</strong></span> <span class='ocrx_word' id='word_1_431' title='bbox 2930 1567 3142 1624; x_wconf 77' lang='lat' dir='ltr'><strong>discere</strong></span> <span class='ocrx_word' id='word_1_432' title='bbox 3172 1565 3600 1637; x_wconf 83' lang='lat' dir='ltr'><strong>Scripturarum,</strong></span> <span class='ocrx_word' id='word_1_433' title='bbox 3625 1565 3720 1634; x_wconf 89' lang='lat' dir='ltr'><strong>qui</strong></span> <span class='ocrx_word' id='word_1_434' title='bbox 3751 1577 3880 1618; x_wconf 85' lang='lat' dir='ltr'><strong>eam</strong></span> 
     </span>
    </p>
   </div>
   <div class='ocr_carea' id='block_1_62' title="bbox 2297 1653 3880 1730">
    <p class='ocr_par' dir='ltr' id='par_1_62' title="bbox 2297 1653 3880 1730">
     <span class='ocr_line' id='line_1_62' title="bbox 2297 1653 3880 1730; baseline -0.006 -14"><span class='ocrx_word' id='word_1_435' title='bbox 2297 1677 2327 1716; x_wconf 88' lang='lat' dir='ltr'><strong>a</strong></span> <span class='ocrx_word' id='word_1_436' title='bbox 2375 1659 2713 1730; x_wconf 85' lang='lat' dir='ltr'><strong>majoribus,</strong></span> <span class='ocrx_word' id='word_1_437' title='bbox 2762 1658 3060 1714; x_wconf 89' lang='lat' dir='ltr'><strong>secundum</strong></span> <span class='ocrx_word' id='word_1_438' title='bbox 3115 1659 3394 1714; x_wconf 88' lang='lat' dir='ltr'><strong>veritatem</strong></span> <span class='ocrx_word' id='word_1_439' title='bbox 3450 1653 3552 1713; x_wconf 86' lang='lat' dir='ltr'><strong>sibi</strong></span> <span class='ocrx_word' id='word_1_440' title='bbox 3612 1653 3880 1709; x_wconf 87' lang='lat' dir='ltr'><strong>traditam</strong></span> 
     </span>
    </p>
   </div>
   <div class='ocr_carea' id='block_1_63' title="bbox 2297 1747 3882 1824">
    <p class='ocr_par' dir='ltr' id='par_1_63' title="bbox 2297 1747 3882 1824">
     <span class='ocr_line' id='line_1_63' title="bbox 2297 1747 3882 1824; baseline -0.006 -14"><span class='ocrx_word' id='word_1_441' title='bbox 2297 1754 2537 1810; x_wconf 82' lang='lat' dir='ltr'><strong>servavit</strong></span> <span class='ocrx_word' id='word_1_442' title='bbox 2579 1760 2639 1809; x_wconf 93' lang='lat' dir='ltr'><strong>ut</strong></span> <span class='ocrx_word' id='word_1_443' title='bbox 2683 1762 2734 1808; x_wconf 89' lang='lat' dir='ltr'><strong>et</strong></span> <span class='ocrx_word' id='word_1_444' title='bbox 2768 1752 2886 1823; x_wconf 90' lang='lat' dir='ltr'><strong>ipse</strong></span> <span class='ocrx_word' id='word_1_445' title='bbox 2935 1751 3110 1824; x_wconf 86' lang='lat' dir='ltr'><strong>possit</strong></span> <span class='ocrx_word' id='word_1_446' title='bbox 3136 1765 3220 1817; x_wconf 87' lang='lat' dir='ltr'><strong>ea,</strong></span> <span class='ocrx_word' id='word_1_447' title='bbox 3262 1766 3384 1824; x_wconf 82' lang='lat' dir='ltr'><strong>quae</strong></span> <span class='ocrx_word' id='word_1_448' title='bbox 3420 1760 3567 1808; x_wconf 88' lang='lat' dir='ltr'><strong>recte</strong></span> <span class='ocrx_word' id='word_1_449' title='bbox 3602 1747 3882 1817; x_wconf 81' lang='lat' dir='ltr'><strong>suscepit,</strong></span> 
     </span>
    </p>
   </div>
   <div class='ocr_carea' id='block_1_64' title="bbox 2301 1836 3886 1916">
    <p class='ocr_par' dir='ltr' id='par_1_64' title="bbox 2301 1836 3886 1916">
     <span class='ocr_line' id='line_1_64' title="bbox 2301 1836 3886 1916; baseline -0.006 -15"><span class='ocrx_word' id='word_1_450' title='bbox 2301 1851 2677 1916; x_wconf 88' lang='lat' dir='ltr'><strong>competenter</strong></span> <span class='ocrx_word' id='word_1_451' title='bbox 2707 1858 2979 1899; x_wconf 88' lang='lat' dir='ltr'><strong>asserere.</strong></span> <span class='ocrx_word' id='word_1_452' title='bbox 3024 1841 3160 1898; x_wconf 87' lang='lat' dir='ltr'><strong>Cum</strong></span> <span class='ocrx_word' id='word_1_453' title='bbox 3203 1842 3348 1898; x_wconf 90' lang='lat' dir='ltr'><strong>enim</strong></span> <span class='ocrx_word' id='word_1_454' title='bbox 3378 1857 3446 1896; x_wconf 86' lang='lat' dir='ltr'><strong>ex</strong></span> <span class='ocrx_word' id='word_1_455' title='bbox 3484 1841 3684 1897; x_wconf 89' lang='lat' dir='ltr'><strong>divinis</strong></span> <span class='ocrx_word' id='word_1_456' title='bbox 3722 1836 3886 1895; x_wconf 86' lang='lat' dir='ltr'><strong>Scri-</strong></span> 
     </span>
    </p>
   </div>
   <div class='ocr_carea' id='block_1_65' title="bbox 2300 1930 3886 2009">
    <p class='ocr_par' dir='ltr' id='par_1_65' title="bbox 2300 1930 3886 2009">
     <span class='ocr_line' id='line_1_65' title="bbox 2300 1930 3886 2009; baseline -0.003 -18"><span class='ocrx_word' id='word_1_457' title='bbox 2300 1942 2476 2009; x_wconf 89' lang='lat' dir='ltr'><strong>pturis</strong></span> <span class='ocrx_word' id='word_1_458' title='bbox 2525 1937 2789 2007; x_wconf 74' lang='lat' dir='ltr'><strong>integram</strong></span> <span class='ocrx_word' id='word_1_459' title='bbox 2823 1934 2949 2005; x_wconf 90' lang='lat' dir='ltr'><strong>quis</strong></span> <span class='ocrx_word' id='word_1_460' title='bbox 2990 1941 3046 1990; x_wconf 87' lang='lat' dir='ltr'><strong>et</strong></span> <span class='ocrx_word' id='word_1_461' title='bbox 3093 1934 3303 1988; x_wconf 79' lang='lat' dir='ltr'><strong>ﬁrmam</strong></span> <span class='ocrx_word' id='word_1_462' title='bbox 3333 1934 3576 2005; x_wconf 87' lang='lat' dir='ltr'><strong>regulam</strong></span> <span class='ocrx_word' id='word_1_463' title='bbox 3623 1930 3886 1986; x_wconf 78' lang='lat' dir='ltr'><strong>veritatis</strong></span> 
     </span>
    </p>
   </div>
   <div class='ocr_carea' id='block_1_66' title="bbox 2302 2022 3884 2098">
    <p class='ocr_par' dir='ltr' id='par_1_66' title="bbox 2302 2022 3884 2098">
     <span class='ocr_line' id='line_1_66' title="bbox 2302 2022 3884 2098; baseline -0.006 -13"><span class='ocrx_word' id='word_1_464' title='bbox 2302 2027 2624 2098; x_wconf 82' lang='lat' dir='ltr'><strong>susceperit,</strong></span> <span class='ocrx_word' id='word_1_465' title='bbox 2669 2025 2967 2082; x_wconf 87' lang='lat' dir='ltr'><strong>absurdum</strong></span> <span class='ocrx_word' id='word_1_466' title='bbox 3006 2040 3115 2081; x_wconf 88' lang='lat' dir='ltr'><strong>non</strong></span> <span class='ocrx_word' id='word_1_467' title='bbox 3148 2025 3274 2090; x_wconf 92' lang='lat' dir='ltr'><strong>erit,</strong></span> <span class='ocrx_word' id='word_1_468' title='bbox 3299 2025 3344 2081; x_wconf 88' lang='lat' dir='ltr'><strong>si</strong></span> <span class='ocrx_word' id='word_1_469' title='bbox 3377 2023 3580 2094; x_wconf 87' lang='lat' dir='ltr'><strong>aliquid</strong></span> <span class='ocrx_word' id='word_1_470' title='bbox 3609 2022 3776 2079; x_wconf 85' lang='lat' dir='ltr'><strong>etiam</strong></span> <span class='ocrx_word' id='word_1_471' title='bbox 3807 2037 3884 2077; x_wconf 79' lang='lat' dir='ltr'><strong>ex</strong></span> 
     </span>
    </p>
   </div>
   <div class='ocr_carea' id='block_1_67' title="bbox 2300 2114 3887 2186">
    <p class='ocr_par' dir='ltr' id='par_1_67' title="bbox 2300 2114 3887 2186">
     <span class='ocr_line' id='line_1_67' title="bbox 2300 2114 3887 2186; baseline -0.004 -9"><span class='ocrx_word' id='word_1_472' title='bbox 2300 2120 2609 2177; x_wconf 79' lang='lat' dir='ltr'><strong>eruditione</strong></span> <span class='ocrx_word' id='word_1_473' title='bbox 2659 2119 2936 2175; x_wconf 88' lang='lat' dir='ltr'><strong>communi</strong></span> <span class='ocrx_word' id='word_1_474' title='bbox 2985 2132 3051 2172; x_wconf 86' lang='lat' dir='ltr'><strong>ac</strong></span> <span class='ocrx_word' id='word_1_475' title='bbox 3100 2117 3417 2173; x_wconf 88' lang='lat' dir='ltr'><strong>liberalibus</strong></span> <span class='ocrx_word' id='word_1_476' title='bbox 3467 2114 3706 2182; x_wconf 90' lang='lat' dir='ltr'><strong>studiis,</strong></span> <span class='ocrx_word' id='word_1_477' title='bbox 3751 2130 3887 2186; x_wconf 63' lang='lat' dir='ltr'><strong>qua</strong></span> 
     </span>
    </p>
   </div>
   <div class='ocr_carea' id='block_1_68' title="bbox 2301 2202 3886 2285">
    <p class='ocr_par' dir='ltr' id='par_1_68' title="bbox 2301 2202 3886 2285">
     <span class='ocr_line' id='line_1_68' title="bbox 2301 2202 3886 2285; baseline -0.006 -16"><span class='ocrx_word' id='word_1_478' title='bbox 2301 2213 2440 2269; x_wconf 79' lang='lat' dir='ltr'><strong>forte</strong></span> <span class='ocrx_word' id='word_1_479' title='bbox 2490 2213 2544 2268; x_wconf 93' lang='lat' dir='ltr'><strong>in</strong></span> <span class='ocrx_word' id='word_1_480' title='bbox 2594 2202 2828 2285; x_wconf 88' lang='lat' dir='ltr'><strong>pueritia</strong></span> <span class='ocrx_word' id='word_1_481' title='bbox 2881 2211 3090 2283; x_wconf 89' lang='lat' dir='ltr'><strong>attigit,</strong></span> <span class='ocrx_word' id='word_1_482' title='bbox 3126 2211 3193 2266; x_wconf 88' lang='lat' dir='ltr'><strong>ad</strong></span> <span class='ocrx_word' id='word_1_483' title='bbox 3246 2210 3601 2268; x_wconf 84' lang='lat' dir='ltr'><strong>assertionem</strong></span> <span class='ocrx_word' id='word_1_484' title='bbox 3629 2207 3746 2262; x_wconf 83' lang='lat' dir='ltr'><strong>veri</strong></span> <span class='ocrx_word' id='word_1_485' title='bbox 3775 2206 3886 2262; x_wconf 82' lang='lat' dir='ltr'><strong>do-</strong></span> 
     </span>
    </p>
   </div>
   <div class='ocr_carea' id='block_1_69' title="bbox 2301 2297 3884 2376">
    <p class='ocr_par' dir='ltr' id='par_1_69' title="bbox 2301 2297 3884 2376">
     <span class='ocr_line' id='line_1_69' title="bbox 2301 2297 3884 2376; baseline -0.005 -16"><span class='ocrx_word' id='word_1_486' title='bbox 2301 2304 2498 2376; x_wconf 86' lang='lat' dir='ltr'><strong>gmatis</strong></span> <span class='ocrx_word' id='word_1_487' title='bbox 2525 2304 2801 2371; x_wconf 74' lang='lat' dir='ltr'><strong>conferat;</strong></span> <span class='ocrx_word' id='word_1_488' title='bbox 2850 2303 2924 2356; x_wconf 87' lang='lat' dir='ltr'><strong>ita</strong></span> <span class='ocrx_word' id='word_1_489' title='bbox 2973 2310 3178 2368; x_wconf 88' lang='lat' dir='ltr'><strong>tamen,</strong></span> <span class='ocrx_word' id='word_1_490' title='bbox 3208 2311 3268 2357; x_wconf 92' lang='lat' dir='ltr'><strong>ut</strong></span> <span class='ocrx_word' id='word_1_491' title='bbox 3319 2302 3412 2358; x_wconf 87' lang='lat' dir='ltr'><strong>ubi</strong></span> <span class='ocrx_word' id='word_1_492' title='bbox 3462 2316 3591 2356; x_wconf 87' lang='lat' dir='ltr'><strong>vera</strong></span> <span class='ocrx_word' id='word_1_493' title='bbox 3644 2297 3884 2363; x_wconf 86' lang='lat' dir='ltr'><strong>didicit,</strong></span> 
     </span>
    </p>
   </div>
   <div class='ocr_carea' id='block_1_70' title="bbox 2301 2390 3887 2452">
    <p class='ocr_par' dir='ltr' id='par_1_70' title="bbox 2301 2390 3887 2452">
     <span class='ocr_line' id='line_1_70' title="bbox 2301 2390 3887 2452; baseline -0.006 -1"><span class='ocrx_word' id='word_1_494' title='bbox 2301 2397 2437 2452; x_wconf 79' lang='lat' dir='ltr'><strong>falsa</strong></span> <span class='ocrx_word' id='word_1_495' title='bbox 2473 2404 2526 2451; x_wconf 91' lang='lat' dir='ltr'><strong>et</strong></span> <span class='ocrx_word' id='word_1_496' title='bbox 2574 2395 2829 2450; x_wconf 87' lang='lat' dir='ltr'><strong>simulata</strong></span> <span class='ocrx_word' id='word_1_497' title='bbox 2889 2393 3148 2452; x_wconf 88' lang='lat' dir='ltr'><strong>declinet.</strong></span> <span class='ocrx_word' id='word_1_498' title='bbox 3190 2393 3233 2427; x_wconf 83' lang='grc'><strong>³⁸</strong></span> <span class='ocrx_word' id='word_1_499' title='bbox 3277 2392 3549 2448; x_wconf 82' lang='lat' dir='ltr'><strong>incertum</strong></span> <span class='ocrx_word' id='word_1_500' title='bbox 3599 2390 3887 2448; x_wconf 81' lang='lat' dir='ltr'><strong>estenim</strong></span> 
     </span>
    </p>
   </div>
   <div class='ocr_carea' id='block_1_71' title="bbox 2301 2481 3888 2558">
    <p class='ocr_par' dir='ltr' id='par_1_71' title="bbox 2301 2481 3888 2558">
     <span class='ocr_line' id='line_1_71' title="bbox 2301 2481 3888 2558; baseline -0.005 -14"><span class='ocrx_word' id='word_1_501' title='bbox 2301 2492 2462 2544; x_wconf 86' lang='lat' dir='ltr'><strong>etiam</strong></span> <span class='ocrx_word' id='word_1_502' title='bbox 2489 2487 2784 2558; x_wconf 82' lang='lat' dir='ltr'><strong>juvenibus</strong></span> <span class='ocrx_word' id='word_1_503' title='bbox 2815 2487 2941 2541; x_wconf 75' lang='lat' dir='ltr'><strong>vitae</strong></span> <span class='ocrx_word' id='word_1_504' title='bbox 2991 2494 3228 2557; x_wconf 88' lang='lat' dir='ltr'><strong>tempus,</strong></span> <span class='ocrx_word' id='word_1_505' title='bbox 3276 2485 3499 2541; x_wconf 87' lang='lat' dir='ltr'><strong>senibus</strong></span> <span class='ocrx_word' id='word_1_506' title='bbox 3548 2490 3729 2538; x_wconf 87' lang='lat' dir='ltr'><strong>autem</strong></span> <span class='ocrx_word' id='word_1_507' title='bbox 3758 2481 3888 2552; x_wconf 86' lang='lat' dir='ltr'><strong>jam</strong></span> 
     </span>
    </p>
   </div>
   <div class='ocr_carea' id='block_1_72' title="bbox 2302 2576 3893 2646">
    <p class='ocr_par' dir='ltr' id='par_1_72' title="bbox 2302 2576 3893 2646">
     <span class='ocr_line' id='line_1_72' title="bbox 2302 2576 3893 2646; baseline -0.006 -8"><span class='ocrx_word' id='word_1_508' title='bbox 2302 2597 2402 2638; x_wconf 90' lang='lat' dir='ltr'><strong>nec</strong></span> <span class='ocrx_word' id='word_1_509' title='bbox 2433 2582 2702 2636; x_wconf 87' lang='lat' dir='ltr'><strong>incertum</strong></span> <span class='ocrx_word' id='word_1_510' title='bbox 2734 2585 2851 2646; x_wconf 88' lang='lat' dir='ltr'><strong>est;</strong></span> <span class='ocrx_word' id='word_1_511' title='bbox 2886 2593 2997 2633; x_wconf 91' lang='lat' dir='ltr'><strong>non</strong></span> <span class='ocrx_word' id='word_1_512' title='bbox 3021 2577 3165 2633; x_wconf 89' lang='lat' dir='ltr'><strong>enim</strong></span> <span class='ocrx_word' id='word_1_513' title='bbox 3199 2576 3502 2642; x_wconf 85' lang='lat' dir='ltr'><strong>dubitatur,</strong></span> <span class='ocrx_word' id='word_1_514' title='bbox 3533 2576 3665 2646; x_wconf 81' lang='lat' dir='ltr'><strong>quin</strong></span> <span class='ocrx_word' id='word_1_515' title='bbox 3698 2589 3893 2646; x_wconf 82' lang='lat' dir='ltr'><strong>quan-</strong></span> 
     </span>
    </p>
   </div>
   <div class='ocr_carea' id='block_1_73' title="bbox 2303 2667 3882 2742">
    <p class='ocr_par' dir='ltr' id='par_1_73' title="bbox 2303 2667 3882 2742">
     <span class='ocr_line' id='line_1_73' title="bbox 2303 2667 3882 2742; baseline -0.004 -14"><span class='ocrx_word' id='word_1_516' title='bbox 2303 2684 2640 2742; x_wconf 86' lang='lat' dir='ltr'><strong>tumcunque</strong></span> <span class='ocrx_word' id='word_1_517' title='bbox 2675 2678 2759 2728; x_wconf 88' lang='lat' dir='ltr'><strong>est</strong></span> <span class='ocrx_word' id='word_1_518' title='bbox 2801 2671 2949 2742; x_wconf 87' lang='lat' dir='ltr'><strong>quod</strong></span> <span class='ocrx_word' id='word_1_519' title='bbox 2979 2677 3204 2741; x_wconf 87' lang='lat' dir='ltr'><strong>putatur</strong></span> <span class='ocrx_word' id='word_1_520' title='bbox 3234 2683 3551 2741; x_wconf 81' lang='lat' dir='ltr'><strong>superesse,</strong></span> <span class='ocrx_word' id='word_1_521' title='bbox 3584 2667 3748 2723; x_wconf 85' lang='lat' dir='ltr'><strong>breve</strong></span> <span class='ocrx_word' id='word_1_522' title='bbox 3782 2667 3882 2722; x_wconf 80' lang='lat' dir='ltr'><strong>sit.</strong></span> 
     </span>
    </p>
   </div>
   <div class='ocr_carea' id='block_1_74' title="bbox 2303 2759 3888 2835">
    <p class='ocr_par' dir='ltr' id='par_1_74' title="bbox 2303 2759 3888 2835">
     <span class='ocr_line' id='line_1_74' title="bbox 2303 2759 3888 2835; baseline -0.004 -14"><span class='ocrx_word' id='word_1_523' title='bbox 2303 2765 2369 2821; x_wconf 84' lang='lat' dir='ltr'><strong>Et</strong></span> <span class='ocrx_word' id='word_1_524' title='bbox 2413 2765 2536 2822; x_wconf 88' lang='lat' dir='ltr'><strong>ideo</strong></span> <span class='ocrx_word' id='word_1_525' title='bbox 2565 2773 2676 2822; x_wconf 83' lang='lat' dir='ltr'><strong>tam</strong></span> <span class='ocrx_word' id='word_1_526' title='bbox 2709 2762 2943 2834; x_wconf 85' lang='lat' dir='ltr'><strong>juvenes</strong></span> <span class='ocrx_word' id='word_1_527' title='bbox 2984 2777 3146 2835; x_wconf 89' lang='lat' dir='ltr'><strong>quam</strong></span> <span class='ocrx_word' id='word_1_528' title='bbox 3179 2777 3338 2819; x_wconf 81' lang='lat' dir='ltr'><strong>senes</strong></span> <span class='ocrx_word' id='word_1_529' title='bbox 3369 2768 3583 2833; x_wconf 86' lang='lat' dir='ltr'><strong>oportet</strong></span> <span class='ocrx_word' id='word_1_530' title='bbox 3630 2759 3698 2815; x_wconf 90' lang='lat' dir='ltr'><strong>de</strong></span> <span class='ocrx_word' id='word_1_531' title='bbox 3741 2774 3888 2815; x_wconf 85' lang='lat' dir='ltr'><strong>con-</strong></span> 
     </span>
    </p>
   </div>
   <div class='ocr_carea' id='block_1_75' title="bbox 2304 2853 3889 2927">
    <p class='ocr_par' dir='ltr' id='par_1_75' title="bbox 2304 2853 3889 2927">
     <span class='ocr_line' id='line_1_75' title="bbox 2304 2853 3889 2927; baseline -0.006 -13"><span class='ocrx_word' id='word_1_532' title='bbox 2304 2858 2555 2916; x_wconf 78' lang='lat' dir='ltr'><strong>versione</strong></span> <span class='ocrx_word' id='word_1_533' title='bbox 2581 2864 2634 2912; x_wconf 86' lang='lat' dir='ltr'><strong>et</strong></span> <span class='ocrx_word' id='word_1_534' title='bbox 2663 2856 2980 2927; x_wconf 69' lang='lat' dir='ltr'><strong>pmnitentia</strong></span> <span class='ocrx_word' id='word_1_535' title='bbox 3014 2855 3169 2912; x_wconf 87' lang='lat' dir='ltr'><strong>valde</strong></span> <span class='ocrx_word' id='word_1_536' title='bbox 3205 2869 3326 2911; x_wconf 90' lang='lat' dir='ltr'><strong>esse</strong></span> <span class='ocrx_word' id='word_1_537' title='bbox 3357 2853 3640 2918; x_wconf 89' lang='lat' dir='ltr'><strong>sollicitos,</strong></span> <span class='ocrx_word' id='word_1_538' title='bbox 3672 2857 3725 2910; x_wconf 90' lang='lat' dir='ltr'><strong>et</strong></span> <span class='ocrx_word' id='word_1_539' title='bbox 3755 2860 3853 2906; x_wconf 86' lang='lat' dir='ltr'><strong>sat</strong></span> <span class='ocrx_word' id='word_1_540' title='bbox 3873 2879 3889 2892; x_wconf 84' lang='lat'><strong>-</strong></span> 
     </span>
    </p>
   </div>
   <div class='ocr_carea' id='block_1_76' title="bbox 2305 2948 3890 3023">
    <p class='ocr_par' dir='ltr' id='par_1_76' title="bbox 2305 2948 3890 3023">
     <span class='ocr_line' id='line_1_76' title="bbox 2305 2948 3890 3023; baseline -0.005 -18"><span class='ocrx_word' id='word_1_541' title='bbox 2305 2967 2464 3023; x_wconf 84' lang='lat' dir='ltr'><strong>agere</strong></span> <span class='ocrx_word' id='word_1_542' title='bbox 2487 2950 2552 3014; x_wconf 82' lang='grc'><strong>³⁸,</strong></span> <span class='ocrx_word' id='word_1_543' title='bbox 2599 2958 2655 3004; x_wconf 84' lang='grc' dir='ltr'><strong>ιιι</strong></span> <span class='ocrx_word' id='word_1_544' title='bbox 2684 2948 2750 3005; x_wconf 92' lang='lat' dir='ltr'><strong>de</strong></span> <span class='ocrx_word' id='word_1_545' title='bbox 2795 2948 3006 3019; x_wconf 91' lang='lat' dir='ltr'><strong>reliquo</strong></span> <span class='ocrx_word' id='word_1_546' title='bbox 3047 2954 3242 3002; x_wconf 89' lang='lat' dir='ltr'><strong>ornent</strong></span> <span class='ocrx_word' id='word_1_547' title='bbox 3271 2948 3506 3000; x_wconf 86' lang='lat' dir='ltr'><strong>animam</strong></span> <span class='ocrx_word' id='word_1_548' title='bbox 3538 2959 3691 3000; x_wconf 86' lang='lat' dir='ltr'><strong>suam</strong></span> <span class='ocrx_word' id='word_1_549' title='bbox 3719 2958 3890 2998; x_wconf 80' lang='lat' dir='ltr'><strong>orna-</strong></span> 
     </span>
    </p>
   </div>
   <div class='ocr_carea' id='block_1_77' title="bbox 2307 3035 3892 3113">
    <p class='ocr_par' dir='ltr' id='par_1_77' title="bbox 2307 3035 3892 3113">
     <span class='ocr_line' id='line_1_77' title="bbox 2307 3035 3892 3113; baseline -0.004 -15"><span class='ocrx_word' id='word_1_550' title='bbox 2307 3045 2507 3098; x_wconf 81' lang='lat' dir='ltr'><strong>mentis</strong></span> <span class='ocrx_word' id='word_1_551' title='bbox 2537 3040 2895 3113; x_wconf 76' lang='lat' dir='ltr'><strong>dignissimis,</strong></span> <span class='ocrx_word' id='word_1_552' title='bbox 2924 3039 2978 3095; x_wconf 89' lang='lat' dir='ltr'><strong>id</strong></span> <span class='ocrx_word' id='word_1_553' title='bbox 3005 3049 3087 3095; x_wconf 90' lang='lat' dir='ltr'><strong>est</strong></span> <span class='ocrx_word' id='word_1_554' title='bbox 3115 3039 3460 3111; x_wconf 78' lang='lat' dir='ltr'><strong>dogmatibus</strong></span> <span class='ocrx_word' id='word_1_555' title='bbox 3490 3035 3759 3099; x_wconf 75' lang='lat' dir='ltr'><strong>veritatis,</strong></span> <span class='ocrx_word' id='word_1_556' title='bbox 3791 3035 3892 3092; x_wconf 89' lang='lat' dir='ltr'><strong>de-</strong></span> 
     </span>
    </p>
   </div>
   <div class='ocr_carea' id='block_1_78' title="bbox 2233 3128 3888 3220">
    <p class='ocr_par' dir='ltr' id='par_1_78' title="bbox 2233 3128 3888 3220">
     <span class='ocr_line' id='line_1_78' title="bbox 2233 3128 3888 3220; baseline -0.004 -32"><span class='ocrx_word' id='word_1_557' title='bbox 2233 3162 2277 3220; x_wconf 64' lang='grc' dir='ltr'><strong>ς</strong></span> <span class='ocrx_word' id='word_1_558' title='bbox 2308 3149 2435 3188; x_wconf 84' lang='lat' dir='ltr'><strong>core</strong></span> <span class='ocrx_word' id='word_1_559' title='bbox 2462 3132 2753 3209; x_wconf 76' lang='lat' dir='ltr'><strong>pudicitiae,</strong></span> <span class='ocrx_word' id='word_1_560' title='bbox 2787 3131 3074 3203; x_wconf 81' lang='lat' dir='ltr'><strong>splendore</strong></span> <span class='ocrx_word' id='word_1_561' title='bbox 3099 3131 3346 3201; x_wconf 70' lang='lat' dir='ltr'><strong>justit’ite,</strong></span> <span class='ocrx_word' id='word_1_562' title='bbox 3371 3129 3610 3186; x_wconf 88' lang='lat' dir='ltr'><strong>candore</strong></span> <span class='ocrx_word' id='word_1_563' title='bbox 3632 3128 3888 3200; x_wconf 85' lang='lat' dir='ltr'><strong>pietatis,</strong></span> 
     </span>
    </p>
   </div>
   <div class='ocr_carea' id='block_1_79' title="bbox 2313 3222 3891 3296">
    <p class='ocr_par' dir='ltr' id='par_1_79' title="bbox 2313 3222 3891 3296">
     <span class='ocr_line' id='line_1_79' title="bbox 2313 3222 3891 3296; baseline -0.003 -16"><span class='ocrx_word' id='word_1_564' title='bbox 2313 3226 2547 3296; x_wconf 89' lang='lat' dir='ltr'><strong>aliisque</strong></span> <span class='ocrx_word' id='word_1_565' title='bbox 2576 3225 2853 3288; x_wconf 88' lang='lat' dir='ltr'><strong>omnibus,</strong></span> <span class='ocrx_word' id='word_1_566' title='bbox 2885 3225 3084 3294; x_wconf 87' lang='lat' dir='ltr'><strong>quibus</strong></span> <span class='ocrx_word' id='word_1_567' title='bbox 3127 3231 3401 3296; x_wconf 89' lang='lat' dir='ltr'><strong>comptam</strong></span> <span class='ocrx_word' id='word_1_568' title='bbox 3429 3222 3584 3277; x_wconf 89' lang='lat' dir='ltr'><strong>decet</strong></span> <span class='ocrx_word' id='word_1_569' title='bbox 3629 3235 3753 3278; x_wconf 85' lang='lat' dir='ltr'><strong>esse</strong></span> <span class='ocrx_word' id='word_1_570' title='bbox 3792 3234 3891 3276; x_wconf 80' lang='lat' dir='ltr'><strong>ra-</strong></span> 
     </span>
    </p>
   </div>
   <div class='ocr_carea' id='block_1_80' title="bbox 2311 3312 3890 3383">
    <p class='ocr_par' dir='ltr' id='par_1_80' title="bbox 2311 3312 3890 3383">
     <span class='ocr_line' id='line_1_80' title="bbox 2311 3312 3890 3383; baseline -0.003 -11"><span class='ocrx_word' id='word_1_571' title='bbox 2311 3317 2572 3374; x_wconf 86' lang='lat' dir='ltr'><strong>tionalem</strong></span> <span class='ocrx_word' id='word_1_572' title='bbox 2617 3326 2877 3373; x_wconf 84' lang='lat' dir='ltr'><strong>mentem.</strong></span> <span class='ocrx_word' id='word_1_573' title='bbox 2904 3317 2946 3348; x_wconf 78' lang='grc'><strong>³⁷</strong></span> <span class='ocrx_word' id='word_1_574' title='bbox 2978 3315 3161 3383; x_wconf 89' lang='lat' dir='ltr'><strong>Unde,</strong></span> <span class='ocrx_word' id='word_1_575' title='bbox 3205 3314 3494 3371; x_wconf 88' lang='lat' dir='ltr'><strong>consilium</strong></span> <span class='ocrx_word' id='word_1_576' title='bbox 3538 3312 3752 3376; x_wconf 84' lang='lat' dir='ltr'><strong>dantes,</strong></span> <span class='ocrx_word' id='word_1_577' title='bbox 3786 3327 3890 3368; x_wconf 75' lang='lat' dir='ltr'><strong>ve-</strong></span> 
     </span>
    </p>
   </div>
   <div class='ocr_carea' id='block_1_81' title="bbox 2311 3402 3892 3480">
    <p class='ocr_par' dir='ltr' id='par_1_81' title="bbox 2311 3402 3892 3480">
     <span class='ocr_line' id='line_1_81' title="bbox 2311 3402 3892 3480; baseline -0.003 -16"><span class='ocrx_word' id='word_1_578' title='bbox 2311 3419 2478 3465; x_wconf 88' lang='lat' dir='ltr'><strong>stram</strong></span> <span class='ocrx_word' id='word_1_579' title='bbox 2507 3408 2852 3480; x_wconf 85' lang='lat' dir='ltr'><strong>prudentiam</strong></span> <span class='ocrx_word' id='word_1_580' title='bbox 2885 3407 3191 3473; x_wconf 85' lang='lat' dir='ltr'><strong>hortamur,</strong></span> <span class='ocrx_word' id='word_1_581' title='bbox 3234 3415 3295 3461; x_wconf 91' lang='lat' dir='ltr'><strong>ut</strong></span> <span class='ocrx_word' id='word_1_582' title='bbox 3333 3405 3401 3460; x_wconf 88' lang='lat' dir='ltr'><strong>ab</strong></span> <span class='ocrx_word' id='word_1_583' title='bbox 3441 3402 3759 3476; x_wconf 84' lang='lat' dir='ltr'><strong>apostolicis</strong></span> <span class='ocrx_word' id='word_1_584' title='bbox 3795 3418 3892 3460; x_wconf 85' lang='lat' dir='ltr'><strong>re-</strong></span> 
     </span>
    </p>
   </div>
   <div class='ocr_carea' id='block_1_82' title="bbox 2307 3496 3892 3573">
    <p class='ocr_par' dir='ltr' id='par_1_82' title="bbox 2307 3496 3892 3573">
     <span class='ocr_line' id='line_1_82' title="bbox 2307 3496 3892 3573; baseline -0.003 -17"><span class='ocrx_word' id='word_1_585' title='bbox 2307 3501 2450 3573; x_wconf 82' lang='lat' dir='ltr'><strong>gulis</strong></span> <span class='ocrx_word' id='word_1_586' title='bbox 2479 3515 2589 3555; x_wconf 89' lang='lat' dir='ltr'><strong>non</strong></span> <span class='ocrx_word' id='word_1_587' title='bbox 2633 3499 2923 3564; x_wconf 87' lang='lat' dir='ltr'><strong>recedatis,</strong></span> <span class='ocrx_word' id='word_1_588' title='bbox 2967 3498 3063 3556; x_wconf 85' lang='lat' dir='ltr'><strong>sed</strong></span> <span class='ocrx_word' id='word_1_589' title='bbox 3101 3513 3446 3556; x_wconf 89' lang='lat' dir='ltr'><strong>communem</strong></span> <span class='ocrx_word' id='word_1_590' title='bbox 3473 3498 3640 3555; x_wconf 84' lang='lat' dir='ltr'><strong>vitam</strong></span> <span class='ocrx_word' id='word_1_591' title='bbox 3671 3496 3892 3552; x_wconf 85' lang='lat' dir='ltr'><strong>ducen-</strong></span> 
     </span>
    </p>
   </div>
   <div class='ocr_carea' id='block_1_83' title="bbox 2311 3589 3892 3663">
    <p class='ocr_par' dir='ltr' id='par_1_83' title="bbox 2311 3589 3892 3663">
     <span class='ocr_line' id='line_1_83' title="bbox 2311 3589 3892 3663; baseline -0.003 -16"><span class='ocrx_word' id='word_1_592' title='bbox 2311 3600 2413 3658; x_wconf 81' lang='lat' dir='ltr'><strong>tes,</strong></span> <span class='ocrx_word' id='word_1_593' title='bbox 2443 3601 2496 3649; x_wconf 87' lang='lat' dir='ltr'><strong>et</strong></span> <span class='ocrx_word' id='word_1_594' title='bbox 2527 3590 2843 3663; x_wconf 81' lang='lat' dir='ltr'><strong>Scripturas</strong></span> <span class='ocrx_word' id='word_1_595' title='bbox 2883 3606 3076 3648; x_wconf 85' lang='lat' dir='ltr'><strong>sacras</strong></span> <span class='ocrx_word' id='word_1_596' title='bbox 3125 3597 3274 3647; x_wconf 88' lang='lat' dir='ltr'><strong>recte</strong></span> <span class='ocrx_word' id='word_1_597' title='bbox 3321 3589 3711 3662; x_wconf 85' lang='lat' dir='ltr'><strong>intelligentes,</strong></span> <span class='ocrx_word' id='word_1_598' title='bbox 3757 3603 3892 3660; x_wconf 74' lang='lat' dir='ltr'><strong>qua:</strong></span> 
     </span>
    </p>
   </div>
   <div class='ocr_carea' id='block_1_84' title="bbox 2311 3682 3890 3756">
    <p class='ocr_par' dir='ltr' id='par_1_84' title="bbox 2311 3682 3890 3756">
     <span class='ocr_line' id='line_1_84' title="bbox 2311 3682 3890 3756; baseline -0.001 -18"><span class='ocrx_word' id='word_1_599' title='bbox 2311 3683 2543 3740; x_wconf 91' lang='lat' dir='ltr'><strong>Domino</strong></span> <span class='ocrx_word' id='word_1_600' title='bbox 2573 3684 2820 3747; x_wconf 88' lang='lat' dir='ltr'><strong>vovistis,</strong></span> <span class='ocrx_word' id='word_1_601' title='bbox 2865 3683 3164 3754; x_wconf 88' lang='lat' dir='ltr'><strong>adimplere</strong></span> <span class='ocrx_word' id='word_1_602' title='bbox 3191 3685 3476 3756; x_wconf 86' lang='lat' dir='ltr'><strong>satagatis.</strong></span> <span class='ocrx_word' id='word_1_603' title='bbox 3507 3682 3571 3738; x_wconf 84' lang='lat' dir='ltr'><strong>Et</strong></span> <span class='ocrx_word' id='word_1_604' title='bbox 3599 3699 3726 3740; x_wconf 87' lang='lat' dir='ltr'><strong>cum</strong></span> <span class='ocrx_word' id='word_1_605' title='bbox 3756 3698 3890 3738; x_wconf 83' lang='lat' dir='ltr'><strong>ora-</strong></span> 
     </span>
    </p>
   </div>
   <div class='ocr_carea' id='block_1_85' title="bbox 2311 3774 3887 3847">
    <p class='ocr_par' dir='ltr' id='par_1_85' title="bbox 2311 3774 3887 3847">
     <span class='ocr_line' id='line_1_85' title="bbox 2311 3774 3887 3847; baseline -0.001 -16"><span class='ocrx_word' id='word_1_606' title='bbox 2311 3777 2461 3833; x_wconf 87' lang='lat' dir='ltr'><strong>tione</strong></span> <span class='ocrx_word' id='word_1_607' title='bbox 2497 3776 2718 3831; x_wconf 89' lang='lat' dir='ltr'><strong>assidua</strong></span> <span class='ocrx_word' id='word_1_608' title='bbox 2777 3774 2868 3831; x_wconf 90' lang='lat' dir='ltr'><strong>Dei</strong></span> <span class='ocrx_word' id='word_1_609' title='bbox 2925 3778 3159 3847; x_wconf 76' lang='lat' dir='ltr'><strong>gratiam</strong></span> <span class='ocrx_word' id='word_1_610' title='bbox 3219 3777 3468 3832; x_wconf 88' lang='lat' dir='ltr'><strong>obtinere</strong></span> <span class='ocrx_word' id='word_1_611' title='bbox 3531 3776 3887 3838; x_wconf 88' lang='lat' dir='ltr'><strong>merueritis,</strong></span> 
     </span>
    </p>
   </div>
   <div class='ocr_carea' id='block_1_86' title="bbox 2311 3867 3890 3940">
    <p class='ocr_par' dir='ltr' id='par_1_86' title="bbox 2311 3867 3890 3940">
     <span class='ocr_line' id='line_1_86' title="bbox 2311 3867 3890 3940; baseline -0.001 -16"><span class='ocrx_word' id='word_1_612' title='bbox 2311 3876 2465 3934; x_wconf 76' lang='lat' dir='ltr'><strong>tunc,</strong></span> <span class='ocrx_word' id='word_1_613' title='bbox 2492 3867 2611 3926; x_wconf 87' lang='lat' dir='ltr'><strong>sine</strong></span> <span class='ocrx_word' id='word_1_614' title='bbox 2641 3867 2954 3938; x_wconf 83' lang='lat' dir='ltr'><strong>suspicione</strong></span> <span class='ocrx_word' id='word_1_615' title='bbox 2988 3869 3114 3922; x_wconf 88' lang='lat' dir='ltr'><strong>mali</strong></span> <span class='ocrx_word' id='word_1_616' title='bbox 3141 3869 3394 3926; x_wconf 86' lang='lat' dir='ltr'><strong>interitus</strong></span> <span class='ocrx_word' id='word_1_617' title='bbox 3417 3868 3482 3934; x_wconf 82' lang='grc'><strong>³⁸.</strong></span> <span class='ocrx_word' id='word_1_618' title='bbox 3513 3877 3638 3925; x_wconf 88' lang='lat' dir='ltr'><strong>vota</strong></span> <span class='ocrx_word' id='word_1_619' title='bbox 3664 3869 3890 3940; x_wconf 86' lang='lat' dir='ltr'><strong>possint</strong></span> 
     </span>
    </p>
   </div>
   <div class='ocr_carea' id='block_1_87' title="bbox 2311 3959 3889 4032">
    <p class='ocr_par' dir='ltr' id='par_1_87' title="bbox 2311 3959 3889 4032">
     <span class='ocr_line' id='line_1_87' title="bbox 2311 3959 3889 4032; baseline -0.001 -16"><span class='ocrx_word' id='word_1_620' title='bbox 2311 3960 2577 4018; x_wconf 86' lang='lat' dir='ltr'><strong>celebrari</strong></span> <span class='ocrx_word' id='word_1_621' title='bbox 2619 3959 2830 4017; x_wconf 82' lang='lat' dir='ltr'><strong>festiva.</strong></span> <span class='ocrx_word' id='word_1_622' title='bbox 2876 3959 3020 4016; x_wconf 91' lang='lat' dir='ltr'><strong>Deus</strong></span> <span class='ocrx_word' id='word_1_623' title='bbox 3063 3967 3244 4016; x_wconf 83' lang='lat' dir='ltr'><strong>autem</strong></span> <span class='ocrx_word' id='word_1_624' title='bbox 3282 3961 3434 4032; x_wconf 89' lang='lat' dir='ltr'><strong>pacis</strong></span> <span class='ocrx_word' id='word_1_625' title='bbox 3479 3960 3549 4017; x_wconf 92' lang='lat' dir='ltr'><strong>sit</strong></span> <span class='ocrx_word' id='word_1_626' title='bbox 3586 3975 3712 4015; x_wconf 88' lang='lat' dir='ltr'><strong>cum</strong></span> <span class='ocrx_word' id='word_1_627' title='bbox 3759 3975 3889 4015; x_wconf 86' lang='lat' dir='ltr'><strong>om-</strong></span> 
     </span>
    </p>
   </div>
   <div class='ocr_carea' id='block_1_88' title="bbox 2315 4053 2899 4110">
    <p class='ocr_par' dir='ltr' id='par_1_88' title="bbox 2315 4053 2899 4110">
     <span class='ocr_line' id='line_1_88' title="bbox 2315 4053 2899 4110; baseline 0 -2"><span class='ocrx_word' id='word_1_628' title='bbox 2315 4053 2474 4110; x_wconf 82' lang='lat' dir='ltr'><strong>nibus</strong></span> <span class='ocrx_word' id='word_1_629' title='bbox 2503 4053 2675 4110; x_wconf 88' lang='lat' dir='ltr'><strong>vobis.</strong></span> <span class='ocrx_word' id='word_1_630' title='bbox 2705 4053 2899 4108; x_wconf 78' lang='lat' dir='ltr'><strong>Amen.</strong></span> 
     </span>
    </p>
   </div>
   <div class='ocr_carea' id='block_1_89' title="bbox 651 4325 3885 4406">
    <p class='ocr_par' dir='ltr' id='par_1_89' title="bbox 651 4325 3885 4406">
     <span class='ocr_line' id='line_1_89' title="bbox 651 4325 3885 4406; baseline 0.006 -30"><span class='ocrx_word' id='word_1_631' title='bbox 651 4395 662 4406; x_wconf 45' lang='lat'>.</span> <span class='ocrx_word' id='word_1_632' title='bbox 734 4325 777 4353; x_wconf 84' lang='lat'>&quot;</span> <span class='ocrx_word' id='word_1_633' title='bbox 812 4325 1100 4406; x_wconf 62' lang='lat' dir='ltr'><strong>i’latgnem</strong></span> <span class='ocrx_word' id='word_1_634' title='bbox 1170 4325 1443 4406; x_wconf 77' lang='lat' dir='ltr'><strong>intelligit.</strong></span> <span class='ocrx_word' id='word_1_635' title='bbox 1486 4401 1497 4406; x_wconf 28' lang='grc' dir='ltr'><strong><em>Δ</em></strong></span> <span class='ocrx_word' id='word_1_636' title='bbox 1548 4325 1592 4357; x_wconf 83' lang='grc'><em>³³</em></span> <span class='ocrx_word' id='word_1_637' title='bbox 1627 4325 1685 4382; x_wconf 84' lang='lat' dir='ltr'><strong>in</strong></span> <span class='ocrx_word' id='word_1_638' title='bbox 1725 4343 1840 4406; x_wconf 69' lang='lat' dir='ltr'><strong>ms.</strong></span> <span class='ocrx_word' id='word_1_639' title='bbox 1904 4335 2068 4398; x_wconf 89' lang='lat' dir='ltr'><strong>atque</strong></span> <span class='ocrx_word' id='word_1_640' title='bbox 2124 4327 2289 4386; x_wconf 79' lang='lat' dir='ltr'><strong>editis</strong></span> <span class='ocrx_word' id='word_1_641' title='bbox 2348 4330 2558 4386; x_wconf 83' lang='lat' dir='ltr'><strong>Merlini</strong></span> <span class='ocrx_word' id='word_1_642' title='bbox 2599 4341 2660 4406; x_wconf 88' lang='lat' dir='ltr'><strong>et_</strong></span> <span class='ocrx_word' id='word_1_643' title='bbox 2698 4329 2896 4386; x_wconf 86' lang='lat' dir='ltr'><strong>Crabbi</strong></span> <span class='ocrx_word' id='word_1_644' title='bbox 2923 4345 3141 4406; x_wconf 47' lang='lat' dir='ltr'><strong>pauca“</strong></span> <span class='ocrx_word' id='word_1_645' title='bbox 3171 4342 3521 4406; x_wconf 60' lang='lat' dir='ltr'><strong>inseruntur,</strong></span> <span class='ocrx_word' id='word_1_646' title='bbox 3557 4332 3629 4406; x_wconf 84' lang='lat' dir='ltr'><strong>de</strong></span> <span class='ocrx_word' id='word_1_647' title='bbox 3674 4334 3885 4405; x_wconf 62' lang='lat' dir='ltr'><strong>quibus</strong></span> 
     </span>
    </p>
   </div>
   <div class='ocr_carea' id='block_1_90' title="bbox 651 4391 3321 4472">
    <p class='ocr_par' dir='ltr' id='par_1_90' title="bbox 651 4391 3321 4472">
     <span class='ocr_line' id='line_1_90' title="bbox 651 4391 3321 4472; baseline 0.004 -26"><span class='ocrx_word' id='word_1_648' title='bbox 651 4395 705 4472; x_wconf 85' lang='lat' dir='ltr'><strong>i_n</strong></span> <span class='ocrx_word' id='word_1_649' title='bbox 738 4394 899 4472; x_wconf 63' lang='lat' dir='ltr'><strong>notis.</strong></span> <span class='ocrx_word' id='word_1_650' title='bbox 939 4391 1010 4472; x_wconf 80' lang='lat' dir='ltr'><strong>_Ea</strong></span> <span class='ocrx_word' id='word_1_651' title='bbox 1059 4391 1250 4472; x_wconf 53' lang='lat' dir='ltr'><strong>Sui-ius</strong></span> <span class='ocrx_word' id='word_1_652' title='bbox 1284 4391 1781 4472; x_wconf 36' lang='lat' dir='ltr'><strong>etlpostfumalii</strong></span> <span class='ocrx_word' id='word_1_653' title='bbox 1827 4391 2201 4472; x_wconf 69' lang='lat' dir='ltr'><strong>resecuerunt,</strong></span> <span class='ocrx_word' id='word_1_654' title='bbox 2256 4409 2624 4472; x_wconf 8' lang='lat' dir='ltr'><strong>ciuiiiigtameni</strong></span> <span class='ocrx_word' id='word_1_655' title='bbox 2649 4402 2896 4472; x_wconf 86' lang='lat' dir='ltr'><strong>legantur</strong></span> <span class='ocrx_word' id='word_1_656' title='bbox 2923 4391 2959 4457; x_wconf 73' lang='grc' dir='ltr'><strong>ιζ</strong></span> <span class='ocrx_word' id='word_1_657' title='bbox 2999 4417 3055 4472; x_wconf 53' lang='grc' dir='ltr'>ξ</span> <span class='ocrx_word' id='word_1_658' title='bbox 3086 4399 3321 4470; x_wconf 82' lang='lat' dir='ltr'><strong>&#39;Recogn.</strong></span> 
     </span>
    </p>
   </div>
   <div class='ocr_carea' id='block_1_91' title="bbox 3417 4401 3882 4471">
    <p class='ocr_par' dir='ltr' id='par_1_91' title="bbox 3417 4401 3882 4471">
     <span class='ocr_line' id='line_1_91' title="bbox 3417 4401 3882 4471; baseline 0.013 -15"><span class='ocrx_word' id='word_1_659' title='bbox 3417 4401 3464 4434; x_wconf 74' lang='lat'>“</span> <span class='ocrx_word' id='word_1_660' title='bbox 3490 4401 3633 4458; x_wconf 86' lang='lat' dir='ltr'><strong>Psal.</strong></span> <span class='ocrx_word' id='word_1_661' title='bbox 3661 4401 3882 4471; x_wconf 63' lang='lat' dir='ltr'><strong>exuit,</strong></span> 
     </span>
    </p>
   </div>
   <div class='ocr_carea' id='block_1_92' title="bbox 983 4470 3886 4554">
    <p class='ocr_par' dir='ltr' id='par_1_92' title="bbox 983 4470 3886 4554">
     <span class='ocr_line' id='line_1_92' title="bbox 983 4470 3886 4554; baseline 0.006 -39"><span class='ocrx_word' id='word_1_662' title='bbox 983 4470 1762 4554; x_wconf 42' lang='lat' dir='ltr'><strong>=iv13:;_&#39;j_n_ts.,t_6_qpli_i‘ra,</strong></span> <span class='ocrx_word' id='word_1_663' title='bbox 1806 4553 1809 4554; x_wconf 11' lang='grc' dir='ltr'><em>ν</em></span> <span class='ocrx_word' id='word_1_664' title='bbox 1857 4470 2074 4554; x_wconf 20' lang='lat' dir='ltr'><strong>’174Cl.</strong></span> <span class='ocrx_word' id='word_1_665' title='bbox 2120 4486 2170 4525; x_wconf 84' lang='grc' dir='ltr'><strong>ν.</strong></span> <span class='ocrx_word' id='word_1_666' title='bbox 2227 4470 2322 4554; x_wconf 39' lang='grc' dir='ltr'><strong>,ξθ</strong></span> <span class='ocrx_word' id='word_1_667' title='bbox 2369 4470 2487 4526; x_wconf 83' lang='lat' dir='ltr'><strong>Non</strong></span> <span class='ocrx_word' id='word_1_668' title='bbox 2539 4470 2756 4554; x_wconf 53' lang='lat' dir='ltr'><strong>videtin:</strong></span> <span class='ocrx_word' id='word_1_669' title='bbox 2799 4479 2942 4554; x_wconf 50' lang='lat' dir='ltr'><strong>t&#39;unc.</strong></span> <span class='ocrx_word' id='word_1_670' title='bbox 2999 4470 3385 4554; x_wconf 67' lang='lat' dir='ltr'><strong>iiierosolymis</strong></span> <span class='ocrx_word' id='word_1_671' title='bbox 3434 4475 3714 4554; x_wconf 69' lang='lat' dir='ltr'><strong>exstitisse</strong></span> <span class='ocrx_word' id='word_1_672' title='bbox 3753 4470 3886 4533; x_wconf 62' lang='lat' dir='ltr'><strong>Cie?</strong></span> 
     </span>
    </p>
   </div>
   <div class='ocr_carea' id='block_1_93' title="bbox 653 4530 3884 4610">
    <p class='ocr_par' dir='ltr' id='par_1_93' title="bbox 653 4530 3884 4610">
     <span class='ocr_line' id='line_1_93' title="bbox 653 4530 3884 4610; baseline 0.002 -15"><span class='ocrx_word' id='word_1_673' title='bbox 653 4548 835 4610; x_wconf 54' lang='grc' dir='ltr'><strong>[ρεπεν</strong></span> <span class='ocrx_word' id='word_1_674' title='bbox 882 4533 1103 4586; x_wconf 68' lang='lat' dir='ltr'><strong>natione</strong></span> <span class='ocrx_word' id='word_1_675' title='bbox 1154 4530 1461 4610; x_wconf 72' lang='lat' dir='ltr'><strong>Romanus,</strong></span> <span class='ocrx_word' id='word_1_676' title='bbox 1488 4530 1824 4610; x_wconf 16' lang='lat' dir='ltr'><strong>équ_i:_plures</strong></span> <span class='ocrx_word' id='word_1_677' title='bbox 1867 4545 1989 4610; x_wconf 85' lang='lat' dir='ltr'><strong>p_ost</strong></span> <span class='ocrx_word' id='word_1_678' title='bbox 2020 4554 2193 4597; x_wconf 87' lang='lat' dir='ltr'><strong>annos</strong></span> <span class='ocrx_word' id='word_1_679' title='bbox 2225 4539 2382 4596; x_wconf 82' lang='lat' dir='ltr'><strong>ﬁdem</strong></span> <span class='ocrx_word' id='word_1_680' title='bbox 2423 4539 2892 4610; x_wconf 76' lang='lat' dir='ltr'><strong>suscepit.sVerba</strong></span> <span class='ocrx_word' id='word_1_681' title='bbox 2924 4533 3119 4597; x_wconf 82' lang='lat' dir='ltr'><strong>Latinii</strong></span> <span class='ocrx_word' id='word_1_682' title='bbox 3150 4530 3293 4610; x_wconf 71' lang='lat' dir='ltr'><strong>notis</strong></span> <span class='ocrx_word' id='word_1_683' title='bbox 3333 4545 3538 4601; x_wconf 88' lang='lat' dir='ltr'><strong>nostris</strong></span> <span class='ocrx_word' id='word_1_684' title='bbox 3565 4530 3884 4604; x_wconf 77' lang='lat' dir='ltr'><strong>inseremus</strong></span> 
     </span>
    </p>
   </div>
   <div class='ocr_carea' id='block_1_94' title="bbox 1135 4603 2261 4668">
    <p class='ocr_par' dir='ltr' id='par_1_94' title="bbox 1135 4603 2261 4668">
     <span class='ocr_line' id='line_1_94' title="bbox 1135 4603 2261 4668; baseline 0.011 -15"><span class='ocrx_word' id='word_1_685' title='bbox 1135 4617 1217 4657; x_wconf 73' lang='lat' dir='ltr'><strong>me</strong></span> <span class='ocrx_word' id='word_1_686' title='bbox 1259 4603 1412 4657; x_wconf 82' lang='lat' dir='ltr'><strong>talia.</strong></span> <span class='ocrx_word' id='word_1_687' title='bbox 1486 4605 1529 4636; x_wconf 79' lang='lat'>“</span> <span class='ocrx_word' id='word_1_688' title='bbox 1573 4603 1701 4661; x_wconf 86' lang='lat' dir='ltr'><strong>Dist.</strong></span> <span class='ocrx_word' id='word_1_689' title='bbox 1751 4609 1837 4668; x_wconf 79' lang='grc'><strong>57,</strong></span> <span class='ocrx_word' id='word_1_690' title='bbox 1868 4603 2123 4662; x_wconf 72' lang='grc' dir='ltr'><strong>’Πθιαιαηι</strong></span> <span class='ocrx_word' id='word_1_691' title='bbox 2161 4619 2261 4666; x_wconf 84' lang='lat' dir='ltr'><strong>est.</strong></span> 
     </span>
    </p>
   </div>
   <div class='ocr_carea' id='block_1_95' title="bbox 2364 4607 3879 4680">
    <p class='ocr_par' dir='ltr' id='par_1_95' title="bbox 2364 4607 3879 4680">
     <span class='ocr_line' id='line_1_95' title="bbox 2364 4607 3879 4680; baseline 0.015 -16"><span class='ocrx_word' id='word_1_692' title='bbox 2364 4612 2406 4646; x_wconf 74' lang='lat'>“</span> <span class='ocrx_word' id='word_1_693' title='bbox 2435 4607 2740 4665; x_wconf 77' lang='lat' dir='ltr'><strong>traditiones</strong></span> <span class='ocrx_word' id='word_1_694' title='bbox 2787 4609 3034 4667; x_wconf 83' lang='lat' dir='ltr'><strong>Patrum.</strong></span> <span class='ocrx_word' id='word_1_695' title='bbox 3109 4611 3154 4645; x_wconf 84' lang='grc'><em>³³</em></span> <span class='ocrx_word' id='word_1_696' title='bbox 3215 4607 3486 4679; x_wconf 72' lang='grc' dir='ltr'><strong>Ηεοοςηίεο</strong></span> <span class='ocrx_word' id='word_1_697' title='bbox 3543 4626 3617 4680; x_wconf 49' lang='lat' dir='ltr'><strong>is</strong></span> <span class='ocrx_word' id='word_1_698' title='bbox 3676 4629 3726 4670; x_wconf 74' lang='grc' dir='ltr'><strong>ε·</strong></span> <span class='ocrx_word' id='word_1_699' title='bbox 3782 4619 3879 4673; x_wconf 58' lang='lat'><strong>49--</strong></span> 
     </span>
    </p>
   </div>
   <div class='ocr_carea' id='block_1_96' title="bbox 655 4667 3880 4800">
    <p class='ocr_par' dir='ltr' id='par_1_96' title="bbox 655 4667 3880 4800">
     <span class='ocr_line' id='line_1_96' title="bbox 655 4667 3880 4800; baseline 0.006 -77"><span class='ocrx_word' id='word_1_700' title='bbox 655 4667 1007 4736; x_wconf 76' lang='lat' dir='ltr'><strong>&quot;Ilecognit.,</strong></span> <span class='ocrx_word' id='word_1_701' title='bbox 1048 4667 1121 4752; x_wconf 75' lang='lat' dir='ltr'><strong>ad</strong></span> <span class='ocrx_word' id='word_1_702' title='bbox 1145 4687 1316 4728; x_wconf 87' lang='lat' dir='ltr'><strong>suum.</strong></span> <span class='ocrx_word' id='word_1_703' title='bbox 1357 4673 1480 4728; x_wconf 68' lang='lat' dir='ltr'><strong>Haec</strong></span> <span class='ocrx_word' id='word_1_704' title='bbox 1509 4690 1724 4800; x_wconf 78' lang='lat' dir='ltr'><strong>quoque</strong></span> <span class='ocrx_word' id='word_1_705' title='bbox 1756 4667 1845 4760; x_wconf 51' lang='grc' dir='ltr'><strong>ἐκ</strong></span> <span class='ocrx_word' id='word_1_706' title='bbox 1904 4677 2179 4760; x_wconf 73' lang='lat' dir='ltr'><strong>Harduinp</strong></span> <span class='ocrx_word' id='word_1_707' title='bbox 2224 4680 2505 4762; x_wconf 85' lang='lat' dir='ltr'><strong>desumpta</strong></span> <span class='ocrx_word' id='word_1_708' title='bbox 2540 4688 2686 4738; x_wconf 89' lang='lat' dir='ltr'><strong>sunt.</strong></span> <span class='ocrx_word' id='word_1_709' title='bbox 2762 4681 2808 4715; x_wconf 70' lang='lat'><strong>“</strong></span> <span class='ocrx_word' id='word_1_710' title='bbox 2845 4690 2901 4735; x_wconf 82' lang='lat' dir='ltr'><strong>ut</strong></span> <span class='ocrx_word' id='word_1_711' title='bbox 2929 4683 3307 4754; x_wconf 76' lang='lat' dir='ltr'><strong>quoquomodo.</strong></span> <span class='ocrx_word' id='word_1_712' title='bbox 3353 4667 3430 4716; x_wconf 70' lang='grc'><strong>’³⁸</strong></span> <span class='ocrx_word' id='word_1_713' title='bbox 3477 4667 3750 4754; x_wconf 52' lang='grc' dir='ltr'><strong>Βρὲοᾏιπῖἰ.</strong></span> <span class='ocrx_word' id='word_1_714' title='bbox 3794 4667 3880 4749; x_wconf 39' lang='lat' dir='ltr'><strong>is:</strong></span> 
     </span>
     <span class='ocr_line' id='line_1_97' title="bbox 655 4740 2690 4800; baseline 0.001 -3"><span class='ocrx_word' id='word_1_715' title='bbox 655 4756 705 4799; x_wconf 74' lang='grc' dir='ltr'><strong>ε.</strong></span> <span class='ocrx_word' id='word_1_716' title='bbox 751 4741 840 4799; x_wconf 61' lang='grc' dir='ltr'><strong>ὦ.</strong></span> <span class='ocrx_word' id='word_1_717' title='bbox 914 4740 959 4773; x_wconf 73' lang='grc'><strong>⁸⁸</strong></span> <span class='ocrx_word' id='word_1_718' title='bbox 985 4750 1290 4800; x_wconf 80' lang='lat' dir='ltr'><strong>satisaqere.</strong></span> <span class='ocrx_word' id='word_1_719' title='bbox 1367 4744 1410 4778; x_wconf 77' lang='grc'><strong>³⁷</strong></span> <span class='ocrx_word' id='word_1_720' title='bbox 1443 4743 1506 4800; x_wconf 69' lang='grc'><strong>2.</strong></span> <span class='ocrx_word' id='word_1_721' title='bbox 1536 4760 1590 4800; x_wconf 75' lang='grc' dir='ltr'><strong>ιι.</strong></span> <span class='ocrx_word' id='word_1_722' title='bbox 1669 4748 1963 4800; x_wconf 81' lang='lat' dir='ltr'><strong>.Dtlectiss.</strong></span> <span class='ocrx_word' id='word_1_723' title='bbox 1991 4749 2266 4800; x_wconf 69' lang='lat' dir='ltr'><strong>fratribus.</strong></span> <span class='ocrx_word' id='word_1_724' title='bbox 2341 4751 2393 4784; x_wconf 77' lang='grc'>³⁸</span> <span class='ocrx_word' id='word_1_725' title='bbox 2419 4761 2555 4800; x_wconf 71' lang='lat' dir='ltr'><strong>inter</strong></span> <span class='ocrx_word' id='word_1_726' title='bbox 2584 4769 2690 4800; x_wconf 76' lang='lat' dir='ltr'><strong>nos.</strong></span> 
     </span>
    </p>
   </div>
   <div class='ocr_carea' id='block_1_97' title="bbox 654 4740 1590 4817">
    <p class='ocr_par' dir='ltr' id='par_1_97' title="bbox 654 4740 1590 4817">
     <span class='ocr_line' id='line_1_98' title="bbox 654 4740 1590 4817; baseline 0.001 -20"><span class='ocrx_word' id='word_1_727' title='bbox 654 4756 705 4799; x_wconf 71' lang='grc' dir='ltr'><strong>ε.</strong></span> <span class='ocrx_word' id='word_1_728' title='bbox 751 4741 840 4799; x_wconf 67' lang='lat'><strong>45.</strong></span> <span class='ocrx_word' id='word_1_729' title='bbox 914 4740 959 4773; x_wconf 83' lang='lat'><strong>&quot;</strong></span> <span class='ocrx_word' id='word_1_730' title='bbox 985 4743 1290 4813; x_wconf 82' lang='lat' dir='ltr'><strong>satisagere.</strong></span> <span class='ocrx_word' id='word_1_731' title='bbox 1367 4744 1410 4778; x_wconf 83' lang='lat'><strong>&quot;</strong></span> <span class='ocrx_word' id='word_1_732' title='bbox 1443 4740 1590 4817; x_wconf 63' lang='lat' dir='ltr'><strong>2,&#39;q.</strong></span> 
     </span>
    </p>
   </div>
   <div class='ocr_carea' id='block_1_98' title="bbox 1669 4748 2690 4819">
    <p class='ocr_par' dir='ltr' id='par_1_98' title="bbox 1669 4748 2690 4819">
     <span class='ocr_line' id='line_1_99' title="bbox 1669 4748 2690 4819; baseline 0.004 -17"><span class='ocrx_word' id='word_1_733' title='bbox 1669 4748 1963 4810; x_wconf 76' lang='lat' dir='ltr'><strong>,Dilectiss.</strong></span> <span class='ocrx_word' id='word_1_734' title='bbox 1990 4749 2266 4819; x_wconf 75' lang='lat' dir='ltr'><strong>fratribus.</strong></span> <span class='ocrx_word' id='word_1_735' title='bbox 2341 4751 2393 4784; x_wconf 77' lang='grc'>³⁸</span> <span class='ocrx_word' id='word_1_736' title='bbox 2419 4748 2555 4808; x_wconf 84' lang='lat' dir='ltr'><strong>inter</strong></span> <span class='ocrx_word' id='word_1_737' title='bbox 2584 4769 2690 4807; x_wconf 86' lang='lat' dir='ltr'><strong>vos.</strong></span> 
     </span>
    </p>
   </div>
  </div>
