4074 6330
78 48 254 149 η
257 69 273 80 η
329 72 336 77 .

255 87 272 104 ..Α

255 87 264 94 ι.

261 97 272 104 δ

189 391 293 447 509

1021 361 1616 429 CONSTITUTIONES
1645 356 2121 416 APOSTOLICE.
2161 386 2228 397 —
2264 350 2628 409 PROCEMIA.

3328 346 3430 401 MO

185 529 2160 583 "Ml
2167 536 2376 550 "—"'""'
2403 535 2426 547 "
2445 536 2460 549 '
2499 535 2529 548 “¹
2788 532 2796 547 ¹
3409 526 3426 546 ⁹

1325 701 2360 840 FRAGMENTA.

633 1201 700 1240 BI
739 1198 982 1239 DECRBTO
1018 1194 1298 1238 ειιιτιιω.

290 1282 389 1352 (De
420 1294 695 1343 consecr.,
727 1278 860 1332 dist.
888 1274 1233 1330 Sacerdotum
1265 1267 1648 1339 aliorumque.)

185 1414 411 1483 Quando
456 1413 746 1468 celebratur
790 1412 974 1483 missa,
1016 1407 1397 1480 presbyterium
1447 1406 1617 1460 laicus
1671 1403 1756 1457 in-

313 1515 316 1518 ι
677 1481 821 1552 gredi
852 1497 956 1534 non
982 1489 1292 1549 prmumat.

255 1575 650 1640 Sacerdotum,
706 1574 1048 1642 aliorumque
1105 1570 1434 1626 clericorum
1496 1566 1758 1622 Ecclesia:

186 1669 540 1722 servientium
570 1667 828 1731 honores,
868 1679 896 1717 a
930 1664 1195 1717 laicorum
1241 1662 1360 1715 loco
1391 1661 1629 1716 discrete
1662 1675 1756 1729 ap-

183 1761 380 1828 pare're
421 1756 697 1814 convenit.
724 1754 1091 1822 Quamobrem
1121 1753 1254 1808 nulli
1289 1752 1554 1806 laicorum
1601 1752 1772 1805 liceat‘

193 1850 248 1902 in
279 1865 351 1904 eo
379 1851 531 1922 loco,
548 1848 640 1902 ubi
689 1847 1005 1904 sacerdotes
1046 1853 1100 1901 et
1140 1845 1333 1918 reliqui
1365 1844 1550 1899 clerici
1579 1842 1762 1897 consi-

183 1948 341 1995 stunt
393 1939 560 2011 (quod
619 1939 1019 2010 presbyterium
1085 1926 1493 2007 nuncupatur),
1541 1934 1762 2005 quando

183 2031 356 2087 missa
395 2032 703 2086 celebratur
739 2031 1059 2091 consistere.
1085 2037 1145 2084 ut
1183 2029 1351 2083 libere
1379 2042 1442 2081 ac
1468 2025 1762 2081 honoriﬁce

181 2122 399 2192 possint
425 2136 582 2177 sacra
606 2120 782 2177 ofﬁcia
810 2136 1068 2176 exercere
1095 2115 1430 2190 ,celebrari].

941 2254 1006 2312 Π.
1036 2265 1041 2269 ”

185 2366 270 2421 Et
321 2369 675 2462 vetgstiuimo
731 2369 907 2462 σε)άὲςέ
941 2369 1194 2462 “lincunt.
1239 2383 1515 2462 an'nqrum‘
1555 2367 1766 2420 circiter
1795 2403 1838 2462 Β

319 2439 467 2492 mille
498 2454 561 2491 ea:
589 2441 812 2507 epistola
847 2440 908 2493 Β.
940 2438 1221 2494 Clementis
1252 2439 1320 2492 ad
1347 2436 1629 2492 Iacobum.

257 2528 312 2583 1.
344 2527 647 2600 Episcopus
676 2529 1167 2600 irreprebensibilis
1190 2530 1405 2588 sit,non
1426 2528 1758 2605 ﬁdeijussor,

1781 1066 1829 1122 Α
1856 1072 1958 1114 nec
1987 1053 2285 1126 advocatus
2324 1052 2524 1115 litium,
2574 1065 2678 1106 nec
2719 1048 2843 1106 aliis
2891 1048 3040 1104 curis
3067 1049 3434 1119 negotiorum

1859 1147 2217 1203 mundialium
2253 1144 2565 1214 perplexus.
2589 1141 2882 1212 Presbyter
2909 1142 3161 1209 pudicus,
3184 1154 3437 1195 carceres

1862 1241 2080 1301 visitet,
2114 1245 2168 1292 et
2201 1238 2520 1308 peregrinos
2571 1233 2869 1303 suscipiat,
2913 1239 3150 1289 stateras
3199 1233 3438 1302 aequales

1857 1322 2077 1386 habeat.

1928 1421 1983 1476 2.
2027 1419 2254 1474 Diaconi
2287 1429 2547 1490 tanquam
2576 1417 2723 1472 oculi
2746 1424 2799 1472 et
2829 1431 2992 1471 aures
3025 1414 3272 1487 episc0pi
3305 1414 3434 1469 sint.

1857 1513 2255 1570 Catecbumeni
2289 1515 2656 1570 instruantur.

2224 1607 2302 1662 De
2328 1603 2673 1676 perceptione,
2706 1603 2857 1672 cujus
2887 1599 3068 1671 supra.

1932 1705 1985 1761 3.
2032 1701 2452 1758 Sacramentum
2484 1712 2609 1750 cum
2639 1694 3018 1759 omnitimore
3064 1690 3158 1746 Dei
3191 1699 3440 1746 servetur
3469 1730 3471 1733 .

1861 1811 1890 1851 ι
1928 1793 2285 1868 presbyteris,
2307 1787 2634 1844 diaconibus
2659 1792 2713 1839 et
2743 1783 3032 1838 ministris.

1931 1889 1985 1942 4.
2028 1882 2360 1940 Communio
2411 1881 2468 1935 in
2517 1877 2820 1951 crastinum
2875 1892 2987 1930 non
3037 1885 3304 1942 servetur,
3346 1876 3439 1929 sed

1862 1993 1987 2032 cum
2018 1975 2218 2030 timore
2248 1972 2344 2027 Dei
2377 1979 2656 2036 sumatur;
2685 1983 2750 2022 ac
2781 1968 3016 2024 clericus
3060 1982 3164 2022 nec
3191 1967 3445 2022 celeriter

1863 2070 2017 2123 cibos
2048 2066 2305 2136 accipiat.

1933 2161 1986 2216 5.
2027 2157 2169 2214 vasa
2199 2157 2449 2220 sacrarii,
2488 2155 2572 2210 vel
2611 2155 2728 2209 vela
2762 2161 2976 2208 vetusta
3028 2152 3359 2215 ustulentur,
3391 2158 3445 2205 et

1865 2253 1920 2305 in
1953 2267 2114 2306 sacro
2145 2250 2293 2304 fonte
2323 2249 2501 2319 pulvis
2532 2249 2814 2302 obruatur.

1937 2344 1991 2396 6.
2036 2343 2111 2399 De
2142 2343 2284 2413 palla
2333 2341 2518 2395 nullus
2568 2348 2817 2392 mortuus
2866 2337 3154 2401 obruatur,
3187 2352 3288 2391 nec
3327 2335 3446 2390 dia»

1868 2451 2042 2491 conus
2075 2436 2339 2505 imponat,
2372 2433 2491 2488 vela
2550 2438 2604 2486 et
2633 2430 2805 2501 pallas
2835 2428 3210 2484 subdiaconus
3253 2429 3306 2484 in
3355 2443 3446 2483 sa-

1867 2527 2050 2582 crario
2077 2527 2240 2583 lavet.

217 2690 3440 2730 Μ

480 2846 1872 3082 CONSTI’I‘UTIONES
2045 2847 3148 3081 multum.

1296 3367 2426 3552 PBOCEMIA.

778 3851 899 3976 J.
963 3852 1104 3992 Β.
1187 3847 2033 3978 COTELEBII
2089 3829 2840 3978 JUDICIUM

626 4149 771 4237 DE
848 4144 2044 4254 CONSTITUTIONIBUS
2116 4109 2894 4238 APOSTOLICIS

1120 4333 1331 4406 (Patres
1365 4336 1670 4406 apostolici,
1701 4344 1740 4390 t.
1770 4335 1812 4400 Ι,
1839 4334 1931 4390 ed.
1962 4335 2282 4394 Amstaalod.
2314 4333 2514 4408 ΓΒΕ)

272 4630 349 4684 Ex
381 4623 595 4687 multis,
640 4637 764 4692 quae
807 4621 876 4676 de
915 4621 1414 4678 Constitutionibus
1465 4625 1781 4695 apostolicis
1808 4637 1849 4694 ο
1884 4627 2112 4682 stolicas
2134 4641 2263 4680 vero
2285 4625 2564 4692 διαταγὰς,
2584 4625 2883 4678 Clementis
2906 4625 3256 4694 quidem,sed
3273 4640 3457 4698 postea

206 4725 356 4779 vario
406 4721 697 4774 doctorum
737 4730 989 4772 sermone
1029 4714 1326 4783 jactantur,
1360 4732 1485 4770 vera
1536 4720 1782 4786 quaedam

207 4823 356 4877 sunt,
391 4813 501 4866 alia
537 4809 694 4871 falsa,
737 4815 932 4864 caetera
967 4806 1266 4874 ejusmodi,
1302 4815 1361 4859 ut
1400 4808 1681 4863 veritatem
1716 4824 1785 4862 an

208 4905 505 4960 talsitatem
532 4901 872 4964 contineant,
895 4905 1043 4951 certa
1065 4905 1298 4965 nequeat
1318 4899 1786 4966 argumentatione

209 4996 437 5070 percipi.
470 4991 548 5045 Ea
581 4994 627 5048 si
668 4993 723 5045 in
768 4990 1040 5060 principio
1086 4989 1509 5044 Adnotationum
1553 4991 1784 5045 istarum

213 5087 636 5150 secreverimus,
667 5097 847 5154 Opem
885 5081 1118 5151 pretium
1142 5095 1243 5136 nos
1273 5080 1516 5137 facturos
1539 5098 1648 5137 non
1684 5098 1783 5139 ne-

215 5178 445 5234 scimus.

282 5268 472 5336 neque
503 5282 698 5321 verum
723 5273 832 5330 est,
858 5264 1327 5319 Coustitutionum
1361 5264 1786 5334 apostolicarum

213 5361 554 5426 ὀκτάδιὸλον,
588 5377 724 5430 opus
752 5376 875 5416 esse
913 5361 1367 5430 apocrypbumet
1398 5358 1788 5428 pseudepigra-

216 5458 405 5527 phum,
433 5458 505 5512 ab
536 5455 801 5526 apostolis
826 5470 935 5529 non
960 5452 1268 5523 profectum
1293 5493 1307 5518 ,
1339 5466 1440 5505 nec
1471 5451 1539 5505 ab
1561 5459 1785 5519 aposto-

218 5548 321 5602 lico
383 5549 684 5604 Clemente.
749 5545 996 5610 Scilicet,
1045 5545 1295 5614 quamvis
1331 5550 1524 5597 auctor
1559 5541 1787 5598 canonis

219 5642 388 5693 ultimi
417 5639 732 5709 apostolici,
764 5639 810 5691 si
853 5638 1104 5692 diversus
1132 5644 1215 5690 est
1246 5636 1315 5690 ab
1344 5650 1409 5689 eo
1435 5635 1502 5688 de
1532 5649 1639 5703 quo
1672 5635 1788 5703 agi-

219 5749 357 5796 mus,
390 5734 554 5786 aliter
583 5737 818 5796 statuat,
853 5731 1106 5799 quamvis
1132 5730 1257 5782 illos
1287 5728 1665 5798 apostolorum
1690 5741 1784 5780 ca-

219 5839 386 5881 nones
412 5841 571 5880 veros
597 5838 821 5879 censere
848 5820 1243 5893 soleantGrfeci
1273 5821 1626 5892 posteriores,
1648 5835 1779 5890 apo-

1885 4719 2253 4784 adulteratas;
2287 4718 2538 4785 quamvis
2586 4715 2872 4785 AEIhiopes
2921 4734 2948 4770 a
3004 4718 3206 4774 Graecis
3256 4722 3433 4777 edocti

1885 4811 2243 4881 apostolicam
2273 4809 2622 4864 Octabiblum
2652 4817 2711 4862 ut
2751 4825 2965 4864 sacram
3009 4818 3062 4864 et
3096 4811 3336 4866 divinam
3368 4831 3434 4869 vc.

1887 4911 2185 4968 uerentur;
2210 4902 2463 4970 quamvis
2488 4899 2545 4956 S.
2571 4900 2910 4970 Epiphanius
2937 4903 3128 4956 haeresi
3164 4903 3252 4968 80,
3276 4906 3437 4974 cap.7

1885 5003 1941 5048 et
1964 4992 2250 5048 Cedrenus
2281 4992 2494 5047 duobus
2535 4993 2590 5046 in
2639 4993 2797 5059 locis,
2838 4993 2980 5047 inter
3010 4992 3266 5048 Veterum
3307 4997 3463 5049 testi-

1888 5087 2072 5140 monia
2120 5085 2341 5146 relatis,
2402 5084 2544 5138 θεῖον
2594 5085 2749 5152 λόγων
2807 5085 3127 5140 Diataxibus
3187 5086 3458 5154 tribuant;

1888 5182 2129 5230 attamen
2162 5175 2370 5244 liquido
2385 5182 2622 5241 constat,
2647 5175 2711 5228 ad
2742 5177 3020 5245 apostolos
3044 5184 3098 5230 et
3127 5175 3460 5230 Clementem

1891 5282 1998 5320 non
2035 5266 2310 5336 pertinere
2340 5265 2644 5337 σύνταγμα,
2671 5270 2814 5337 quod
2847 5269 3018 5338 prima
3047 5269 3302 5325 Ecclesia:
3325 5278 3464 5324 tem-

1889 5377 2024 5430 pora
2051 5361 2230 5423 latuit,
2264 5359 2409 5430 quod
2445 5375 2474 5412 a
2510 5369 2587 5415 tot
2613 5348 3106 5418 sanctisl‘atribus
3150 5361 3460 5431 ignoratum

1891 5451 2021 5517 fuit,
2076 5459 2170 5505 aut
2223 5453 2559 5522 neglectum,
2610 5456 2752 5523 quod
2799 5455 3049 5523 plurimis
3092 5457 3460 5525 suspicionem

1897 5546 2066 5600 movit
2117 5545 2547 5617 suppositionis,
2593 5547 2842 5614 plurimis
2884 5548 3262 5601 certitudinem
3314 5548 3466 5602 dedit

1898 5636 2189 5700 falsitatis;
2219 5638 2362 5704 quod
2397 5638 2664 5691 catholica
2699 5637 2944 5691 Ecclesia
2979 5654 3008 5691 a
3055 5654 3268 5692 canone
3311 5639 3462 5691 Scri-

1896 5736 2178 5798 pturarum
2212 5729 2518 5781 divinarum
2550 5730 2825 5795 excludit;
2873 5730 3016 5798 quod
3062 5731 3296 5800 denique
3341 5745 3463 5784 sex-

1896 5829 2051 5877 ccuta
2084 5823 2461 5888 complectitur
2500 5839 2624 5876 cum
2657 5825 2901 5882 veritate,
2944 5839 3064 5876 cum
3091 5823 3464 5877 verisimilituv
