4096 6318
633 403 736 463 5H
1489 396 1548 454 S.
1583 396 1975 455 CLEMENTIS
2011 396 2030 449 Ι
2067 393 2186 450 ROB

2286 392 2473 451 ΡΟΝΤ.
2509 395 2739 452 ΟΡΙΞΠΑ
2774 398 2996 455 DUBIA.
3093 390 3097 397 ’
3782 410 3901 465 512

628 523 757 577 diue
785 519 1112 591 pugnantia,
1160 515 1466 572 recentiora
1497 516 1840 586 temporibus
1868 514 2207 584 apostolicis,
2240 519 2287 572 Α
2318 527 2427 565 non
2460 523 2567 569 tam
2600 530 2754 569 suam
2775 556 2790 578 ,
2820 531 2982 584 quam
3011 514 3230 572 Eusebii
3268 520 3521 589 pr0ponit
3542 521 3897 585 Opinionem.

627 620 793 683 atque
819 610 895 665 ab
926 606 1233 679 apostolico
1261 607 1583 660 charactere
1606 604 1995 659 remotissima.
2309 600 2415 657 Sed
2432 604 2498 658 de
2517 603 2713 658 Photio
2742 605 3025 659 hactenus.
3058 604 3168 661 Suo
3187 610 3418 680 quisque
3434 619 3621 665 utatur
3634 613 3906 669 arbitrio?

697 702 809 759 Nec
849 702 1030 756 minus
1082 714 1270 754 verum
1320 704 1424 760 est,
1478 699 1732 766 antiquas
1780 695 2203 755 constitutiones

627 798 803 852 dictas
825 793 1219 864 apostolorum,
1233 798 1354 861 post
1375 790 1823 858 compositionem
1854 804 2007 842 suam
2034 789 2201 840 inter-

627 889 988 963 polatricibus
1013 884 1265 940 manibus
1309 881 1674 948 subjacuisse.
1706 878 1762 933 Id
1800 880 1947 934 clare
1973 879 2201 933 demon-

629 991 807 1039 strant
845 982 963 1034 loca
990 979 1157 1031 citata
1203 991 1233 1028 a
1285 974 1345 1028 Β.
1406 971 1733 1043 Epiphanio,
1780 977 1832 1025 et
1890 986 1920 1023 a
1976 976 2199 1039 parente

627 1070 819 1139 Operis
855 1068 1145 1139 imperfecti
1188 1068 1629 1124 in'Mauhwum;
1674 1075 1909 1130 quorum
1939 1060 2198 1129 pleraque

625 1175 773 1214 nunc
802 1158 1002 1228 partim
1035 1171 1144 1210 non
1187 1160 1446 1215 exstant,
1479 1152 1676 1229 partim
1706 1167 1831 1209 cum
1861 1166 2063 1219 magna,
2085 1150 2185 1209 dif-

625 1250 853 1305 ferentia
887 1249 1177 1305 verborum
1203 1253 1257 1297 et
1290 1259 1547 1299 sensuum
1578 1243 1849 1312 leguntur.
1898 1240 2078 1311 Atque
2126 1241 2195 1295 ob

622 1360 742 1399 eam
778 1338 1208 1411 interpolationis
1242 1337 1440 1390 famam
1471 1334 1640 1388 Grazci
1662 1336 1714 1387 in
1745 1334 1932 1387 Trullo
1967 1348 2197 1402 congre-

622 1436 732 1505 gati
764 1432 1110 1509 proﬁtentur,
1147 1426 1952 1490 canone2,Constitutionibus,
1973 1433 2193 1493 aposto-

621 1530 796 1583 lorum
819 1523 1174 1580 Clementinis
1192 1523 1300 1593 jam
1314 1522 1442 1575 olim
1458 1522 1525 1575 ab
1552 1520 1829 1584 hmreticis
1855 1519 1962 1576 vim
1994 1518 2189 1578 factam

621 1636 718 1690 per
737 1617 999 1672 nonnulla
1023 1616 1273 1683 malaque
1292 1612 1681 1669 additamenta.
1699 1611 1804 1668 Sed
1822 1610 1966 1680 quod
1996 1610 2192 1663 merito

620 1708 1101 1774 mirere,Photius,
1126 1704 1579 1773 diligentissimus
1601 1699 1977 1770 hujuscemodi
2008 1715 2189 1755 rerum

623 1802 1004 1871 investigator,
1064 1813 1242 1866 neque
1302 1797 1952 1867 depravatiouis,ncque
1996 1790 2187 1861 judicii

621 1892 869 1947 Trullani
895 1889 1225 1952 mentionem
1276 1887 1427 1951 facit,
1461 1887 1666 1949 uestris
1701 1885 1981 1951 διαταγαίς
2033 1882 2194 1936 beni-

618 1985 797 2054 gnior,
821 1980 1278 2052 quemadmodum
1316 1986 1369 2033 et
1411 1978 1628 2035 Nicetas
1666 1974 1987 2031 Pectoratus
2029 1982 2194 2044 atque

620 2074 889 2144 Georgius
913 2071 1213 2125 Cedrenus.
1242 2070 1451 2139 Quippe
1480 2070 1573 2139 qui
1595 2077 1802 2122 sextam
1843 2081 1996 2120 suam
2026 2081 2192 2135 syno-

620 2165 749 2226 dum
815 2163 1104 2221 videantur
1144 2162 1420 2230 sprevisse
1447 2200 1461 2223 ,
1503 2170 1557 2215 et
1606 2160 1660 2213 in
1708 2156 2193 2211 constitutionibus

2378 733 2623 792 Veritate
2652 738 2840 803 etiam,
2871 738 3014 793 sicut
3051 748 3102 795 et
3128 745 3474 808 auctoritate,
3500 747 3756 800 nituntur
3788 764 3903 802 va-

2302 826 2403 881 ria)
2423 827 2588 897 hujus
2609 830 2904 900 apocryphi
2933 833 3340 900 appellationes.
3366 836 3710 907 διατάγματα
3749 840 3905 893 ἁπο-

2302 921 2499 973 στόλων
2529 936 2623 975 seu
2646 922 2996 985 ἁποστολικά,
3014 924 3121 976 τῶν
3146 926 3454 980 ἀποστόλων
3479 945 3573 983 seu
3597 930 3905 984 ἀποστολι-

2299 1011 2393 1063 καὶ
2404 1010 2668 1074 διατάξεις
2681 1012 3327 1085 θυιδιαταγαίιδιαταγαὶ
3350 1021 3430 1072 vel
3444 1018 3713 1084 διατάξεις
3734 1022 3903 1093 Κλή-

2300 1119 2491 1172 μεντος
2502 1102 2615 1157 sive
2624 1103 2711 1155 διὰ
2724 1105 3057 1174 Κλήμεντος,
3070 1107 3176 1160 τῶν
3197 1109 3504 1163 ἀποστόλων
3515 1111 3599 1162 διὰ
3625 1112 3741 1182 Κλή
3752 1130 3903 1180 μενο

2295 1209 2387 1255 τος
2413 1192 2677 1256 διατάξεις
2692 1202 2791 1246 aut
2805 1194 3077 1262 διαταγαί,
3102 1205 3155 1251 et
3174 1199 3490 1263 ὀκτάϐιϐ).ος
3512 1202 3846 1271 Κλήμεντος
3883 1222 3895 1255 :

2296 1282 2423 1336 item
2461 1282 2715 1346 (hiscite,
2755 1284 3095 1351 διδασκαλία,
3125 1288 3383 1361 καθολικὴ
3419 1291 3734 1344 διδασκαλία
3758 1332 3775 1354 ,
3840 1300 3902 1346 ct

2295 1373 2515 1436 κανόνες
2539 1374 2653 1429 sive
2684 1374 2806 1428 libri
2839 1372 3114 1429 Canouum
3140 1378 3520 1448 apostolorum.
3547 1382 3719 1452 Cujus
3745 1399 3895 1454 pos—

2294 1462 2702 1519 tremiuominis
2732 1467 2935 1519 mentio
2959 1484 3195 1539 quoque,
3214 1472 3356 1539 apud
3370 1470 3792 1537 (Ecumenium,
3820 1476 3898 1529 ad

2290 1556 2549 1611 Actorum
2572 1558 2863 1621 ix,,10,hoc
2885 1558 3065 1623 modo,
3097 1563 3190 1614 καὶ
3216 1558 3372 1624 οὗτος
3390 1564 3679 1628 ὁᾏνανίας
3704 1566 3901 1619 διάκο-

2291 1664 2379 1710 νος
2402 1644 2468 1719 ἦν
2499 1648 2573 1710 ὡς
2594 1648 2756 1711 αὐτὸς
2777 1649 2987 1713 Παῦλος
3020 1656 3285 1722 μαρτυρεῖ
3312 1655 3368 1706 ἐν
3395 1657 3506 1718 τοῖς
3534 1656 3742 1717 κανόσι.
3771 1656 3893 1711 Sed

2291 1754 2415 1792 cum
2440 1738 2603 1807 hujus
2625 1740 2881 1795 editionis
2896 1742 3039 1811 typis
3060 1752 3303 1797 veterum
3323 1746 3631 1801 testimonia
3650 1747 3894 1801 manda—

2224 1840 2512 1899 B‘rentur,
2549 1832 2794 1889 nondum
2818 1842 3134 1889 occun'erat
3163 1836 3345 1903 locus;
3371 1837 3438 1891 de
3467 1855 3574 1907 quo
3604 1839 3725 1893 vide
3754 1856 3892 1909 quae

2276 1923 2567 1979 adnotabo
2589 1922 2655 1977 ad
2680 1924 2801 1977 libri
2819 1942 2892 1977 vn
2939 1934 3100 1995 caput
3126 1927 3214 1985 46.
3244 1927 3604 1985 theruman
3632 1929 3888 1989 Joannes

2295 2011 2663 2070 Damascenus
2690 2013 3015 2070 Orthodoxw
3029 2019 3155 2083 ﬁdei
3173 2019 3267 2073 lib.
3288 2035 3361 2078 ιν.
3395 2035 3519 2089 cap.
3545 2021 3631 2084 l8,
3653 2023 3889 2089 quando

2295 2118 2536 2159 canones
2584 2107 2957 2174 apostolorum
3011 2124 3107 2177 per
3155 2109 3488 2168 Clementem
3534 2114 3713 2167 editos
3746 2129 3885 2168 cum

2294 2192 2493 2249 divinis
2533 2195 2903 2251 voluminibus
2938 2208 3284 2266 annumerat,
3310 2204 3758 2268 constitutiones,
3794 2205 3886 2260 vel

619 2256 825 2310 nullam
857 2253 1144 2323 agnovisse
1175 2252 1604 2322 corruptionem.

688 2345 846 2413 Quod
870 2356 1046 2400 autem
1059 2347 1348 2410 Διαταγαῖς
1368 2342 1472 2394 τῶν
1493 2339 1803 2394 ἀποστόλων
1831 2338 1918 2391 διὰ
1945 2337 2059 2408 Κλή
2070 2354 2193 2407 μεν-

618 2454 711 2499 τος
744 2436 887 2491 favet
908 2435 1160 2496 Pbotius,
1189 2450 1355 2488 causa
1386 2450 1492 2487 non
1522 2441 1607 2487 est
1635 2433 1819 2487 odium
1850 2432 1906 2485 in
1937 2430 2188 2496 Latinos;

620 2528 821 2598 quibus
850 2526 1071 2595 iniquus
1107 2526 1163 2579 in
1185 2525 1552 2595 Μυριοϐιϐλῳ
1571 2539 1678 2577 non
1710 2531 1937 2593 apparet
1961 2561 1975 2582 ,
2005 2528 2193 2591 utpote

618 2626 752 2674 ttine
776 2618 1115 2673 orthodoxus
1138 2624 1192 2670 et
1215 2615 1552 2681 catholicus;
1578 2630 1702 2668 cum
1731 2621 1921 2666 contra
1946 2612 2192 2667 Trullani

617 2711 887 2781 episcopi,
914 2709 1119 2762 Latina:
1147 2706 1403 2761 Ecclesia:
1425 2704 1611 2759 hostes
1641 2704 1969 2764 hauddubii,
2000 2703 2191 2756 iisdem

616 2802 1124 2869 Stardgemnigrum
1173 2787 1324 2853 iheta
1356 2798 1705 2867 praefixerint.
1732 2796 1910 2850 Causa
1940 2800 2044 2856 est,
2068 2794 2193 2849 libri

617 2893 954 2964 praestantia,
985 2899 1039 2946 et
1070 2889 1209 2945 forte
1232 2888 1523 2958 Epiphanii
1560 2889 1889 2943 encomium.
1920 2885 2079 2939 Certe
2121 2886 2191 2949 si,

618 2981 1081 3055 quemadmodum
1109 2981 1408 3035 verisimile
1450 2979 1527 3046 fit,
1568 2977 1900 3033 existimavit
1939 2974 2187 3039 Photius,

616 3074 1056 3131 Constitutiones
1119 3086 1259 3140 opus
1304 3086 1427 3124 esse
1478 3078 1635 3124 vetus
1673 3084 1735 3122 ac
1780 3068 2034 3137 probum,
2088 3067 2190 3121 sub

617 3166 839 3221 nomine
868 3164 1239 3237 apostolorum
1263 3171 1316 3217 et
1338 3162 1635 3215 Clementis
1660 3162 1978 3221 confictam,
2012 3158 2188 3213 tribus
2217 3161 2261 3223 C

616 3257 1136 3329 reprehensionibus
1151 3257 1323 3324 iisque
1338 3272 1443 3308 non
1460 3252 1843 3308 insolubilibus
1866 3251 2185 3314 obnoxium,

617 3349 1047 3411 κακοπλαστίας,
1081 3348 1534 3402 contumeliarum
1568 3342 1994 3399 Deuteronomio
2019 3340 2193 3396 facta-

617 3458 764 3507 rum,
796 3448 850 3496 et
873 3440 1201 3505 Arianismi;
1232 3454 1340 3492 non
1372 3436 1612 3505 intelligo
1639 3452 1737 3490 cur
1763 3435 1898 3487 adeo
1920 3432 2189 3501 culpanda

616 3540 843 3603 putetur
874 3532 1023 3585 illius
1050 3530 1265 3583 critica.
1303 3527 1378 3581 lta
1416 3526 1573 3581 fateri
1606 3526 1695 3579 ille
1727 3526 1923 3594 poterit
1950 3522 2095 3591 quod
2132 3523 2187 3575 in

615 3641 677 3681 re
698 3634 803 3691 est,
823 3625 903 3678 ab
943 3624 1169 3692 antiquo
1201 3622 1419 3675 homine
1450 3634 1557 3672 non
1588 3618 1828 3679 indocto,
1871 3626 1924 3669 at
1955 3614 2188 3684 ﬁngendi

616 3716 751 3771 satis
784 3714 1059 3783 imperito,
1092 3728 1193 3767 nec
1216 3727 1429 3781 semper
1462 3709 1675 3771 veraci,
1705 3709 1761 3762 in
1791 3708 1967 3761 lucem
2001 3706 2187 3774 prola-

614 3817 700 3861 tos
739 3804 913 3861 fuisse
944 3812 1067 3874 post
1097 3800 1749 3873 apostolicumsaeculum
1790 3798 1960 3855 libros
2009 3795 2187 3864 pluri-

614 3898 720 3952 mis
769 3896 1241 3964 inconsequentiis
1269 3908 1333 3949 ac
1378 3891 1878 3953 inconsiderantiis,
1904 3888 2185 3944 nonnullis

614 3990 902 4044 erroribus
929 4002 1236 4057 respersos,
1268 3987 1335 4041 de
1365 3985 1786 4041 Deuteronomio
1830 3984 2067 4046 incaute,
2117 3983 2185 4038 de

614 4090 808 4137 sancta
838 4088 891 4136 et
918 4078 1201 4134 individua
1234 4076 1504 4130 Trinitate
1546 4075 1848 4144 periculose
1877 4074 2183 4141 loquentes.

616 4172 689 4229 Ut
716 4188 845 4228 vero
879 4172 1128 4241 suspicer
1144 4167 1582 4226 Constitutiones
1616 4181 1646 4219 a
1686 4165 1880 4220 Photio
1908 4181 2015 4218 nou
2062 4180 2184 4222 esse

615 4266 909 4319 attributas
940 4261 1187 4316 Romano
1216 4259 1521 4323 Clementi,
1561 4258 1689 4313 facit
1714 4268 1822 4312 tum
1857 4258 2034 4327 magni
2070 4258 2182 4311 Ma-

618 4357 777 4427 gistri
811 4354 1163 4415 existimatio,
1189 4360 1302 4405 tum
1334 4351 1477 4421 quod
1510 4352 1699 4405 eodem
1728 4352 1832 4405 loci
1868 4368 1975 4406 non
2009 4358 2180 4425 magis

616 4447 894 4517 abjudicat
934 4444 1234 4513 apostolico
1296 4442 1721 4516 Recognitiones,
1772 4461 1907 4513 quas
1950 4445 2179 4502 refertas

615 4541 772 4595 docet
806 4537 1081 4600 absurdis,
1108 4544 1159 4589 et
1181 4533 1508 4597 Arianismo,
1533 4550 1695 4603 quam
1708 4536 2133 4593 Constitutiones
2161 4557 2174 4593 :

614 4634 740 4703 quis
771 4639 949 4685 autem
982 4628 1169 4682 credat
1204 4628 1279 4681 ita
1328 4629 1532 4682 sentire
1578 4629 1755 4681 virum
1798 4629 2177 4687 doctissimum

613 4733 668 4781 et
697 4722 1202 4794 prudentissimum,
1230 4729 1287 4774 ut
1314 4721 1422 4774 tale
1445 4722 1706 4791 scriptum
1727 4737 1836 4775 non
1869 4730 2017 4791 putet
2040 4723 2179 4779 falso

613 4815 859 4871 auctoris
896 4814 1053 4867 titulo
1086 4812 1254 4869 fuisse
1282 4813 1572 4866 donatum?
1617 4821 1729 4867 t'um
1775 4814 2008 4883 denique
2052 4814 2179 4883 quia

614 4908 757 4963 idem
785 4907 838 4959 in
868 4902 1193 4960 Prszfatione
1221 4904 1288 4959 ad
1320 4903 1755 4959 Nomocanonem
1808 4906 2061 4977 ambigue
2110 4908 2178 4962 de

616 4999 990 5068 apostolorum
1042 4994 1343 5050 canonibus
1370 4996 1611 5061 disserit,
1645 5004 1703 5050 ut
1746 5005 1798 5051 et
1846 4998 1900 5052 in
1928 5000 2014 5054 his
2043 5000 2177 5069 ipsis

612 5089 963 5144 Bibliotheca
993 5086 1274 5142 codicibus
1316 5101 1448 5157 cm,
1474 5102 1625 5143 cxm.
1654 5089 1922 5154 Quocirca
1976 5106 2176 5145 secun-

613 5162 743 5235 dum
795 5187 1038 5234 nostram
1092 5178 1455 5247 suspicionem
1485 5218 1501 5239 .
1550 5180 1843 5235 Clementis
1870 5182 2015 5235 dicta
2047 5193 2175 5237 sunt

612 5271 808 5325 Photio
828 5287 891 5325 ea
915 5269 1022 5324 duo
1047 5270 1281 5341 Scripta,
1304 5272 1561 5340 quoniam
1589 5272 1929 5327 Clementino
1956 5276 2175 5331 nomine

613 5363 873 5431 inscripta
905 5361 1231 5417 ferebantur.
1263 5361 1605 5433 Quanquam,
1630 5369 1688 5417 u't
1716 5363 1891 5418 dicam
1919 5365 2169 5435 ingenue,

612 5460 899 5508 contextus
958 5454 1239 5518 orationis,
1296 5462 1350 5509 et
1394 5469 1626 5510 censura
1674 5470 1798 5509 cum
1854 5458 2171 5525 posterioris

612 5544 853 5614 epistola:
903 5544 1220 5608 Clementis,
1281 5562 1393 5599 tum
1436 5547 1818 5614 disputationis
1860 5548 2004 5603 Petri
2045 5566 2169 5605 cum

609 5639 839 5708 Apione,
868 5654 975 5692 non
1008 5639 1336 5693 mediocrem
1383 5640 1603 5708 pariunt
1629 5638 2025 5696 difficultatem.
2058 5644 2171 5698 Cur

614 5729 757 5791 enim
791 5744 894 5783 non
928 5732 1041 5799 pari
1068 5730 1228 5785 modo
1262 5731 1583 5799 proscripsit
1613 5730 2076 5787 Cons‘titutionum
2109 5750 2171 5789 ac

614 5814 1045 5892 lierognitiouum
1082 5824 1274 5895 libros,
1303 5825 1402 5881 nisi
1424 5824 1562 5881 forte
1575 5825 1700 5897 quia
1720 5824 1773 5881 in
1788 5827 2159 5885 ceusurisillis

2293 2283 2559 2338 duntaxat
2589 2302 2830 2343 canones
2874 2291 3363 2348 constitutionibus
3404 2294 3681 2349 subnexos
3712 2296 3883 2351 intel-

2292 2374 2447 2444 ligat,
2482 2377 2665 2453 quaeri.
2686 2389 2882 2448 potest.
2920 2379 3099 2434 Malim
3133 2383 3381 2452 accipere
3425 2383 3490 2439 de
3534 2386 3669 2441 solis
3703 2401 3882 2440 cano-

2294 2468 2456 2523 nibus
2481 2487 2495 2536 ;
2516 2485 2623 2547 quo
2654 2471 2845 2540 majori
2877 2480 3030 2542 parte
3059 2474 3265 2529 erroris
3290 2476 3372 2529 vir
3402 2486 3629 2537 sanctus
3657 2487 3712 2531 et
3772 2478 3881 2531 do-

2295 2568 2416 2616 ctus
2450 2563 2792 2631 sublevetur;
2844 2574 2897 2619 et
2936 2567 3063 2635 quia
3094 2568 3271 2621 rarior
3299 2569 3472 2636 prima
3502 2570 3748 2637 acceptio
3774 2587 3789 2635 ;
3820 2578 3879 2625 et

2297 2665 2519 2731 propter
2534 2654 2827 2711 Trullanos
2839 2656 3048 2723 Patres,
3064 2674 3292 2727 quorum
3315 2662 3639 2713 sententiam
3653 2661 3874 2716 videtur

2295 2754 2536 2799 secutus.
2573 2746 2726 2801 Adde
2754 2748 2897 2817 quod
2927 2750 3170 2817 ejusdem
3202 2750 3324 2805 libri
3364 2766 3484 2821 cap.
3522 2751 3611 2815 i5,
3647 2767 3872 2807 morem

2294 2835 2557 2896 adorandi
2587 2836 2653 2891 ad
2684 2837 2959 2894 Orientem
2986 2840 3153 2895 refert
3177 2842 3244 2896 ad
3266 2842 3616 2903 traditionem
3645 2852 3870 2912 aposto-

2294 2926 2471 2985 lorum
2504 2943 2613 2985 non
2653 2931 2949 2999 scriptam;
3000 2947 3122 2985 cum
3154 2940 3336 2988 tamen
3376 2934 3423 2991 is
3459 2950 3579 2995 mos
3624 2930 3877 3006 scriptus

2295 3021 2597 3087 reperiatur
2623 3022 2678 3074 in
2701 3021 3217 3080 Coustitutionibus.

2363 3128 2482 3183 Jam
2514 3146 2641 3186 vero
2664 3140 2862 3203 praeter
2890 3150 3053 3204 supra
3095 3135 3259 3189 dictis
3294 3134 3434 3189 veris
3462 3134 3737 3203 opposita,
3764 3135 3868 3192 fal.

2292 3237 2413 3276 sum
2436 3226 2599 3277 etiam
2627 3232 2731 3291 est,
2766 3236 3043 3281 auctorem
3068 3226 3539 3282 Constitutionum
3568 3234 3733 3296 atque
3765 3228 3867 3282 Rev

2288 3312 2642 3379 cognitionum
2691 3317 2941 3370 eumdem
2993 3333 3139 3373 esse.
3186 3317 3459 3372 Habemus
3489 3316 3667 3371 Photii
3709 3317 3862 3386 judi-

2290 3400 2458 3463 cium,
2484 3402 2578 3470 qui
2600 3408 3019 3475 praerogativam
3063 3407 3279 3476 quidem
3332 3408 3566 3462 sanioris
3596 3406 3867 3463 doctrina

2289 3491 2481 3546 tribuit
2513 3496 2900 3565 primooperi;
2928 3506 2983 3549 at
3012 3497 3358 3566 eloquentiae,
3403 3512 3463 3552 ac
3518 3497 3867 3569 polymathis

2288 3583 2598 3648 posteriori.
2627 3584 2691 3637 Et
2716 3586 2839 3655 quis
2887 3602 2995 3640 non
3029 3588 3173 3642 videt
3221 3588 3370 3642 illius
3424 3588 3748 3656 scriptorem
3779 3590 3862 3643 vi-

2287 3686 2407 3724 rum
2437 3672 2607 3729 fuisse
2640 3684 2956 3730 sanctarum
2981 3679 3401 3748 'Scripturarum
3429 3678 3743 3747 rituumque
3770 3695 3859 3735 cc-

2285 3764 2719 3820 clesiasticorum
2780 3769 3245 3836 scientissimum;
3309 3769 3473 3839 hujus
3507 3808 3523 3834 ,
3579 3770 3859 3829 hominem

2284 3855 2339 3911 in
2378 3857 2447 3912 iis
2500 3858 2819 3914 rudiorem?
2875 3861 2990 3914 lluc
3030 3861 3242 3917 accedit
3287 3863 3431 3930 quod
3484 3877 3591 3917 non
3641 3879 3861 3934 semper

2284 3951 2618 4005 conveniunt
2658 3951 2913 4022 dogmata
2967 3956 3270 4026 utriusque.
3316 3955 3477 4011 Verbi
3510 3955 3685 4026 gratia
3717 3955 3859 4012 Con—

2284 4040 2484 4102 stitut.,
2518 4042 2613 4095 lib.
2647 4059 2764 4105 vui,
2797 4059 2914 4112 cap.
2957 4044 3061 4109 46,
3102 4048 3243 4103 inter
3282 4050 3522 4104 inanima
3564 4063 3861 4105 recensen-.

2286 4138 2373 4182 tur
2401 4134 2506 4195 sol,
2542 4134 2687 4198 luna,
2714 4134 2904 4199 stella};
2922 4144 3115 4191 contra
3148 4140 3417 4214 Recognit.
3438 4142 3531 4196 lib.
3557 4140 3851 4211 v,‘cap.iG.

2286 4220 2378 4275 Sic
2413 4223 2539 4294 (alia
2563 4230 2846 4297 prtetereo)
2873 4229 3188 4283 Ebionitica‘.
3228 4228 3667 4302 Ἀναγνωρισμοῦ
3699 4233 3855 4289 lotio-

2282 4328 2400 4377 nes,
2442 4315 2497 4369 in
2526 4315 2785 4389 καθολικῇ
2804 4306 3119 4390 διδασκαλίᾳ
3139 4321 3595 4378 condemnantur.

2358 4446 2648 4517 Perperam
2706 4456 2923 4521 queque
2978 4452 3391 4510 confunduntur
3426 4454 3857 4516 Constitutiones

2283 4551 2408 4591 cum
2447 4540 2805 4599 Clementim's.
2832 4542 3029 4613 Aperte
3043 4545 3309 4621 siquidem
3334 4562 3397 4601 ac
3426 4555 3643 4604 exserte
3664 4550 3855 4605 distin-

2279 4631 2396 4699 guit
2463 4630 2805 4701 Nicepliorus
2872 4634 3127 4690 Historia:
3180 4637 3547 4693 ecclesiasticw
3610 4640 3703 4695 lib.
3763 4657 3845 4708 ιιι,

2282 4736 2405 4790 cap.
2440 4723 2529 4777 18.
2562 4722 2671 4777 Nec
2718 4725 2850 4779 sinit
2910 4727 3163 4783 haesitare
3207 4740 3453 4799 praesens
3500 4734 3688 4799 editio,
3730 4752 3849 4805 quas

2279 4823 2572 4885 utrumque
2607 4815 2973 4897 cdyypappa,
3012 4835 3075 4873 ac
3110 4823 3383 4891 posterius
3431 4840 3577 4881 nunc
3615 4827 3846 4897 primum

2279 4907 2681 4976 complectitur.
2715 4908 2873 4963 Errat
2920 4894 3103 4965 itidem
3153 4911 3487 4970 Humbertus
3520 4894 3845 4987 Cardinalis,

2278 4998 2404 5051 dum
2422 4998 2805 5054 Ordinationes
2822 5017 2914 5056 seu
2936 5000 3391 5071 Constitutiones,
3407 5023 3435 5060 a
3453 5005 3637 5062 Niceta
3656 5007 3846 5065 Pecto-

2278 5098 2399 5143 rato
2428 5090 2694 5155 laudatas,
2732 5092 2799 5145 ad
2837 5091 3182 5149 itinerarium
3210 5094 3354 5151 Petri
3404 5099 3635 5169 apostoli
3665 5107 3844 5156 trans-

2277 5184 2403 5246 fert,
2436 5199 2561 5237 cum
2594 5200 2702 5253 quo
2724 5185 2860 5237 nihil
2892 5200 3178 5242 commune
3201 5189 3417 5255 habent,
3443 5192 3601 5262 longe
3629 5190 3697 5247 de
3724 5194 3842 5250 aliis

2278 5277 2440 5329 rebus
2460 5291 2622 5345 quam
2653 5276 2720 5331 de
2752 5276 2895 5331 Petri
2930 5279 3456 5348 peregrinationibus
3490 5281 3838 5341 disserentes.

2275 5366 2477 5422 Ansam
2502 5368 2708 5423 erroris
2744 5367 3043 5423 Ilumberto
3072 5370 3221 5425 dedit
3256 5358 3525 5443 ignoratio
3554 5369 3841 5444 utriusque

2276 5460 2597 5531 apocryphi,
2638 5462 2863 5530 solaque
2894 5462 3091 5516 notitia
3122 5463 3287 5532 hujus
3319 5462 3589 5519 Gelasiani
3612 5464 3836 5529 decreti,

2276 5550 2621 5605 Itinerariunt
2650 5554 2854 5607 nomine
2882 5552 3030 5607 Petri
3068 5556 3315 5623 apostoli,
3360 5557 3497 5625 quod
3552 5557 3842 5624 appellatur

2273 5645 2445 5698 sancti
2474 5642 2754 5698 Clementis
2794 5644 2914 5697 libri
2943 5643 3119 5699 decem
3151 5646 3249 5715 (ita
3288 5649 3493 5704 rectius
3519 5648 3686 5702 dubio
3716 5663 3841 5717 pro—

2273 5737 2361 5791 cul
2393 5736 2631 5805 antiqua:
2649 5736 2940 5799 editiones,
2961 5752 3122 5805 quam
3148 5741 3482 5797 recentiores
3510 5746 3624 5794 ‘octo
3647 5741 3729 5795 vel
3756 5758 3842 5795 na-

2270 5827 2398 5900 vem)
2421 5826 2794 5900 apocryphum.
2826 5826 3106 5895 Creditum
3134 5829 3433 5900 Ca‘rdinali,
3460 5830 3678 5889 Graecos
3706 5832 3840 5890 nihil
