4096 6318
229 375 364 433 513

1035 365 1632 436 CONSTITUTIONES
1665 338 2146 437 APOSTCLlC/E.
2179 411 2247 422 -—
2281 381 2648 442 PROOEMIA.

3397 390 3502 449 5M

229 493 456 550 habere
486 494 710 549 nomine
739 495 1034 550 Clementis
1061 505 1444 566 przenotatum,
1485 501 1639 548 extra
1668 493 1834 548 ltine—
1859 501 1905 558 Α
1936 496 1989 549 in
2017 497 2138 552 loco
2179 501 2442 569 pneponit
2483 501 2995 570 pseudo-Clemens,
3057 503 3111 558 in
3166 505 3289 560 aliis
3320 509 3510 565 multis

227 587 458 640 rarium
489 585 636 640 Petri
665 594 719 640 et
742 584 980 642 Conone:
1008 587 1409 654 apostolorum“

329 676 434 731 Sed
480 684 535 731 et
575 677 790 731 veritati
831 677 1173 741 adversatur,
1204 675 1669 732 Constitutionum
1705 691 1857 746 apo—.

229 771 579 826 stolicarum
605 770 1022 837 compositorem
1057 785 1249 824 nomen
1273 768 1567 823 Clementis
1603 767 1832 822 Romani

231 860 358 912 sibi
413 877 527 916 non
581 863 969 931 assumpsisse.
1013 862 1169 927 Quod
1217 878 1413 916 nomen
1457 870 1511 917 et
1562 861 1614 915 in
1655 861 1835 925 fronte

232 953 552 1010 voluminis
583 953 861 1024 praeﬁxum
878 954 1203 1026 cernitur,et
1216 961 1519 1008 assertores
1536 954 1695 1006 habet
1709 969 1833 1007 cum

233 1047 584 1110 canentibus,
619 1046 989 1114 apostolorum
1015 1045 1228 1109 ultimo,
1252 1053 1307 1098 et
1331 1043 1592 1098 Tru‘llano
1613 1044 1670 1106 2,
1700 1043 1838 1099 Pho-

234 1135 412 1200 tium,
446 1135 693 1191 Nicetam
723 1135 1092 1200 Pectoratum,
1124 1134 1414 1200 Zonaram,
1437 1137 1686 1190 Alexium
1712 1137 1836 1191 Ari-

237 1231 484 1292 stinum,
521 1229 920 1294 Balsamonem,
970 1228 1280 1284 Matthamm
1313 1230 1638 1295 Blastarem,
1675 1229 1821 1287 Nice-

236 1320 490 1388 phorum
520 1319 1030 1384 Callisti,'Nicetam
1059 1318 1404 1386 Serronium,
1437 1330 1569 1387 etc.,
1594 1322 1836 1394 refraga-

241 1420 432 1466 torem
462 1420 641 1467 autem
687 1428 752 1467 ex
806 1412 1048 1481 antiquis
1091 1415 1390 1468 neminem.
1422 1411 1534 1468 Nec
1555 1413 1755 1467 mirum
1787 1414 1837 1468 si

241 1506 343 1574 qui
379 1506 749 1575 apostolorum
788 1504 1041 1560 Diataxes
1091 1503 1366 1560 scribebat
1391 1545 1406 1571 ,
1463 1505 1835 1574 apostolorum

241 1614 550 1668 personam
588 1588 871 1664 induerit;
906 1596 1242 1652 Clementem
1277 1611 1432 1661 vero,
1473 1596 1576 1651 hoc
1614 1602 1720 1660 est,
1776 1605 1836 1649 ut

243 1692 406 1745 credi
431 1694 668 1755 volebat,
698 1706 777 1754 se,
821 1691 1095 1760 putaverit
1138 1691 1195 1745 in
1231 1689 1359 1744 libri
1385 1703 1618 1760 corpore
1649 1687 1849 1744 occuls

244 1784 502 1839 tandum.

328 1875 397 1929 At
437 1878 541 1932 ista
567 1876 700 1929 mihi
732 1876 983 1947 ambigua
1012 1883 1162 1940 sunt,
1197 1891 1307 1947 quo
1335 1877 1569 1946 primum
1593 1886 1836 1947 tempore

247 1967 385 2024 libri
437 1969 900 2023 Constitutionum
965 1968 1602 2038 pseudoapostolicarum
1657 1969 1832 2025 lucem

247 2060 682 2130 conspexerint,’
699 2061 920 2131 quando
945 2062 1256 2130 interpolati
1289 2063 1420 2127 sint,
1445 2074 1604 2132 quem
1630 2061 1836 2117 habue-

243 2155 370 2208 rint
398 2163 704 2222 parentem,
738 2169 898 2224 quem
932 2162 1332 2224 corruptorem,
1361 2161 1413 2209 et
1443 2147 1642 2225 quibus
1667 2155 1720 2209 in
1760 2156 1839 2209 lo-

246 2249 340 2302 cis
365 2247 566 2301 fuerint
594 2245 895 2317 depravati.
923 2245 1088 2301 Certo
1113 2246 1261 2310 novi,
1287 2246 1432 2315 quod
1466 2247 1676 2316 primus
1701 2246 1839 2300 scri-

249 2349 384 2410 ptor
405 2348 532 2410 post
561 2347 806 2409 tempora
841 2339 1146 2408 apostolica
1184 2346 1240 2393 et
1296 2345 1420 2392 ante
1471 2337 1836 2409 Epiphanium

250 2432 490 2495 vixerit;
532 2431 625 2485 scd
659 2446 728 2484 an
761 2431 984 2500 propior
1009 2430 1117 2484 illis
1141 2431 1225 2485 vel
1253 2430 1402 2496 huic,
1435 2431 1597 2500 plane
1625 2430 1836 2485 nescio.

253 2521 462 2593 Nempe
487 2521 710 2575 Patrum
756 2523 982 2577 secundi
1032 2537 1095 2576 ac
1128 2523 1272 2576 tertii
1325 2523 1508 2578 saeculi
1561 2522 1838 2577 silentium

256 2622 485 2670 non‘est
518 2624 645 2668 nota
677 2615 924 2678 indubia,
975 2630 1088 2669 non
1133 2615 1409 2670 exstitisse
1439 2631 1629 2670 eorum
1679 2624 1840 2670 aetate

257 2706 515 2762 lliataxes
542 2705 1015 2778 :quandoquidem
1034 2707 1344 2778 apocrypha
1375 2707 1466 2761 diu
1494 2707 1836 2776 ignorantur,

257 2798 468 2852 diutius
508 2805 966 2865 contemnuntur;
1001 2799 1146 2852 unde
1177 2800 1387 2852 incerta
1431 2799 1608 2852 solent
1637 2799 1840 2854 habere

259 2889 549 2962 principia.
586 2888 780 2943 Utrum
814 2889 977 2943 etiam
1009 2890 1054 2944 is
1085 2890 1138 2943 in
1171 2890 1359 2943 eodem
1391 2905 1456 2943 ac
1481 2890 1644 2945 Arius
1669 2894 1841 2945 luere-

257 2997 386 3036 seos
443 2981 555 3034 luto
607 2980 826 3035 haeserit
858 3021 872 3045 ,
919 2996 1114 3044 necne,
1179 2983 1362 3036 dicere
1421 2997 1532 3048 non
1589 2997 1836 3052 possum.

257 3069 322 3126 S.
345 3072 677 3142 Epiphanius
699 3071 910 3126 laudem
943 3073 1284 3126 orthodoxia:
1312 3073 1359 3126 ei
1384 3074 1576 3126 tribuit
1600 3092 1613 3139 ;
1641 3082 1695 3128 et
1720 3088 1841 3142 qua:

1936 591 2234 659 postponit.
2280 593 2644 648 thnicenne
2685 596 2916 664 patriam
2949 598 3511 668 habueruutquicun-

1937 696 2043 749 que
2088 681 2282 756 iisdem
2326 686 2592 739 mensium
2634 687 2948 743 nominibus
2977 689 3063 744 usi
3132 691 3506 758 inveniuntur,

1937 773 2136 842 quibus
2172 775 2442 844 διαταγεῖς
2465 779 2637 832 nostri
2655 779 2677 831 ?
3301 755 3310 767 '

2004 865 2086 919 Ad
2130 869 2271 933 hzec,
2315 869 2506 924 dubito
2542 871 2809 927 allirmare
2853 889 2977 927 cum
3005 873 3139 927 viris
3173 873 3368 940 doctis,
3399 877 3510 931 τῶν

1937 960 2246 1015 ἀποστόλων
2301 963 2517 1034 διδαχὰς
2573 982 2666 1020 seu
2721 967 2960 1037 διδαχὴν,
3007 969 3150 1036 apud
3214 969 3506 1024 Eusebium

1937 1053 2083 1108 Hist.
2117 1055 2214 1110 lib.
2247 1071 2331 1118 ιιι,
2361 1072 2480 1126 cap.
2508 1057 2599 1120 25,
2632 1058 2991 1112 Athanasium
3036 1059 3088 1111 in
3118 1059 3355 1130 Epistola
3401 1061 3508 1116 fes-

1939 1144 2028 1196 tali
2059 1143 2149 1210 59,
2174 1152 2228 1199 et
2258 1144 2310 1198 in
2345 1141 2574 1214 Synopu'
2607 1163 2773 1200 sacra:
2801 1145 3108 1216 Scripturw,
3143 1150 3186 1201 si
3219 1150 3364 1204 illius
3400 1162 3504 1212 est.

1935 1229 2298 1302 Nicephorum
2326 1235 2983 1305 Constantiuopolitanum
3019 1237 3070 1290 in
3098 1241 3503 1306 Στιχομετρίᾳ,

1938 1323 2051 1392 (ubi
2082 1324 2245 1394 vulgo
2290 1325 2484 1394 legitur
2523 1327 2733 1397 διδαχή,
2765 1343 2885 1382 cum
2926 1344 3031 1382 ms.
3058 1331 3248 1395 codex,
3285 1332 3329 1383 si
3373 1331 3506 1384 ﬁdes

1938 1413 2134 1470 Joauni
2183 1413 2380 1479 Croio,
2436 1433 2554 1485 cap.
2610 1409 3128 1472 i'Observationum
3189 1424 3241 1472 iu
3299 1421 3506 1473 Noram

1943 1502 2364 1573 Testamentum,
2417 1511 2670 1563 exhibeat
2717 1511 2986 1579 διαδοχαί,
3035 1514 3321 1564 manifesto
3359 1498 3506 1566 arbi-

1938 1612 2074 1665 tror,
2099 1602 2232 1656 vitio
2262 1616 2361 1671 pro
2383 1600 2615 1671 διδαχαί)
2633 1607 2685 1654 et
2702 1599 3064 1670 Nicephorum
3077 1598 3286 1652 Callisti
3309 1597 3512 1651 Eccles.

1939 1692 2110 1757 Hist,
2142 1692 2236 1748 lib.
2268 1708 2330 1754 ιι,
2357 1707 2477 1761 cap.
2505 1691 2595 1755 46,
2620 1693 2894 1746 diversum
2953 1706 3074 1744 esse
3118 1707 3255 1759 opus
3298 1704 3327 1741 a
3368 1689 3515 1743 Con--

1939 1787 2318 1843 stitutionibus
2340 1786 2677 1855 apostolicis,
2696 1783 3098 1842 siveCatholica
3124 1783 3392 1837 doctrina.
3421 1781 3518 1835 Zo-

1939 1879 2279 1934 naras‘enim
2326 1877 2392 1930 ad
2424 1878 2808 1932 moxdictam
2857 1877 3140 1932 Athanasii
3189 1875 3514 1946 Epistulam,

1939 1971 2195 2025 laudatus
2224 1970 2292 2023 ab
2312 1969 2684 2024 eruditissimo
2716 1983 2779 2024 ac
2816 1968 3236 2038 diligentissimo
3263 1967 3512 2030 Usserio,

1941 2063 1997 2117 in
2031 2062 2438 2131 Prolegomenis
2469 2060 2823 2131 epistolarum
2856 2059 3282 2128 lgnatianarum,
3316 2075 3438 2128 cap.
3465 2059 3518 2124 7,

1939 2156 2142 2225 quique
2165 2161 2342 2208 exstat
2363 2152 2526 2208 etiam
2554 2152 2605 2204 in
2633 2167 2766 2206 mss.
2793 2151 2920 2214 277,
2945 2152 3068 2205 507.
3094 2149 3227 2219 Reg.
3257 2150 3517 2206 Biblioth.

1940 2249 2184 2317 loquitur
2207 2248 2272 2302 ad
2310 2230 2455 2300 hunc
2490 2245 2712 2298 modum
2749 2263 2760 2298 :
2787 2243 2894 2314 Τὴν
2923 2243 2977 2296 δὲ
3004 2242 3222 2313 διδαχὴν
3250 2242 3356 2296 τῶν
3388 2246 3525 2321 απο-

1941 2341 2162 2402 στόλων,
2193 2340 2336 2402 τινὲς
2364 2337 2612 2405 λέγουσιν
2649 2332 2787 2389 εἶναι
2826 2335 2926 2396 τὰς
2963 2336 3048 2388 διὰ
3083 2335 3176 2388 τοῦ
3208 2335 3545 2412 Κλήμςντοςὲ

1939 2433 2245 2503 γραφείσας
2270 2431 2377 2483 τῶν
2412 2429 2723 2481 ἀποστόλων
2754 2414 3041 2491 διατάξεις,
3082 2426 3146 2489 ἃς
3181 2429 3213 2497 ἡ
3255 2424 3547 2498 λεγομένη,

1940 2525 2072 2595 ἕκτη
2103 2522 2316 2585 σύνοδος
2342 2518 2803 2588 ἀναγινώσκεσθαι
2833 2519 2894 2570 οὐ
2926 2523 3213 2588 συγχωρεῖ,
3243 2517 3316 2579 ὡς
3344 2516 3527 2569 νοθευ-

1942 2617 2126 2678 θείσας
2147 2618 2238 2669 καὶ
2262 2611 2846 2686 ’παραιροαρείσαςπο⁸1⁵
2878 2606 2981 2664 ὑπὸ
3001 2609 3306 2681 αἱρετικῶν.
3321 2607 3523 2661 Conci-

1941 2712 2132 2780 nitque
2161 2710 2446 2763 Matthaeus
2476 2707 2773 2770 Blastares,
2807 2705 3066 2759 collector
3089 2703 3374 2757 Canonum
3404 2703 3523 2754 ine-

1941 2803 2111 2865 ditus,
2163 2801 2220 2854 in
2269 2801 2564 2854 multorum
2615 2797 2959 2852 bibliothecis
3014 2797 3210 2858 latens,
3257 2794 3435 2848 littera
3471 2792 3523 2862 β,

1941 2911 2062 2965 cap.
2095 2895 2180 2958 ιι,
2211 2893 2300 2947 ubi
2321 2873 2399 2946 ’ἀρ
2425 2891 2483 2945 s.
2510 2890 2793 2945 Athanasii
2824 2890 2964 2951 loco,
2990 2888 3076 2942 his
3108 2887 3326 2941 verbis:
3359 2885 3528 2950 Ἐξω-

1943 2988 2032 3041 Θεν
2072 2988 2128 3041 δὲ
2177 2987 2286 3039 τῶν
2322 2983 2751 3054 κανονιζομένων
2799 2977 2936 3033 εἷναί
2987 2997 3140 3050 φησι,
3183 2979 3280 3050 τὴν
3329 2979 3528 3047 Σοφίαν

1942 3080 2306 3151 Σολομῶντος,
2336 3086 2467 3140 etc.,
2487 3077 2576 3128 τὸν
2606 3075 2866 3144 Ποιμένα,
2900 3073 2994 3126 καὶ
3040 3072 3137 3142 τὴν
3176 3069 3393 3141 διδαχὴν
3421 3069 3528 3122 τῶν

259 3164 318 3218 in
362 3178 522 3232 opere
554 3163 757 3215 Ariana
789 3163 1066 3228 videntur,
1092 3164 1232 3218 forte
1268 3165 1645 3235 interpolatori
1676 3167 1838 3221 tribui

1948 3174 2112 3242 ἁγίων
2142 3171 2470 3225 ἀποστόλων·
2495 3168 2695 3237 ταύτην
2724 3166 2777 3218 δὲ
2805 3169 2836 3236 ἠ
2859 3156 2994 3234 ἕκτη
3015 3164 3224 3227 σύνοδος
3247 3163 3524 3231 ἠθέτησεν.

258 3256 482 3319 debent,
517 3264 576 3310 ut
602 3271 630 3308 a
654 3255 930 3311 Trullanis
955 3266 1243 3324 censetur;
1265 3259 1404 3313 forte
1428 3260 1668 3330 ἀρχαῖκὰ
1691 3269 1840 3325 sunt,

258 3349 516 3403 barretica
550 3363 661 3402 non
692 3362 839 3412 sunt,
881 3348 1205 3419 depelhque,
1242 3351 1364 3404 licet
1403 3367 1545 3422 aegre
1571 3393 1583 3413 ,
1613 3363 1842 3426 possunt

259 3445 422 3514 juxta
456 3448 691 3499 mentem
733 3438 938 3498 PhOtii.
989 3441 1133 3507 Quid
1177 3452 1360 3497 tamen
1398 3444 1444 3498 si
1477 3443 1843 3515 Epiphanium

261 3537 544 3607 deceperit
597 3536 830 3590 titulus?
887 3532 932 3590 si
985 3535 1315 3592 catholicum
1357 3538 1648 3608 putaverit,
1701 3535 1869 3608 quod~

263 3630 628 3700 apostolicum
645 3630 992 3694 autumabat,
1019 3647 1124 3684 nec
1149 3630 1520 3686 inexcusabile
1541 3631 1851 3685 videbatur?

261 3721 389 3774 Jam
432 3720 872 3790 interpolationis
920 3730 1183 3778 centones
1226 3723 1396 3791 ignoti
1458 3721 1679 3775 fuerunt
1723 3720 1850 3791 Epi-

269 3810 495 3875 phanio.
522 3817 577 3862 et
604 3809 858 3878 scriptori
885 3807 1071 3876 Operi:
1095 3811 1386 3887 imperfecti
1417 3813 1469 3863 in
1496 3811 1844 3878 Matthwum;

271 3901 391 3954 noti
435 3899 723 3953 Anastasio
764 3899 1105 3954 Antiocheno
1130 3900 1493 3966 Quaestionum
1515 3921 1575 3956 ac
1605 3903 1841 3973 Respon-

270 3994 483 4046 sionum
530 3991 779 4044 auctori:
827 4006 936 4059 quo
984 4001 1163 4054 autem
1212 4000 1453 4061 tempore
1498 3997 1732 4062 primum
1779 4011 1846 4050 ex

268 4085 437 4140 otiosi
460 4083 698 4142 hominis
727 4084 948 4140 ofﬁcina
974 4085 1618 4149 manaverint,~similiter
1648 4104 1756 4146 non
1786 4091 1852 4143 li-

267 4185 424 4247 quet.
448 4174 756 4232 Obscurum
786 4186 1047 4249 praaterea
1081 4179 1226 4249 quod
1252 4177 1426 4239 aiunt,
1452 4177 1542 4231 alii
1573 4178 1640 4231 ab
1663 4181 1850 4234 eadem

270 4287 441 4326 manu
469 4271 878 4327 mutationes-in
922 4269 1132 4342 lgnatio
1160 4280 1214 4325 et
1253 4270 1320 4323 iu-
1351 4268 1866 4336 Constitutionibus

273 4353 568 4436 prodiisse,
615 4365 705 4418 alii
731 4380 760 4418 a
799 4343 1099 4418 Diataxeon
1137 4361 1586 4433 consarcinatore
1616 4363 1854 4432 pseudo-

273 4453 544 4526 lgnati'um
578 4458 754 4512 solere
789 4457 1074 4527 compilari
1131 4455 1288 4525 quasi
1335 4455 1424 4509 vel
1462 4471 1571 4509 non
1618 4457 1855 4526 potuerit

2012 3264 2118 3319 Sed
2147 3273 2337 3318 contra
2387 3263 2467 3316 sic
2503 3268 2974 3330 argumentantur.
3025 3256 3230 3320 Primo,
3281 3253 3528 3306 Athana-

1947 3353 2064 3411 sius
2077 3355 2304 3426 Διδαχὴν
2345 3354 2450 3406 τῶν
2499 3347 2810 3405 ἀποστόλων
2836 3350 2978 3402 inter
3005 3364 3099 3402 eos
3134 3348 3302 3400 libros
3335 3362 3530 3399 nume.

1921 3456 2030 3523 rat
2051 3449 2142 3523 qui
2168 3446 2576 3522 catechumenis
2596 3443 2806 3514 legendi
2839 3450 3050 3506 essent;
3095 3457 3216 3494 cum
3242 3439 3364 3493 libri
3395 3439 3534 3497 Con:-

1948 3542 2297 3598 stitutionum
2334 3537 2610 3608 episc0pis
2641 3537 2752 3590 sint
2782 3533 2972 3594 dicati.
3008 3547 3205 3601 resque
3238 3531 3302 3583 ad
3347 3529 3534 3589 Eccle-

1949 3634 2044 3689 siae
2070 3633 2312 3702 regimen
2364 3635 2675 3699 spectantes
2725 3633 2986 3688 tractent,
3032 3632 3085 3678 et
3135 3623 3240 3675 alia
3286 3623 3534 3692 quredam

1953 3709 2330 3798 μυστικώτερα
2361 3763 2375 3786 ,
2408 3736 2530 3792 quae
2563 3719 2772 3774 idcirco
2806 3732 3018 3772 canone
3050 3705 3424 3785 apostOlorum
3459 3717 3538 3768 ul-

1951 3817 2085 3871 timo
2134 3817 2191 3871 in
2229 3815 2425 3884 vulgus
2470 3811 2648 3868 eil'erri
2703 3808 2978 3865 vetantur.
3029 3807 3301 3872 Secundo,
3326 3805 3532 3879 διδαχή,

1948 3897 2093 3980 apud
2137 3905 2502 3978 Nicephorum
2547 3901 3217 3972 Constantinopolitanum
3243 3940 3259 3963 ,
3308 3899 3537 3970 ejusque

1953 3999 2337 4072 στιχομετρίας
2377 3997 2735 4065 interpretem
2776 3993 3126 4050 Anastasium
3173 3991 3536 4045 Bibliotheca-

1951 4095 2117 4155 rium.
2150 4090 2439 4157 versiculis
2493 4089 2622 4154 200,
2675 4085 3020 4142 solummodo
3070 4091 3326 4151 constat;
3378 4084 3538 4153 longe

1952 4188 2131 4240 autem
2172 4171 2511 4254 prolixiores
2568 4185 2698 4234 sunt
2728 4168 3185 4236 ConstitutiOnes.
3225 4171 3429 4237 Tertio,
3481 4174 3536 4226 in

1953 4273 2359 4345 Scripturarum
2400 4265 2664 4336 indiculo,
2687 4269 2960 4324 Anastasii
2989 4267 3192 4321 Nicami
3219 4259 3539 4326 Qumtioni-

1961 4375 2054 4429 bus
2085 4361 2355 4437 subjecto,
2401 4365 2457 4420 in
2485 4363 2704 4435 publica
2722 4359 3066 4416 -0xoniensis
3093 4351 3403 4408 Academiae
3447 4349 3538 4402 Bi-

1956 4455 2596 4528 bliotheca,-At6a.xa1':6w
2623 4453 2932 4509 ἀποστόλων
2961 4457 3017 4504 et
3034 4443 3361 4501 Διδασκαλω
3391 4441 3539 4512 Κλή-

277 4551 544 4623 B.lgnatii
573 4545 899 4620 depravator
920 4546 1856 4617 ex”Catholicadoctrina.complura
1887 4532 1936 4597 Π
1969 4570 2178 4624 μεντος,
2227 4557 2288 4605 ut
2334 4549 2595 4604 distin’cta
2638 4559 2824 4615 opera,
2869 4541 3181 4621 pariterque
3207 4532 3539 4624 apocrypha

278 4629 516 4706 mutuari
537 4660 565 4710 ;'
585 4644 669 4698 vel
706 4659 815 4697 non
858 4640 1174 4696 credibilius
1209 4641 1320 4704 fiat,
1362 4655 1457 4694 sua
1505 4655 1570 4694 ex
1624 4638 1860 4708 pseudo-

277 4735 637 4793 Clementinis
689 4735 1007 4790 Diataxibus
1056 4732 1278 4787 auxisse
1320 4729 1857 4802 pseudo-lgnatium;

279 4832 441 4901 cujus
462 4828 908 4900 interpolationes
931 4842 1092 4882 verus
1111 4824 1351 4896 lgnatius
1381 4823 1868 4896 manifestissimas,

282 4924 448 4988 facit;
479 4937 606 4978 cum
637 4921 1103 4976 Constitutionum
1126 4917 1467 4986 corruptelae
1497 4923 1696 4986 pra-ter
1724 4931 1870 4984 pa_u-_

281 5015 540 5070 cissimas
561 5001 950 5068 occultissima:
980 5011 1126 5067 sint?
1154 5009 1308 5064 Mitto
1337 5009 1437 5062 viri
1466 5009 1613 5067 docti
1638 5007 1873 5061 Davidis

282 5105 552 5163 Blondelli
578 5105 634 5158 in
658 5119 891 5160 censura
914 5103 1161 5174 epistola:
1191 5104 1378 5173 prima:
1401 5102 1696 5157 decretalis
1742 5101 1865 5155 Cle-

284 5199 458 5256 menti
479 5199 742 5269 ascripta:
769 5198 1162 5254 divinationem
1200 5216 1212 5250 :
1246 5195 1403 5262 Quod
1453 5195 1548 5265 qui
1603 5194 1866 5261 διαταγὰς

285 5293 532 5364 scripsit,
563 5291 785 5346 natione
819 5289 985 5347 fuerit
1015 5287 1338 5344 Palaestinos
1369 5296 1463 5341 aut
1490 5286 1740 5349 Phoenix,
1777 5293 1865 5340 ut-

287 5398 414 5460 pote
443 5387 538 5460 qui
562 5386 820 5440 thronum
870 5381 1425 5452 Hierosolymitacum
1455 5377 1689 5448 reliquis
1727 5391 1868 5446 prte-

286 5480 451 5543 l'erat,
481 5480 578 5534 lib.
607 5493 728 5540 vm,
751 5491 872 5546 cap.
899 5475 987 5538 l0,
1018 5482 1074 5530 et
1091 5474 1313 5547 nomina
1337 5472 1620 5527 mensibus
1646 5470 1868 5526 inventa

288 5588 318 5626 ιι
350 5572 534 5644 Tyriis
565 5565 975 5639 imponat..Non
1002 5567 1182 5637 agitur
1213 5566 1281 5621 de
1302 5566 1597 5621 eminentia
1628 5563 1862 5626 sodium.

288 5665 383 5719 ubi
396 5664 702 5736 _episcopus
723 5658 1126 5715 Alexandrinus
1153 5657 1483 5729 praeteritur.
1513 5655 1779 5712 Jacobum
1799 5669 1866 5712 eo

366 5821 494 5861 ”-"
524 5820 610 5878 AI.
642 5815 995 5886 παραγραφεί
1003 5829 1117 5881 σας.

1965 4622 2362 4708 recensentur;
2392 4637 2812 4698 οιδιδασκαλίας
2844 4633 3059 4689 titulum
3086 4627 3383 4700 praeferunt
3416 4622 3544 4676 Dia-

1965 4744 2121 4792 taxes
2144 4753 2160 4802 ;
2193 4734 2378 4804 itaque
2394 4731 2614 4801 Διδαχαὶ
2637 4745 2664 4783 a
2690 4722 3194 4783 ConStitutionibus
3222 4715 3434 4772 secerni
3454 4712 3544 4766 de-

1963 4829 2115 4883 bent.
2161 4826 2388 4893 Quarto,
2438 4838 2468 4876 a
2495 4821 2735 4894 ,Synopri
2779 4815 3150 4872 Athanasiana
3169 4806 3366 4878 Διδαχὴ
3407 4805 3546 4858 ἀπο-

1969 4921 2170 4975 στόλων
2213 4926 2267 4975 et
2309 4915 2622 4987 Κλημέντια
2649 4911 2796 4968 velut
2825 4908 2948 4969 duo.
2971 4905 3097 4960 libri
3128 4905 3540 4962 memorantur;

1969 5013 2026 5067 in
2055 5008 2413 5066 Clementinis
2453 5014 2633 5060 autem
2681 5003 3032 5070 continentur
3086 4990 3540 5049 Constitutiones,

1965 5105 2167 5175 quippe
2195 5117 2316 5171 quae
2360 5099 2657 5154 Clementis
2701 5109 2900 5150 nomen
2937 5089 3268 5168 praeferunt.
3315 5084 3540 5175 Quinto,

1967 5173 2135 5266 agens
2164 5193 2231 5248 de
2257 5191 2555 5247 Clementis
2599 5188 2858 5259 Operibus
2915 5181 3186 5255 Eusebius
3207 5218 3222 5242 ,
3253 5173 3544 5229 Doctrinas

1967 5288 2347 5360 apostolorum
2370 5285 2594 5339 omittit.
2621 5280 2822 5351 Sexto,”
2842 5277 3088 5348 codicem
3112 5268 3542 5351 apostolicarum

1967 5379 2437 5435 Constitutionum
2468 5375 2640 5430 multa
2681 5371 2884 5427 Asiana
2925 5365 3398 5436 complectentem,
3443 5369 3545 5414 nec

1967 5472 2162 5526 Ariani
2201 5485 2301 5541 pro
2346 5453 2759 5524 conﬁrmatione
2806 5461 2892 5537 sui
2922 5457 3128 5535 erroris
3160 5453 3542 5535 adduxerunt,

1972 5578 2075 5618 nec
2116 5563 2423 5630 adductum
2467 5556 2802 5613 Athanasius
2849 5549 3106 5623 expendit
3135 5565 3151 5602 :
3184 5541 3397 5630 quopllt
3453 5546 3542 5614 ut.

1973 5662 2224 5712 exstante
2254 5649 2648 5720 Athanasianis
2671 5643 3012 5717 temporibus
3043 5635 3416 5710 Apostolorum
3438 5630 3550 5685 Do-
