4096 6318
644 332 754 389 515

1531 330 1587 387 S.
1619 328 2009 387 CLEMENTIS
2039 329 2059 384 l
2092 330 2257 387 ROM.
2292 329 2493 385 PONT.
2531 328 2759 386 OPERA
2794 328 3023 385 DUBIA.

3788 344 3899 399 516

630 451 827 512 ctrina,
869 449 1109 504 nondum
1150 449 1325 504 lucem
1380 448 1687 518 aspicerent
1729 456 1931 502 nostra:
1976 447 2181 503 Consti-

2290 446 2501 518 Ναούμ.
2535 456 2647 514 κς’,
2706 448 3043 519 Ἀμϐακούμ.
3112 451 3204 515 28,
3239 450 3485 523 Agga’us.
3526 454 3616 518 29,
3666 454 3871 511 Zacha

630 542 874 597 taliones.
910 541 1278 605 Concludunt,
1317 546 1371 595 et
1404 541 1511 594 τῶν
1539 539 1904 594 ἁποστολικῶν
1919 539 2189 609 Διδαγμά-

628 650 737 687 των
772 634 992 699 librum,
1024 634 1249 688 citatum
1279 622 1333 687 in
1365 629 1781 701 Quwslionibus,
1818 646 2016 686 nomen
2040 631 2186 684 Ana-

630 726 784 780 stasii
820 724 1015 779 Nicaeni
1046 723 1452 793 praeferentibus
1472 763 1485 785 ,
1516 721 1814 791 quaestione
1832 720 1921 785 93,
1936 722 2186 777 eumdem

630 814 935 869 habendum
959 828 1080 871 cum
1113 812 1421 866 ἀποστόλων
1454 812 1721 881 Διδαχαῐς,
1775 812 1942 866 alium
1986 826 2019 865 ιι
2063 811 2189 865 Dia-

628 905 868 969 taxibus;
887 914 939 959 et
959 902 1389 959 Constitutiones
1408 901 1698 957 hodiernas
1714 902 1878 957 etiam
1909 919 1973 957 ex
2000 902 2185 975 διδαχῇ

629 996 1016 1063 apostolorum,
1046 1002 1102 1051 et
1128 993 1359 1058 διατάξει
1382 992 1751 1063 Epiphaniana
1774 992 1943 1050 fuisse
1962 1009 2189 1049 consar-

625 1087 855 1142 cinatas.

700 1196 1080 1254 Verumtamen
1110 1213 1220 1253 non
1255 1197 1454 1255 desunt
1484 1213 1602 1268 qua:
1631 1198 1697 1253 ad
1736 1198 1849 1253 haec
1882 1200 2064 1254 omnia
2098 1214 2187 1253 re-

627 1303 926 1359 ponamus;
978 1289 1125 1344 hunc
1162 1290 1217 1343 in
1256 1289 1495 1344 modum.
1537 1289 1616 1343 Ad
1662 1290 1712 1344 1.
1757 1288 1875 1343 Non
1906 1290 2039 1345 solis
2066 1289 2185 1359 epi-

625 1380 827 1449 scopis,
861 1378 956 1435 sed
984 1388 1036 1435 et
1076 1380 1227 1435 laicis
1251 1395 1485 1450 quoque,
1525 1382 1883 1450 omnibusque
1916 1380 2184 1435 Christia-

624 1470 711 1523 nis
730 1471 971 1526 Diataxis
1014 1476 1067 1526 et
1098 1469 1364 1525 catholica
1410 1469 1666 1525 Doctrina
1702 1478 2087 1541 nuncupatur;
2127 1479 2185 1523 ut

624 1559 783 1615 ﬁdem
815 1560 1017 1615 faciunt
1053 1560 1227 1632 prima
1266 1562 1390 1615 libri
1420 1562 1618 1618 verba:
1650 1562 1712 1615 Οί
1760 1561 2049 1615 ἀπόστολοι
2090 1561 2185 1613 καὶ

620 1650 669 1702 οἱ
718 1649 1072 1724 πρεσϐύτεροι
1109 1654 1241 1706 πᾶσι
1275 1655 1387 1724 τοῖς
1423 1652 1481 1717 ἐξ
1514 1652 1684 1706 ἐθνῶν
1720 1652 2071 1705 πιστεύσασιν
2108 1654 2185 1713 είς

2289 540 2391 605 κζ’,
2438 542 2715 611 Σοφονίας.
2757 547 2864 610 κη’,
2926 543 3047 610 Ἀγ-

2289 630 2461 695 γαῖος.
2491 630 2599 688 κο’,
2639 630 2931 700 Ζαχαρίας.
2980 630 3044 691 λ’,

2290 721 2590 793 Μαλαχίας.
2636 724 2738 787 λα’,
2799 726 3042 799 Ἡσαΐας.

2289 812 2387 875 λϐ’,
2430 813 2709 882 Ἱερεμίας.
2741 812 2843 881 λγ,
2901 813 3051 877 '15::-

2289 899 2430 971 κιήλ.
2493 897 2587 963 λδν,
2657 900 2874 973 Δανιήλ,
2954 900 3044 953 λε’.

2286 995 2614 1063 Εὑαγγέλιον
2685 998 2827 1049 κατὰ
2894 997 3048 1052 Ματ-

2288 1086 2454 1141 θαίον.
2488 1088 2595 1153 λς’,
2627 1090 2768 1143 κατὰ
2796 1090 3040 1162 Μάρκον.

2284 1182 2381 1247 λζ’,
2434 1186 2575 1238 κατὰ
2649 1186 2879 1239 Λουκᾶν.
2942 1185 3044 1259 λη’.

2286 1280 2425 1331 κατὰ
2466 1279 2732 1349 Ἰωάννην.
2765 1279 2863 1344 λθ¹,
2898 1280 3046 1351 Πρά-

2286 1368 2395 1435 ξεις
2440 1371 2547 1424 τῶν
2595 1371 2925 1426 ἀποστόλων.
2970 1380 3041 1443 μ’,

2298 1465 2549 1519 Ἰακώϐου
2605 1467 2857 1540 ἐπιστολή
2868 1507 2881 1520 .
2932 1475 3041 1539 μα’,

2284 1561 2510 1632 Πέτρου.
2536 1560 2644 1631 μϐ’,
2677 1562 2903 1633 Πέτρου.
2932 1571 3041 1633 μγ,

2296 1657 2556 1710 Ἰωάννου.
2631 1657 2733 1727 μδ’,
2778 1658 3039 1712 Ἰωάννου.

622 1742 710 1796 τὸν
738 1740 961 1812 Κύριον,
990 1753 1095 1799 etc.
1125 1743 1189 1798 Et
1218 1756 1348 1800 vero
1370 1745 1660 1816 quis'ausit
1690 1736 2181 1813 asseverare,qnod

2288 1757 2389 1819 με’,
2436 1751 2698 1804 Ἰωάννου.
2749 1759 2867 1821 μς,
2916 1751 3046 1805 Ἰού-

621 1842 930 1904 postremus
956 1836 1323 1905 apostolorum
1357 1813 1533 1891 canon
1568 1842 1780 1891 tantum
1827 1836 2002 1890 aetatis
2046 1837 2181 1890 lerat

2282 1813 2365 1892 ϐα.
2390 1839 2498 1909 μζ,
2516 1838 2727 1893 Παύλου
2916 1841 3048 1893 Ῥωο

619 1939 683 1978 ac
714 1926 883 1994 prima
900 1926 1199 1991 Διατάξεων
1226 1927 1414 1989 editio,
1444 1942 1551 1997 qua
1584 1929 1837 1983 utebatur
1868 1926 1925 1983 S.
1950 1926 2183 1997 Epipha-

618 2016 776 2081 nius;
810 2016 1060 2087 quodque
1091 2019 1299 2089 primus
1342 2018 1629 2087 διαταγεῦς
1672 2032 1769 2073 sua
1816 2020 2051 2074 voluerit
2090 2034 2184 2073 oc-

616 2106 869 2161 cultare?
899 2105 1101 2163 Deinde
1128 2123 1193 2163 ex
1242 2109 1611 2165 Athanasiana
1652 2104 1879 2178 Sgnapsi
1929 2109 2180 2164 observat

615 2196 698 2249 vir
747 2213 855 2251 non
910 2199 1166 2255 mediocri
1219 2199 1543 2263 eruditione,
1584 2196 1820 2255 Joannes
1862 2198 2185 2255 DallaeusDe

615 2286 873 2359 Pseudep.
902 2292 1125 2359 apostol.
1157 2292 1192 2347 l.
1228 2307 1266 2355 ι,
1290 2307 1339 2347 c.
1363 2291 1416 2351 4.
1440 2293 1549 2347 duo
1571 2291 1742 2349 fuisse
1762 2292 2026 2347 Doctrina:
2054 2308 2181 2361 apo-

613 2380 817 2433 stolico:
849 2382 995 2435 velut
1032 2396 1285 2452 corpora,
1335 2382 1482 2437 aliud
1510 2398 1619 2453 quo
1661 2390 1806 2438 totus
1835 2384 1970 2437 liber
2000 2384 2177 2437 conti-

612 2470 862 2528 nebatur.
890 2470 1033 2525 aliud
1068 2469 1119 2525 in
1148 2486 1255 2541 quo
1286 2486 1349 2527 ea
1377 2472 1643 2527 duntaxat
1686 2473 1809 2527 libri
1841 2471 2174 2543 legebantur,

613 2574 733 2627 quae
766 2576 794 2613 a
825 2558 1079 2616 Patribus
1128 2570 1387 2633 tanquam
1434 2565 1585 2618 utilia
1635 2572 1889 2635 excerpta
1938 2564 2173 2622 fuerant.

614 2647 769 2704 Unde
794 2651 1099 2714 coniicitur.
1137 2660 1428 2708 uteanone
1459 2656 1759 2725 apostolico
1794 2663 2059 2719 extremo,
2109 2657 2177 2711 dc

611 2737 841 2809 integris
882 2741 1161 2811 διαταγαίς
1208 2757 1305 2797 seu
1344 2742 1583 2814 διδαχαῖς
1626 2754 1840 2815 agente,
1897 2747 2070 2815 possit
2112 2746 2173 2803 Β.

610 2830 945 2889 Athanasius
973 2836 1027 2889 in
1057 2836 1379 2908 ἑορταστικῇ
1408 2837 1474 2891 de
1506 2838 1637 2892 solis
1686 2840 1953 2907 excerptis
2002 2840 2172 2909 loqui.

614 2919 692 2974 Ad
726 2920 779 2977 2.
822 2922 981 2979 Forte
1017 2924 1353 2995 Nicephorus
1396 2925 2029 2998 Constantinopolitanus
2054 2938 2174 2983 tan-

609 3017 723 3063 tum
752 3012 961 3068 viderat
984 3012 1208 3085 διδαχὴν
1239 3015 1595 3081 decurtatam,
1634 3019 1864 3088 ideoque
1913 3031 2171 3075 constan-

2285 1936 2493 2006 μαίους.
2542 1942 2651 2007 μη’,
2680 1936 2813 2008 πρὸς
2855 1936 3049 2008 Κοριν-

2282 2028 2449 2091 θίους.
2508 2027 2614 2097 μθ’,
2655 2027 2793 2099 πρὸς
2844 2028 3041 2099 Κοριν-

2282 2122 2446 2185 θίους.
2480 2127 2541 2186 ν’,
2589 2122 2725 2193 πρὸς
2772 2122 3036 2185 Γαλάτας.

2280 2220 2381 2279 va’,
2424 2216 2559 2288 πρὸς
2612 2217 2906 2286 Ἐφεσίους.
2940 2217 3037 2281 νϐ’,

2280 2309 2416 2379 πρὸς
2466 2309 2871 2380 Φιλιππησίους.
2938 2316 3037 2378 νγ’,

2279 2394 2417 2476 πρὸς
2495 2406 2840 2469 Κολοσσαεῖς.
2944 2407 3037 2470 νδ’,

2279 2494 2416 2566 πρὸς
2469 2497 2893 2560 Θεσσαλονικεῖς.
2944 2505 3037 2561 νε’,

2276 2586 2414 2657 πρὸς
2462 2587 2883 2652 Θεσσαλονικεὶς.
2930 2596 3036 2653 νς’,

2275 2681 2413 2753 πρὸς
2444 2683 2721 2754 Τιμόθεον.
2756 2684 2852 2749 νζ,
2903 2682 3043 2755 πρὸς

3115 542 3244 597 rias.
3290 545 3379 608 50,
3421 544 3750 599 Malachias.
3799 547 3897 611 51,

3119 636 3315 693 Isaias.
3354 640 3442 703 32,
3465 638 3761 711 Ieremias.
3797 642 3895 706 55,

3115 732 3375 789 Ezechiel.
3468 736 3535 789 54
3568 774 3584 800 ,
3661 736 3896 792 Daniel.

3112 826 3201 891 55,
3231 826 3567 898 Evangelium
3590 831 3897 882 secundum

3115 912 3328 972 Matth.
3411 917 3503 977 56.
3586 919 3896 972 secundum

3114 1011 3377 1068 Marcum.
3451 1014 3541 1077 57,
3589 1014 3898 1068 secundum

3113 1102 3331 1158 Lucam.
3405 1102 3514 1167 58,
3590 1104 3898 1157 secundum

3110 1180 3389 1247 Joannem.
3439 1193 3530 1257 59,
3568 1193 3706 1246 Acta
3761 1210 3901 1263 apo-

3110 1285 3387 1339 stolorum.
3416 1283 3510 1348 40,
3528 1280 3722 1337 Jacobi
3760 1284 3903 1352 Epi-

3110 1379 3267 1433 stola.
3303 1378 3593 1446 41,.Petri.
3633 1378 3724 1441 42,
3783 1379 3883 1433 Pe-

3112 1472 3199 1524 tri.
3271 1471 3342 1525 45
3372 1462 3419 1535 ,’
3459 1469 3707 1524 Joannis.
3789 1470 3882 1535 44ἶ

3109 1562 3353 1619 Joannis.
3383 1564 3475 1629 45,
3499 1562 3756 1620 Joannis.
3786 1564 3884 1628 46,

3109 1654 3286 1710 Judte.
3331 1656 3421 1721 47,
3461 1655 3615 1709 Pauli
3657 1655 3727 1709 ad
3779 1654 3887 1711 Ro-

3113 1761 3316 1800 manos.
3347 1744 3437 1807 48,
3456 1744 3525 1798 ad
3546 1744 3889 1799 Corinthios.

3113 1840 3201 1899 49.
3240 1840 3309 1893 ad
3334 1839 3653 1896 Corinthios.
3677 1839 3775 1903 50,
3817 1841 3893 1893 ad

3116 1932 3359 1989 Galatas.
3382 1934 3473 1998 51,
3506 1934 3574 1987 ad
3597 1933 3889 2003 Ephesios.

3110 2025 3199 2090 52,
3241 2024 3309 2077 ad
3360 2023 3738 2091 Philippenses.
3787 2024 3887 2083 53.

3113 2114 3179 2167 ad
3226 2112 3581 2169 Colossenses.
3641 2115 3751 2179 54,
3812 2113 3891 2166 ad

3116 2207 3597 2261 Thessalonicenses
3669 2206 3763 2271 55,
3814 2206 3889 2259 ad

3116 2298 3618 2352 Thessalonicenses.
3662 2298 3753 2358 56,
3813 2298 3887 2349 ad

3116 2392 3463 2447 Timotheum.
3519 2393 3609 2454 57,
3669 2393 3737 2446 ad
3787 2394 3887 2445 Ti-

3112 2486 3392 2541 motheum.
3437 2486 3524 2553 58,
3556 2485 3624 2538 ad
3672 2486 3877 2551 Titum.

3113 2574 3201 2639 59,
3251 2574 3319 2627 ad
3361 2574 3734 2628 Philemonem.
3784 2576 3879 2638 60,

3114 2667 3182 2720 ad
3213 2666 3488 2723 Hebraeos.

2275 2773 2552 2844 Τιμόθεον.
2646 2785 2745 2848 νη’,
2794 2777 2929 2849 πρὸς
2974 2774 3151 2827 Τίτον.
3219 2770 3317 2835 νϐ’,
3363 2771 3499 2843 πρὸς
3574 2773 3874 2843 Φιλήμονα.

2278 2862 2349 2929 ξι.
2384 2868 2521 2941 πρὸς
2558 2869 2855 2939 Ἑϐραίους.

2344 2964 2452 3017 Καὶ
2479 2963 2578 3016 ὅσα
2608 2961 2711 3025 ἔξω
2744 2961 2850 3014 τῶν
2882 2960 2943 3024 ξ’,

2272 3060 2343 3116 α’,
2376 3052 2542 3122 Σοφία
2572 3050 2930 3121 Σολομῶντος.
2966 3048 3035 3119 β’,

609 3110 715 3156 tem
745 3104 995 3161 versibus
1020 3107 1360 3163 solummodo
1390 3116 1456 3169 α’,
1477 3108 1601 3163 200.
1622 3105 1713 3164 Vel
1737 3110 1992 3181 praeferre
2018 3127 2176 3183 Opor-

609 3200 682 3218 ιΑΔ
714 3196 993 3218 Ι--.2,..-...
1040 3214 1118 3218 ---
1178 3197 1392 3218 Π---9-με
1562 3201 1701 3218 nnnA
1766 3204 1781 3218 Α
1819 3204 1831 3218 ι
1872 3204 1904 3218 η
1956 3202 1976 3218 1
2040 3207 2069 3218 .-

2277 3104 2444 3215 Σόφία
2460 3104 2654 3218 1Σιράχ.
2692 3104 2738 3213 ’ἐκ
2747 3186 2759 3209 ,
2812 3104 3041 3199 Μσῖκλίαἰ

609 3200 685 3249 tet
714 3196 999 3253 lectionem
1039 3214 1141 3254 ms.
1176 3197 1418 3263 Croiani,
1449 3218 1526 3270 ,g,
1560 3201 1721 3257 6000.
1754 3204 1831 3258 Ad
1872 3204 1925 3259 5.
1956 3202 2178 3260 Indicu-

608 3287 693 3342 lus
732 3287 822 3342 ille
876 3289 1039 3343 etiam
1078 3290 1427 3362 snbjungitnr
1469 3292 1741 3348 Anastasii
1791 3294 2180 3360 Quwstionibus

608 3377 879 3434 in‘codice
917 3379 1057 3435 1789
1113 3380 1458 3439 Bibliodnecae
1500 3383 1956 3443 Christianissimi
2013 3389 2177 3461 regis.

608 3465 684 3521 lta
716 3484 844 3523 vero
874 3470 1040 3525 habet
1070 3487 1084 3525 :

608 3603 683 3657 De
720 3602 817 3658 LX
856 3605 1025 3683 libris,
1057 3609 1354 3683 et_quinam
1433 3611 1566 3683 Περὶ
1595 3612 1700 3665 τῶν
1731 3612 1772 3678 ξ’
1806 3613 2043 3683 βιϐλίων,
2088 3617 2183 3669 καὶ

753 3684 902 3729 extra
932 3677 1049 3729 illos
1077 3679 1202 3733 sint.
1514 3677 1631 3735 ’ὅσα
1659 3677 1858 3736 τούτων
1902 3686 2075 3748 ἐκτός.

612 3792 663 3851 1.
691 3791 924 3850 Genesis.
957 3795 1014 3861 2,
1044 3793 1276 3852 Exodus.
1300 3797 1353 3861 '5,
1429 3804 1498 3864 α’,
1517 3800 1747 3864 Γένεσις.
1771 3800 1834 3870 β’,
1854 3799 2087 3865 Ἐξοδος.
2110 3808 2176 3869 γ’.

609 3888 887 3948 Leviticus.
918 3891 971 3954 4,
1028 3890 1269 3947 Numeri.
1302 3892 1353 3958 5,
1430 3889 1721 3944 Λευιτικὸν.
1768 3890 1828 3951 δ’,
1901 3892 2178 3965 Ἀριθμοί.

610 3979 1065 4035 Deuteronomium
1089 4023 1105 4038 .
1163 3972 1217 4047 6,
1261 3981 1363 4035 Jo-
1428 3985 1489 4043 ε’,
1514 3982 1941 4052 Δευτερονόμιον.
1980 3988 2053 4049 ς’,
2090 3985 2183 4055 Ἰη-

605 4092 713 4130 sue.
748 4078 798 4140 7,
830 4076 1067 4142 Judices,
1108 4088 1157 4132 et
1201 4077 1356 4135 Ruth.
1429 4074 1575 4137 σοῦς.
1668 4077 1733 4143 ζ’,
1806 4078 2001 4149 Κριταὶ
2091 4081 2183 4133 καὶ

605 4171 657 4235 8,
690 4170 980 4240 Regnorum
1003 4172 1120 4242 (seu
1145 4171 1358 4243 Regum)
1438 4170 1610 4225 Ῥούθ.
1653 4179 1723 4243 η’,
1775 4173 2064 4227 Baetis-cibit
2110 4182 2179 4229 α’.

602 4268 823 4333 primus.
864 4266 917 4330 9,
948 4266 1241 4337 Regnorum
1275 4284 1359 4321 se.
1428 4261 1493 4325 θ’,
1525 4263 1815 4317 Βασιλειῶν
1846 4265 1911 4336 β’.
1946 4272 1998 4329 ι’,
2020 4264 2181 4319 Βασι-

604 4645 813 4712 quintus
858 4642 923 4697 ".
972 4644 1058 4705 15,
1091 4642 1215 4697 Job.
1268 4644 1355 4703 14,
1428 4644 2179 4720 ιε’,Παροιμίαι.ιτ’.Ἐκκλη-

607 4735 944 4789 Psalterium.
990 4734 1075 4798 15,
1140 4733 1358 4789 Prover-
1426 4742 1664 4811 σιαστής.
1745 4742 1841 4804 ιζ’,

605 4830 710 4883 bin.
745 4826 833 4891 16,
866 4827 1225 4884 Ecclesiastes.
1266 4830 1350 4893 17,
1422 4831 1609 4899 (codex
1656 4834 1791 4888 1607
1824 4836 2067 4902 ejusdem
2102 4837 2179 4891 bi-

607 4921 826 4975 Cantica
894 4923 1005 4977 sive
1080 4922 1353 4978 Canticum
1422 4921 1701 4979 bliothecm
1770 4926 1863 4995 qui
1937 4928 2175 4997 comple-

607 5014 965 5079 Canticorum,
1015 5017 1227 5085 quintus
1284 5019 1348 5074 ‘°.
1419 5019 1585 5073 ctitur
1658 5020 1883 5087 primam
1968 5029 2173 5090 partem

612 5111 695 5174 18,
731 5110 1057 5175 Esdras.19,
1086 5112 1230 5168 Osee.
1259 5113 1350 5177 20,
1422 5112 1583 5179 hujus
1652 5094 1916 5180 eatalogi,
1964 5107 2174 5182 ᾊσμα)

606 5206 785 5261 Amos.
819 5206 908 5272 2|,
938 5205 1209 5264 llic/ultas.
1258 5207 1349 5274 22,
1418 5208 1673 5279 ᾀσμάτων
1720 5212 1776 5259 ε’.
1811 5213 1897 5276 ιη’,
1924 5207 2174 5276 Ἔσδρας.

606 5295 741 5354 Joel.
772 5298 864 5362 2'5,
892 5298 1080 5354 Jonas.
1112 5300 1202 5365 24,
1246 5300 1354 5353 Ab-
1423 5300 1505 5360 ιϐ’,
1539 5300 1710 5371 Ὠσηὲ.
1741 5303 1810 5362 κ’,
1845 5299 2039 5368 Ἀμλῦᾳ
2070 5304 2177 5363 ua’,

606 5390 741 5446 dias.
811 5390 902 5458 25,
966 5387 1197 5447 Nahum.
1261 5390 1351 5456 26,
1421 5395 1673 5466 Μιχαίας.
1707 5394 1809 5457 κϐ’,
1854 5394 2022 5465 Ἰωήλ.
2073 5403 2176 5462 κγ’,

611 5483 878 5541 Hobacuc.
922 5484 1009 5553 27,
1041 5484 1353 5556 Sophonias.
1436 5485 1630 5545 Ἰωνᾶς.
1675 5482 1771 5543 κδ’,
1819 5481 2046 5545 Ἀδδίας·
2081 5490 2175 5546 κε’,

2280 3245 2469 3297 ϐαίων.
2527 3244 2587 3304 δ’,
2645 3239 3036 3295 Μακκαϐαίων.

2281 3343 2341 3395 ε’,
2372 3334 2763 3389 Μακκαϐαίων.
2793 3340 2865 3413 gf,
2886 3333 3041 3386 Μακ-

2282 3427 2540 3479 καϐαίων.
2590 3425 2654 3489 ζ’,
2716 3424 3035 3496 ἙσΟήρ.η’ν

2296 3515 2496 3569 ἸουδίΟ.
2532 3514 2597 3578 θ’,
2628 3514 2824 3569 Τωϐίτ.

2370 3646 2480 3698 Καὶ
2507 3645 2605 3696 ὅσα
2633 3644 2945 3714 ἀπόκρυφα·

2284 3742 2352 3797 α’,
2398 3736 2580 3805 Ἀδάμ.
2609 3736 2671 3804 β’,
2730 3734 2916 3804 Ἑνώχ.
2967 3741 3033 3801 γ’,

2284 3824 2496 3895 Λάμεχ,
2539 3822 2601 3886 δ’,
2674 3822 3031 3893 Πατριάρχαι.

2282 3925 2343 3981 ε’,
2404 3916 2595 3989 Ἰωσὴφ
2626 3915 2926 3988 Προσευχή.
2961 3923 3043 3984 ς’,

2295 4010 2493 4081 Ἐλδὰμ
2552 4010 2645 4062 καὶ
2698 4008 2911 4079 Μοδὰμ.
2969 4010 3033 4072 ζ’,

2281 4107 2523 4179 Διαθήκη
2552 4106 2794 4170 Μωσέως
2824 4107 2888 4160 ⁸⁸.
2948 4146 2963 4159 .
3020 4145 3035 4161 .

2285 4197 3039 4260 .........θ’,Ψαλ-

2286 4297 2376 4365 μοι
2430 4293 2786 4364 Σολομῶντος.
2841 4300 2893 4357 ι’,
2959 4295 3043 4345 ’Π-

603 4362 823 4416 cundus.
850 4362 938 4423 10,
960 4360 1245 4431 Regnorum
1265 4373 1362 4417 ter-
1426 4357 1579 4409 λειῶν
1645 4364 1713 4425 γ’.
1758 4363 1845 4421 ια’,
1889 4358 2181 4440 Βασιλειῶν

2283 4357 2394 4436 λιοῦ
2422 4357 2776 4451 ἀποκάλυψις.
2822 4390 2908 4445 ια’,
2954 4384 3042 4435 Ἦ-

605 4455 729 4509 tius.
760 4453 848 4517 11,
884 4451 1179 4522 Regnorum
1200 4469 1359 4523 quar-
1425 4454 1484 4506 θ.
1513 4452 1597 4516 ιϐ’,
1626 4454 2093 4527 Παραλειπόμενα,
2117 4463 2175 4510 ε’.

2286 4478 2436 4530 σαῖου
2481 4478 2684 4548 ὅρασις.
2738 4476 2825 4539 ιϐ’,
2873 4477 3039 4546 Σοφο-

606 4560 710 4606 tus.
780 4548 867 4603 12.
918 4544 1355 4616 Paralipomena,
1429 4556 1515 4618 ιγ’,
1556 4550 1708 4605 Ἰώϐ.
1740 4552 1817 4616 ιδ’,
1848 4553 2175 4625 Ψαλτήριον.

2285 4571 2397 4623 νίου
2493 4544 2873 4640 ’Ᾰποκόιλυψιφ
2952 4544 3038 4640 ιγ’,

2656 4662 3038 4731 Ἀποκάλυψις.

1923 4741 2175 4813 ’ᾼσματα
2284 4750 2362 4813 ιδ’,
2406 4751 2607 4821 Ἕσδρα
2659 4752 3037 4821 Ἀποκόιλυψις.

2283 4662 2551 4731 Ζαχαρίου

2281 4848 2360 4903 ιε’,
2445 4842 2696 4896 Ἰακώϐου
2780 4844 3028 4915 Ἰστορία.

2223 4939 2231 4947 ’
2276 4942 2371 4999 ις’,
2406 4930 2608 5004 Πέτρου
2652 4933 3029 5004 Ἀποκάλυψις.

2279 5031 2361 5093 ιζ’,
2395 5028 2638 5100 Περίοδοι
2682 5030 2775 5081 καὶ
2815 5029 3034 5100 Διδαχαὶ

2276 5122 2382 5174 τῶν
2411 5120 2739 5173 ἀποστόλων.
2775 5127 2861 5190 ιη’,
2894 5120 3035 5191 Βαρ-

2276 5212 2413 5265 νάϐα
2446 5210 2745 5280 Ἐπιστολή.
2773 5210 2853 5273 ιΘ’,
2886 5210 3032 5263 Παύ-

2280 5302 2370 5355 λου
2414 5297 2614 5372 Πρᾶξις
2671 5300 2732 5351 ⁸⁸.
2776 5306 2843 5363 κ’,
2892 5298 3037 5352 Παύ-

2281 5392 2371 5445 λου
2447 5391 2824 5459 ⁹Λποκὰλυᾲις.
2905 5398 2987 5443 κα⁸
3016 5428 3029 5453 ,

2282 5482 2605 5537 Διδασκαλία
2696 5484 3027 5553 Κλήμεντος.

3196 2967 3263 3020 Et
3292 2984 3378 3037 qui
3414 2978 3563 3021 extra
3590 2966 3688 3031 LX
3712 2976 3835 3018 sunt
3857 2981 3876 3018 :

3136 3060 3188 3123 1,
3208 3058 3477 3126 Sapientia
3502 3058 3804 3111 Salomonis
3818 3060 3873 3118 2.

3131 3150 3407 3221 Sapientia
3430 3148 3637 3203 Sirach.
3662 3151 3717 3211 5,
3744 3150 3874 3203 Illac

3111 3236 3424 3289 cabeorum.
3452 3234 3507 3296 4,
3545 3234 3875 3285 Μαεεαὺωο-

3109 3343 3244 3378 rum.
3274 3326 3327 3388 5,
3345 3321 3785 3378 Maccabreorum.
3812 3324 3868 3387 6,

3100 3416 3549 3476 Maccabworum.
3576 3417 3629 3483 7,
3656 3417 3867 3473 Esther.

3107 3514 3160 3575 8,
3192 3510 3401 3565 Judith.
3434 3512 3488 3575 9,
3525 3509 3736 3565 Tobias.

3226 3606 3293 3660 Et
3322 3607 3411 3677 qui
3439 3606 3720 3675 apocryphi
3742 3622 3761 3661 :

3107 3705 3147 3735 "
3184 3706 3233 3766 1,
3274 3704 3465 3757 Adam.
3524 3702 3581 3769 2,
3629 3683 3863 3757 Henoch.

3105 3798 3158 3856 5.
3214 3794 3459 3849 Lamech.
3519 3794 3573 3856 4,
3632 3792 3868 3846 Patriar-

3105 3886 3232 3939 chat.
3282 3883 3335 3948 5,
3383 3881 3599 3951 Iosephi
3651 3880 3858 3935 Oratio.

3104 3980 3158 4041 6,
3210 3977 3387 4032 Eldad
3450 3988 3498 4031 et
3551 3977 3763 4032 Medad.
3813 3980 3862 4041 7,

3108 4069 3497 4124 Testamentum
3528 4053 3695 4123 Hosis
3724 4069 3789 4123 “.
3846 4111 3859 4123 .

3111 4164 3865 4227 ........9,Psalmi

3109 4258 3429 4317 Salomonis.
3465 4260 3553 4326 10,
3588 4258 3723 4314 Elia:
3768 4259 3865 4314 Re-

3109 4356 3297 4409 relatio
3348 4372 3439 4409 seu
3500 4355 3861 4424 Apocalypsin

3112 4454 3197 4517 11,
3226 4451 3404 4505 Esaia:
3434 4452 3581 4505 visio.
3630 4451 3717 4514 12,
3764 4450 3858 4505 So-

3106 4550 3311 4618 phoniae
3333 4544 3614 4601 Revelatio.
3647 4547 3733 4610 15,
3761 4544 3863 4597 Ζαο

3084 4647 3302 4699 .chariw
3330 4644 3614 4698 Revelatio.
3646 4644 3733 4705 14,
3776 4643 3862 4697 Es-

3108 4741 3219 4796 drce
3244 4740 3528 4795 Revelatio.
3576 4739 3663 4805 15,
3704 4738 3858 4792 laco-

3106 4832 3156 4884 bi
3228 4830 3489 4885 Historia.
3560 4828 3647 4893 16,
3724 4828 3858 4884 Petri

3105 4924 3470 4995 Apocalypsis.
3512 4922 3599 4986 17,
3654 4920 3855 4977 Periodi

3105 5030 3197 5075 aut
3226 5000 3499 5077 Circuitus
3519 5027 3569 5073 et
3598 5016 3854 5072 Doctrina:

3107 5115 3481 5184 apostolorum.
3523 5112 3613 5175 18,
3654 5111 3852 5166 Barna-

3106 5207 3184 5261 ba:
3239 5204 3500 5273 Epistola.
3561 5202 3649 5267 19,
3704 5202 3853 5257 Pauli

3106 5302 3289 5355 Actus.
3330 5299 3423 5363 20,
3468 5297 3629 5352 Pauli
3660 5298 3849 5363 Apoca-

3109 5393 3289 5461 typsis.
3318 5391 3408 5453 21,
3451 5388 3704 5443 Doctrina
3739 5387 3840 5444 Cle-

3106 5483 3311 5537 mentis.
3370 5480 3461 5545 22,
3518 5478 3717 5551 Ignatii
3750 5479 3846 5535 Do-

682 5620 725 5656 "
746 5618 879 5683 Cum
897 5614 1267 5687 superioribus
1283 5628 1584 5673 numerata.
1648 5619 1693 5649 ‘°
1714 5617 1766 5671 ld
1789 5626 1891 5677 est,
1909 5618 2128 5687 quintus
2151 5619 2181 5671 li

682 5692 785 5751 πά..
821 5707 868 5745 c.
896 5692 945 5745 4.
1008 5693 1045 5722 ¹⁶¹
1076 5692 1205 5747 Vide
1229 5693 1295 5762 ad
1327 5694 1531 5743 llernw
1564 5690 1696 5762 Iib.rt
1728 5729 1739 5750 ,
1790 5688 1891 5762 vis.
1934 5691 1989 5748 2,
2034 5704 2152 5762 cap.

2275 5634 2410 5673 rrum
2435 5620 2685 5673 versibus
2713 5619 3103 5674 constantium.
3132 5619 3168 5673 1.
3196 5617 3463 5689 Epiphan.
3509 5616 3580 5672 De
3614 5634 3771 5673 mens.
3798 5628 3844 5675 et

2360 5689 2607 5762 fluens
2636 5705 2859 5762 vacuus
2906 5690 2959 5743 in
3006 5690 3352 5745 membranis.
3429 5688 3473 5719 ⁸⁸
3524 5691 3563 5747 1.
3594 5688 3843 5762 ἀνάληψις

611 5756 849 5826 Μωσέως
875 5762 1173 5833 Assumptio
1240 5760 1426 5826 Mosis,
1477 5776 1543 5815 ex
1584 5760 1899 5822 Athanasio,
1944 5769 1995 5812 et
2038 5758 2181 5831 Nico]

2278 5776 2336 5814 ro
2362 5758 2465 5813 ΕΡ.
2543 5760 2587 5791 ⁸⁵
2628 5756 2932 5831 1.[Ιράξεις.

604 5692 785 5761 ροηά..
821 5707 868 5745 c.
896 5692 945 5745 4.
1008 5693 1045 5722 ¹⁶¹
1076 5692 1205 5747 Vide
1229 5693 1293 5761 ad
1327 5694 1531 5743 "omne
1564 5690 1653 5761 lib.
1684 5704 1696 5741 ι
1728 5729 1739 5750 ,
1790 5688 1891 5761 vis.
1934 5691 1989 5748 ‘2,
2034 5704 2152 5761 cap.
2198 5690 2249 5761 5.
