4074 6330
667 335 772 394 M9

1532 340 1589 396 S.
1628 340 2028 399 CLEMENTIS
2055 341 2082 397 l
2114 341 2284 400 ROM.
2318 343 2535 401 PONT.
2556 343 2783 403 OPEBA
2815 342 3041 401 DUBlA.

3820 347 3919 402 520

668 461 794 509 ante
823 450 1008 518 dictis,
1041 453 1379 523 probabilius
1417 459 1631 513 censeri
1661 457 1879 530 διδαχὴν
1906 459 2049 515 inter
2071 467 2130 515 et
2170 458 2246 513 δι-
2274 466 2324 525 Α
2351 461 2540 516 limine
2565 461 3193 536 Conciliorumnere;
3243 479 3351 534 quo
3391 462 3459 520 de
3502 464 3697 519 ultimo
3737 475 3920 520 auctor

665 544 960 600 ὃασκαλίαν
990 559 1054 600 ac
1081 545 1317 610 διάταξιν
1350 547 1484 602 nihil
1523 549 1857 604 intercedere
1882 549 2237 606 discriminis.

739 636 966 706 Reliqua
992 637 1058 690 ad
1080 636 1514 695 Constitutiones
1544 643 1873 711 apostolicus
1892 642 2239 711 pertinentia,

667 728 753 783 vel
785 729 901 783 visa
933 738 1061 783 sunt
1100 730 1304 784 leviora
1335 747 1397 785 ac
1433 731 1670 794 tritiora,
1707 734 1790 788 vel
1847 733 1987 787 infra
2016 732 2073 788 in
2103 732 2240 789 locis

669 823 1060 885 controversis,
1100 822 1516 892 explicabuntur
1547 824 1909 880 commodius.
1945 824 2062 880 Non
2101 840 2244 896 prte-

667 914 842 967 teribo
864 921 1045 969 tamen
1068 929 1188 984 quae
1209 914 1348 968 inter
1369 916 1653 970 scribenda
1677 917 1789 970 haec
1815 916 2000 972 didici.
2031 913 2077 979 1.,
2097 915 2243 970 Non-

668 1004 819 1058 nulla
882 1005 1072 1058 harum
1118 1004 1584 1060 Constitutionum
1642 1008 1881 1077 capitula
1932 1007 2125 1073 referri
2181 1005 2240 1062 in

670 1094 938 1165 principio
969 1097 1132 1151 trium
1159 1097 1547 1152 Collectionum
1579 1112 1848 1152 canonum
1867 1114 2031 1153 manu
2051 1113 2245 1154 exara-

671 1185 984 1255 tarumReg.
1009 1186 1264 1242 Biblioth.
1287 1189 1448 1243 unius
1478 1189 1742 1253 Arabica,
1770 1170 2079 1246 Graecarum
2109 1190 2245 1244 alia-

669 1290 813 1333 rum.
843 1276 902 1355 ll.
928 1278 1180 1335 Solemne
1203 1296 1326 1336 esse
1354 1280 1744 1347 Orientalibus,
1769 1281 1956 1337 eadem
1986 1279 2165 1354 capita
2187 1282 2244 1337 in

2348 551 2484 606 mihi
2518 551 2790 607 Abraham
2821 550 3188 610 Eccltellensis
3220 556 3274 610 in
3304 555 3461 610 Notis
3501 557 3567 610 ad
3605 556 3916 626 Catalogum

2349 633 2657 713 Hebedjesu
2689 659 2741 713 p.
2775 645 2899 706 £67,
2947 655 3054 701 etc.
3103 645 3236 700 Nam
3271 647 3338 702 de
3379 654 3545 702 totius
3581 651 3763 717 operis
3791 649 3916 700 Ara-

2345 735 2468 790 bica
2501 737 2748 793 versione
2772 737 3108 806 exploratum
3135 738 3426 803 habebam,
3459 756 3574 794 eam
3604 741 3660 794 in
3685 755 3792 794 non
3818 755 3919 794 una

2349 821 2685 881 Bibliotheca
2732 829 2959 883 servari.
3007 825 3094 893 ιη,
3139 828 3376 898 denique
3424 845 3572 899 spem
3612 828 3756 893 dari,
3803 829 3920 883 Cle-

2347 918 2621 992 mentinas
2644 918 3061 975 constitutiones
3089 933 3212 972 cum
3240 919 3406 977 variis
3437 921 3806 990 apostolorum
3832 936 3920 973 ea-

2343 997 2582 1063 nonibus
2607 1008 2838 1080 aliisque
2859 1006 3186 1078 Ethiopicis
3213 1011 3434 1079 scriptis
3470 1011 3619 1064 brevi
3665 1012 3719 1063 in
3750 1012 3920 1064 lucem

2345 1098 2683 1169 prodituras,
2710 1115 2841 1154 cura
2869 1108 2922 1154 et
2941 1100 3125 1154 studio
3151 1099 3439 1176 Vanslebii.
3461 1099 3753 1154 clarissimi
3779 1100 3922 1152 illius

2365 1188 2565 1262 linguae
2593 1192 2808 1262 peritia,
2837 1194 2895 1248 in
2914 1191 3339 1271 Praedicatorum
3369 1192 3571 1247 familia
3602 1192 3861 1263 theologi.

1762 1616 2377 1738 FBANCISCI
2458 1615 2726 1703 PAGl

1190 1810 1280 1871 DE
1312 1801 1992 1871 CONSTITUTIONIBUS
2028 1801 2116 1864 ΕΤ
2149 1803 2551 1865 CANONIBUS
2583 1805 3034 1864 APOSTOLICIS
3064 1805 3406 1866 JUDICIUM.

1098 1970 1209 2039 (Ea:
1244 1970 1745 2028 breviarioGestorio
1775 1970 2093 2039 Pontificum
2126 1967 2505 2041 Romanorum,
2538 1967 2594 2019 in
2631 1965 2750 2019 Vita
2776 1943 3085 2030 Clementis,
3115 1964 3142 2035 ᾖ
3169 1963 3212 2017 V
3241 1974 3288 2018 et
3311 1967 3476 2035 seqq.)

738 2270 835 2324 llic
863 2267 1054 2341 paucis
1084 2247 1349 2336 agendum
1375 2260 1952 2319 deConstitutionibus
1983 2268 2036 2313 et
2060 2257 2233 2311 Cano-

2339 2273 2513 2328 videri
2539 2271 2751 2328 scribit.
2784 2270 2943 2326 Ratio
2980 2272 3184 2343 prioris
3219 2273 3321 2332 est,
3361 2271 3489 2340 quia
3521 2259 3918 2327 Constantinus

665 2363 826 2418 nibus
855 2359 1223 2431 apostolorum
1253 2356 1472 2411 nomine
1501 2353 1814 2423 inscriptis;
1847 2366 2075 2421 quarum
2105 2349 2241 2402 dua-

664 2468 784 2506 rum
808 2451 1186 2506 collectionum
1234 2447 1392 2501 multi
1433 2452 1710 2498 auctorem
1757 2442 1961 2495 faciunt
2006 2438 2064 2494 S.
2114 2437 2238 2492 Cle—

663 2553 932 2610 mentem;
969 2542 1097 2612 quia
1128 2525 1258 2594 licet
1291 2537 1461 2594 ambae
1505 2537 1646 2589 inter
1691 2534 2002 2604 apocrypha
2046 2545 2240 2585 recen~

662 2641 907 2696 seantur,
926 2630 1162 2688 Canones
1184 2637 1362 2682 tamen
1390 2624 1749 2694 apostolorum
1776 2621 1934 2687 vulgo
1959 2617 2093 2672 dicti
2121 2615 2238 2670 siu-

659 2720 838 2794 gulari
875 2723 1106 2794 quadam
1139 2718 1395 2775 Ecclesia:
1439 2717 1730 2770 Primitivae
1763 2711 2010 2766 doctrina
2048 2705 2234 2762 referti

660 2823 812 2871 sunt.
840 2815 1270 2870 Constitutiones
1300 2809 1522 2882 quidem
1554 2823 1653 2860 vm
1689 2804 1846 2859 libris
1885 2799 2236 2869 comprehcn-

661 2922 753 2963 sas
799 2905 1027 2960 Carolus
1073 2904 1292 2966 Bovius,
1348 2898 1674 2955 Ostonensis
1722 2894 2040 2965 episcopus,
2090 2902 2234 2944 anno

661 2999 885 3056 £513in
912 3000 1083 3052 lucem
1115 2995 1317 3058 emisit,
1349 3001 1402 3047 et
1427 3007 1458 3046 e
1497 2991 1687 3044 Graeco
1733 2989 1787 3041 in
1824 2985 2074 3038 Latinum
2117 2996 2235 3037 ser-

659 3106 876 3145 monent
907 3088 1204 3144 transtulit.
1230 3087 1334 3141 Eas
1359 3092 1545 3154 postea
1576 3081 1904 3136 Franciscus
1928 3077 2232 3132 Turrianus

660 3179 851 3237 Latine
881 3181 1265 3249 interpretatus
1286 3185 1392 3239 est,
1418 3185 1470 3230 et
1490 3171 1897 3229 commentariis
1918 3164 2229 3223 illustravit.

662 3269 860 3325 Verum
893 3270 1083 3324 harum
1115 3254 1579 3322 Constitutiouum
1612 3268 1800 3317 auctor
1842 3275 1948 3315 non
1987 3265 2071 3314 est
2110 3256 2232 3311 Cle-

661 3379 815 3418 mens
863 3360 1162 3425 Romanus,
1204 3351 1334 3429 quia
1386 3355 1678 3418 Eusebius,
1725 3353 1819 3409 lib.
1853 3363 1934 3416 ut,
1973 3366 2022 3407 c.
2055 3350 2142 3412 l5,
2175 3355 2231 3404 et

662 3454 1026 3524 Hieronymus
1063 3447 1135 3507 De
1170 3444 1513 3520 scriptoribus
1542 3442 1908 3500 ecclesiasticis
1931 3487 1946 3511 ,
1989 3454 2114 3495 cum
2163 3439 2232 3494 de

662 3540 975 3615 scriptisS.
1011 3538 1308 3596 Clementis
1346 3544 1533 3610 agunt,
1566 3551 1730 3591 unam
1777 3535 2040 3589 duntaXat
2081 3531 2231 3610 illius

661 3634 730 3690 ad
758 3632 1072 3690 Corinthios
1102 3621 1398 3712 Epistolam
1422 3634 1726 3684 recensent.
1759 3623 2027 3679 Praeterea
2064 3621 2228 3676 llum-

659 3730 848 3786 bertus
880 3727 1210 3795 Cardinalis,
1233 3725 1521 3795 episcopus
1566 3720 1728 3776 Silvae
1767 3719 2044 3782 Candidas,
2089 3714 2227 3770 Leo—

659 3816 859 3883 nile,
883 3822 1027 3892 apud
1057 3799 1567 3884 ConstantinopOlin
1611 3796 1842 3882 legatus.
1884 3809 2086 3864 Nicetis
2125 3803 2229 3864 Pe-

659 3922 893 3977 ctorato,
909 3910 1370 3966 Constitutionum
1396 3904 1817 3982 apostolicarum
1839 3901 1960 3955 loca
1979 3899 2227 3970 quaedam

657 4014 850 4072 contra
882 4003 1105 4059 Sabbati
1129 3999 1421 4072 jejunium,
1453 3988 1752 4067 objicienti,
1801 3993 1888 4049 his
1925 3992 2108 4048 verbis
2133 4006 2224 4047 re-

658 4099 931 4173 spondet:
967 4096 1082 4152 Hoc
1117 4109 1349 4152 asserere
1379 4091 1588 4146 conaris
1624 4104 1688 4143 ex
1717 4085 2040 4157 Apocryphis
2076 4083 2224 4138 libris

655 4203 707 4246 et
733 4189 1044 4252 sationibus,
1075 4179 1486 4256 parisententla
1517 4179 1620 4263 εδ(
1646 4176 1871 4235 Patrum
1901 4174 2225 4256 repudiatis;

653 4294 710 4344 et
754 4284 915 4357 paulo
945 4277 1066 4353 poSt
1103 4300 1116 4334 :
1152 4276 1297 4333 Unde
1333 4292 1427 4330 nos
1453 4263 1652 4344 quoque
1681 4273 1832 4357 omne
1857 4263 2226 4339 Apocryphun's

658 4353 963 4444 abjicieutes
990 4365 1335 4437 dedignamur
1370 4362 1556 4418 audire
1591 4353 1771 4417 eorum
1805 4358 2077 4429 fabulosus
2110 4364 2226 4410 tros
2254 4366 2258 4370 '

655 4467 902 4526 ditianes,
948 4461 1074 4535 quia
1130 4475 1233 4514 non
1282 4465 1407 4512 sunt
1449 4464 1506 4509 ut
1547 4455 1631 4509 lea:
1679 4450 1912 4507 Domini.
1953 4449 2228 4530 Citaverat

654 4560 832 4606 autem
857 4548 1072 4604 Nicetas
1109 4547 1357 4617 quintum
1388 4551 1442 4601 et
1463 4542 1752 4614 septimum
1773 4539 1972 4595 librum
1997 4537 2230 4596 Ordina-

653 4620 1021 4706 tionum,‘seu‘
1042 4637 1506 4695 Constitutiouum
1530 4632 1975 4705 apostolicarum.
2008 4629 2087 4686 Ex
2121 4641 2229 4702 qua

657 4728 942 4790 llumberti
965 4725 1697 4806 responsioneCht-istlanus
1734 4724 1939 4796 Lupus,
1971 4742 2024 4796 p.
2058 4736 2120 4789 It,
2158 4723 2226 4779 ad

652 4829 928 4881 Canouem
957 4839 996 4878 tt
1023 4817 1369 4885 Trullanum,
1406 4817 1617 4890 colligit
1652 4811 2064 4873 Constitutiones
2104 4815 2226 4870 illas

653 4916 995 4991 apocryphas
1013 4931 1157 4980 esse,
1190 4914 1358 4969 fuisse
1378 4896 1701 4968 sententiam
1727 4908 1871 4963 sedis
1891 4904 2220 4983 apostolicae,

652 5009 1166 5082 cujuslegationem
1219 5005 1548 5061 Humbertus
1581 5003 1821 5073 gerebat.
1868 4998 2070 5055 Praeter
2115 4997 2223 5082 Lu-
2254 5022 2298 5078 Β

654 5079 803 5173 pum,
829 5079 1041 5171 legendi
1071 5099 1234 5155 etiam
1275 5094 1661 5151 Schelstratius
1698 5093 1752 5148 in
1784 5108 1837 5163 p.
1879 5105 1920 5144 ιι
1957 5079 2216 5160 Antiquit.

666 5193 970 5255 illustratur,
998 5190 1218 5246 dissert.
1242 5189 1300 5251 9.,
1325 5203 1374 5243 c.
1399 5185 1684 5253 2;Natalis
1706 5183 2010 5240 Alexander
2028 5197 2140 5239 sec.
2165 5182 2217 5249 l,

652 5283 991 5357 aliique,.qui
1014 5281 1168 5353 plura
1195 5282 1263 5336 de
1295 5281 1448 5336 hisce
1483 5272 1969 5334 constitutionibus
1993 5275 2214 5335 habent.

703 5375 876 5460 Ὠιιοὰ
912 5373 1108 5429 attinet
1137 5372 1204 5427 ad
1235 5371 1633 5460 collectionem,
1669 5384 1791 5441 qua:
1825 5369 1927 5423 sub
1950 5366 2218 5438 ejusdem
2265 5394 2269 5398 -

651 5454 947 5524 Clementis
991 5465 1210 5520 nomine
1249 5454 1668 5526 circumfertur,
1718 5461 1810 5531 qui
1848 5460 2218 5532 apostolorum
2243 5487 2267 5494 --

651 5574 892 5614 canones
915 5571 1142 5613 numero
1161 5554 1250 5620 85,
1283 5557 1338 5610 in
1368 5571 1535 5610 unum
1565 5570 1765 5625 corpus
1794 5545 2052 5610 collectos
2087 5552 2219 5609 lide-

655 5655 797 5723 libus
819 5650 1168 5723 proposuisse
1197 5648 1536 5720 perhibetur,
1564 5663 1684 5702 eam
1705 5645 1899 5704 Petrus
1935 5647 2003 5702 de
2031 5647 2214 5702 Marce

651 5743 907 5801 Concord.
929 5742 1210 5824 sacerdotii
1229 5753 1278 5795 et
1299 5740 1526 5810 imperii,
1550 5740 1644 5798 lib.
1677 5756 1757 5804 tu,
1781 5757 1832 5794 c.
1853 5740 1909 5806 2,
1942 5756 2001 5796 n.
2032 5741 2086 5803 5,
2111 5755 2209 5794 an-

640 5847 900 5895 teriorem
927 5836 1134 5912 synodo
1159 5835 1398 5921 l’iicma,
1422 5833 1516 5890 sed
1541 5833 1894 5906 posteriorem
1933 5849 2074 5890 anno
2101 5831 2208 5892 258

2341 2367 2472 2434 imp.
2504 2380 2588 2433 ep.
2622 2363 2656 2416 2
2683 2361 2748 2415 ad
2773 2357 3063 2417 Eusebium
3091 2373 3144 2415 et
3173 2360 3543 2416 Antiochenos
3575 2361 3709 2415 citat
3733 2378 3920 2417 cano-

2339 2471 2462 2510 nem
2496 2455 2580 2517 15,
2611 2470 2676 2508 ex
2705 2468 2812 2522 quo
2835 2453 3066 2516 eruitur,
3099 2466 3193 2507 eos
3218 2467 3456 2506 canones
3487 2458 3613 2504 ante
3642 2451 3916 2506 Nicasnatn

2341 2547 2610 2616 synodum
2660 2546 2908 2613 cognitos
2960 2543 3148 2598 fuisse.
3199 2542 3305 2597 Eos
3343 2558 3472 2597 vero
3527 2543 3699 2597 fuisse
3737 2551 3922 2612 poste-

2339 2639 2513 2691 riores
2557 2652 2701 2689 anno
2740 2636 2867 2701 258,
2899 2651 2966 2690 ex
3009 2650 3075 2690 eo
3105 2633 3347 2699 deducit,
3381 2635 3523 2704 quod
3567 2633 3922 2689 Firmilianns

2337 2727 2601 2783 Cassarea:
2623 2728 2914 2798 episcopus
2945 2725 3012 2780 iis
3041 2741 3174 2780 usus
3197 2735 3279 2780 est
3307 2725 3371 2778 ad
3408 2725 3743 2794 probandam
3787 2740 3925 2778 con-

2338 2809 2707 2881 suetudinem,
2759 2833 2881 2888 quze
2932 2818 3150 2888 vigebat
3199 2818 3252 2871 in
3301 2815 3545 2879 Oriente,
3593 2816 3919 2886 repudiandi

2337 2909 2720 2964 hereticorum
2748 2908 3026 2977 baptismi,
3059 2922 3181 2960 cum
3217 2917 3396 2960 tamen
3451 2906 3554 2976 ipsi
3595 2914 3782 2976 aperte
3828 2906 3916 2960 fa-

2335 3007 2545 3055 verent.
2579 3000 2767 3054 Canon
2800 2999 2944 3057 enim
2977 2998 3048 3052 45
3077 2997 3157 3052 sic
3193 3005 3491 3067 conceptus
3512 3006 3595 3052 est
3639 3017 3651 3048 :
3688 2996 3915 3066 Episco-

2332 3105 2457 3164 pum
2496 3093 2572 3146 vel
2616 3092 2995 3161 presbyterum,
3044 3090 3132 3159 qui
3165 3089 3528 3144 hwreticorum
3575 3089 3918 3157 baptismum.

2333 3186 2412 3238 uel
2438 3184 2765 3252 sacriﬁcium
2799 3182 3094 3243 admiserit,
3130 3179 3318 3248 deponi
3354 3180 3621 3250 jubemus.
3670 3181 3803 3247 Qua:
3840 3194 3921 3235 est

2331 3275 2768 3330 enim‘convsntio
2805 3273 3004 3328 Christi
3051 3289 3168 3326 cum
3204 3271 3419 3326 Belial?
3485 3272 3576 3325 Vel
3624 3289 3744 3342 quae
3792 3289 3920 3340 pars

2329 3377 2409 3422 est
2434 3365 2580 3436 ﬁdeli
2607 3382 2724 3418 cum
2755 3365 2999 3434 inﬁdeli?
3056 3363 3119 3418 Et
3149 3379 3325 3417 canon
3343 3363 3415 3416 46
3459 3382 3472 3417 :
3502 3362 3796 3432 Episcopus
3840 3367 3920 3418 vel

2329 3455 2599 3528 presbyter
2618 3472 2757 3517 eum,
2796 3455 2887 3525 qui
2917 3471 3030 3508 vere
3051 3445 3211 3508 liabet
3246 3453 3585 3521 baptismum,
3615 3454 3663 3507 si
3692 3453 3758 3508 de
3783 3456 3921 3508 inte-

2329 3562 2425 3622 gro
2461 3547 2839 3616 baptizauerit;
2873 3545 2948 3600 vel
2993 3547 3039 3599 si
3076 3561 3214 3608 cuiu,
3246 3545 3336 3616 qui
3367 3545 3430 3597 ab
3475 3545 3649 3614 impiis
3677 3545 3916 3613 pollutus

2329 3651 2430 3705 est,
2461 3657 2564 3695 non
2589 3623 2950 3702 baptizauerit,
2975 3637 3288 3706 deponatur,
3322 3646 3378 3690 ut
3410 3637 3500 3707 qui
3528 3636 3748 3691 irrideat
3770 3654 3920 3690 mor-

2333 3740 2437 3786 tem
2467 3740 2516 3787 et
2539 3747 2746 3791 crucem
2773 3728 3010 3792 Domini,
3043 3737 3092 3782 et
3122 3745 3225 3782 non
3253 3728 3520 3782 discernat
3550 3728 3851 3783 sacerdotes
3883 3748 3918 3783 a

2330 3821 2485 3891 falsis
2511 3819 2896 3877 sacerdotibus.
2924 3819 3060 3873 Cum
3088 3818 3272 3887 itaque
3291 3815 3642 3872 Firmilisuus
3665 3817 3722 3872 in
3744 3818 3914 3889 epist.

2328 3914 2397 3968 ad
2434 3913 2770 3985 Cyprianum
2805 3919 2996 3966 contra
3041 3909 3423 3965 lt'wreticorum
3491 3909 3764 3981 baptisma
3807 3913 3916 3965 mi-

2327 4003 2517 4068 litans,
2548 4004 2997 4076 consuetudinem
3030 4019 3059 4058 a
3101 4003 3376 4074 Stephano
3405 4003 3554 4074 Papa
3581 4005 3908 4071 laudatam,

2327 4096 2472 4166 ston
2500 4095 2731 4158 acriore.
2759 4105 2921 4166 Quam
2955 4098 3242 4167 Oportebat
3274 4097 3645 4153 Christianum
3693 4102 3913 4170 episco-

2327 4199 2478 4257 pum,
2510 4183 2788 4267 excipiens
2817 4199 2961 4240 anno
2988 4184 3093 4240 256
3121 4193 3218 4244 aut
3239 4185 3346 4241 257
3371 4203 3481 4257 quo
3508 4203 3627 4243 eam
3662 4191 3910 4261 scripsit,

2341 4287 2581 4329 canones
2629 4274 2923 4345 praedictos
2965 4292 3074 4330 non
3121 4277 3389 4347 allegarit,
3422 4293 3488 4332 ex
3518 4278 3640 4347 ejus
3686 4281 3914 4335 silentio

2325 4363 2582 4435 colligere
2630 4375 2737 4435 est,
2781 4368 3086 4439 incognitos
3129 4384 3193 4425 ea
3233 4377 3390 4425 actate
3441 4369 3611 4426 fuisse
3640 4387 3913 4438 canones

2327 4458 2696 4528 apostolicos-

2398 4617 2506 4674 Eos
2530 4633 2793 4683 canones,
2826 4626 2950 4688 post
2974 4619 3196 4673 concilii
3224 4616 3430 4674 Nlateni
3491 4624 3762 4691 tempora,
3798 4632 3908 4677 tam

2331 4711 2387 4766 in
2416 4710 2639 4767 O‘riente
2661 4725 2826 4782 quam
2878 4711 2932 4764 in
2989 4709 3305 4776 Occidente,
3336 4712 3478 4782 apud
3510 4713 3779 4783 quosdam
3799 4715 3910 4771 Ca-

2326 4805 2588 4870 tholicos,
2630 4803 2984 4875 praevaluisse
3019 4801 3193 4874 (varia
3246 4810 3428 4857 tamen
3482 4803 3551 4859 de
3579 4818 3771 4858 eorum
3803 4821 3908 4859 nu-

2327 4914 2480 4954 mero
2511 4897 2902 4969 fortuna)‘licet
2931 4897 3189 4968 colligere
3218 4910 3282 4952 ex
3316 4895 3705 4967 antiquissima
3735 4911 3908 4956 cano-

2328 5005 2458 5046 num
2480 4991 2824 5058 collectione,
2851 5005 2973 5060 quar.
2999 4991 3237 5061 primum
3264 4987 3321 5042 in
3367 4985 3590 5043 Oriente
3632 5003 3664 5042 a
3695 4987 3905 5046 Crtecis

2327 5080 2430 5135 fuit
2469 5071 2751 5147 confecta,
2805 5089 2860 5136 et
2919 5088 3045 5136 ante
3092 5086 3336 5150 tempora
3365 5077 3631 5150 gDionysii
3702 5078 3904 5152 Exigui

2324 5172 2554 5229 exstitit.
2594 5171 2748 5228 Unde
2793 5172 2941 5244 quod
2977 5172 3389 5243 Gelasius-papa
3421 5172 3475 5225 in
3509 5169 3754 5227 Romana
3795 5186 3904 5229 LX!

2325 5266 2704 5336 episcoporum
2736 5267 2946 5339 synodo
2965 5264 3345 5337 posuitzLiber
3382 5280 3644 5318 canonum
3684 5275 3905 5335 aposto-

2327 5357 2552 5411 licorum
2586 5351 2945 5428 apocryphus,
2999 5355 3287 5411 commodo
3315 5369 3482 5410 sensu
3514 5354 3664 5410 venit
3694 5355 3902 5410 intelli-

2325 5442 2584 5514 gendum.
2629 5443 2996 5514 Prteterquam
3051 5444 3196 5501 enim
3243 5443 3389 5513 quod
3438 5443 3553 5498 haec
3584 5445 3754 5500 verba
3784 5460 3900 5502 non

2321 5534 2594 5590 habentur
2624 5536 2679 5590 in
2701 5537 2823 5592 cod.
2854 5532 3100 5601 Justelli,
3131 5535 3237 5591 dici
3263 5543 3442 5607 potest
3473 5534 3528 5590 id
3556 5551 3587 5589 a
3608 5535 3756 5608 Papa
3788 5537 3900 5594 Ge-

2321 5627 2458 5683 lasic
2489 5627 2716 5703 dictum,
2745 5628 2871 5698 quia
2910 5629 2964 5682 hi
2987 5642 3226 5684 canones
3255 5644 3366 5682 non
3394 5634 3523 5683 sunt
3553 5628 3623 5683 ab
3670 5637 3902 5699 aposto-

2323 5720 2417 5785 lis,
2443 5719 2540 5776 sed
2572 5720 2641 5775 ab
2667 5720 2789 5776 aliis
2847 5720 3082 5784 collecti,
3118 5718 3263 5775 unde
3311 5727 3457 5775 recte
3489 5717 3670 5774 Marca
3701 5720 3901 5776 lauda-

2320 5820 2410 5868 tus
2435 5829 2587 5869 num.
2620 5811 2651 5865 7
2685 5832 2697 5867 :
2736 5813 2907 5867 Varia:
2957 5821 3078 5868 sunt
3134 5813 3330 5868 classes
3368 5809 3786 5882 apocryphoruns
3840 5813 3897 5868 in
