4096 6318
249 372 357 428 53!

1099 379 1693 436 CONSTiTUTlONES
1727 380 2201 440 ΑΡΟΞΤΟΙᾸΟᾸΞ.
2233 415 2304 424 -
2341 384 2704 444 Ριωυιδξτιξλ.

3391 393 3495 445 52-2

252 488 480 544 Notitia
520 488 746 559 Gelasii,
800 505 854 549 ut
904 495 1245 552 observarunt
1288 500 1386 552 viri
1426 498 1657 565 eruditi,
1707 516 1827 555 cum
1858 505 1901 560 Α
1933 502 2171 570 synodos
2230 503 2582 574 approbante,
2630 513 2685 558 et
2717 505 2931 573 .ubique
2995 503 3109 558 fere
3174 503 3494 573 recipiente.

249 598 369 637 non
404 593 611 638 tantum
656 587 907 657 figmenta
954 589 1321 644 hereticorum
1366 592 1572 645 veniant
1619 591 1830 645 iit/tunc

248 688 498 739 censum,
528 674 622 728 sed
652 677 810 731 etiam
864 676 1135 742 Opuscula
1166 687 1533 742 tractatorum,
1565 681 1620 734 in
1642 680 1828 751 quibus

249 773 386 816 sunt
435 766 570 819 omni
614 767 850 837 quidam.
904 769 1015 825 Nec
1064 772 1171 826 alio
1222 773 1473 841 exemplo
1524 772 1829 841 indigemus

249 870 424 923 quam
456 857 675 914 Eusebii
702 858 964 924 Historia,
995 877 1156 931 quam
1196 862 1524 934 apocryphis
1576 869 1828 917 accensct

247 946 534 1012 Gelasius,
583 964 706 1003 cum
754 958 934 1005 tamen
962 952 1124 1022 paulo
1159 961 1319 1007 antea
1373 969 1493 1007 eam
1524 955 1828 1024 suscipien-

246 1042 384 1097 dam
415 1044 733 1112 statuisset;
765 1049 933 1116 quod,
964 1047 1242 1119 nimirum,
1268 1047 1397 1102 velit
1426 1047 1529 1103 hos
1558 1047 1829 1103 Historia-

246 1150 379 1188 rum
408 1136 581 1190 libros
610 1137 776 1193 naevis
825 1138 1151 1207 quibusdam
1184 1139 1495 1208 permistos,
1555 1138 1696 1204 licet,
1743 1141 1826 1193 in-

244 1226 395 1294 quit,
427 1235 640 1294 propter
691 1243 869 1281 rerum
916 1230 1162 1281 notitiam
1213 1225 1555 1299 singularem,
1603 1246 1718 1297 quae
1754 1230 1824 1284 ad

246 1315 656 1396 instructionem
693 1319 987 1386 pertinent,
1048 1334 1410 1389 usquequaque
1452 1335 1554 1373 non
1601 1318 1823 1375 dicimus

245 1405 566 1461 renuendos.
599 1404 766 1472 Idem,
801 1407 978 1477 inquit
1002 1407 1395 1463 Scbclstratius
1427 1408 1679 1465 laudatus
1698 1424 1818 1479 cap.

253 1495 306 1560 1,
329 1496 624 1552 dicendum
664 1498 732 1553 de
765 1499 1083 1557 Canonibus
1129 1500 1524 1569 apostolorum,
1557 1500 1822 1571 singulari

247 1588 489 1656 quadam
524 1587 784 1643 Ecclesiae
837 1590 1126 1659 primitivae
1156 1589 1404 1645 doctrina
1435 1588 1671 1652 refertis,
1697 1591 1822 1645 licet

248 1679 495 1745 aliunde,
517 1680 589 1736 ob
604 1689 783 1738 certos
812 1697 1016 1746 necvos,
1044 1682 1185 1737 inter
1208 1682 1515 1754 apocrypha
1544 1695 1576 1736 a
1605 1680 1821 1739 Gelasio

246 1772 559 1828 recensitis.

313 1859 502 1931 Neque
534 1862 604 1917 ab
658 1864 923 1933 antiquis.
977 1872 1089 1918 tam
1138 1863 1344 1920 Graecis
1402 1879 1566 1934 quam
1600 1862 1814 1920 Latinis
1848 1828 1893 1895 Β

243 1953 635 2022 scriptoribus,
664 1955 850 2010 subdit
873 1956 1016 2011 idem
1046 1955 1460 2018 Scbelstratius,
1488 1955 1543 2009 hi
1578 1970 1817 2012 canones

245 2043 405 2100 fuere
434 2045 644 2115 reiecti,
679 2053 739 2100 ut
780 2054 930 2117 patet
963 2063 1031 2103 ex
1060 2064 1090 2101 ι.
1119 2047 1426 2103 canonibus
1456 2047 1658 2118 ubique
1685 2047 1814 2101 olim

240 2139 505 2208 receptis,
536 2145 590 2193 et
618 2140 907 2195 confirmat
935 2148 1058 2211 post
1107 2139 1380 2195 Gelasium
1412 2139 1662 2193 collectio
1685 2137 1815 2193 Dio-

240 2227 386 2298 nysii
433 2226 647 2299 Exigui.
678 2227 807 2285 Post
862 2228 1181 2301 Dionysium
1229 2228 1583 2292 Cresconius,
1630 2231 1817 2285 nescio

238 2319 407 2389 cujus
435 2320 674 2377 civitatis
716 2321 773 2375 in
794 2320 977 2375 Alrica
1009 2322 1321 2391 episcopus,
1363 2322 1458 2391 qui
1501 2319 1556 2376 in
1581 2337 1681 2378 sua
1702 2322 1818 2376 col-

238 2411 497 2476 lectione,
529 2428 704 2483 usque
731 2414 799 2469 ad
830 2430 861 2468 ι.
896 2428 1135 2488 canones
1166 2416 1534 2485 apostolorum
1591 2431 1818 2470 enume-

236 2510 331 2558 rat
359 2510 414 2559 et
443 2504 511 2559 ad
532 2505 724 2560 titulos
777 2520 909 2561 suos
955 2505 1393 2577 comprobandos
1421 2506 1663 2562 adducit.
1699 2506 1815 2561 Me-

240 2595 409 2648 minit
431 2602 483 2650 et
518 2594 842 2652 Anastasius
871 2595 1328 2653 Bibliothecarius
1358 2597 1626 2669 Stephani
1661 2611 1816 2667 papa:

238 2686 339 2753 IV,
375 2705 470 2744 seu
495 2690 677 2759 potius
704 2688 792 2755 lli,
822 2690 915 2760 qui
943 2689 999 2743 in
1018 2689 1214 2761 synod.
1264 2689 1645 2753 Lateranensi,
1671 2704 1816 2744 anno

239 2780 373 2844 769,
404 2781 595 2837 statuit
653 2780 860 2837 action.
892 2779 961 2836 IV
989 2799 1004 2837 :
1038 2779 1163 2837 Non
1193 2783 1422 2846 amplius
1454 2783 1817 2850 suscipiantur

243 2873 622 2940 Apostolorum
642 2873 883 2942 prolata,
915 2889 1006 2942 per
1033 2871 1092 2929 S.
1132 2871 1479 2937 Clementem,
1523 2875 1627 2928 nisi
1658 2887 1692 2929 I.
1721 2890 1815 2927 ea—

234 2966 375 3032 pita,
406 2981 521 3035 qua:
550 2967 780 3035 suscepit
806 2976 992 3021 sancta
1022 2964 1122 3019 Dei
1165 2965 1427 3020 catholica
1456 2964 1695 3019 Romana
1711 2964 1817 3019 Ec-

235 3058 425 3111 clesia.
454 3056 761 3113 Publicavit
792 3058 895 3112 hoc
936 3059 1231 3114 concilium
1267 3048 1580 3113 llolstenius
1606 3065 1661 3113 et
1692 3058 1814 3113 lau-

2002 593 2071 647 At
2103 595 2265 649 latius
2305 611 2427 651 sese
2451 596 2695 651 extendit
2743 594 2981 652 Orientis
3030 595 3299 659 Ecclesia,
3326 596 3380 650 in
3410 612 3499 652 re-

1928 685 2199 754 cipiendis
2237 689 2613 757 apostolorum
2636 689 2964 751 canonibus,
2983 703 3131 757 quos.
3158 701 3357 754 Luxv,
3385 702 3499 741 om-

1929 779 2079 833 nium
2113 780 2320 849 primus
2356 796 2470 835 sua:
2498 796 2530 835 ι.
2585 770 2878 836 titulorum
2915 780 3230 833 collectioni
3263 777 3497 833 inseruit

1925 868 2164 925 Joannes
2187 870 2581 939 Scholasticus,
2612 880 2671 928 ut
2710 879 2865 927 notat
2891 870 3154 925 Justellus
3188 871 3241 924 in
3272 868 3492 924 Prmlat.

1927 961 1995 1014 ad
2024 969 2158 1017 tom.
2194 962 2237 1016 11
2285 962 2534 1019 Biblioth.
2573 962 2725 1019 Iuris
2764 961 3031 1023 canonici,
3079 968 3135 1016 et
3162 961 3304 1016 idem
3326 961 3495 1015 Joan-r

1927 1067 2025 1107 ncs
2082 1052 2435 1106 Antiochenas
2493 1050 2751 1106 Ecclesia:
2797 1051 3119 1121 presbyter,
3176 1066 3243 1104 ex
3302 1050 3497 1103 ordine

1927 1140 2391 1197 Scholauicorum
2423 1144 2516 1211 qui
2549 1143 2603 1195 in
2638 1142 2950 1212 praefatione
2980 1142 3057 1195 ait
3084 1162 3097 1197 :
3153 1141 3254 1197 SS.
3282 1140 3497 1195 Domini

1914 1222 2170 1302 {discipuli
2208 1245 2257 1289 et
2289 1235 2519 1302 apostoli
2545 1249 2724 1288 Lxxxv
2755 1252 2998 1299 canones,
3031 1235 3311 1290 Clementis
3339 1251 3497 1304 opera

1922 1326 2218 1381 ediderunt.
2252 1325 2381 1389 Eos,
2426 1334 2552 1397 post
2580 1326 2721 1381 hanc
2749 1326 2978 1382 Joannis
3009 1327 3384 1381 collectionem
3409 1343 3498 1382 reo

1923 1419 2067 1488 cepit
2099 1426 2153 1473 et
2184 1418 2430 1489 probavit
2455 1420 2703 1491 synodus
2734 1415 3014 1481 Trullana,
3045 1432 3171 1471 can.
3200 1416 3257 1480 Ξ,
3289 1427 3343 1471 et
3372 1431 3497 1487 post

1920 1525 2041 1563 eam
2076 1509 2320 1581 synodus
2348 1510 2620 1581 generalis
2652 1509 2704 1573 7,
2732 1522 2851 1580 quae
2879 1510 3093 1563 actione
3121 1508 3175 1570 1.
3215 1509 3497 1563 consensit

1920 1616 1952 1657 e
1995 1598 2331 1661 Bibliotheca
2390 1601 2713 1671 patriarchii
2775 1599 3331 1670 Constantinopoleos
3382 1606 3494 1653 tam

1919 1705 2190 1746 canonum
2222 1690 2324 1748 SS.
2360 1693 2733 1762 apostolorum
2755 1734 2768 1757 ,
2811 1709 2973 1764 quam
3022 1692 3122 1746 SS.
3159 1691 3493 1762 synodorum

1921 1781 2093 1836 libros
2125 1782 2178 1835 in
2214 1780 2452 1836 medium
2508 1781 2728 1837 alieni:
2764 1784 2829 1836 Et
2898 1784 3136 1837 notarius
3185 1783 3492 1841 venerabilis

1931 1874 2246 1945 patriarcltii
2273 1874 2427 1945 legit:
2450 1872 2633 1928 Conon
2664 1873 2769 1929 SS.
2789 1874 3162 1945 Apostolorum
3192 1892 3287 1930 Lm
3321 1878 3488 1947 (nunc

1915 1964 2038 2033 LII).
2065 1962 2128 2019 Si
2154 1964 2269 2034 quis
2316 1963 2587 2034 presbyter
2638 1981 2776 2027 eum,
2815 1968 2905 2035 qui
2951 1967 3329 2020 convertitura
3373 1982 3492 2035 pec-

1915 2066 2054 2123 cato,
2078 2074 2183 2111 non
2214 2058 2524 2126 susceperit,
2572 2056 2661 2111 sed
2711 2056 2979 2125 abjeccrit,
3033 2059 3347 2127 deponatur,
3378 2067 3467 2113 etc

1917 2147 2102 2217 Usque
2134 2149 2199 2203 ad
2231 2164 2437 2211 Lxxvu,
2474 2157 2721 2205 recenset
2772 2150 3000 2205 Alexius
3035 2151 3350 2213 Aristenus,
3388 2149 3491 2204 Ec-

1914 2238 2096 2295 clesiae
2134 2238 2750 2307 Constantinopolitanae
2794 2239 3057 2294 diaconus
3082 2281 3098 2306 ,
3139 2242 3199 2295 in
3257 2238 3485 2310 Synapsi

1915 2346 2195 2394 canonum,
2230 2344 2351 2398 qua:
2391 2328 2625 2399 primum
2669 2330 2945 2399 publicata
2986 2340 3069 2385 est
3118 2340 3252 2387 tom.
3300 2330 3340 2384 ll
3383 2329 3480 2384 Bi-

1916 2420 2100 2474 blioth.
2130 2419 2280 2474 luris
2312 2420 2586 2485 Canonici,
2618 2420 2713 2474 ubi
2758 2428 2882 2489 post
2920 2421 3233 2475 Aristenum
3283 2422 3483 2476 subne—

1915 2511 2081 2566 ctitur
2111 2510 2352 2581 Epitome
2392 2527 2651 2564 canonum
2700 2509 2970 2567 Simeonis
3002 2511 3243 2584 Magistri
3277 2526 3331 2567 et
3376 2512 3482 2566 Lo—

1915 2600 2166 2670 gothetaa,
2204 2599 2258 2654 in
2305 2614 2411 2669 qua
2456 2599 2780 2655 exhibentur
2817 2616 3055 2657 canones
3108 2604 3479 2671 apostolorum

1915 2702 2121 2742 uult.
2163 2687 2524 2743 Subnectitur
2568 2698 2622 2743 et
2664 2686 2918 2759 Synopsis
2963 2707 3241 2743 canonum'
3276 2691 3481 2745 Arlenii

1916 2778 2202 2843 monachi,
2228 2768 2324 2849 qui
2364 2768 2433 2833 ad
2477 2794 2598 2848 cap.
2632 2780 2688 2844 4,
2725 2781 2911 2835 subdit
2943 2801 2955 2835 :
2994 2780 3094 2836 SS.
3123 2784 3481 2850 apostolorum

1915 2887 2138 2925 canones
2178 2887 2376 2937 Lxxxv,
2415 2879 2469 2926 et
2516 2873 2656 2927 alios
2686 2875 3057 2941 apostolorum
3092 2889 3330 2931 canones
3360 2891 3486 2945 pass

1915 2963 2021 3018 sim
2074 2958 2293 3018 exhibet
2353 2972 2411 3018 ut
2462 2980 2639 3017 Lxxxv
2677 2980 2917 3021 canones
2967 2967 3037 3020 ab
3090 2982 3157 3021 eo
3214 2967 3485 3023 admissos

1914 3060 2160 3118 constet;
2192 3067 2332 3121 quos
2361 3061 2415 3106 et
2438 3052 2555 3119 diu,
2583 3062 2712 3106 ante
2744 3054 2864 3109 illos
2896 3055 3234 3120 collectores,
3265 3056 3487 3111 admisit

234 3149 425 3203 datam
456 3164 522 3204 ex
552 3166 618 3205 eo
643 3150 978 3207 decisionem
1004 3149 1293 3204 conﬁrmat
1317 3147 1651 3204 Ilumbertus
1676 3148 1814 3202 Leo«
1837 3160 1882 3218 ο
1915 3138 2175 3205 Pholius,
2214 3141 2268 3195 in
2326 3140 2731 3210 Nomocanone,
2782 3145 2848 3199 ad
2900 3161 3060 3216 quem
3095 3147 3238 3200 edita
3268 3146 3486 3224 .praal'a-

234 3241 332 3295 nis
357 3240 427 3294 1X
456 3241 690 3313 legatus,
742 3240 798 3295 in
828 3242 1184 3315 responsione
1236 3240 1305 3295 ad
1338 3241 1538 3295 librum
1584 3238 1808 3304 Nicelaa,

234 3332 544 3403 presbyteri
602 3340 657 3386 et
703 3332 979 3396 monachi,
1036 3340 1227 3386 contra
1281 3329 1509 3406 Latinos
1552 3330 1810 3389 editum:

235 3419 524 3477 Clementis
548 3422 761 3487 librum,
793 3423 847 3475 id
869 3430 948 3477 est
1002 3418 1151 3475 Petri
1181 3418 1413 3490 apostoli
1470 3417 1815 3475 itinerarium

230 3517 289 3563 et
315 3509 699 3581 Apostolorum
723 3522 965 3564 canones
1000 3518 1275 3563 numerant
1305 3506 1497 3563 Patres
1518 3510 1654 3562 inter
1680 3525 1811 3577 apo-

231 3598 466 3667 crypha,
543 3599 770 3667 exceptis
830 3613 862 3652 ι.
930 3600 1217 3668 capitulis,
1294 3615 1411 3669 qua:
1471 3600 1808 3654 decreverant

230 3689 543 3746 orthodoxa:
616 3690 742 3758 ﬁdei
818 3688 1170 3760 adjungenda.
1235 3691 1299 3745 Et
1382 3691 1497 3745 haac
1586 3691 1805 3760 quidem

227 3780 305 3833 de
352 3779 593 3834 Ecclesia
644 3779 980 3837 Occidentali
1034 3796 1065 3834 ι.
1128 3782 1497 3852 apostolorum
1565 3797 1806 3838 canones

230 3888 345 3927 non
402 3874 763 3944 improbante,
829 3875 923 3931 sed
981 3875 1200 3929 demum
1254 3889 1350 3944 per
1416 3873 1709 3942 pontifices
1749 3884 1805 3930 et

1915 3229 2084 3295 tione,
2114 3232 2304 3286 scribit
2330 3251 2344 3286 :
2376 3232 2635 3301 Canones,
2667 3238 2755 3305 qui
2786 3234 2887 3292 SS.
2916 3236 3275 3307 apostolorum
3300 3237 3489 3291 dicun-

1916 3330 2027 3387 tur,
2058 3321 2341 3379 Clementis
2382 3342 2539 3392 opera
2572 3316 2776 3383 collecti
2818 3346 3015 3385 Lxxxv.
3065 3330 3128 3386 Et
3176 3328 3379 3403 quibus
3408 3332 3491 3384 vi-

1908 3418 2041 3475 dere
2068 3420 2198 3473 licet
2222 3417 2529 3474 Orientales
2553 3420 2755 3490 passim
2780 3431 2973 3471 omnes
3013 3433 3191 3473 Lxxxv
3237 3430 3480 3470 canones

1909 3493 2222 3575 admisisse,
2284 3510 2377 3580 qui
2408 3511 2476 3564 de
2528 3511 2694 3573 facto,
2726 3517 2849 3581 post
2875 3510 3155 3564 decretum
3208 3508 3482 3573 Gratiani,

1908 3599 2067 3668 jussu
2128 3598 2375 3669 Gregorii
2431 3599 2548 3653 Xlll
2606 3600 2835 3663 editum,
2889 3600 3259 3669 reperiuntur,
3321 3596 3398 3650 uti
3433 3606 3487 3650 et

1911 3691 2113 3759 passim
2147 3690 2200 3743 in
2232 3690 2491 3745 omnibus
2526 3690 2900 3745 Conciliorum
2934 3690 3290 3744 editionibus.
3327 3687 3485 3740 Plura

1913 3781 2305 3839 Schelstratius
2337 3783 2589 3838 laudatus
2643 3792 2698 3837 et
2748 3781 2956 3837 Natalis
2986 3780 3297 3835 Alexander
3345 3778 3482 3831 diss.

1911 3875 1999 3939 l7,
2041 3876 2225 3930 saeculi
2261 3893 2278 3934 ι
2334 3875 2611 3932 Ecclesiae.

238 4111 3451 4137 W

790 4314 916 4410 IN
994 4322 2048 4417 CONSTITUTIONES
2118 4319 2927 4416 APOSTOLICAS

1054 4513 1533 4577 ADNOTATIO
1572 4516 1891 4577 CRITICA
1922 4518 2025 4577 ET
2073 4515 2741 4579 CHRONOLOGICA.

1000 4673 1216 4745 (MANSI,
1277 4675 1509 4741 Concil.,
1562 4676 1605 4741 l,
1663 4676 1812 4742 254;
1872 4675 2179 4745 Florentiae,
2216 4678 2376 4743 1759,
2430 4677 2486 4731 in
2558 4677 2735 4743 folio.)

285 4837 753 4903 Constitutiones,
795 4853 935 4909 quas
980 4846 1176 4893 vocant
1227 4841 1559 4909 apustolicas
1582 4882 1597 4907 ,
1646 4857 1788 4910 opus
1825 4848 1869 4902 D
1900 4842 2086 4911 populi
2110 4840 2405 4911 prannissa
2429 4838 2831 4899 tantummodo,
2863 4844 2918 4891 et
2946 4843 3139 4905 sponte
3166 4834 3473 4899 oliercnda,

177 4942 182 4946 '
215 4946 345 4988 esse
374 4930 642 4999 spurium,
666 4930 735 4983 ab
762 4930 848 4994 iis,
875 4930 1075 5000 quibus
1102 4932 1476 4996 ascribuntur,
1504 4936 1790 5001 apostolis,

217 5032 335 5076 tum
368 5032 423 5077 et
451 5023 520 5074 ab
554 5021 671 5091 ipsa
700 5024 1072 5091 apostolorum
1104 5031 1262 5077 :etate
1286 5025 1502 5094 penitus
1526 5025 1787 5089 alienum,

219 5130 381 5168 nemo
408 5113 691 5181 theologus
721 5114 882 5168 modo
912 5114 1124 5183 ignorat
1158 5115 1240 5169 vel
1278 5115 1553 5170 diliitetur.
1581 5116 1791 5180 Quibus

219 5206 306 5259 vel
350 5205 640 5259 silentibus
670 5206 753 5259 vel
789 5206 1285 5269 dissimulantibus,
1322 5223 1409 5262 res
1449 5218 1629 5263 tamen
1674 5209 1790 5277 ipsa

218 5315 317 5370 per
349 5314 406 5352 se
436 5301 768 5367 loqueretur,
801 5315 924 5353 cum
956 5300 1137 5369 operis
1170 5300 1315 5354 illius
1345 5310 1537 5355 auctor
1570 5301 1789 5371 ineptus

217 5393 291 5443 sit
328 5392 464 5444 adeo
502 5392 795 5457 interdum,
846 5401 905 5445 ut
948 5393 1017 5445 ab
1061 5394 1453 5461 apostolorum,
1496 5408 1658 5461 quam
1706 5392 1789 5444 al-

217 5483 419 5544 l'ectat,
470 5485 737 5553 gravitate
782 5499 843 5538 se
886 5484 1103 5553 penitus
1147 5484 1467 5552 degenerem
1508 5484 1779 5538 ostendat.

215 5574 465 5629 Celebris
488 5586 573 5631 est
598 5578 921 5640 similitudo,
950 5594 1057 5647 qua
1081 5576 1188 5630 Deo
1212 5576 1383 5639 Patri,
1410 5575 1567 5637 Filio,
1594 5586 1646 5630 et
1670 5578 1788 5645 Spi-

215 5665 344 5718 ritui
382 5675 572 5720 sancto
609 5671 948 5739 episcopum,
996 5670 1370 5739 presbyterum
1403 5676 1457 5722 et
1496 5668 1783 5722 diaconum

213 5773 493 5827 comparat
550 5762 642 5814 lib.
682 5777 744 5823 ll,
776 5778 895 5831 cap.
929 5763 1021 5818 ‘26.
1059 5762 1167 5816 Nec
1214 5763 1394 5816 minus
1434 5762 1625 5830 ineptit
1658 5778 1782 5815 cum

214 5849 311 5904 lib.
347 5868 418 5912 \‘l,
453 5869 573 5921 cap.
616 5854 708 5916 20,
744 5868 923 5909 vetera
957 5857 1223 5910 sacriﬁcia
1270 5867 1393 5911 ante
1422 5856 1781 5911 idololatriam

404 5947 676 6007 l’n'IwL.
726 5950 840 6006 (in.
877 5950 897 6007 ι

1900 4935 1993 4991 sed
2023 4936 2221 5004 pupula
2249 4934 2467 4987 demum
2528 4934 2583 4986 in
2628 4932 2836 4985 crimen
2881 4930 3135 5001 prolapso
3161 4968 3174 4990 ,
3219 4934 3279 4982 ut
3302 4928 3477 4982 sacri-

1901 5026 2037 5080 ﬁciis
2098 5040 2298 5079 numen
2362 5030 2680 5093 agnosceret
2742 5022 2857 5090 lege
2926 5020 3230 5088 injunctum
3304 5018 3473 5071 fuisse

1899 5120 2109 5172 statuit.
2147 5117 2419 5170 Privatam
2472 5117 2729 5168 ultionem
2780 5129 2876 5182 per
2918 5128 2975 5166 se
3006 5111 3225 5181 quidem
3262 5112 3467 5179 justam

1898 5213 2165 5282 agnoscit,
2200 5227 2361 5280 quam
2398 5211 2519 5263 ideo
2554 5208 2719 5263 \‘t‘lllll
2744 5206 2908 5268 Deus,
2943 5206 3037 5268 ait,
3071 5220 3137 5257 eo
3164 5206 3308 5272 quod
3340 5204 3469 5255 tole-

1899 5308 2129 5359 rantiam
2219 5303 2426 5357 ultione
2461 5301 2882 5369 prwstantiorem
2926 5297 3207 5366 agnoverit
3254 5296 3346 5349 lib.
3376 5310 3463 5358 rt,

1892 5410 2011 5463 cap.
2042 5396 2132 5449 ‘23.
2165 5392 2220 5447 Si
2246 5395 2563 5462 scriptorem
2590 5394 2744 5446 hunc
2776 5391 2965 5444 audias
2986 5432 3001 5455 ,
3037 5388 3289 5441 Afrorum
3334 5402 3464 5438 con-

1892 5488 2125 5540 suetudo
2173 5486 2239 5540 de
2288 5484 2691 5554 rebaptizandis
2747 5483 3035 5543 haereticis,
3090 5481 3459 5533 Rmuanorum

1892 5578 2200 5646 disciplina,
2256 5588 2377 5645 qua:
2420 5586 2821 5631 sacramentum
2870 5575 2999 5628 illud
3056 5590 3082 5625 a
3132 5587 3462 5641 quocunque

1891 5672 2108 5723 tandem
2152 5670 2408 5724 collatum
2465 5670 2697 5722 admittit
2732 5678 2782 5721 et
2828 5669 3073 5736 suscipit,
3119 5671 3269 5717 tanto
3326 5678 3450 5730 νεηθ-

1892 5757 2123 5817 Stzttttior
2152 5776 2257 5827 est,
2283 5771 2488 5832 quanto
2521 5780 2599 5813 νιιι
2618 5765 2721 5816 itas
2752 5777 2995 5814 errorem
3029 5758 3302 5828 pracccdit.
3331 5754 3463 5807 Vide

1892 5857 1985 5909 lih.
2020 5873 2091 5922 Vl,
2120 5874 2239 5927 cap.
2271 5858 2355 5913 l5.
2384 5856 2616 5910 dilutum
2647 5858 2805 5911 ctiam
2838 5858 3004 5908 multo
3032 5872 3138 5924 [ιιιῡ
3163 5849 3461 5920 apostolica

3126 5949 3158 5961 με

3090 5956 3151 6005 Ιῖ
