4096 6318
616 431 720 487 523

1496 433 1551 488 S.
1585 431 1980 486 CLEMENTIS
2010 431 2029 484 Ι
2063 429 2228 488 ROM.
2267 430 2468 486 PONT.
2503 430 2725 486 OPERA
2767 429 2994 485 DUBIA.

3738 430 3849 484 525

614 547 975 602 recentiorem
1005 543 1185 617 prodit
1214 547 1558 603 consuetudo
1587 547 1680 600 illa
1706 545 2036 616 templorum
2067 544 2175 618 ritu
2205 550 2252 607 Α
2281 544 2382 608 dit,
2421 560 2478 600 se
2522 543 2749 598 delinire
2785 542 2933 597 nihil
2985 557 3266 604 ausurum,
3323 556 3445 596 cum
3497 540 3730 597 Romani
3777 546 3847 606 ad

610 638 941 693 Christianis
988 641 1249 710 peculiari
1286 641 1671 707 excitatorum,
1722 638 1881 706 cujus
1930 637 2176 692 meminit

609 737 800 782 auctor
828 729 920 784 lib.
961 745 1022 793 ιι,
1055 745 1176 802 cap.
1217 732 1302 787 57.
1349 730 1574 802 Templa
1608 732 1753 788 enim
1785 746 1816 784 a
1845 730 2175 785 Christianis

608 821 809 874 seculo
830 821 1049 876 demum
1070 823 1311 877 secundo
1343 824 1578 892 primum
1608 823 1742 893 erigi
1774 822 2014 896 coepisse
2039 823 2172 876 mihi

603 912 897 966 admodum
928 914 1214 981 probatur.
1242 913 1378 968 Cum
1404 915 1696 984 episcdpos
1727 915 1794 969 ad
1823 915 2007 970 varias
2023 915 2174 973 orbis

603 1006 865 1060 ecclesias
882 1005 1196 1064 destinatos
1226 1015 1492 1069 recenset,
1523 1020 1619 1060 eos
1644 1015 2051 1069 commemorat,
2077 1005 2172 1080 qui

603 1097 698 1150 diu
731 1105 855 1167 pust
878 1099 1154 1168 apostolos
1185 1099 1460 1153 vixerunt.
1494 1096 1630 1151 Vide
1662 1097 1757 1154 lib.
1792 1113 1893 1164 vn,
1930 1113 2052 1168 cap.
2079 1099 2168 1154 47.

603 1187 747 1253 Quin
794 1197 848 1244 et
878 1190 1166 1260 scriptoris
1195 1191 1344 1244 illius
1377 1198 1535 1244 aetate
1581 1188 1825 1244 Ecclesia
1854 1188 2060 1244 Christi
2089 1199 2173 1246 to-

602 1287 716 1333 tum
742 1296 836 1350 per
865 1281 1053 1335 orbem
1077 1281 1299 1348 diffusa,
1325 1282 1605 1336 catholica:
1631 1296 1828 1335 nomen
1852 1280 1958 1335 sibi
1975 1281 2172 1336 merito

579 1371 935 1445 lvindicabat,
961 1387 1070 1442 quo
1100 1373 1257 1427 illam.
1276 1373 1455 1443 elogio
1481 1370 1621 1427 idem
1654 1380 1848 1426 auctor
1868 1387 1978 1426 non
1999 1371 2169 1429 semel

600 1472 822 1518 mactat.
854 1462 910 1517 Id
952 1471 1081 1518 vero
1112 1479 1275 1533 quam
1305 1464 1578 1519 immerito
1607 1462 1956 1528 deEcclesia,
1990 1463 2168 1533 qualis

599 1564 714 1609 erat
740 1557 1110 1626 apostolorum
1141 1563 1297 1610 aetate
1328 1553 1709 1619 allirmaretur,
1743 1569 1903 1610 nemo
1941 1569 2052 1612 non
2083 1555 2170 1608 in-

597 1647 814 1719 telligit.
859 1646 937 1701 Ex
986 1648 1072 1702 his
1111 1648 1366 1703 omnibus
1407 1647 1696 1718 probatum
1740 1647 1978 1702 arbitror
2012 1648 2167 1701 lucu-

593 1737 900 1795 brationem
945 1740 1085 1795 hanc
1130 1741 1500 1810 apostolorum
1535 1747 1749 1795 aetatem
1799 1755 1899 1794 nec
1941 1754 2163 1809 sapere,

598 1838 699 1886 nec
730 1832 1002 1902 praeferre.

672 1891 746 1977 At.
772 1924 930 1992 cujus
961 1925 1176 1979 demum
1213 1924 1390 1979 aetatis
1416 1939 1552 1993 opus
1591 1919 1724 1978 illud
1751 1922 2163 1992 judicaremus?
2193 1891 2235 1947 Β

594 2014 699 2068 Alii
752 2015 908 2070 aliter
936 2017 1176 2085 sapiunt.
1227 2015 1339 2088 Ego
1368 2029 1499 2071 vero
1543 2029 1668 2069 cum
1718 2016 1772 2070 in
1816 2015 1913 2072 lib.
1950 2031 1988 2078 ι,
2035 2031 2158 2086 cap.

593 2105 687 2168 23,
718 2114 851 2169 etc.,
897 2107 1032 2163 adeo
1077 2109 1263 2163 multis
1313 2108 1750 2163 commendatam
1795 2108 2016 2177 legerim
2045 2110 2163 2179 epi-

595 2199 779 2269 scopis
818 2214 950 2270 erga
988 2200 1379 2270 resipiscentes
1424 2199 1609 2255 ﬁdeles
1655 2200 2066 2271 benignitatem,
2107 2208 2161 2256 et

592 2291 966 2357 clementiam;
996 2305 1122 2345 cum
1152 2306 1343 2347 omnes
1373 2292 1753 2362 cujuscunque
1797 2292 2016 2346 tandem
2051 2293 2159 2347 cri-

593 2381 759 2438 minis
789 2396 936 2448 reos,
968 2383 1275 2438 idololatria
1316 2384 1536 2454 quidem
1571 2388 1820 2456 excepta,
1871 2386 1934 2438 ad
1981 2385 2160 2454 paeni-

592 2473 822 2527 tentiam
855 2482 909 2528 et
953 2478 1176 2543 pacem,
1212 2474 1481 2544 siquidem
1511 2475 1734 2535 veniam
1775 2477 2156 2546 poposcerint,

592 2563 803 2618 admitti
831 2583 845 2619 ε
875 2565 1112 2634 scriptor
1138 2566 1231 2622 ille
1259 2566 1512 2634 mandet;
1544 2567 1599 2622 id
1638 2582 1740 2638 ego
1777 2567 1995 2637 quidem
2027 2584 2160 2624 con-

589 2656 673 2710 tra
719 2655 1075 2714 Montanistas
1116 2657 1321 2715 dictum
1356 2659 1630 2729 suspicor,
1665 2666 1897 2730 quorum
1936 2661 2157 2717 haeresis

590 2747 792 2802 saeculo
839 2748 1057 2805 labente
1103 2751 1348 2805 secundo
1391 2752 1636 2808 emersit.
1684 2751 1764 2806 Ex
1810 2767 1922 2822 quo
1962 2752 2157 2808 conﬁci

589 2854 750 2908 posse
804 2855 1005 2896 censeo
1045 2840 1477 2898 lucubrationem
1539 2843 1688 2910 hanc,
1745 2844 1944 2899 mulo
2000 2842 2158 2899 tertio

590 2931 818 2999 procudi
854 2932 1010 2987 facile
1037 2935 1303 3002 potuisse.
1350 2933 1456 2989 Sed
1491 2941 1546 2989 et
1591 2934 1768 2990 medio
1795 2934 2015 2991 cirCiter
2057 2951 2158 2991 sae-

588 3023 714 3077 culo
739 3023 836 3077 illo
865 3025 1039 3080 tertio
1066 3025 1284 3080 evoluto
1317 3024 1378 3079 S.
1423 3023 1718 3098 Dionysius
1753 3026 2156 3082 Alexandrinus

590 3127 621 3167 a
652 3111 892 3169 Basilide
917 3113 1178 3186 episcopo
1210 3117 1499 3172 consultus
1525 3127 1691 3187 quota
1721 3118 1899 3174 noctis
1931 3119 2061 3173 hora
2081 3120 2159 3189 je-

2280 636 2408 706 galli
2438 645 2660 690 cautum
2692 634 2826 690 illud
2860 649 3154 705 prorogare
3197 636 3600 701 consueverint,
3637 635 3730 689 alii
3765 637 3853 690 ci-

2275 732 2388 786 ti‘us
2416 729 2698 784 solverint.
2735 727 2792 782 ιιι
2821 725 3064 797 profecto
3094 726 3434 784 demonstrat
3464 726 3746 796 ignoratas
3778 728 3850 783 ab

2274 821 2369 880 illo
2401 822 2575 878 fuisse
2615 813 2944 891 apostolicas
2971 819 3420 882 constitutiones,
3467 833 3591 873 cum
3644 817 3699 871 in
3732 818 3849 874 illis

2270 914 2370 968 lib.
2405 929 2458 976 v,
2496 927 2617 982 cap.
2656 911 2743 974 18,
2779 910 2845 965 ad
2875 911 3212 981 gallicinium
3259 907 3664 981 prorogandum
3699 908 3848 965 Sab-

2272 1005 2385 1069 bati
2416 1005 2579 1075 hujus
2605 1004 2872 1074 jejunium
2905 1001 3170 1057 edicatur.
3198 1000 3333 1054 Cum
3365 1009 3568 1066 tamen,
3591 1008 3652 1054 ut
3675 1017 3847 1070 supra

2272 1098 2482 1161 monui,
2510 1086 2668 1152 aetate
2689 1097 2780 1151 illa
2809 1096 3003 1159 vixerit
3024 1101 3234 1157 auctor,
3263 1107 3368 1162 qua
3400 1092 3644 1153 Ecclesia
3662 1101 3842 1156 totum

2273 1189 2381 1246 late
2423 1205 2518 1260 per
2563 1189 2750 1244 orbem
2801 1187 3023 1242 tandem
3076 1185 3455 1255 promulgata,
3503 1192 3559 1239 et
3611 1184 3845 1240 dilatata

2269 1288 2421 1346 erat;
2468 1280 2633 1350 idque
2661 1279 2876 1338 domum
2924 1286 3081 1332 attate
3109 1275 3456 1332 Constantini
3498 1276 3840 1332 obtinuerit:

2270 1372 2393 1436 ideo
2421 1371 2768 1437 Constantini
2792 1377 2966 1425 atate
2997 1368 3362 1438 antiquiorem
3396 1383 3507 1421 non
3556 1369 3845 1424 existima-

2269 1463 2454 1519 verim.
2485 1462 2698 1518 Rursus
2719 1469 2902 1524 autem
2936 1461 3139 1519 seculo
3167 1465 3367 1530 quarto
3395 1462 3638 1524 ineunte,
3669 1475 3840 1525 anno,

2267 1563 2530 1624 quantum
2562 1554 2798 1610 arbitror
2825 1553 2955 1618 509,
2989 1553 3282 1607 concilium
3313 1551 3706 1606 Eliberitanum
3747 1567 3841 1607 ce-

2268 1646 2535 1700 lebratum
2563 1656 2666 1710 est,
2700 1646 2860 1715 cujus
2895 1647 3107 1717 primus
3134 1659 3322 1700 canon'
3339 1643 3554 1698 admitti
3582 1651 3729 1700 vetat
3769 1643 3841 1699 ad

2267 1727 2702 1794 communionem
2735 1740 2876 1804 illos,
2911 1739 3002 1809 qui
3035 1753 3064 1792 a
3095 1737 3200 1793 llde
3223 1738 3289 1793 ad
3314 1738 3681 1794 idololatriam
3705 1753 3841 1808 apo-

2269 1832 2611 1897 stataveriut,
2643 1840 3124 1902 quantumcunque
3152 1832 3220 1886 de
3253 1831 3484 1886 crimine
3507 1832 3632 1886 dein
3661 1833 3841 1901 poeni-

2263 1926 2488 1990 tuerint,
2522 1924 2683 1995 idque
2711 1924 2927 1978 demum
2950 1938 3257 1995 repugnare
3281 1922 3496 1987 videtur
3523 1924 3840 1992 apostolicae

2263 2017 2341 2071 illi
2369 2016 2769 2080 constitutioni,
2813 2016 2974 2084 cujus
3006 2031 3172 2085 supra
3201 2015 3408 2069 mentio
3441 2013 3585 2068 facta
3613 2022 3735 2083 est;
3767 2031 3840 2071 ex

2262 2126 2368 2179 qua
2398 2109 2711 2180 conjectura
2737 2107 3001 2163 docemur
3022 2107 3470 2163 constitutionem
3503 2107 3648 2161 illam
3691 2124 3840 2162 non~

2261 2202 2390 2256 dum
2415 2217 2559 2255 anno
2589 2202 2683 2254 illo
2721 2200 3052 2255 innotuisse.
3092 2197 3349 2253 Vicissim
3383 2214 3514 2253 vero
3544 2208 3740 2253 auctor
3769 2200 3840 2256 de

2260 2292 2400 2347 Filio
2429 2292 2521 2348 Dei
2567 2293 2642 2346 ita
2673 2292 2877 2362 passim
2921 2301 2976 2346 et
3004 2291 3318 2361 frequenter
3346 2291 3611 2361 loquitur,
3643 2307 3839 2360 quem-

2261 2385 2551 2442 admodum
2596 2385 2938 2440 Antenicaani-
2987 2382 3181 2437 Patres
3233 2382 3484 2440 scribere.
3528 2396 3837 2436 consueve—

2259 2487 2408 2542 rint,
2438 2484 2492 2531 et
2520 2482 2655 2532 vece
2683 2478 2982 2543 omousion,‘
3017 2489 3330 2544 quanquam
3360 2488 3506 2544 sepe
3536 2489 3626 2529 res
3653 2480 3712 2528 et
3740 2489 3838 2528 oc-

2259 2570 2410 2624 casio
2434 2569 2814 2648 postulaverit,
2845 2583 3125 2637 nunquam
3157 2568 3348 2629 utitur,
3372 2581 3482 2635 quo
3511 2574 3838 2636 argumento

2259 2661 2478 2730 probari
2499 2675 2659 2731 posse
2683 2660 2924 2715 arbitror
2949 2658 2990 2711 Ν
2999 2659 3148 2714 icasni
3169 2659 3393 2725 concilii,
3403 2657 3835 2713 celebrationem

2260 2767 2397 2822 Opus
2413 2753 2553 2807 idem
2571 2753 2938 2822 praecessisse.
2965 2751 3097 2817 Qum
3119 2752 3165 2806 si
3190 2750 3522 2819 conjectura:
3545 2750 3838 2805 admittan-

2258 2852 2369 2908 tur,
2390 2847 2531 2898 intra
2548 2846 2784 2914 spatium
2797 2875 2799 2877 ι
2814 2844 2969 2904 illud,
2984 2843 3127 2912 quod
3149 2857 3293 2904 anno
3308 2843 3412 2898 509
3431 2849 3485 2897 et
3496 2842 3601 2897 525
3613 2843 3848 2897 conclu--

2257 2935 2426 3002 ditur,
2439 2936 2782 3006 vulgatarum
2809 2935 3264 2989 constitutionum
3291 2933 3450 2989 sedes
3479 2933 3691 3005 ﬁgenda
3723 2945 3830 2991 est.

2328 3026 2616 3098 Utcunque
2661 3043 2750 3084 res
2801 3027 3001 3082 habeat
3063 3043 3205 3094 sese,
3260 3027 3396 3082 utile
3445 3035 3529 3082 est
3575 3042 3716 3097 opus
3761 3029 3830 3082 ad

2257 3120 2446 3182 multa,
2472 3127 2525 3173 et
2560 3121 3200 3191 dogmatumnostrorum
3235 3118 3492 3175 vetustati
3520 3119 3832 3175 astruendt

549 3251 554 3258 .
586 3204 802 3276 junium
837 3208 976 3262 solvi
1005 3208 1192 3264 liceret
1221 3207 1466 3265 Sabbato
1495 3211 1889 3280 antepaschali,
1921 3227 2153 3284 respon-
2180 3217 2230 3289 ο
2259 3211 2501 3282 apprime
2533 3212 2926 3276 necessarium.

1103 3487 1244 3674 DE
1351 3493 2432 3677 CONSTI’I‘UTIONIBUS
2543 3498 3273 3654 nonanus

2121 3733 2300 3775 ευιτιε

1453 3831 1553 3890 ΑΒ
1588 3829 2050 3890 HlPPOLYTO
2089 3830 2472 3893 EPISCOPO
2515 3832 2982 3905 PORTUENSI,

587 3949 712 4021 ([Ds
743 3949 1087 4021 lll.\cisrn|s,]
1117 3945 1253 4032 Acta
1283 3949 1589 4074 Martgrum.
1618 3951 1688 4004 ad
1746 3949 2182 4033 Osti'aTiberina.
2203 3950 2294 4003 sub
2337 3951 2564 4034 Claudio
2596 3951 2814 4036 Gpthico
2839 3953 2906 4024 (Η

1071 4032 1364 4074 sertatione
1465 4038 1491 4074 e
1533 4021 1650 4074 Vua
1679 4031 1729 4074 et
1758 4020 1982 4074 Scriptis
2023 4018 2081 4073 S.
2110 4020 2381 4074 lhpnoluu
2414 4039 2643 4074 enucom
2679 4023 2906 4074 Portuen

1465 4038 1491 4075 e
1533 4021 1650 4075 Vita
1679 4031 1729 4074 ct
1758 4020 1982 4092 Scriptis
2023 4018 2081 4073 S.
2110 4020 2382 4097 Hippolyti
2414 4024 2643 4093 episcopi
2679 4018 3010 4091 Parmensis,
3051 4042 3108 4096 p.
3147 4018 3298 4097 134'.)

1071 4024 1364 4076 sertatione

1087 4244 1314 4301 CAPUT
1349 4242 1643 4302 PRIMUM.

585 4381 795 4438 Titulus
813 4383 866 4437 in
894 4380 1391 4454 Constitutionibus
1423 4384 1739 4454 apostolicis
1766 4393 2044 4452 corruptus
2069 4400 2151 4438 re-

652 4454 911 4507 stituitur.
950 4452 1184 4508 Clemens
1230 4452 1495 4507 Romanus
1543 4465 1591 4508 et
1619 4454 1934 4523 Hippolytus
1979 4456 2032 4506 in
2068 4454 2148 4507 his

653 4523 959 4591 colligendis
999 4523 1308 4593 edendisque
1356 4525 1763 4581 adlaborarunt.
1813 4523 2020 4581 Paulus
2045 4524 2149 4580 Sa-

654 4604 955 4648 mosatenus
985 4592 1448 4648 Constitutionum
1475 4605 1768 4664 corruptor.

654 4706 698 4765 1.
735 4707 879 4762 lnter
901 4709 1195 4764 vetustiora
1219 4725 1386 4764 sacra:
1409 4711 1746 4780 antiquitatis
1772 4719 2144 4776 monumenta,

583 4816 743 4870 quem
774 4801 953 4854 locum
983 4800 1087 4854 sibi
1119 4800 1395 4856 vindicent
1423 4800 1834 4858 Constitutiones
1869 4801 2144 4871 apostolo-

583 4909 724 4956 rum,
781 4907 940 4946 nemo
990 4893 1225 4963 ignorat,
1279 4893 1527 4963 quamvis
1578 4901 1789 4956 auctor,
1846 4907 2145 4962 earumque

581 4984 758 5039 editor
803 4985 1112 5064 ignoretur;
1150 4985 1602 5054 quemadmodum
1638 4996 1691 5042 et
1719 4994 2006 5057 corruptor
2049 4986 2140 5056 qui

579 5090 677 5151 eas
710 5076 1054 5145 interpolavit
1099 5075 1362 5130 hactenus
1404 5075 1636 5132 delituit.
1687 5076 2060 5149 Nequo'enim
2091 5077 2139 5131 si

582 5180 780 5221 nomen
807 5164 1104 5224 Clementis
1136 5165 1363 5220 Romani
1400 5167 1782 5234 praeseferunt,
1831 5167 1933 5236 ipsi
1972 5165 2140 5220 tribui

585 5265 833 5331 possunt,
859 5258 953 5328 qui
987 5265 1114 5312 ante
1140 5258 1296 5322 vixit,
1327 5274 1488 5327 quam
1515 5259 1668 5327 plura
1699 5257 1754 5311 in
1787 5259 2139 5312 Constitutio-

591 5351 1004 5404 nibusenarrata
1023 5348 1199 5400 locum
1254 5347 1533 5400 haberent.
1591 5343 1662 5399 ln‘
1701 5344 1964 5400 editorem
2009 5361 2139 5400 vero

579 5436 892 5490 earumdem
949 5431 1458 5499 Constitutionum,
1490 5436 1582 5507 qui
1641 5437 1924 5491 tusazculo
1979 5437 2135 5501 vixit,

582 5528 895 5594 llujusmodi
919 5543 1150 5584 censura
1177 5545 1286 5584 non
1308 5529 1473 5594 cadit,
1505 5527 1722 5599 quando
1757 5528 1883 5582 huic
1911 5529 2136 5597 tempori

577 5620 759 5673 omnia
807 5621 917 5676 fere
966 5624 1326 5688 conveniunt,
1370 5635 1489 5692 quin
1535 5620 1620 5676 his
1663 5607 2136 5692 Oﬁnstitutionibus

577 5712 948 5767 continentur.
1022 5711 1178 5768 Hunc
1247 5715 1506 5768 editorem
1571 5713 1744 5767 fuisse
1795 5711 2136 5783 Hippolytum

579 5802 755 5878 palam
805 5802 1086 5867 faciemus,
1136 5805 1228 5875 qui
1276 5821 1386 5860 non
1437 5806 1606 5860 levem
1658 5805 1728 5859 ob
1767 5819 2009 5871 causam,
2044 5804 2139 5860 sed

579 5892 978 5961 gravissimam,
1017 5894 1264 5950 Ecclesia:
1301 5896 1575 5952 Cauonum
1617 5897 1842 5953 editioni
1895 5895 2137 5952 omnium

2911 3965 3069 4019 omne,
3111 3956 3271 4022 1795,
3314 3957 3367 4010 in
3399 3954 3573 4026 folio),
3610 3955 3663 4010 in
3698 3957 3824 4014 Dis-

2177 4247 2221 4301 D
2248 4246 2457 4316 primus
2508 4261 2727 4302 manum
2781 4247 3045 4316 admovit,
3086 4249 3406 4320 ueterisque
3439 4250 3583 4305 viam
3625 4256 3824 4310 stravit

2253 4337 2321 4391 ad
2349 4338 2609 4395 eximium
2651 4354 2788 4410 opus
2827 4339 2994 4395 novis
3027 4341 3435 4397 accessionibus
3475 4343 3820 4415 locupletan-

2251 4427 2406 4497 dum;
2436 4447 2542 4501 quo
2584 4433 2638 4486 in
2679 4447 2864 4502 opere,
2907 4433 3107 4503 quibus
3162 4433 3427 4490 institutis
3467 4451 3532 4489 ac
3571 4440 3822 4492 moribus

2248 4523 2318 4574 ab
2359 4521 2515 4575 initio
2559 4521 2821 4582 Ecclesia,
2861 4538 2960 4579 usa
3016 4523 3199 4589 fuerit,
3255 4533 3563 4594 appareret.
3624 4527 3822 4583 Adhuc

2241 4611 2438 4665 titulus
2460 4611 2772 4667 earumdem
2788 4611 3231 4670 Constitutionum
3261 4617 3342 4671 sui
3367 4617 3592 4671 editoris
3617 4633 3817 4674 nomen

2247 4699 2449 4768 prodit,
2489 4707 2572 4754 est
2616 4701 2760 4769 enim
2802 4701 3110 4771 hujusmodi
3150 4721 3162 4755 :
3206 4705 3465 4773 Διαταγᾳὶ
3508 4707 3614 4761 τῶν
3647 4710 3819 4776 ἁγίων

2248 4787 2559 4840 ἀποστόλων
2586 4789 2672 4842 διὰ
2703 4790 3015 4861 Κλήμεντος
3059 4793 3151 4846 τοῦ
3195 4795 3477 4864 Ῥωμαίων
3515 4791 3815 4851 ἐπισκόπου

2244 4896 2303 4932 τε
2332 4879 2426 4933 καὶ
2456 4879 2690 4943 πολίτου,
2714 4881 2745 4952 ἢ
2766 4882 3021 4954 καθολικὴ
3041 4884 3353 4939 διδασκαλία
3371 4902 3381 4936 :
3401 4886 3814 4943 Constitutiones

2245 4980 2548 5024 sanctorum
2605 4974 2961 5040 apostolorum
3016 4990 3105 5042 per
3141 4975 3455 5030 Clementem
3511 4978 3816 5049 episcopum

2245 5071 2296 5117 et
2332 5063 2490 5118 civem
2526 5063 2839 5128 Romanum,
2873 5083 2961 5120 seu
2992 5064 3267 5121 Catholica
3303 5069 3576 5123 Doctrina.
3625 5070 3811 5124 Mirari

2244 5156 2375 5225 quis
2401 5157 2572 5226 possit
2601 5157 2748 5215 viros
2787 5159 3155 5223 acutissimos,
3197 5161 3431 5214 maxime
3456 5161 3812 5224 Cotelerium,

2245 5245 2615 5317 Beveregium,
2648 5243 2931 5313 Grabium.
2967 5247 3261 5311 Clericum,
3302 5249 3398 5318 qui
3443 5251 3814 5322 minutissima

2242 5354 2468 5409 quaeque
2496 5341 2724 5393 scrutati
2754 5347 2903 5404 sunt,
2935 5331 3043 5394 non
3072 5341 3528 5398 animadvertisse
3559 5342 3813 5399 Clemen-

2242 5439 2348 5487 tem
2381 5433 2486 5487 dici
2517 5448 2626 5487 non
2656 5432 2818 5487 modo
2845 5435 3183 5503 episcopum,
3216 5434 3312 5488 sed
3350 5441 3412 5500 et,
3431 5437 3589 5489 civem
3613 5433 3814 5490 Roma-

2226 5540 2366 5576 mum
2407 5540 2425 5576 :
2459 5525 2621 5594 idque
2666 5525 2972 5594 importune
3020 5524 3310 5579 admodum
3358 5534 3554 5595 praeter
3603 5541 3811 5582 morem

2239 5616 2407 5670 totius
2459 5617 2820 5685 antiquitatis.
2888 5619 2965 5671 Ac
3012 5617 3198 5687 plures
3246 5618 3468 5689 quidem
3511 5619 3810 5674 Clementis

2238 5706 2466 5770 Romani
2498 5725 2620 5762 cum
2648 5710 2806 5766 laude
2836 5711 3220 5775 meminerunt,
3256 5727 3414 5765 nemo
3447 5727 3587 5765 unus
3626 5718 3811 5766 tamen

2239 5804 2399 5855 civem
2443 5800 2748 5857 Romanum
2801 5805 3056 5874 appellat.
3108 5803 3386 5858 Accedunt
3447 5805 3652 5873 scripta
3686 5802 3809 5858 Cle-

2239 5900 2458 5978 mentis,
2503 5899 2700 5969 partim
2737 5915 2884 5964 vera,
2917 5900 3112 5971 partim
3156 5899 3294 5957 falso
3332 5899 3432 5972 ipsi
3484 5899 3709 5969 tributa,
3752 5899 3809 5957 in
