4096 6318
244 443 345 501 525

1071 444 1668 504 CONSTITUTIONES
1700 447 2176 507 APOSTOLICIE.
2210 483 2277 492 -—
2304 451 2669 509 ΡΒΟἜΜΙΑ.

3379 458 3486 513 526

241 560 441 631 quibus
471 559 787 629 hujusmodi
814 560 1108 630 appellatio
1140 578 1411 631 nusquam
1438 564 1684 618 occurrit
1714 565 1821 617 nisi
1850 570 1895 624 Α
1924 567 2096 619 ctrina
2151 582 2242 636 per
2274 566 2647 638 Hippolytum,
2702 567 2759 621 in
2807 581 2915 637 qua
2965 567 3269 637 colligenda
3323 578 3489 639 atque

242 652 299 707 in
320 652 571 707 Hostilii:
590 659 643 707 et
667 651 1161 717 Constitutionibus,
1190 654 1352 723 idque
1376 664 1483 708 tam
1514 656 1661 708 nulla
1688 654 1811 719 lide,

241 736 300 798 ut
331 744 629 801 etiamnum
655 745 723 799 de
750 744 1041 802 Clementis
1073 747 1250 815 patria
1275 746 1555 814 disputent
1591 746 1811 802 eruditi.

241 833 708 893 Constitutionum
735 835 917 905 itaque
957 836 1147 891 titulus
1172 839 1273 891 hoc
1304 839 1467 892 modo
1498 854 1557 893 se
1587 837 1811 892 habuit:

241 915 503 993 Διατσῖγαὶ
547 926 651 980 τῶν
695 926 861 995 ἁγίων
905 927 1214 981 ἀποστόλων
1255 929 1339 982 διὰ
1368 930 1680 1001 Κλήμεντος
1721 928 1814 982 τοῦ

252 1018 538 1089 Ῥωμαίων
583 1018 901 1082 ἐπισκόπου,
951 1019 1045 1072 καὶ
1104 1020 1435 1085 Ἱππολύτου,
1481 1023 1514 1091 ἡ
1560 1018 1814 1091 καθολικὴ

238 1107 591 1166 διδασκαλίαι
630 1109 1041 1167 Canstitutiones
1096 1122 1398 1166 sanctorum
1456 1113 1813 1182 apostolorum

240 1213 331 1265 per
362 1198 680 1265 Clementem
702 1197 1062 1255 Romanorum
1105 1202 1425 1269 episcopum,
1462 1210 1511 1254 et
1537 1200 1814 1269 Hippolyti

242 1286 519 1343 Catholica
558 1288 821 1345 doctrina.
852 1290 1024 1356 Quam
1071 1288 1230 1346 facile
1267 1305 1469 1346 nomen
1504 1292 1812 1345 Ἱππολύτου

241 1378 296 1433 in
325 1379 477 1433 aliud
510 1379 599 1433 τοῦ
629 1379 863 1444 πολίτου,
904 1379 1175 1450 Hippolyti
1202 1380 1257 1435 in
1297 1380 1423 1434 civis
1469 1381 1813 1435 immutatum

217 1470 333 1534 sit,
366 1471 601 1541 quisque
636 1470 803 1533 videt,
840 1486 1057 1541 unaque
1101 1480 1326 1542 apparet
1355 1473 1547 1542 quanti
1591 1473 1662 1527 sit
1700 1473 1814 1527 haec

238 1560 570 1616 emendatio.
631 1558 1019 1631 Numidiserte
1071 1562 1203 1631 quid
1255 1561 1556 1627 Clementi,
1614 1562 1813 1633 quidve

238 1652 538 1724 Hippolyto
592 1652 942 1708 tribuendum
1000 1654 1057 1706 in
1112 1652 1634 1715 Constitutionibus,
1695 1652 1814 1721 ipso

237 1746 401 1800 titulo
447 1744 829 1814 distinguitur;
869 1754 924 1800 et
962 1744 1227 1800 Clementi
1276 1745 1496 1816 quidem
1541 1743 1813 1800 Constitu-

238 1834 408 1887 tiones
435 1832 795 1900 apostolorum
816 1872 831 1897 ,
860 1832 974 1888 sive
996 1849 1181 1887 earum
1207 1834 1461 1897 collectio
1488 1834 1806 1889 ascribitur:

237 1921 533 1995 Hippolyto
571 1932 751 1979 autem
787 1921 1067 1977 Catholica
1100 1921 1377 1985 Doctrina,
1414 1923 1683 1978 haereticis
1712 1938 1810 1993 op-

238 2014 443 2085 posita.
499 2012 665 2069 Recte
712 2021 892 2067 autem
939 2011 1211 2068 Baronius
1257 2013 1457 2083 aliique
1504 2012 1837 2077 doctissimi,

236 2107 343 2161 viri
419 2111 748 2161 censuerunt
805 2120 915 2159 uno
966 2104 1267 2175 eodemque
1320 2118 1485 2174 opere
1538 2104 1806 2158 contineri

234 2198 603 2268 apostolorum
645 2195 1080 2261 Constitutiones,
1118 2204 1173 2252 et
1204 2195 1511 2259 Doctrinas,
1551 2194 1811 2263 διαταγὰς

238 2291 333 2345 καὶ
360 2288 719 2353 διδασκαλίας,
753 2288 897 2360 quod
925 2303 1061 2360 opus
1105 2288 1283 2343 critici
1318 2287 1522 2358 alioqui
1565 2287 1811 2343 solertis-

236 2379 364 2436 simi
410 2381 465 2434 in
496 2378 605 2433 duo
632 2379 976 2435 dissecarunt
999 2377 1132 2449 (34).
1180 2377 1366 2447 Neque
1389 2378 1537 2433 enim
1568 2378 1637 2431 ab
1675 2378 1813 2447 ipsis

238 2470 678 2527 animadversum
704 2478 808 2535 est,
840 2485 905 2525 ex
937 2470 1088 2525 hisce
1115 2468 1590 2524 Constitutionibus
1620 2484 1811 2524 excer-

239 2570 331 2633 pta
378 2561 627 2632 quaedam
681 2569 895 2617 exstare
941 2561 1191 2617 breviora
1238 2562 1323 2616 vel
1362 2561 1688 2630 prolixiora,
1750 2570 1811 2614 ut

237 2650 439 2720 cuique
484 2647 829 2703 commodum
862 2648 997 2715 fuit;
1035 2662 1095 2703 ea
1136 2664 1265 2703 vero
1298 2656 1554 2719 excerpta
1598 2648 1811 2703 criticis

239 2742 641 2815 imposuerunt,
666 2741 824 2809 quasi
863 2740 930 2795 ad
962 2756 1099 2811 opus
1137 2740 1284 2795 aliud
1311 2742 1668 2811 pertinerent.

305 2828 381 2889 'll.
422 2834 530 2890 Cur
558 2850 741 2889 nomen
772 2830 1047 2905 Hippolyti
1074 2843 1336 2887 servatum
1358 2835 1427 2888 sit
1458 2834 1511 2887 in
1544 2848 1640 2887 vm
1672 2832 1812 2889 Con-

242 2924 354 2982 stit.
382 2921 815 2979 libro.—Mansit
842 2938 973 2978 vero
1006 2922 1382 2992 incorruptum
1413 2921 1689 2993 Hippolyti
1715 2937 1811 2977 no-

243 3029 372 3068 men
421 3020 614 3068 oetavo
652 3012 794 3068 libro
838 3013 1151 3069 earumdem
1183 3012 1651 3077 Constitutionum,
1697 3016 1815 3070 sive

241 3104 371 3173 quia
402 3101 448 3157 is
466 3101 602 3157 liber
632 3102 926 3171 aliquando
957 3103 1165 3173 primus
1195 3102 1297 3156 fuit
1315 3120 1341 3169 ;.
1357 3104 1469 3158 sive
1490 3096 1631 3174 quia'
1648 3118 1680 3158 a
1708 3119 1815 3159 cae-

1918 658 2221 713 ordinanda
2251 660 2435 716 nescio
2492 674 2559 713 an
2601 662 2723 730 plus
2761 674 2940 731 opera:
2982 670 3173 717 auctor
3218 662 3484 731 posuerit,

1918 762 2080 818 quam
2124 749 2180 802 in
2221 750 2433 804 caneris
2472 751 2756 820 operibus,
2794 766 2915 823 quae
2946 752 3085 807 bene
3120 752 3288 805 multa
3320 760 3374 806 et
3404 752 3488 805 la-

1916 839 2137 897 boriosa
2166 854 2269 894 con
2279 840 2423 896 fecit.

1988 929 2076 987 lli.
2121 930 2186 1009 In
2229 931 2441 987 Oriente
2490 933 2597 1002 fere
2642 933 2832 1005 ubique
2881 937 3170 1003 permansit
3214 933 3488 1004 Hippolyti

1916 1021 2563 1087 nomen.—Quamobrem
2620 1026 2677 1080 in
2714 1024 2935 1080 Oriente
2988 1026 3077 1080 ubi
3133 1026 3311 1080 locum
3376 1040 3486 1079 non

1917 1110 2106 1166 habuit
2152 1111 2245 1166 illa
2275 1112 2590 1182 depravatio
2644 1114 2885 1171 nominis
2918 1114 3217 1187 Hippolyti,
3258 1122 3483 1169 contra-

1917 1203 2057 1257 rium
2093 1204 2356 1273 contigit;
2388 1207 2589 1260 extrito
2629 1205 2885 1261 nimirum
2914 1205 3209 1261 Clementis
3239 1204 3483 1269 nomine.

1914 1293 2047 1349 illud
2084 1294 2358 1367 Hippolyti
2397 1296 2540 1365 apud
2570 1294 2876 1352 Orientales
2924 1295 3037 1351 fere
3068 1296 3390 1366 permansit,
3428 1294 3485 1349 in
3532 1361 3539 1367 ,

1914 1401 2073 1456 quem
2099 1387 2264 1442 veluti
2309 1387 2564 1442 Ecclesia:
2610 1387 2789 1457 legum
2844 1387 3184 1443 conditorem
3244 1385 3487 1442 universi

1913 1477 2237 1547 respiciunt.
2284 1476 2532 1548 Namque
2570 1478 2623 1532 in
2656 1476 2920 1550 Syrorum
2950 1470 3346 1534 vetustissimis
3390 1492 3487 1533 co-

1913 1570 2126 1626 dicibus
2154 1576 2279 1624 ante
2309 1570 2565 1625 saeculum
2598 1584 2697 1623 vm
2726 1570 2964 1623 exaratis
2990 1575 3289 1623 occurrunt
3534 1557 3537 1560 ⁴

2009 1691 2531 1822 “ageses!
2584 1732 2731 1810 ea»:
2768 1684 3105 1801 λιι-8ου
3143 1687 3491 1822 μορε-ὲ

1914 1824 2326 1880 Constitutiones
2379 1826 2749 1891 apostolorum
2798 1840 2888 1893 per
2950 1823 3296 1893 Hippolytum
3323 1823 3485 1894 _.(58).

1842 1898 1883 1954 Β
1912 1915 2089 1985 Atque
2138 1915 2193 1969 in
2228 1916 2403 1970 sacris
2433 1915 2673 1968 Arabum
2705 1914 3093 1977 voluminibus,
3126 1916 3211 1969 vel
3238 1913 3485 1983 Coptita-

1912 2019 2030 2060 rum
2069 2006 2252 2074 potius
2291 2005 2549 2059 Ecclesia:
2599 2003 2999 2067 Alexandrinae,
3051 2018 3247 2058 eorum
3298 2004 3489 2075 lingua

1909 2098 2177 2152 utentium
3379 2116 3385 2122 '

1912 2403 2015 2461 Isti
2055 2413 2177 2459 sunt
2229 2421 2459 2460 canones
2499 2404 2767 2461 Ecclesice.
2812 2406 3065 2459 mandata
3110 2420 3227 2474 qua:
3279 2402 3489 2469 scripsit

1913 2494 2232 2567 Hippolytus
2260 2534 2275 2559 ,
2333 2512 2423 2565 per
2462 2512 2610 2567 quem
2668 2498 2899 2568 loquitur
2952 2493 3296 2568 [Ecclesia]
3351 2494 3487 2565 (39).

1914 2586 2203 2658 AStbiopes
2244 2595 2424 2644 autem
2472 2604 2500 2642 a
2534 2582 2732 2659 priscis
2780 2590 3113 2659 temporibus
3154 2596 3277 2659 post
3315 2587 3492 2643 Cano-

1912 2696 2000 2735 ηεε
2047 2680 2403 2749 αροειοιονιιηι
2438 2698 2563 2750 quos
2609 2696 2788 2735 CXXVII
2819 2690 3115 2747 numerant,
3146 2688 3407 2733 recensent

1912 2769 2251 2854 aciem
2305 2760 2733 2864 nanum
2790 2813 2812 2854 ε
2866 2770 3084 2864 Mn
3144 2758 3403 2854 22hr
3463 2808 3488 2850 ε

1914 2891 2173 2981 ΗΕθΒε
2202 2896 2367 2968 ωἰιῖ

1914 3038 2051 3109 (40).
2078 3036 2316 3093 Canones
2344 3032 2615 3107 Hippolyti
2636 3038 2865 3092 doctoris
2886 3053 3036 3106 papa:
3059 3035 3236 3091 Romae
3260 3050 3489 3092 xxxvm.

1914 3128 2172 3196 Quinimo
2224 3128 2500 3200 Hippolyti
2532 3144 2727 3184 nomen
2758 3129 2898 3199 apud
2926 3127 3214 3198 Ethiopes
3246 3127 3381 3183 adeo
3405 3128 3492 3181 in-

239 3193 379 3291 ‘f'is
412 3193 633 3291 “"15?”
651 3191 917 3291 ΗίΡΡῩΙΥξί
943 3194 1537 3291 '{OH‘CMWWPWOEO
1565 3195 1810 3291 ῗθίίηυίί·
1840 3226 1882 3285 C
1915 3191 2106 3286 valuit.
2140 3229 2201 3276 ut
2222 3191 2497 3291 prb-voice
2521 3191 3079 3291 Canonis'acceptum
3119 3191 3205 3274 sit
3253 3237 3267 3273 :
3312 3234 3493 3289 neque

243 3281 339 3338 Est
368 3291 547 3337 autem
573 3283 1054 3353 inscriptiohujus
1083 3285 1260 3339 octavi
1287 3285 1600 3357 libri:ﬂepi
1634 3303 1813 3358 χειρο-

237 3375 430 3431 τονιῶν
451 3374 536 3428 διὰ
561 3374 871 3429 Ἱππολύτου
889 3394 902 3431 :
920 3376 997 3430 De
1022 3376 1439 3431 ordinationibus
1459 3392 1551 3446 per
1570 3377 1821 3449 Hippoly-

238 3478 355 3521 tum
373 3467 645 3535 (35),raut
691 3467 855 3521 etiam
910 3467 1223 3522 Ἱππολύτου
1266 3469 1485 3532 κανόνες
1527 3468 1819 3541 ἐκκλησια-

244 3558 416 3611 στικοὶ
448 3558 573 3628 περ).
600 3558 890 3628 ἁπαρχῶνε
929 3558 1197 3629 Hippolyti
1226 3574 1448 3613 canones
1476 3560 1818 3631 ecclesiastici

237 3650 305 3704 de
344 3651 591 3718 primitiis
629 3650 763 3722 (36),
796 3660 957 3721 prout
1006 3651 1260 3705 nimirum
1305 3652 1411 3707 sibi
1453 3652 1689 3721 quisque
1716 3653 1815 3707 de-

240 3745 543 3813 scripserat
567 3743 649 3797 vel
674 3750 838 3813 caput
858 3750 1110 3816 quartum
1147 3743 1292 3813 quod
1322 3751 1405 3799 est
1433 3742 1496 3795 de
1520 3742 1817 3797 ordinatio-

244 3832 419 3896 nibus,
449 3833 533 3886 vel
565 3832 900 3887 tricesimum
942 3833 1005 3886 de
1026 3833 1275 3900 primitiis
1316 3849 1382 3887 ex
1411 3834 1564 3888 hisce
1601 3830 1813 3887 Consti-

246 3922 553 3976 tutionibus.
586 3920 637 3975 ls
664 3928 812 3976 certe
842 3922 981 3992 liber
1010 3937 1109 3976 vui
1142 3923 1196 3976 in
1222 3923 1404 3977 varias
1435 3922 1664 3987 lacinias
1693 3921 1812 3975 dis-

240 4021 465 4083 cerptus
511 4021 614 4076 est,
652 4012 883 4081 indeque
925 4012 1017 4065 alii
1050 4013 1286 4068 confecti
1328 4012 1517 4076 libelli,
1549 4012 1815 4082 quemad-

241 4107 464 4159 modum
508 4106 714 4176 Πέτρου
758 4106 851 4158 καὶ
880 4105 1090 4160 Παύλου
1134 4106 1242 4174 τῶν
1271 4107 1439 4174 ἁγίων
1478 4106 1814 4159 Ἀποστόλων

239 4194 531 4260 διατάξεις,
562 4197 643 4250 vel
679 4197 899 4258 κανόνες
937 4196 1216 4267 διάφοροιε
1255 4196 1398 4249 Petri
1427 4207 1474 4249 et
1518 4197 1676 4251 Pauli
1708 4196 1810 4251 SS.

240 4282 602 4350 apostolorum
638 4284 1033 4338 constitutiones
1074 4285 1156 4338 vel
1198 4302 1420 4338 canones
1455 4286 1645 4339 diversi
1676 4286 1809 4357 (37).

238 4371 428 4442 Neque
470 4381 673 4429 temere
714 4381 908 4429 octavo
948 4375 1077 4429 huic
1114 4375 1254 4430 libro
1296 4375 1567 4447 Hippolyti
1615 4392 1810 4431 nomen

239 4466 499 4535 praemitti
541 4470 844 4529 consuevit,
879 4467 1097 4537 quando
1129 4468 1343 4521 initium
1373 4470 1540 4522 sumit
1567 4483 1631 4522 ex
1675 4484 1812 4537 opu-

1919 3313 2066 3369 enim
2112 3312 2333 3368 aliunde
2377 3321 2621 3382 repetere
2667 3313 2795 3367 licet
2828 3312 3099 3368 dictiones
3125 3311 3351 3374 Abtelis,
3379 3310 3493 3367 Ab-

1918 3398 2088 3471 seltis',
2131 3412 2185 3461 et
2210 3403 2443 3458 Betelsat
2500 3404 2699 3474 quibus
2758 3394 3055 3459 secundam
3113 3403 3492 3457 collectionem

1917 3497 2209 3568 appellant,
2231 3510 2395 3565 quam
2414 3496 2481 3550 ab
2512 3496 2629 3565 ipso
2659 3495 2935 3559 Abulides,
2970 3495 3192 3550 nomine
3222 3510 3335 3564 quo.
3359 3492 3494 3565 Hip-

1918 3589 2161 3659 polytum
2205 3586 2417 3650 dicunt,
2466 3587 2614 3641 varie
2665 3586 2863 3641 inﬂexo
2916 3593 2970 3641 et
3007 3595 3287 3656 corrupto.
3347 3574 3491 3638 Cuin

1916 3682 2063 3736 enim
2091 3682 2146 3734 in
2174 3694 2273 3733 sua
2304 3679 2487 3749 lingua
2520 3694 2629 3732 non
2655 3678 2892 3733 habeant
2924 3678 3139 3731 illarum
3164 3676 3488 3751 dictionum,

1916 3773 2115 3843 quibus
2167 3786 2266 3841 pro
2314 3771 2489 3825 titulis
2535 3778 2787 3836 utuntur,
2843 3769 3139 3840 originem;
3192 3770 3347 3822 aiunt
3390 3768 3489 3823 bos

1914 3865 2103 3919 titulos
2127 3862 2328 3916 Abtelis
2366 3877 2462 3915 seu
2486 3860 2717 3914 Betelsat
2746 3856 3046 3913 etAbseltis
3092 3858 3273 3929 lingua
3305 3857 3490 3913 Grazca

1915 3956 2223 4026 signiﬁcare
2251 3952 2516 4008 Canonem
2547 3951 2681 4023 (41),
2707 3952 2852 4020 quod
2881 3949 3078 4005 falsum
3108 3964 3234 4006 esse
3262 3966 3325 4004 ac
3354 3951 3490 4005 alie-

1916 4066 2045 4104 num
2076 4046 2237 4102 nemo
2267 4062 2373 4100 non
2405 4044 2570 4111 videt.
2603 4044 2919 4112 Ludolplius
2953 4044 3266 4113 huiusmodi
3297 4060 3491 4099 corru-

1916 4126 2133 4209 piiones
2179 4135 2345 4190 tribui
2413 4134 2621 4187 mavult
2682 4133 2957 4203 Coptitis;
3022 4133 3132 4187 imo
3181 4148 3310 4187 vero
3362 4150 3489 4187 cum

1912 4244 2129 4283 omnem
2184 4227 2488 4281 doctrinam
2541 4225 2609 4279 ab
2662 4226 2796 4294 ipsis
2847 4225 3157 4295 acceperint
3182 4224 3486 4296 Aﬂtbiopes.

1915 4335 2140 4375 necesse
2170 4334 2280 4373 non
2303 4325 2385 4373 est
2418 4317 2613 4371 menda
2639 4317 2803 4371 etiam
2841 4308 3139 4386 accepisse.
3177 4333 3243 4371 ac
3275 4318 3487 4373 facilius

1916 4415 1983 4467 ab
2015 4411 2239 4475 ultimis,
2278 4411 2382 4466 nisi
2414 4411 2482 4466 ab
2510 4411 2775 4479 utrisque,
2800 4410 2851 4463 id
2884 4426 3079 4465 nomen
3103 4411 3350 4465 vitiatum
3380 4422 3484 4467 est.

1917 4507 2041 4561 Haec
2071 4516 2251 4563 autem
2304 4506 2377 4560 ita
2429 4521 2487 4562 se
2526 4504 2729 4560 habere
2786 4505 2985 4560 titulus
3032 4506 3148 4573 ipse
3199 4508 3486 4561 conﬁrmat

239 4558 397 4611 sculo
450 4557 583 4628 Περὶ
627 4558 999 4630 χαρισμάτων,
1051 4558 1128 4613 De
1183 4558 1624 4623 charismatibus,
1665 4560 1811 4641 quod

1920 4600 2083 4659 huius
2114 4598 2339 4652 alterius
2371 4597 2722 4651 Collectionis

242 4650 548 4705 certissime
590 4648 881 4721 Hippolyto
921 4651 1164 4706 vindieat
1214 4651 1500 4722 inscriptio
1543 4652 1814 4707 cathedras

242 4756 593 4804 marmoreae,
649 4742 703 4795 in
750 4758 855 4811 qua
908 4743 1104 4812 legitur
1157 4744 1315 4796 ΠΕΡΙ
1368 4744 1814 4797 XAPlCMATQN

241 4849 307 4886 ac
352 4832 546 4888 deinde
605 4835 854 4904 sequitur
909 4834 1355 4889 AIIOCTOAIKH
1412 4835 1809 4890 HAPAAOCIC.

242 4925 397 4991 Quod
430 4940 560 4980 sane
604 4931 924 4995 argumento
964 4932 1067 4989 est,
1097 4934 1349 4980 octavum
1394 4927 1592 4981 librum
1645 4927 1813 4983 fuisse

241 5018 459 5071 initium
491 5018 806 5085 Apostolicaz
851 5015 1155 5071 traditionis
1187 5026 1350 5087 atque
1379 5017 1515 5073 adeo
1542 5018 1807 5073 Constitu-

245 5107 467 5171 tionum,
516 5122 653 5175 quas
690 5105 941 5161 Clemens
981 5108 1294 5176 collegerat,
1330 5106 1653 5178 Hippolytus
1684 5124 1811 5162 vero

242 5196 296 5250 in
325 5198 516 5265 vulgus
538 5196 742 5251 emisit.
774 5196 908 5251 Aliis
931 5203 1111 5250 autem
1137 5196 1294 5250 libris
1324 5213 1395 5251 vn
1431 5198 1811 5252 continebatur

242 5284 573 5358 ήΚαΘολικὴ
585 5272 895 5341 διδασκαλία
922 5287 985 5340 δι’
1028 5287 1339 5341 Ἱππολύτου
1363 5305 1375 5340 :
1403 5287 1678 5345 Catholica
1704 5288 1811 5342 Do-

314 5524 426 5593 (34)
455 5521 639 5579 Usser.
662 5522 867 5594 Proleg.
894 5525 947 5577 in
969 5522 1063 5593 Ep.
1087 5523 1289 5595 lgnat.,
1311 5541 1429 5597 cap.
1454 5528 1503 5594 7;
1520 5526 1804 5595 Pearson.,

253 5593 408 5648 Vind.
466 5592 641 5648 lauat.
681 5593 720 5648 Ι.
752 5595 805 5648 4.

314 5664 428 5732 (35)
468 5662 632 5717 Grab.
670 5680 733 5717 ex
763 5664 884 5718 cod.
923 5662 1142 5718 Barocc.
1186 5678 1354 5719 xxvni
1402 5675 1457 5718 et
1495 5664 1730 5725 Vindob.

315 5734 427 5809 (36)
468 5732 693 5809 Libym
710 5735 769 5809 in
784 5732 978 5788 Collat.
1003 5733 1251 5803 Synodic.
1278 5737 1515 5807 Bevereg.
1539 5738 1799 5809 ap.Wolf.

242 5806 439 5859 Anecd.
473 5803 563 5868 IV,
595 5804 793 5868 p.116.

320 5877 429 5941 t3?)
470 5873 531 5928 V.
562 5872 753 5939 Grab.,
786 5872 967 5943 Spicil.
1004 5873 1045 5940 Ι,
1074 5891 1123 5945 p.
1153 5875 1241 5931 85.

1922 4693 2194 4772 ἿἏἮΓ
2261 4731 2279 4772 ς
2362 4679 2778 4774 ωιωεθῆ*
2850 4728 2871 4772 ς
2952 4688 3387 4772 λνηήΔφὴ
3464 4731 3484 4771 :

1922 4809 2116 4891 (Ρίῗιὶ
2173 4850 2195 4891 ι
2244 4807 2625 4891 ΗὶισΙΗᾶύ
2676 4848 2717 4893 εν
3498 4838 3501 4841 ’

1918 4930 2327 4997 Reprcesentatio
2356 4939 2403 4983 et
2430 4928 2698 4982 ordinatio
2716 4916 2948 4993 Absaltis
2981 4927 3256 4983 Canonum
3274 4928 3487 4983 Domini

1916 5022 2104 5077 nostri.
2138 5020 2240 5076 Ubi
2286 5030 2510 5091 apparet
2552 5036 2653 5075 suo
2675 5020 2951 5082 Canones,
2986 5036 3049 5074 ac
3088 5036 3189 5075 suo
3218 5021 3487 5075 Collecto-

1914 5125 2028 5165 rem
2061 5112 2318 5181 appellari
2346 5111 2568 5181 pmprio
2606 5110 2847 5170 nomine.
2883 5110 3027 5179 quod
3070 5109 3218 5164 aliud
3263 5126 3371 5164 non
3400 5120 3485 5165 est

1914 5201 1983 5255 ab
2014 5201 2107 5255 illo
2136 5200 2431 5272 Hippolyti.
2465 5199 2600 5254 Cum
2626 5215 2753 5254 vero
2785 5202 3020 5269 plurium
3058 5215 3287 5255 numero
3318 5202 3482 5254 etiam

1914 5302 2135 5348 utantur
2164 5294 2231 5348 ad
2262 5310 2380 5349 eam
2412 5294 2787 5347 collectionem
2820 5292 3258 5361 signiﬁcandam,
3292 5308 3487 5362 nempe

1984 5534 2096 5605 (38)
2137 5534 2271 5605 Mss.
2311 5536 2433 5589 cod.
2464 5534 2615 5597 Vat.,
2650 5552 2706 5590 n.
2744 5534 2867 5589 107.

1984 5602 2096 5673 (39)
2139 5604 2217 5668 Ex
2248 5605 2368 5675 cod.
2402 5621 2534 5660 mss.
2566 5605 2786 5659 Macarii
2818 5604 3001 5675 presb.
3032 5602 3159 5675 Yid.
3192 5604 3479 5661 Asseman.

1907 5676 1973 5729 B.
2000 5675 2063 5729 0.
2086 5682 2219 5729 tom.
2248 5673 2286 5733 l,
2319 5692 2371 5744 p.
2398 5675 2501 5729 6l9
2532 5684 2585 5731 et
2607 5675 2697 5738 lll,
2731 5692 2783 5745 p.
2821 5673 2865 5737 ἰ,
2898 5674 3064 5744 p.15.

1979 5746 2070 5813 (40
2128 5746 2229 5814 Ap.
2270 5745 2532 5814 Ludolpb.
2576 5746 2719 5799 Hist.
2743 5743 3006 5815 Ethiop.,
3028 5743 3089 5807 ll,
3117 5761 3172 5816 ι).
3198 5743 3320 5800 304.

1977 5745 2090 5886 (ill
2130 5813 2421 5885 Ludolph.,
2456 5815 2496 5871 l.
2532 5832 2606 5883 c.,
2642 5831 2691 5884 p.
2722 5816 2843 5871 330.

1977 5813 2089 5887 (il)
2130 5813 2421 5885 Ludolpb.,
2448 5813 2496 5871 'l.
2532 5832 2606 5883 c.,
2642 5831 2691 5884 p.
2722 5816 2843 5871 330.
