4096 6318
625 394 729 447 5‘17

1477 393 1531 449 S.
1569 390 1961 450 CLEMENTIS
1995 392 2011 448 l
2048 391 2213 447 ROM.
2250 392 2450 448 PONT.
2490 390 2717 449 OPERA
2751 391 2977 449 DUBIA.

3750 396 3857 450 59.8

1106 541 1128 583 ε
1159 514 1434 579 Abtrlisat,
1469 518 1799 572 collectanea
1826 517 1905 571 vel
1937 516 2188 570 mandata

2300 500 2553 557 Clementi
2599 503 2956 567 vindicamus,
2997 504 3301 560 communis
3350 511 3530 560 tamen
3576 505 3759 575 aliqua
3790 526 3855 563 ex

629 623 939 695 Hippolytea
970 625 1299 696 intelligunt.
1335 626 1382 681 ls
1418 626 1554 681 liber
1581 642 1819 681 canones
1851 641 2010 681 uxxt
2045 642 2190 681 com-

626 715 928 785 prehendit,
962 732 1101 785 quos
1130 724 1182 772 et
1210 717 1583 785 Apostolorum
1616 718 1823 772 dicunt.

694 828 780 884 IV.
838 831 919 883 An
973 838 1107 884 recte
1142 828 1553 886 Constitutiones
1617 831 1959 900 prtcseferant
2007 848 2191 885 nomen

624 918 904 974 Clementis
918 919 1530 989 Rom—Verumtamen
1543 922 1870 977 Clementem
1888 921 2190 977 Romanum

623 1012 866 1065 ninnium
926 1013 1160 1081 primum
1216 1013 1344 1068 huic
1387 1016 1539 1083 operi
1589 1030 1807 1068 manum
1865 1015 2190 1079 admovisse,

623 1118 729 1155 non
756 1103 914 1157 video
942 1118 1047 1173 qua
1078 1104 1291 1159 ratione
1325 1104 1556 1159 inliciari
1588 1105 1711 1175 quis
1747 1105 1939 1175 possit.
1988 1104 2192 1176 Super-

624 1202 747 1248 sunt
791 1194 968 1249 adhuc
1018 1195 1069 1249 iu
1097 1194 1574 1250 Constitutionibus
1610 1205 1885 1266 utcunque
1922 1197 2195 1267 corruptis

626 1285 849 1355 vestigia
880 1286 978 1340 τονὶ
1012 1300 1121 1355 quo
1150 1286 1455 1355 compilatus
1485 1285 1717 1355 primum
1759 1285 1998 1342 fuerunt.
2032 1284 2196 1340 Nam-

624 1393 728 1446 que
773 1377 861 1431 ubi
906 1377 1141 1447 plurium
1176 1376 1544 1432 Ecclesiarum
1596 1377 1652 1431 fit
1697 1378 1920 1441 mentio,
1964 1393 2085 1448 qum
2128 1379 2196 1433 ab

625 1468 890 1537 apostolis
936 1469 1184 1541 proprios
1224 1468 1510 1539 episcopos
1563 1469 1843 1523 ordinatos
1894 1469 2190 1533 habebant,

628 1575 736 1612 non
788 1560 932 1613 ultra
990 1561 1205 1629 tertiam
1267 1561 1669 1617 successionem
1736 1561 2191 1630 progrediuntur;

626 1652 791 1706 veluti
826 1668 949 1707 cum
978 1653 1179 1708 dicitur
1208 1653 1276 1709 de
1304 1650 1642 1724 Smyrneusi.
1685 1653 1934 1726 Σμύρνης
1960 1654 2015 1708 δὲ
2057 1654 2198 1725 Ἀρί-

627 1762 765 1799 στων
789 1745 1024 1818 πρῶτος,
1055 1745 1170 1815 μεθ’
1200 1746 1257 1799 ὃν
1281 1746 1581 1817 Στραταξας
1603 1749 1630 1801 ὁ
1658 1745 1877 1810 Λώῖδος,
1906 1748 1997 1800 καὶ
2020 1748 2199 1817 τρίτος

639 1832 930 1901 Ἀρίστωνι
959 1833 1198 1903 Smyrnw
1229 1835 1404 1889 Aristo
1441 1836 1664 1904 primus,
1707 1845 1822 1904 post
1866 1852 2013 1907 quem
2044 1834 2201 1891 Stra-
2232 1843 2273 1899 Β

626 1936 753 1979 tatas
795 1923 973 1979 Loidis
1009 1926 1175 1995 ﬁlius,
1210 1943 1270 1979 ac
1301 1928 1485 1981 tertius
1517 1926 1694 1980 Aristo
1726 1926 1858 1995 (42).
1911 1925 2067 1981 Nulla
2114 1926 2202 1981 hic

626 2014 936 2086 Pnlycarpi,
984 2016 1212 2087 ejusque
1254 2017 1564 2083 decessoris
1613 2016 1835 2081 Bucoli,
1874 2016 1932 2071 ﬁt
1976 2019 2199 2082 mentio,

625 2106 865 2176 adeoque
891 2105 1194 2162 Cotelerius
1228 2107 1506 2162 adnotavit
1541 2124 1552 2158 :
1597 2107 1723 2162 Post
1760 2106 2041 2162 secundum
2082 2109 2204 2163 Ari-

624 2209 821 2253 stonem
857 2216 1131 2254 numerare
1151 2184 1276 2271 licet
1308 2199 1582 2265 Bucolum,
1615 2200 1830 2268 indeque
1858 2198 2203 2269 Polycarpum

626 2288 688 2340 ab
734 2289 971 2357 apostolo
1000 2286 1205 2342 Joanne
1230 2286 1517 2357 Smyrnazis
1560 2290 1919 2357 pra'positum,
1958 2291 2201 2359 inquiunt

625 2389 835 2443 ueteres,
869 2380 1053 2450 quique
1089 2379 1203 2434 ideo
1232 2388 1438 2447 poterat
1466 2380 1559 2435 hoc
1598 2381 1709 2434 loco
1756 2382 2065 2443 memorari;
2104 2398 2201 2451 pu-

625 2482 765 2528 terat
794 2474 1011 2544 quidem
1043 2475 1111 2529 ah
1150 2474 1259 2529 alio
1285 2488 1447 2544 quam
1471 2474 1747 2530 Clemente
1786 2476 2097 2531 memorari.
2130 2476 2205 2532 si-

626 2562 843 2631 quidem
870 2578 992 2633 quae
1024 2563 1246 2633 scripsit
1275 2562 1579 2618 Cotelerius
1612 2564 1865 2634 expedita
1911 2573 2038 2620 sunt
2067 2566 2198 2638 (45).

624 2654 877 2710 Clemens
920 2654 1103 2723 itaque
1138 2668 1246 2708 non
1288 2654 1428 2708 ultra
1460 2669 1578 2709 eam
1612 2654 2012 2711 successionem
2044 2664 2204 2727 atque

627 2744 971 2799 traditionem
1003 2746 1255 2815 progredi
1298 2747 1494 2814 potuit,
1520 2763 1676 2817 quam
1722 2756 1840 2800 ante
1887 2748 2064 2803 oculos
2105 2748 2202 2801 Ita-

626 2838 759 2899 ὑμίν,
815 2846 873 2891 ιιι
922 2836 1103 2892 verbis
1152 2846 1276 2890 Utar
1319 2836 1523 2892 Irenazi.
1582 2836 1714 2890 Nam
1767 2836 1823 2893 S.
1856 2839 2047 2893 doctor
2076 2854 2199 2895 cum

629 2926 964 2997 argumentis
1007 2941 1037 2980 a
1068 2928 1359 2984 traditione
1411 2928 1593 2998 petitis
1650 2936 1892 2983 uteretur
1941 2929 2200 2986 adversus

627 3017 957 3077 lueretices,
1027 3018 1296 3088 praecipue
1361 3018 1425 3071 ad
1484 3017 1815 3073 Clementem
1894 3029 2196 3088 provocat:

626 3108 805 3179 Τρίτῳ
852 3106 1000 3178 τόπῳ
1054 3108 1159 3161 ἀπὸ
1215 3108 1340 3167 τῶν,
1374 3109 1685 3162 ἀποστόλων
1759 3110 1856 3182 τὴν
1900 3112 2200 3184 ἐπισκοπὴν

626 3197 920 3269 κληρῶται
957 3198 1214 3270 Κλήμης,
1252 3200 1279 3253 ὁ
1307 3200 1398 3252 καὶ
1447 3198 1704 3272 ἑωρακὼς
1743 3202 1869 3265 τοὺς
1904 3202 2203 3274 μακαρίους

628 3289 984 3354 ἀποστόλους,
1017 3290 1111 3343 καὶ
1144 3290 1537 3362 συμϐεϐληκὼς
1576 3292 1787 3355 αὐτοῖς,
1821 3294 1912 3346 καὶ
1942 3293 2018 3345 ἔτι
2050 3293 2205 3347 ἔναυ-

626 3381 714 3435 λον
743 3383 804 3435 τὸ
832 3383 1092 3454 κήρυγμα
1132 3382 1239 3435 τῶν
1270 3376 1600 3447 ἀποστόλων,
1633 3384 1725 3437 καὶ
1767 3385 1864 3457 τὴν
1908 3385 2204 3458 παράδοσιν

629 3474 735 3545 πρὸ
762 3474 1052 3546 ὀφθαλμῶν
1082 3474 1241 3546 ἔχων,
1272 3492 1324 3530 κ.
1348 3493 1397 3530 τ.
1422 3475 1470 3529 λ.
1508 3476 1683 3531 Tertio
1712 3476 1825 3531 loco
1855 3477 1918 3531 ab
1950 3479 2202 3547 apostolis

628 3565 986 3633 episcopatum
1017 3566 1240 3619 sortitur
1271 3564 1531 3630 Clemens,
1555 3567 1644 3637 qui
1677 3576 1726 3620 et
1750 3568 1873 3621 vidit
1916 3570 2054 3637 ipsos
2078 3585 2202 3639 apo.

629 3654 814 3718 stolos,
848 3664 897 3708 et
926 3656 1148 3709 contulit
1178 3671 1295 3708 cum
1326 3656 1422 3719 eis,
1447 3664 1494 3709 et
1527 3672 1643 3708 cum
1673 3655 1846 3710 adhuc
1874 3657 2201 3711 insonantem

630 3745 1058 3814 pradicationem
1129 3750 1523 3818 apostolorum,
1583 3760 1631 3805 et
1682 3751 2017 3807 traditionem
2085 3765 2204 3808 ante

632 3836 813 3890 oculos
840 3836 1116 3893 haberet...
1142 3842 1465 3894 annuntians
1492 3857 1649 3911 quam
1682 3842 1733 3895 in
1761 3843 1951 3896 recenti
1980 3842 2044 3895 ab
2077 3859 2204 3911 apo-

631 3926 781 3980 stolis
827 3938 1093 3995 acceperat
1134 3928 1491 3985 traditionem.
1545 3930 1847 3986 Traditions
1892 3934 2051 4003 igitur
2090 3953 2203 4005 qua:

630 4025 707 4071 est
750 4018 815 4069 ab
862 4020 1111 4085 apostolis
1146 4021 1223 4074 sic
1252 4037 1304 4076 se
1340 4021 1557 4078 [tabente
1606 4024 1658 4077 in
1684 4022 1940 4089 Ecclesia,
1991 4035 2039 4079 et
2086 4042 2204 4095 per-

634 4119 873 4163 manente
907 4110 1046 4177 apud
1088 4127 1205 4174 nos,
1252 4122 1572 4166 revertamur
1617 4114 1687 4167 ad
1726 4132 1839 4168 eum
1874 4132 1989 4185 qua:
2036 4127 2112 4170 est
2141 4133 2204 4171 ea:

634 4201 920 4269 Scripturis
962 4204 1304 4256 ostensioncnt
1332 4204 1462 4275 (44).
1496 4202 1611 4259 Hoc
1652 4206 1791 4260 idem
1827 4216 2200 4275 argumentum

634 4302 663 4340 a
708 4290 1002 4345 traditione
1065 4291 1368 4347 derivatum
1432 4294 1774 4348 commendat
1852 4294 2086 4351 Irenaeus
2148 4298 2200 4351 in

635 4379 955 4447 praefatione
994 4380 1117 4435 libri
1153 4381 1296 4437 tertii
1346 4382 1412 4437 ad
1459 4384 1713 4447 amicum,
1756 4400 1915 4454 quem
1949 4389 2201 4455 superius

634 4486 742 4524 non
771 4470 935 4523 alium
969 4468 1135 4525 fuisse
1169 4471 1235 4525 ab
1266 4470 1552 4544 Hippolyto
1584 4473 1978 4532 indicavimus:
2009 4476 2196 4531 Evenit
2235 4513 2277 4567 Β

633 4566 810 4633 itaque
843 4581 1003 4634 neque
1035 4562 1322 4631 Scripturis
1353 4566 1489 4635 jam,
1538 4583 1698 4637 neque
1747 4568 2021 4623 traditioni
2069 4587 2197 4623 con-

633 4658 827 4710 sentire
856 4672 963 4709 eos.
993 4655 1254 4711 Adversus
1290 4656 1418 4710 tales
1458 4667 1715 4711 certamen
1748 4659 1893 4713 nobis
1919 4671 2016 4724 est,
2058 4680 2087 4716 ο
2118 4661 2199 4715 di-

635 4745 931 4799 lectissime.
952 4745 1138 4800 lrenaai
1159 4761 1286 4815 ergo
1318 4755 1559 4815 tempore
1590 4754 1708 4817 post
1741 4746 2051 4819 Scripturas
2083 4760 2200 4806 erat

634 4838 693 4891 in
730 4836 973 4891 Ecclesia
1022 4843 1171 4891 certa
1214 4835 1459 4903 quaedam
1504 4836 1746 4899 traditio,
1787 4836 1853 4891 de
1898 4853 2004 4907 qua
2042 4854 2199 4894 nemo

634 4929 740 4984 nisi
768 4929 1055 4983 haereticus
1081 4927 1369 4983 dubitaret.
1405 4927 1554 4982 Hanc
1586 4928 1827 4983 eamdem
1853 4930 2198 4983 traditionem

634 5019 918 5075 collectam
946 5034 1069 5074 esse
1116 5034 1145 5073 a
1180 5018 1454 5073 Clemente
1506 5019 1639 5073 satis
1687 5019 1891 5072 indicat
1942 5018 2197 5083 Irenaaus,

635 5124 799 5179 quam
832 5108 888 5163 in
916 5107 1152 5163 Archivo
1181 5106 1440 5163 Ecclesia:
1470 5105 1727 5162 Romamc
1757 5107 2077 5178 depositam,
2109 5117 2201 5164 aut

636 5211 783 5257 certe
820 5201 1017 5257 alicubi
1049 5209 1319 5257 servatam
1351 5199 1593 5271 vulgavit
1622 5198 1967 5271 Hippolytus.
1994 5200 2197 5267 Quant-

638 5294 719 5348 vis
765 5293 910 5347 enim
958 5306 1067 5347 non
1118 5292 1168 5347 id
1218 5291 1383 5346 modo
1422 5305 1641 5361 agamus
1692 5298 1747 5345 ut
1790 5292 2198 5347 Constitutiones

711 5494 821 5559 (Ᾱὲ)
862 5493 1084 5549 Constit.
1112 5510 1208 5557 vn,
1234 5495 1301 5549 46

711 5565 819 5631 (45)
862 5562 926 5618 V.
960 5564 1032 5617 Le
1060 5563 1254 5629 Quian,
1292 5564 1384 5619 0r.
1412 5563 1559 5630 Cltr.,
1593 5562 1632 5626 l,
1669 5564 1769 5618 ’740

711 5633 821 5699 (44)
866 5633 921 5687 5.
954 5632 1119 5697 lren.,
1148 5632 1233 5693 lll,
1261 5636 1292 5689 5
1320 5645 1371 5689 et
1403 5635 1453 5689 5.

712 5703 821 5771 (45)
862 5703 1084 5758 Constit.
1116 5718 1200 5770 ap.
1236 5721 1292 5769 ιι,
1328 5705 1415 5769 57,
1447 5705 1535 5767 48,
1568 5713 1621 5759 et
1652 5721 1772 5768 vin,
1802 5705 1851 5759 5.
1893 5704 1952 5760 γ.
1984 5705 2195 5760 Tertul-

644 5772 770 5825 liau.
810 5772 878 5826 De
904 5792 970 5826 an
1004 5816 1014 5835 ,
1048 5791 1119 5837 Ix,
1159 5778 1210 5829 9.

2292 604 2443 666 parte
2486 603 2569 651 est
2607 610 2771 651 causa
2819 596 2993 666 ipsius
3051 600 3104 649 et
3154 594 3449 669 Hippolyti,
3496 610 3618 653 cum
3672 599 3860 668 operis

2291 686 2472 740 eximii
2506 687 2969 742 constructionem
3009 685 3099 741 ille
3127 686 3505 753 delineaverit,
3539 686 3641 744 iste
3676 688 3862 759 perie-

2293 778 2448 832 cerit.
2484 775 2723 849 Uterque
2753 785 2935 834 autem
2969 777 3153 835 Graece
3197 778 3437 847 scripsit,
3472 780 3564 834 sed
3598 780 3862 834 alteruter

2292 867 2539 923 Latinam
2586 869 2823 940 aliquam
2869 868 3162 925 dictionem
3209 869 3456 923 adhibuit
3497 871 3658 941 vulgo
3699 887 3863 926 usur-

2295 970 2494 1031 patam,
2522 960 2974 1029 quemadmodum
3007 962 3098 1016 ubi
3127 960 3199 1014 ait
3229 979 3240 1013 :
3272 960 3451 1013 Ἔστω
3470 960 3524 1014 δὲ
3547 961 3653 1014 τῶν
3681 963 3862 1015 τόπων

2294 1052 2534 1124 προνοῶν
2583 1054 2609 1105 ὁ
2649 1051 2911 1117 διάκονος,
2963 1053 3027 1107 ἵν’
3069 1052 3294 1116 ἕκαστος
3336 1052 3441 1106 τῶν
3468 1054 3864 1123 εἰσερχομένου)

2295 1146 2372 1207 εὶς
2401 1142 2488 1195 τὸν
2532 1142 2661 1195 ἴδιον
2687 1142 2851 1196 τόπον
2878 1143 3043 1214 ὁρμᾷ,
3079 1143 3171 1198 καὶ
3201 1143 3275 1216 μὴ
3305 1142 3456 1215 παρὰ
3483 1142 3865 1212 τὺῚντρόϊτογ

2296 1230 2661 1309 κοιοέξωντοιι.¹
2695 1231 2965 1287 Diaconus
2999 1242 3171 1289 autem
3211 1234 3338 1289 locis
3367 1233 3653 1304 provideat,
3686 1244 3744 1288 ut
3775 1235 3861 1289 in-

2296 1322 2641 1394 gredientium
2672 1325 2887 1396 quisque
2933 1325 3101 1379 locum
3145 1340 3299 1379 suum
3330 1333 3492 1394 petat,
3540 1333 3590 1380 et
3632 1342 3786 1380 nemo
3809 1326 3864 1379 in

2297 1412 2521 1468 lntroitu
2554 1413 2796 1469 resideat.
2831 1413 3017 1471 Prodit
3040 1414 3235 1470 ibidem
3265 1430 3323 1471 se
3343 1422 3552 1481 auctor,
3582 1424 3865 1471 mutuatus

2295 1504 2356 1557 τὸ
2387 1505 2677 1573 ιντρόττον
2706 1505 2773 1560 ab
2795 1504 3028 1571 Latinis,
3060 1521 3197 1577 quos
3244 1506 3384 1561 inter
3427 1506 3663 1570 vivebat,
3716 1506 3860 1560 alio-

2298 1598 2389 1669 qui
2434 1597 2500 1652 ab
2539 1597 2758 1654 usitatis
2802 1598 2944 1669 apud
2972 1598 3189 1655 Graecos
3238 1598 3573 1653 dictionibus
3617 1613 3727 1653 non
3773 1614 3868 1653 re-

2300 1689 2577 1745 cessisset.
2611 1687 2932 1760 Hujusmodi
2975 1698 3058 1746 est
3088 1692 3249 1746 etiam
3291 1691 3625 1762 πρόσρησις,
3655 1688 3867 1744 Latinis

2303 1781 2590 1843 adlocutio,
2657 1791 2710 1837 et
2766 1780 3116 1853 προσλαλεῖν,
3180 1781 3398 1852 alloqui,
3454 1789 3513 1835 ut
3566 1779 3866 1835 Romanam

2303 1872 2749 1929 consuetudinem
2778 1879 2969 1927 auctor
2982 1872 3309 1945 exprimeret
3338 1871 3516 1942 petius
3532 1886 3694 1941 quam
3724 1871 3874 1925 Gm-

2303 1978 2424 2018 cam
2451 1965 2583 2033 (45).
2619 1963 2726 2021 Sed
2766 1972 2820 2018 et
2856 1979 2962 2020 non
2986 1971 3157 2034 pauca
3198 1963 3443 2019 invenire
3481 1963 3627 2025 licet,
3660 1978 3782 2033 qua:
3808 1970 3869 2016 ut

2304 2054 2564 2111 Romana:
2612 2057 2944 2112 conveniunt
2976 2054 3249 2121 Ecclesia,
3278 2054 3352 2109 ita
3384 2056 3650 2110 incertum
3683 2064 3769 2109 est
3796 2065 3867 2105 an

2304 2145 2426 2201 aliis
2457 2150 2802 2210 conveniant,
2831 2147 2934 2202 sub
2965 2145 3177 2200 initium
3209 2162 3268 2200 ιιι
3299 2145 3482 2201 saeculi
3516 2144 3648 2217 (66).
3690 2143 3872 2215 Atque

2303 2236 2419 2291 hare
2474 2237 2645 2291 invito
2695 2236 2936 2307 pessimo
2987 2235 3265 2303 lueretico,
3317 2236 3409 2306 qui
3455 2234 3869 2290 Constitutioues

2305 2325 2653 2392 adulteravit,
2685 2337 3084 2395 remanserunt,
3117 2327 3184 2383 de
3232 2342 3340 2399 quo
3383 2328 3562 2398 aliqua
3601 2333 3733 2382 sunt
3786 2326 3873 2382 di-

2304 2419 2494 2475 cenda.

2916 2552 3144 2610 CAPUT
3184 2552 3249 2609 ll.

2510 2708 2641 2777 Quis
2668 2710 2868 2778 primus
2892 2707 3336 2764 Constitutionum
3369 2717 3665 2778 corruptor.

2371 2843 2411 2901 1.
2454 2844 2611 2900 liune
2660 2845 2932 2910 hominem
2988 2847 3042 2899 in
3089 2844 3311 2901 Oriente
3361 2845 3563 2901 vixisse
3622 2844 3871 2901 indicant

2302 2936 2568 2993 mensium
2598 2937 2839 3002 nomina,
2870 2951 2992 3007 qua:
3013 2938 3227 3006 propria
3262 2938 3413 2991 fuere
3450 2935 3872 3008 Syro-Macedo-

2301 3043 2454 3092 num,
2485 3027 2736 3083 Xantltici
2769 3044 2981 3098 nempe,
3020 3026 3219 3098 Dystri,
3249 3027 3498 3098 (-‘orpia'i,
3540 3027 3871 3099 Hyperbore-

2305 3119 2438 3173 twi:
2472 3128 2584 3174 tum
2612 3134 2827 3191 quoque
2870 3119 3171 3174 Antiochiae
3218 3120 3295 3175 vel
3349 3119 3403 3173 in
3446 3135 3512 3174 eo
3561 3128 3737 3175 tractu
3782 3119 3873 3175 di-

2305 3222 2577 3278 versatum
2622 3229 2743 3269 esse
2784 3213 2989 3268 indicat
3036 3212 3294 3268 solemnis
3350 3211 3583 3267 formula
3641 3215 3877 3284 publica:

2303 3303 2634 3377 precationis
2678 3304 2734 3358 in
2763 3319 2869 3374 qua
2900 3304 3188 3374 episcopus
3214 3302 3613 3368 Alexandrinus
3643 3313 3873 3373 praeter-

2303 3392 2577 3449 mittitur:
2623 3394 2791 3466 ’Υπὲρ
2829 3395 2921 3449 τοῦ
2954 3394 3249 3449 ἐπισκόπου
3297 3395 3450 3466 ἡμῶν
3491 3395 3745 3450 Ἰακὼδου
3776 3396 3875 3451 καὶ

2301 3483 2407 3537 τῶν
2438 3482 2735 3554 παροικιῶν
2778 3482 2940 3537 αὑτοῦ
2984 3481 3277 3553 δεηθῶμεν.
3323 3481 3489 3553 ’Υπὲρ
3519 3481 3612 3535 τοῦ
3648 3481 3875 3535 ἐπισκό-

2304 3589 2404 3626 που
2431 3572 2584 3642 ἡμῶν
2614 3571 2927 3644 Κλήμεντος
2955 3571 3047 3625 καὶ
3076 3570 3181 3625 τῶν
3215 3568 3513 3650 παροικιῶν
3554 3570 3717 3624 αὑτοῦ
3746 3570 3875 3642 δεη-

2303 3664 2501 3735 θῶμεν.
2545 3664 2714 3734 ’Υπὲρ
2741 3663 2834 3717 τοῦ
2866 3663 3163 3717 ἐπισκόπου
3204 3662 3358 3734 ἡμῶν
3388 3662 3603 3716 Εὑοδίου
3640 3663 3733 3717 καὶ
3762 3662 3874 3718 τῶν

2303 3752 2605 3825 παροικιῶν
2635 3750 2798 3805 αὐτοῦ
2826 3751 3120 3822 δεηθῶμεν.
3158 3750 3265 3805 Pro
3300 3751 3534 3820 episcopo
3566 3761 3744 3805 nostra
3768 3750 3896 3808 Jan

2303 3844 2430 3899 cobo
2461 3852 2510 3898 et
2539 3842 2779 3912 parmciis
2820 3842 2931 3911 ejus
2974 3856 3202 3896 oremus.
3250 3839 3357 3894 Pro
3406 3841 3642 3911 episcopo
3686 3853 3869 3898 nostro

2302 3934 2565 3990 Clemente
2586 3949 2647 3986 ac
2660 3932 2900 4003 parwciis
2921 3931 3033 4000 ejus
3057 3946 3281 3985 oremus.
3301 3928 3406 3983 Pro
3430 3932 3664 4000 episcopo
3687 3944 3871 3987 nostro

2307 4026 2527 4091 Evodio,
2573 4035 2619 4078 et
2653 4022 2891 4093 parariis
2925 4022 3037 4090 ejus
3079 4036 3287 4075 oremus
3320 4020 3453 4092 (47).
3484 4019 3613 4086 Quae
3643 4031 3873 4092 prmler-

2305 4113 2494 4168 missio
2526 4113 2591 4167 ad
2618 4119 2855 4167 veterem
2887 4110 3218 4166 simultatem
3244 4109 3873 4168 EcclesimAntiochena:

2304 4217 2426 4255 cum
2467 4201 2829 4256 Alexandrina
2874 4197 3157 4255 referenda
3200 4207 3283 4254 est
3327 4199 3460 4270 (48).
3505 4207 3721 4254 auctam
3777 4217 3871 4256 re-

2302 4296 2443 4348 centi
2476 4293 2601 4349 odio
2631 4293 2891 4348 adversus
2925 4291 3237 4363 Dionysium
3277 4291 3343 4345 M.
3370 4291 3710 4347 Alexandria:
3754 4294 3872 4364 epi-

2303 4402 2545 4455 scepum.
2576 4384 2721 4439 Nihil
2751 4384 2894 4438 enim
2920 4390 3080 4448 vetat,
3133 4382 3239 4437 imo
3282 4382 3438 4451 plura
3472 4382 3708 4437 suadent
3740 4398 3869 4437 cor-

2304 4487 2577 4548 ruptorem
2609 4475 3055 4531 Constitutionum
3096 4472 3265 4529 fuisse
3290 4471 3513 4526 Paulum
3554 4471 3865 4530 Samosata-

2302 4568 2623 4633 num,.dum
2668 4566 2769 4621 sibi
2801 4565 3110 4635 praesidium
3142 4579 3207 4618 ex
3238 4577 3304 4618 eo
3340 4563 3527 4617 codice
3575 4578 3683 4617 non
3733 4580 3869 4619 con-

2300 4659 2601 4714 temnenda:
2635 4657 2977 4712 auctoritatis
3017 4656 3383 4727 polliceretur.
3429 4654 3564 4709 lline
3594 4656 3703 4709 illa
3745 4674 3868 4728 qua:

2301 4751 2666 4806 Arianismum
2708 4749 2944 4819 sapiunt,
2989 4761 3147 4802 nemo
3194 4747 3379 4816 utique
3422 4746 3488 4801 ad
3532 4746 3866 4803 Clementem

2300 4853 2353 4898 et
2376 4842 2745 4913 Hippolytum,
2780 4854 3022 4896 summos
3055 4838 3356 4893 divinitatis
3391 4836 3593 4893 Christi
3626 4847 3869 4894 asserto-

2302 4951 2410 4999 res,
2450 4934 2722 5005 pcrtinere
2767 4931 3139 4986 arbitrabitur.
3190 4928 3372 4983 Facile
3411 4936 3588 4983 autem
3616 4928 3871 4985 Samosa-

2303 5031 2427 5079 teno
2475 5024 2665 5092 ejusve
2718 5021 2943 5076 asseclis
2992 5018 3158 5073 tribui
3210 5024 3473 5089 possunt;
3528 5015 3655 5071 dum
3708 5022 3865 5089 plura

2302 5117 2552 5171 inserunt
2613 5128 2639 5166 a
2693 5110 3169 5167 Constitutionibus
3230 5109 3434 5173 aliena,
3489 5117 3542 5162 et
3592 5110 3867 5166 catholico

2300 5208 2535 5278 dogmati
2578 5219 2803 5275 prorsus
2846 5202 3101 5264 inimica;
3131 5201 3197 5255 de
3225 5200 3426 5271 quibus
3450 5198 3676 5255 Photius
3706 5220 3719 5257 :
3756 5203 3866 5256 Καὶ

2302 5297 2378 5348 ἔτι
2441 5292 2790 5365 Ἀριανισμῷ,
2814 5293 2948 5363 ὅπερ
2986 5292 3050 5345 ἄν
3105 5308 3186 5353 τις
3233 5289 3325 5343 καὶ
3378 5289 3563 5359 βιαίως
3613 5288 3866 5361 διακρού-

2372 5493 2481 5561 (46)
2523 5492 2793 5563 Πυλωροὶ,
2848 5491 3186 5546 ὑποδιάκονοι
3212 5532 3225 5557 ,
3265 5491 3615 5563 κοιμητήρια,
3647 5507 3780 5563 utr.
3810 5490 3860 5544 λ.

2301 5559 2531 5643 ostiarii,
2558 5559 2886 5627 subd'iaconi,
2924 5563 3233 5625 caemeteria,
3267 5559 3675 5615 ubicuuventus
3696 5559 3860 5615 Chriv

2302 5642 2626 5689 stianorum.

2370 5704 2480 5773 (47)
2520 5700 2748 5773 ζζοιιειίι.
2778 5701 2943 5773 κλμ,
2970 5702 3032 5756 Π
3055 5708 3107 5773 et
3132 5700 3223 5763 ΞΟ,
3264 5708 3467 5773 etcan.
3491 5699 3578 5773 5οτ

2371 5770 2480 5843 (48)
2520 5772 2582 5826 γ.
2617 5771 3006 5838 l‘ctav.,Tltcol.
3035 5772 3233 5843 doan.,
3258 5782 3295 5826 t.
3327 5770 3413 5837 IV,
3446 5787 3497 5842 p.
3526 5770 3645 5823 ΗΞ.
