4096 6318
242 412 354 462 59.!)

1014 403 1613 462 CONSTITUTIONES
1651 397 2128 458 APUSTOLICJE.
2159 429 2227 440 —
2258 396 2618 452 ΡΠΟΟΕΜΙΑ.

3394 389 3504 445 530

241 529 424 575 cano.
470 521 652 573 Adhuc
702 529 997 590 arguuntur
1040 519 1334 574 Arianismi
1384 518 1630 581 crimine,
1678 516 1813 586 quod

1919 511 2233 582 Πνεῦματος
2263 508 2572 582 τετιμήσθω
2603 509 2749 579 ὑμῖν,
2779 506 2940 578 μηδὲν
2969 506 3096 560 ἄνευ
3127 503 3220 557 τοῦ
3249 505 3496 559 διακόνου

241 610 460 666 nonnisi
490 609 735 664 violenter
757 609 870 680 quis
892 609 1082 675 poterit
1107 607 1358 677 depellere
1384 607 1517 679 (49).
1549 606 1815 673 Quoniam

243 717 381 758 vero
423 709 642 758 constat
689 701 742 755 iu
773 699 995 756 Oriente
1025 700 1231 755 vixisse
1272 705 1648 769 corruptorem
1679 696 1819 753 Con-

244 793 586 848 stitutionum
613 830 628 856 ,
680 790 845 852 alium
882 805 910 843 a
939 787 1107 845 Paulo
1139 787 1495 845 Samosateno
1539 789 1819 858 assignare

248 897 360 940 non
407 897 716 954 possumus.
763 879 903 937 Huic
947 881 1128 937 omnia
1175 880 1528 946 conveniunt,
1581 880 1819 949 maxime

246 989 370 1044 qua:
401 973 618 1043 sapiunt
642 971 1001 1036 Judaismum,
1036 972 1201 1028 veluti
1232 979 1314 1028 est
1343 972 1646 1041 exaequatio
1679 969 1816 1025 Sab-

245 1065 361 1119 bati
408 1080 533 1120 cum
579 1065 665 1119 die
695 1064 974 1119 Dominico
1016 1064 1128 1136 (50)
1173 1079 1296 1120 cum
1341 1063 1457 1134 ipse
1503 1065 1556 1117 in
1588 1063 1816 1133 gratiam

245 1157 449 1228 regina:
476 1156 921 1227 Palmyrenorum
965 1155 1217 1212 Zenobim
1256 1157 1310 1211 in
1347 1163 1624 1227 comperto
1657 1154 1818 1209 fuerit

238 1251 550 1319 juthizans.
626 1249 816 1304 Patres
887 1257 1034 1304 certe
1087 1250 1179 1320 qui
1236 1249 1427 1305 ultimo
1481 1249 1818 1304 Antioclteuo

244 1343 481 1397 concilio
513 1341 773 1398 adversus
812 1340 1228 1397 Samosatenum
1270 1341 1654 1404 interfuerunt,
1706 1355 1815 1393 non

247 1447 429 1486 mores
481 1431 876 1490 tantummodo,
908 1431 1000 1485 sed
1042 1441 1095 1485 et
1130 1431 1367 1501 spuriam
1406 1431 1666 1483 damnant
1712 1428 1818 1497 fal-

246 1535 462 1590 samque
491 1517 825 1574 doctrinam:
867 1521 1036 1574 Ὅπου
1081 1518 1137 1572 δὲ
1176 1517 1417 1581 ἀποστὰς
1462 1516 1555 1570 τοῦ
1597 1518 1818 1579 κανόνος
1872 1567 1875 1569 ,

245 1611 339 1662 ἐπὶ
369 1609 593 1680 κίϐδηλα
622 1611 714 1664 καὶ
750 1609 876 1663 νόθα
922 1609 1220 1679 διδάγματα
1264 1606 1638 1679 μετελήλυθεν,
1669 1606 1816 1660 οὐδὲν

241 1699 322 1753 δεῖ
347 1699 442 1753 τοῦ
473 1700 574 1766 ἔξω
605 1701 755 1764 ὄντος
781 1700 878 1764 τὰς
905 1700 1130 1773 πράξεις
1159 1700 1380 1771 κρίνειν.
1433 1697 1534 1753 Sed
1567 1698 1816 1767 quoniam

237 1809 276 1846 'a
299 1791 426 1861 ﬁdei
460 1792 638 1863 regula
679 1793 948 1854 recolens,
985 1791 1053 1846 ad
1097 1793 1335 1861 spuriam
1375 1799 1424 1844 et
1464 1789 1816 1843 adulterinum

1919 603 2265 674 πράττουσα,
2314 602 2347 672 ἢ
2394 599 2758 670 φθεγγομένη,
2801 597 2877 660 ὼς
2919 597 3038 651 οὐδὲ
3084 599 3112 650 ὁ
3144 595 3498 667 Παράκλητος

1918 696 2006 763 ἀφ’
2037 694 2232 748 ἑαυτοῦ
2263 711 2315 747 τι
2344 693 2511 755 λαλεῖ,
2544 692 2575 762 ἢ
2617 694 2778 752 ποιεῖ,
2821 689 2954 744 ἀλλὰ
2982 687 3218 753 δοξάζων
3246 687 3335 740 τὸν
3366 688 3499 757 Χρι-

1920 787 2043 840 στὸν
2088 784 2370 857 περιμένει
2413 784 2472 837 τὸ
2519 782 2728 836 ἐκείνου
2776 779 3005 850 θέλημα.
3068 778 3172 845 Qui
3223 778 3496 846 episcopus

1916 888 2111 933 est.....
2147 877 2228 930 hic
2257 876 2492 945 princeps
2532 882 2580 927 et
2611 871 2721 925 dua:
2753 880 2919 925 vester
2949 885 2965 922 :
2997 869 3080 923 hic
3122 880 3288 923 vester
3320 884 3411 922 rex
3446 867 3518 922 et'

1917 969 2163 1041 dynastes
2187 986 2204 1023 :
2231 967 2313 1022 hic
2362 965 2505 1020 vobis
2545 975 2661 1034 post
2702 963 2870 1017 Deum
2922 971 3158 1016 terrenus
3197 960 3359 1024 Deus,
3413 961 3498 1013 cui

1917 1059 2166 1114 honorent
2203 1067 2458 1128 praestare
2487 1055 2777 1110 debetis....
2814 1053 2988 1124 Igitur
3033 1055 3306 1122 episcopus
3354 1050 3496 1105 vobis

1919 1151 2202 1220 pra’sideat
2277 1159 2529 1219 tanquam
2595 1146 2692 1201 Dei
2759 1146 3016 1216 dignitate
3078 1144 3495 1205 condecoratus,

1921 1244 1982 1300 ob
2023 1257 2182 1312 quam
2230 1240 2368 1295 clero
2412 1249 2623 1309 praeest,
2669 1246 2718 1291 et
2762 1236 2897 1305 plebi
2945 1237 3201 1290 universe
3250 1237 3492 1304 imperat.

1920 1330 2185 1385 Diaconus
2216 1341 2389 1388 autem
2421 1331 2658 1398 episcopo
2691 1329 2930 1391 assistat,
2968 1338 3022 1380 ut
3045 1327 3290 1381 Christus
3316 1327 3493 1392 Patri,

1919 1421 2117 1490 ipsique
2152 1421 2209 1474 in
2241 1420 2480 1475 omnibus
2525 1418 2788 1487 inculpate
2831 1417 3115 1479 ministret,
3147 1417 3492 1487 quemadmo'

1916 1511 2042 1564 dum
2074 1510 2343 1576 Christus,
2386 1509 2518 1563 nihil
2558 1525 2588 1561 a
2627 1525 2680 1562 se
2713 1511 2824 1575 ipso
2868 1507 3087 1572 faciens,
3140 1524 3255 1577 qua:
3301 1508 3497 1576 placita

1917 1612 2038 1657 sunt
2067 1602 2217 1657 Patri
2265 1617 2466 1671 semper
2516 1611 2780 1668 operatur.
2832 1602 2900 1655 At
2931 1600 3237 1655 diaconissa
3287 1619 3317 1654 a
3351 1604 3494 1657 vobis

1917 1693 1975 1746 in
2018 1693 2246 1763 ﬁguram
2292 1695 2462 1747 sancti
2507 1690 2736 1760 Spiritus
2787 1690 3092 1756 honoretur,
3140 1709 3255 1762 qua:
3302 1695 3496 1764 absque

1917 1783 2139 1840 diacono
2169 1782 2300 1838 nihil
2323 1793 2467 1855 agat,
2499 1794 2590 1838 aut
2615 1784 2880 1855 loquatur,
2909 1784 3044 1838 sicut
3069 1799 3161 1837 nec
3181 1782 3492 1841 Paracletus

243 1880 545 1936 doctrinam
577 1895 630 1935 te
663 1881 978 1943 transtulit;
1008 1880 1235 1933 hominis
1280 1878 1344 1933 ab
1368 1877 1606 1933 Ecclesia
1655 1878 1816 1932 alieni
1846 1879 1888 1934 Β
1919 1893 1951 1929 a
1994 1891 2048 1930 se
2085 1874 2369 1958 quidquam
2425 1874 2656 1944 loquitur
2706 1881 2800 1928 aut
2857 1872 3028 1942 facit,
3086 1874 3176 1928 sed
3222 1872 3494 1929 Christum

243 1981 394 2026 actus
442 1972 747 2026 examinare
799 1970 930 2026 nihil
977 1972 1164 2025 attinet
1205 1969 1339 2040 (Si).
1395 1968 1595 2024 Nostra
1648 1969 1816 2041 igitur

242 2061 544 2128 accusatio,
587 2076 708 2132 quae
767 2070 874 2116 tam
921 2061 1180 2131 praeclaro
1239 2060 1430 2115 nititur
1477 2056 1810 2123 testimonio,

241 2153 600 2224 alioqui'tam
651 2153 784 2210 levis
831 2161 916 2209 est
963 2154 1008 2208 si
1070 2168 1194 2208 cum
1243 2153 1457 2209 caeteris
1499 2150 1816 2206 conferatur

243 2242 586 2299 Samosateni
631 2244 991 2309 criminibus,
1041 2251 1098 2298 ut
1149 2243 1336 2299 haberi
1389 2257 1487 2313 pro
1536 2241 1812 2296 calumnia

243 2348 353 2387 non
387 2334 577 2402 possit.
625 2331 886 2400 Quamvis
917 2343 1098 2389 autem
1137 2349 1248 2389 non
1278 2333 1414 2389 adeo
1444 2333 1813 2404 reprehenda-

242 2429 330 2477 tur
362 2431 514 2481 vetus
541 2424 630 2479 illa
659 2424 1018 2490 consuetudo,
1054 2423 1286 2482 illustria
1309 2424 1556 2497 quaedam
1591 2424 1812 2480 nomina

241 2513 598 2582 premitténdi
639 2517 796 2572 novis
836 2516 1114 2586 cperibtm,
1155 2531 1218 2572 ac
1255 2517 1530 2572 statuendi
1559 2524 1810 2572 auctores

240 2603 381 2656 inter
418 2618 480 2658 se
525 2605 935 2674 colloquentes;
988 2603 1231 2675 profecto
1274 2621 1336 2661 ea
1375 2606 1521 2661 ﬁctio
1551 2617 1809 2677 perpetua

241 2694 534 2750 inducendi
591 2697 869 2767 apostolos
921 2696 1100 2751 adhuc
1145 2696 1321 2762 vivos,
1377 2713 1539 2769 quam
1581 2698 1807 2752 Photius

240 2786 646 2840 κακοπλαστίαν
699 2789 1025 2858 appellavit,
1077 2788 1340 2860 duxitque
1393 2792 1804 2846 accusationum

237 2889 358 2930 esse
410 2875 763 2943 levissimam,
815 2877 963 2931 illico
1011 2877 1232 2947 planum
1287 2878 1558 2933 hominem
1601 2879 1802 2949 prodit,

238 2980 300 3020 ac
346 2968 775 3036 ineptissimum,
831 2969 925 3038 qui
979 2968 1451 3038 absurda,‘plura
1504 2977 1558 3025 et
1617 2984 1802 3025 secum

239 3043 535 3127 pugnantia
587 3071 652 3112 eo
702 3058 962 3112 narrandi
1023 3059 1186 3113 modo
1237 3073 1296 3115 se
1349 3059 1636 3117 admittere
1692 3077 1802 3117 non

237 3148 487 3216 pervidit.
523 3147 676 3214 Quod
713 3163 842 3204 sane
867 3149 1057 3204 vitium
1089 3148 1249 3206 facile
1281 3151 1465 3220 sanari
1501 3157 1699 3221 potest,
1728 3152 1796 3220 si,

1927 1967 2232 2037 gloriﬁcans
2255 2005 2268 2029 ,
2315 1974 2576 2033 exspectat
2607 1965 2751 2018 illius
2785 1966 3104 2020 uoluntatem
3147 1965 3279 2036 (55).
3339 1963 3505 2021 liaud'

1919 2055 2123 2112 frustra
2171 2057 2284 2111 haec
2331 2056 2496 2127 impie
2543 2056 2767 2125 scripsit
2800 2053 3215 2122 Samosatenus,
3264 2055 3386 2112 cum
3430 2072 3492 2111 ea

1915 2165 2036 2220 qua:
2090 2149 2271 2203 animo
2329 2148 2610 2202 volutabat
2657 2147 2931 2211 effecerit,
2993 2154 3157 2217 atque
3217 2145 3492 2203 Anomaeis

1912 2257 2030 2297 eam
2067 2240 2352 2309 paritatem
2404 2239 2730 2308 reliquerit:
2778 2239 2965 2310 Ἡμεῖς
3013 2237 3244 2310 λέγομεν
3276 2239 3492 2310 Πατέρα

1912 2328 2004 2382 nal
2033 2327 2159 2380 Υίδν
2192 2326 2286 2382 καὶ
2313 2325 2468 2395 ἅγιον
2497 2326 2741 2398 Πνεῦμα,
2774 2326 2847 2392 ὼς
2887 2327 3206 2391 ἐπίσκοπον,
3238 2327 3330 2380 καὶ
3359 2344 3494 2399 πρε-

1915 2415 2192 2488 σόύτερον,
2236 2416 2329 2472 καὶ
2375 2415 2620 2471 διάκονον
2655 2435 2667 2474 :
2700 2416 2813 2474 Nos
2865 2419 3092 2474 dicimus
3143 2419 3392 2489 Patrem,
3442 2431 3492 2475 et

1913 2505 2150 2573 Filium,
2198 2516 2246 2560 et
2278 2503 2537 2576 Spiritum
2595 2521 2837 2563 sanctum
2882 2527 2996 2566 esse
3048 2513 3222 2566 instar
3264 2515 3492 2582 episcopi

1908 2606 1957 2651 et
1985 2597 2271 2668 presbyteri
2299 2609 2347 2653 et
2373 2598 2581 2654 diaconi
2605 2597 2735 2671 (54).
2772 2599 2849 2656 Ac
2876 2617 3063 2656 revera
3096 2600 3489 2659 Samosatenus

1912 2706 2009 2760 pro
2050 2691 2304 2760 episcopo
2329 2691 2724 2745 Antichristum
2775 2692 2828 2746 in
2859 2695 3152 2763 semetipso
3200 2696 3470 2759 exhibuit,

1908 2780 2059 2836 homo
2102 2782 2320 2849 peccati,
2367 2783 2510 2851 ﬁlius
2556 2782 2887 2850 perditionis,
2934 2787 3022 2854 qui
3072 2787 3384 2841 aduersatur
3432 2801 3482 2843 et

1904 2872 2176 2925 extollitur
2225 2886 2387 2940 supra
2439 2888 2587 2925 omne
2631 2872 2766 2942 quod
2796 2871 2990 2926 dicitur
3024 2873 3182 2939 Deus,
3218 2885 3310 2929 aut
3344 2877 3484 2947 quod

1904 2962 2129 3026 colitur,
2179 2962 2258 3016 ita
2304 2970 2362 3014 ut
2406 2962 2459 3014 in
2509 2962 2698 3030 templo
2739 2961 2836 3017 Dei
2879 2963 3054 3019 sedeat
3106 2965 3384 3020 ostendens
3432 2986 3487 3023 se

1904 3061 2154 3121 tanquam
2180 3053 2248 3105 sit
2271 3050 2410 3106 Deus
2436 3051 2568 3120 (55).
2614 3054 2773 3124 Βῆμα
2806 3055 2901 3124 μὲν
2933 3055 3025 3109 καὶ
3066 3054 3253 3127 Θρόνον
3287 3058 3486 3129 ὑψηλὸν

1903 3143 2080 3215 ἑαυτῷ
2108 3143 2726 3214 κατασκευασάμενος...
2776 3146 2897 3207 τοῖς
2918 3143 2973 3198 δὲ
3002 3145 3076 3209 ὡς
3107 3146 3164 3199 ὲν
3192 3147 3324 3218 οἴκῳ
3353 3149 3488 3202 Θεοῦ

235 3255 295 3295 ea
330 3241 551 3294 ﬁctione
599 3239 837 3304 sublata,
885 3257 994 3296 non
1039 3242 1093 3297 in
1139 3211 1635 3314 conventu'aliquo
1667 3211 1830 3316 apou

1911 3234 2293 3309 σεμνοπρεπῶς
2325 3234 2417 3288 καὶ
2446 3234 2720 3298 εὐτάκτως
2747 3224 3054 3299 ἀκοῦουσιν,
3099 3237 3366 3308 ἐπιτιμῶν
3396 3243 3490 3294 καὶ

235 3331 501 3384 stolorum
533 3331 690 3400 quasi
726 3331 1025 3386 viventium
1059 3333 1255 3397 oratio,
1286 3341 1340 3387 at
1385 3332 1503 3403 ipsa
1537 3332 1802 3399 referatur

234 3419 514 3486 traditio;
559 3419 1013 3489 quemadmodum
1066 3435 1176 3474 non
1232 3420 1547 3478 dubitamus
1605 3423 1801 3481 iecisse

234 3508 568 3564 Clementem
625 3517 788 3579 atque
829 3508 1211 3582 Hippolytum,
1261 3514 1615 3583 gravissimos
1655 3515 1801 3572 viros

234 3606 286 3650 et
312 3598 712 3652 sanctissimos.
766 3597 849 3651 An
884 3613 1012 3652 vero
1056 3598 1290 3654 adhibito
1327 3602 1570 3655 examine
1616 3603 1799 3656 critico

234 3688 658 3751 accuratissima,
691 3689 892 3755 possint
919 3690 1257 3756 supposititia
1287 3707 1318 3743 a
1347 3691 1584 3761 genuinis
1613 3692 1802 3747 distin-

233 3783 322 3852 gui
342 3822 357 3845 ,
389 3791 438 3836 et
467 3783 542 3836 sic
578 3781 727 3836 nobis
761 3789 1050 3851 appareant
1079 3781 1250 3835 multa
1281 3784 1507 3851 genuina
1537 3783 1804 3852 apostolo.

235 3889 354 3926 rum
388 3882 744 3938 monumenta,
788 3874 935 3943 quod
983 3873 1087 3930 sibi
1138 3875 1310 3929 suasit
1338 3874 1442 3929 hoc
1493 3877 1694 3930 smculo
1721 3875 1802 3929 vir

235 3965 614 4035 antiquitatem
652 3963 1105 4021 Constitutionum
1156 3965 1298 4019 ultra
1343 3981 1506 4035 quam
1550 3981 1647 4036 par
1688 3974 1803 4021 erat

229 4056 521 4121 extollens,
565 4055 618 4112 id
655 4055 966 4126 huiusmodi
1009 4055 1186 4110 critici
1217 4055 1454 4112 viderint
1508 4058 1805 4114 accuratis-

231 4147 361 4208 simi
383 4145 517 4217 (52).

302 4237 365 4294 ll.
410 4236 614 4293 Paulus
638 4237 1017 4294 Samosatenus
1048 4255 1149 4293 non
1182 4253 1284 4292 uno
1314 4243 1427 4294 loco
1457 4254 1511 4293 se
1538 4238 1715 4308 prodit
1751 4239 1803 4292 in

235 4326 988 4398 Constitutionibus.—Nobis
1027 4325 1476 4382 Constitutionum
1511 4336 1803 4398 corrupto-

235 4435 349 4475 rem
378 4419 1038 4491 s_atestiudicasse.quem
1068 4417 1231 4471 etiam
1253 4418 1562 4487 loquentem
1594 4419 1801 4486 audire,

232 4525 297 4564 ac
315 4523 485 4580 prope
513 4507 686 4563 oculis
713 4507 909 4561 intueri
930 4505 974 4561 si
998 4505 1120 4576 quis
1165 4506 1293 4560 velit
1327 4506 1382 4560 in
1415 4506 1528 4561 haec
1563 4508 1806 4564 animad-

1901 3326 2263 3399 ὲνυσρίζων...
2299 3326 2794 3399 μεγαλορῤημονῶν
2825 3329 2952 3400 περὶ
3001 3329 3194 3383 ἑαυτοῦ
3241 3330 3491 3405 καθάπερ

1900 3417 1998 3472 οὐκ
2025 3419 2340 3482 ἐπίσκοπος,
2373 3418 2508 3472 ἀλλὰ
2540 3419 2798 3491 σοφιστὴς
2831 3421 2924 3472 καὶ
2952 3420 3104 3490 γόης.
3134 3420 3400 3493 Ψαλμοὺς
3434 3423 3490 3478 δὲ

1900 3511 2024 3573 τοὺς
2056 3510 2152 3581 μὲν
2182 3511 2260 3574 εἰς
2287 3511 2378 3564 τὸν
2406 3510 2608 3582 Κύριον
2656 3510 2811 3581 ἡμῶν
2854 3511 3057 3584 Ἰησοῦν
3087 3513 3321 3585 Χριστὸν
3351 3515 3490 3569 παύ-

1905 3615 2065 3664 σας...
2100 3603 2178 3665 είς
2207 3602 2397 3655 ἑαυτὸν
2425 3602 2480 3656 δὲ
2511 3604 2568 3654 ὲν
2601 3601 2742 3675 μέσῃ
2770 3605 2835 3673 τῇ
2868 3602 3135 3675 ἐκκλησίᾳ
3176 3608 3242 3676 τῇ
3277 3607 3490 3680 μεγάλῃ

1901 3690 1994 3744 τοῦ
2026 3689 2216 3762 Πάσχα
2257 3693 2439 3764 ἡμέρα
2478 3691 2786 3764 ψαλμῳδεῖν
2832 3697 3093 3761 γυναῖκας
3141 3699 3489 3768 παρασκευά-

1905 3779 2040 3846 ζων,
2071 3776 2145 3836 ὧν
2175 3783 2268 3836 καὶ
2295 3782 2536 3844 ἀκούσας
2564 3784 2627 3837 ἄν
2656 3799 2738 3845 τις
2769 3781 3025 3854 φρίξειεν.
3062 3783 3202 3839 Nam
3230 3798 3280 3840 et
3313 3788 3486 3841 tribu-

1904 3873 1995 3927 nal
2011 3883 2060 3926 et
2074 3874 2347 3929 sublimem
2378 3873 2620 3928 thronum
2639 3874 2736 3928 sibi
2757 3876 2865 3942 ipse
2883 3877 3270 3934 construxit...
3290 3895 3377 3933 eos
3395 3882 3486 3950 qui

1906 3980 2022 4018 cum
2048 3968 2302 4035 gravitate
2336 3983 2397 4020 ac
2424 3966 2679 4020 modestia
2720 3969 2854 4021 sicut
2885 3968 2938 4021 in
2983 3967 3138 4021 donto
3177 3968 3273 4024 Dei
3312 3971 3481 4036 decet,

1905 4056 2168 4122 audirent,
2202 4057 2502 4126 increpabat
2533 4067 2580 4111 et
2614 4059 2942 4112 contumeliis
2987 4059 3309 4128 aﬂiciebat...
3336 4061 3398 4116 de
3432 4081 3487 4119 se

1907 4156 2080 4200 autem
2115 4148 2225 4216 ipso
2269 4149 2545 4218 magniﬁce
2583 4149 2891 4219 loquebatur
2933 4167 3036 4204 non
3086 4160 3144 4204 ut
3189 4133 3483 4221 episcopus,

1904 4241 1993 4296 sed
2023 4252 2079 4301 ut
2109 4242 2340 4311 sophista
2376 4253 2423 4297 et
2456 4244 2729 4313 impostor.
2776 4243 2916 4311 Quin
2959 4245 3116 4299 etiam
3163 4247 3394 4315 psalmos
3426 4251 3482 4302 in

1905 4335 2150 4391 honorem
2176 4334 2389 4389 Domini
2431 4335 2748 4394 nostriJesu
2774 4335 2978 4390 Christi
3020 4337 3337 4394 abolevit....
3366 4356 3482 4392 mu-

1908 4426 2058 4481 lieres
2101 4443 2218 4482 vero
2268 4428 2320 4480 in
2365 4427 2534 4480 ntedio
2587 4393 2824 4482 ecclesiae
2887 4443 3076 4498 magno
3124 4428 3346 4484 Paschte
3399 4431 3485 4485 die

1906 4517 2138 4586 psalmos
2179 4518 2440 4588 quosdam
2492 4535 2677 4572 canere
2716 4519 2783 4571 ad
2814 4520 2897 4571 sui
2939 4520 3104 4588 ipsius
3139 4521 3348 4575 laudem
3401 4525 3484 4576 in-

233 4608 431 4656 vertat.
469 4598 525 4652 Ὀ
559 4597 966 4659 ὲπίσκοπος.....
990 4589 1144 4660 οὗτος
1172 4596 1356 4667 ἄρχων
1383 4598 1477 4650 καὶ
1506 4597 1805 4677 ἡγουμενος

1911 4608 2117 4671 stituit,
2169 4607 2306 4678 quod
2353 4607 2559 4678 quidem
2606 4605 2938 4662 audientibus
2986 4609 3254 4664 horrorem
3299 4615 3484 4668 merito

232 4690 403 4762 ὑμῶν.
452 4680 619 4752 Οὗτος
663 4687 816 4760 ὑμῶν
860 4685 1110 4758 βασιλεὺς
1156 4687 1250 4740 καὶ
1297 4686 1583 4760 δυνάστης.
1639 4684 1806 4756 Οὗτος

1911 4698 2205 4754 incusserit.
2280 4699 2406 4756 Haec
2459 4699 2646 4760 Patres
2697 4703 2772 4756 illi
2827 4704 3139 4772 gravissimi
3195 4716 3484 4775 postremae

229 4781 383 4854 ὑμῶν
426 4780 664 4848 ἐπίγειος
691 4778 821 4843 Θεὸς
864 4777 1001 4850 μετά
1026 4778 1178 4841 Θεὸν,
1211 4777 1268 4842 ὃς
1298 4779 1498 4847 ὀφείλει
1537 4783 1634 4853 τῆς
1675 4785 1803 4854 παρ’

1911 4789 2251 4846 Antiochense
2289 4791 2481 4863 synodi
2512 4791 2771 4846 damnare
2803 4801 3036 4863 pergunt
3090 4794 3145 4848 in
3178 4793 3348 4848 Paulo
3382 4795 3483 4849 Sa-

230 4875 382 4946 ὐμῶν
424 4875 588 4946 τιμῆς
628 4873 1030 4928 ἀπολαύειν.....
1061 4873 1090 4925 b
1119 4869 1229 4944 γὰρ
1270 4871 1565 4936 ἐπίσκοπος
1593 4889 1803 4944 προκα-

1911 4891 2186 4937 mosateno
2209 4882 2344 4953 (56),
2388 4897 2509 4952 quae
2559 4883 2684 4937 licet
2719 4883 2970 4952 protrita,
3026 4899 3204 4953 operas
3239 4887 3478 4954 pretium

229 4966 469 5031 Θεζέσθω
498 4965 668 5036 ὑμῶν,
699 4967 774 5030 ὡς
799 4965 933 5018 Θεοῦ
975 4963 1099 5035 ἀξίᾳ
1137 4963 1517 5035 τετιμημένος,
1549 4958 1583 5038 ᾖ
1615 4968 1806 5035 κρατεί

1911 4971 1993 5026 hic
2023 4971 2126 5026 fuit
2151 4971 2389 5038 referre;
2420 4978 2480 5026 ut
2508 4987 2572 5028 eo
2603 4973 2772 5042 magis
2810 4988 2936 5028 vera
2971 4973 3473 5044 deprehendantur,

229 5059 322 5114 τοῦ
365 5059 588 5130 κλήρου,
621 5059 716 5112 καὶ
749 5057 842 5110 τοῦ
873 5057 1002 5112 λαοῦ
1047 5056 1246 5119 παντὸς
1285 5057 1458 5127 ἄρχει.
1505 5057 1561 5110 '0
1597 5055 1652 5110 δὲ
1691 5056 1804 5111 διά-

1911 5061 2192 5132 lucemque
2268 5063 2540 5132 accipiant
2601 5079 2664 5118 ex
2713 5065 3083 5131 praemeditato
3135 5064 3478 5122 Samosateni

231 5168 386 5213 κονος
430 5150 604 5222 τούτῳ
640 5148 996 5222 παριστάσθω
1038 5149 1113 5212 ὡς
1155 5151 1182 5202 ὁ
1211 5147 1443 5219 Χριστὸς
1486 5147 1563 5218 τῷ
1604 5149 1799 5221 Πατρὶ,

1911 5151 2133 5208 consilio
2152 5192 2168 5216 ,
2217 5168 2326 5223 quo
2358 5153 2411 5206 in
2437 5144 2912 5208 Conslitutionibus
2935 5156 3296 5220 apostolorum
3319 5173 3479 5210 suum

231 5245 322 5296 nal.
362 5242 741 5314 λειτουργείτω
787 5240 933 5312 αὐτῷ
981 5240 1037 5293 ὲν
1086 5240 1250 5293 πᾶσιν
1299 5239 1622 5310 ἀμέμπτως,
1672 5239 1747 5304 ὡς
1775 5243 1802 5294 ὁ

1911 5242 2052 5297 virus
2113 5245 2449 5300 occuluerat.
2518 5243 2701 5320 Neque
2754 5244 2898 5299 enim
2953 5245 3253 5302 Ecclesium
3327 5248 3477 5301 illam

233 5331 463 5404 Χριστὸς
492 5335 582 5402 ἀφ’
613 5332 804 5386 ἑαυτοῦ
837 5331 1003 5386 ποιῶν
1031 5331 1201 5392 οὐδὲν,
1225 5329 1292 5384 τὰ
1320 5329 1524 5402 ἀρεστὰ
1553 5334 1699 5384 ποιεῖ
1725 5331 1801 5402 τῷ

1911 5331 2362 5402 ﬂorentissimam
2450 5344 2570 5404 post
2651 5321 3051 5389 Demetrianum
3128 5351 3480 5406 corrumpere

233 5424 407 5495 Πατρὶ
436 5424 683 5478 πάντοτε.
727 5425 788 5477 Ἠ
824 5423 880 5477 δὲ
914 5423 1158 5486 διάκονος
1202 5423 1281 5484 εἰς
1323 5421 1491 5475 τύπον
1519 5421 1612 5475 τοῦ
1644 5423 1798 5490 ἁγίου

1911 5423 2035 5478 adeo
2063 5425 2354 5493 potuisset,
2398 5436 2453 5479 ut
2485 5426 2666 5494 plures
2707 5426 2933 5480 haberet
2979 5426 3140 5481 etiam
3183 5427 3475 5497 episcopos

456 5559 642 5637 ξιιοι..
670 5561 789 5615 cod.
816 5575 971 5637 CXJil.
2122 5557 2344 5637 Constit.
2393 5562 2548 5637 ap.‘_n
2573 5599 2587 5622 ,
2612 5558 2700 5637 ﬂii.

306 5627 419 5700 (50)
460 5630 684 5701 Constit.
721 5630 976 5701 vm,__55_._

1911 5695 1932 5701 _
1971 5627 2081 5701 (_5_4)
2121 5631 2362 5701 AllOlllac.
2416 5629 2770 5701 Arian._liial.
2820 5629 2859 5687 ι,
2921 5629 2989 5680 De
3019 5630 3164 5683 Trin.
3229 5634 3328 5686 int.
3379 5648 3470 5701 op.

307 5695 417 5767 (5i)
456 5702 557 5770 Ap.
595 5697 995 5770 Eusebtﬂulf.
1038 5717 1134 5758 vn.
1162 5701 1248 5753 50.
1328 5769 1335 5770 γ

1911 5695 1956 5750 5.
1989 5696 2306 5770 bl_ax.__cmtf.
2355 5708 2394 5754 t.
2433 5698 2494 5758 Ii,
2526 5715 2580 5770 [ι.
2611 5698 2734 5753 406.

305 5765 414 5824 (5⁸2⁷»
456 5765 745 5833 Baratter.,
783 5768 858 5824 De
887 5765 1067 5823 Const.
1107 5779 1272 5836 «post.
1309 5769 1530 5825 dissert.
1577 5773 1630 5826 Ξ.
1673 5784 1792 5839 pag.
1970 5766 2083 5906 :55;
2124 5765 2164 5818 ll
2199 5766 2392 5832 Thess.
2419 5785 2476 5830 ll,
2510 5769 2561 5821 4.
2627 5837 2640 5848 η

307 5841 354 5894 4.
1995 5835 2060 5890 56
2123 5837 2224 5906 Ap.
2260 5837 2454 5893 Euseb.
2491 5837 2536 5890 II
2596 5837 2635 5889 1‘.

237 5838 354 5894 984.
1140 5835 1146 5836 ⁷
1674 5835 1684 5836 ί
1749 5835 1766 5839 ⁷

1970 5835 2083 5906 (56)
2123 5837 2224 5908 Ap.
2260 5837 2454 5893 Euseb.
2491 5837 2536 5890 II
2596 5837 2659 5891 Ε.
2694 5850 2789 5902 vn,
2817 5839 2907 5892 50.
