4074 6330
316 363 420 419 535

1120 350 1714 415 CONSTITUTIONES
1746 346 2220 405 APOSTOLICAS—
2245 381 2307 388 ——
2335 346 2680 402 ΡιιοειῑΜιΑ

3445 342 3546 399 551

318 478 545 533 omnino
598 477 792 546 probat
831 473 1085 530 Petavius
1130 472 1479 543 (64);]urene
1529 484 1596 522 an
1641 466 1881 534 injuria,
1911 469 1957 526 Α
1985 461 2557 528 saltatu—Quoniam
2594 475 2723 515 vero
2741 465 3068 528 postremum
3103 455 3546 510 Constitutionum

319 586 423 626 suo
471 570 593 624 loco
644 569 1042 638 inspiciendum
1088 565 1213 620 erit.
1269 563 1412 629 Quin
1463 561 1624 616 etiam
1665 557 1882 626 liturgia

319 676 487 731 quam
540 660 804 716 exhibent
854 657 1285 717 Constitutiones,
1311 652 1553 706 Romana
1601 656 1706 712 est,
1765 661 1885 716 quae

323 754 503 808 adhuc
556 754 610 807 in
651 751 934 821 pervigilio
970 747 1256 800 Paschalis
1302 742 1569 814 praecipua
1608 740 1694 794 sui
1734 745 1886 808 parte

321 855 592 903 servatur.
629 844 763 900 Nam
809 851 862 899 et
903 841 1152 897 Justinus
1196 839 1398 908 Martyr
1439 834 1683 890 eamdem
1728 832 1883 884 litur-
1930 864 1933 869 ι

315 939 468 1011 giam
499 938 770 1008 designat,
801 949 864 989 ac
887 933 1072 988 Romae
1120 931 1366 987 scribens
1408 943 1515 981 non
1543 927 1702 979 aliam
1743 923 1886 976 indi-

317 1036 522 1085 casset.
569 1026 832 1093 Quamvis
883 1011 1064 1079 autem
1102 1023 1158 1076 in
1188 1036 1253 1076 eo
1282 1019 1623 1074 consentiant
1663 1014 1882 1076 eruditi,

314 1119 466 1191 quod
502 1117 704 1172 Justini
750 1123 802 1171 et
845 1114 1290 1172 Constitutionum
1333 1125 1441 1164 una
1482 1109 1555 1164 sit
1589 1106 1887 1175 eademque

315 1207 559 1278 liturgia,
610 1205 966 1260 nihilominus
1008 1205 1308 1258 Romanam
1346 1199 1514 1254 fuisse
1553 1204 1771 1267 negant,
1806 1203 1888 1248 at-

313 1316 429 1371 que
457 1300 525 1353 ab
566 1297 783 1353 Oriente
827 1301 1099 1365 repetunt.
1151 1291 1306 1357 Quod
1357 1303 1582 1344 necesse
1630 1301 1739 1340 non
1778 1293 1884 1349 est,

309 1370 447 1446 cum
500 1391 556 1443 in
585 1387 879 1444 Occidente
928 1385 1110 1455 potius
1154 1385 1208 1436 in
1253 1398 1354 1437 usu
1401 1379 1597 1442 fuerit,
1647 1377 1888 1452 adeoque

311 1479 495 1534 Graeci
521 1493 639 1533 eam
668 1479 987 1546 plerumque
1012 1474 1314 1529 omiserunt
1353 1472 1406 1524 in
1434 1469 1548 1525 suis
1583 1467 1884 1522 codicibus.

314 1570 543 1625 Accedit
595 1568 653 1624 S.
671 1567 848 1622 Procli
881 1562 1470 1634 ConstantinOpolitani
1517 1559 1884 1615 testimonium

257 1693 270 1700 -
317 1662 559 1732 insigne,
586 1659 679 1731 qui
710 1659 953 1713 omnium
984 1657 1211 1728 primam
1242 1671 1360 1709 eam
1391 1653 1663 1722 liturgiam
1700 1666 1888 1708 recen-

311 1763 405 1808 set
430 1772 443 1806 :
473 1753 537 1805 ’Ὀ
565 1770 623 1804 τε
667 1750 932 1822 μακάριος
972 1748 1202 1818 Κλήμης
1223 1786 1237 1808 ,
1283 1747 1310 1798 ὁ
1338 1743 1432 1797 τοῦ
1459 1741 1754 1813 κορυφαίου
1782 1741 1888 1794 τῶν

310 1843 630 1897 ἀποστόλων
671 1841 917 1913 μαθητὴς
953 1840 1047 1893 καὶ
1101 1837 1360 1906 διάδοχος,
1394 1835 1540 1904 αὐτῷ
1579 1834 1685 1886 τῶν
1730 1831 1888 1902 ἱερῶν

314 1934 630 1987 ἀποστόλων
680 1931 1171 2003 ὐπαγορευσάντων
1203 1945 1217 1980 :
1265 1928 1458 1981 Beatus
1494 1926 1740 1980 nimirum
1770 1921 1890 1976 Cle-

315 2042 465 2079 mens
495 2025 688 2078 summi
727 2023 872 2077 illius
908 2021 1270 2090 apostolorum
1308 2018 1559 2087 principis
1599 2014 1888 2083 discipulus

313 2127 369 2170 et
399 2132 686 2180 successor,
710 2117 798 2184 qui
825 2114 993 2167 sacris
1023 2111 1274 2181 apostolis
1314 2112 1361 2165 ei
1389 2109 1709 2164 dictantibus
1740 2108 1888 2161 illam

314 2207 487 2262 edidit
513 2202 646 2280 (65).
694 2207 808 2260 Hoc
833 2205 1149 2285 testimonio
1181 2218 1304 2256 cum
1335 2208 1652 2272 premantur
1681 2199 1772 2268 qui
1804 2201 1896 2256 ni-.

317 2301 492 2353 mium
523 2315 581 2353 se
613 2298 801 2353 faciles
836 2297 903 2352 ad
928 2294 1248 2366 ejurandam
1295 2294 1580 2349 veritatem
1629 2292 1886 2362 praebent.

317 2399 525 2460 negant
589 2389 646 2446 S.
670 2388 848 2444 Procli
901 2403 1055 2452 esse;
1109 2387 1312 2455 quique
1357 2384 1494 2438 adeo
1550 2384 1761 2437 ratione
1810 2382 1888 2436 uti

316 2480 595 2544 nolentes,
629 2477 937 2534 dimittendi
970 2483 1116 2532 sunt.
1168 2469 1435 2540 Quoniam
1474 2487 1603 2528 vero
1642 2472 1891 2526 animad-

316 2575 609 2635 vertimus,
643 2550 995 2640 Hippolytum
1046 2567 1476 2639 παρονομασίαις
1523 2566 1605 2620 vel
1649 2565 1890 2618 annomi-

315 2665 622 2721 nationibus
645 2663 970 2724 delectatum
1000 2675 1142 2722 esse,
1168 2656 1479 2726 hujusmodi
1519 2655 1795 2726 ingenium
1833 2655 1888 2709 in

317 2753 795 2813 Constitutionibus
839 2766 1056 2821 quoque
1100 2753 1159 2803 se
1202 2747 1403 2818 prodit,
1434 2747 1526 2801 ubi
1556 2759 1888 2816 paganorum

317 2845 666 2902 sacriﬁculos
697 2857 804 2896 non
834 2841 1152 2901 sacerdotes,
1184 2837 1382 2907 ἱερέας,
1418 2836 1647 2905 appellat
1675 2842 1886 2898 auctor,

316 2937 418 2993 sed
452 2934 709 3005 μηιερὲας
734 2932 1004 3001 profanos,
1039 2927 1433 2996 immundosque
1472 2925 1584 2995 (66)
1630 2923 1889 2993 quemad-

317 3023 541 3078 modum
581 3030 636 3076 et
670 3020 929 3090 Sibyllam
961 3017 1225 3071 Ἀϐυλλαν
1255 3017 1391 3071 dixit
1421 3015 1575 3084 quasi
1632 3013 1886 3084 ἀδούλην,

314 3113 672 3170 inconsultam
709 3127 773 3166 ac
795 3111 1101 3165 dementem.
1135 3107 1241 3162 Sed
1270 3114 1324 3162 et
1346 3104 1616 3175 Hippolyti
1641 3104 1884 3158 doctrina
1917 3126 1959 3186 ρ

315 3208 511 3265 eadem
544 3207 645 3261 fuit
687 3207 742 3260 in
768 3201 1241 3260 Constitutionibus
1274 3199 1506 3268 aliisque
1552 3198 1667 3253 suis
1707 3198 1888 3266 operi-

315 3300 447 3363 bus,
477 3299 734 3376 nimirum
768 3296 1032 3350 catholica
1064 3310 1076 3344 :
1112 3291 1449 3362 Epiphanius
1479 3295 1626 3344 certe
1654 3288 1721 3343 de
1749 3287 1888 3342 Con-

315 3391 658 3445 stitutionum
682 3378 872 3442 Vcodice
894 3386 1057 3441 verba
1102 3383 1327 3445 faciens,
1353 3383 1407 3435 in
1429 3395 1588 3451 quem
1617 3393 1724 3432 non
1753 3379 1888 3432 adeo

318 3483 675 3552 depravatum
714 3477 1000 3540 inciderat,
1029 3476 1132 3530 hoc
1161 3474 1430 3544 judicium
1453 3471 1706 3542 protulit:
1733 3472 1888 3523 Πᾶσα

315 3573 432 3643 γὰρ
461 3573 518 3625 ὲν
547 3570 694 3641 αὐτῷ
723 3569 975 3640 κανονικὴ
1004 3567 1153 3631 τάξις
1181 3565 1497 3636 ἐμφέρεται,
1529 3563 1621 3615 καὶ
1649 3562 1764 3643 οὐδὲ
1791 3561 1890 3630 τῆς

315 3634 779 3733 ἐκκλησιαστίκῆς
839 3634 1185 3728 διοικήσεως,
1216 3634 1335 3709 Ἵκαὶγ
1377 3654 1596 3716 κανόνος
1651 3634 1743 3705 καὶ
1800 3651 1890 3703 πί·

317 3771 513 3817 στεως.
546 3753 729 3808 Omnis
753 3752 935 3822 quippe
964 3749 1245 3803 canonicus
1275 3749 1403 3800 ordo
1426 3747 1488 3799 in
1517 3746 1627 3813 ipso
1659 3744 1889 3798 contine-

316 3852 430 3907 tur,
467 3852 516 3896 et
549 3827 681 3895 nihil
709 3858 740 3894 a
767 3839 868 3908 ﬁde
902 3839 1166 3900 alienant,
1217 3834 1691 3902 adulteratumque,
1731 3846 1890 3900 neque

313 3952 355 3988 a
379 3932 721 4001 confessione,
750 3945 907 3999 neque
936 3927 1000 3980 ab
1028 3924 1384 3981 ecclesiastica
1408 3921 1886 3983 administratione,

312 4035 373 4081 et
398 4040 610 4090 canone,
656 4037 718 4075 ac
753 4019 874 4089 ﬁde.
914 4017 1058 4083 Quin
1105 4015 1268 4070 etiam
1301 4013 1528 4066 ulterius
1569 4024 1889 4079 progressus

312 4123 429 4180 est,
460 4113 786 4181 easdemque
814 4106 1232 4163 Constitutiones
1273 4102 1410 4155 θεῖον
1437 4099 1615 4169 λόγον,
1655 4099 1888 4181 divinum

313 4177 611 4262 sermonem
635 4177 923 4271 appellavit
946 4197 1079 4267 (67).
1105 4194 1245 4260 Quid
1269 4193 1317 4248 si
1344 4190 1402 4247 ὃ.
1421 4190 1754 4262 Epiphanius
1779 4177 1888 4259 (68)

313 4300 695 4365 incorruptam
723 4291 952 4346 vidisset
1002 4302 1066 4342 ac
1113 4288 1382 4342 sinceram
1406 4281 1679 4353 Hippolyti
1727 4280 1891 4335 colle-

313 4387 595 4444 ctionem?
628 4383 780 4437 Hanc
825 4381 971 4437 enim
1022 4383 1284 4450 perpetuo
1328 4373 1567 4438 διάταξιν
1596 4373 1681 4427 vel
1706 4369 1891 4424 διατά-

1986 556 2206 616 librum,
2253 555 2344 623 qui
2396 562 2623 607 octavus
2652 559 2756 615 est,
2814 549 3132 604 nominatim
3186 549 3238 602 in
3270 547 3551 603 codicibus

1986 645 2269 716 Hippolyto
2295 645 2563 700 tributum
2584 644 2821 700 Canones
2846 641 3201 710 apostolorum
3226 648 3549 710 sequuntur,

1984 735 2051 791 de
2100 736 2235 806 ipsis
2287 735 2492 804 aliquid
2529 743 2614 790 est
2657 732 3074 802 subjiciendum.
3119 729 3269 783 Hanc
3301 728 3550 798 equidem

1984 825 2356 880 collectionem
2384 831 2749 895 pervetustam
2792 837 2914 877 esse
2944 829 3068 876 ante
3102 822 3319 876 concilii
3348 819 3551 874 Nicazni

1985 925 2263 986 tempora,
2316 932 2440 970 cum
2473 915 2774 987 erigidiores
2830 915 3010 970 critici
3059 914 3348 977 fateantur,
3415 914 3552 968 nihil

1986 1021 2116 1061 sane
2167 1006 2223 1060 in
2269 1007 2460 1061 eadem
2503 1007 2743 1064 occurrit
2790 1007 2933 1077 quod
2966 1004 3236 1076 Hippolyti
3287 1019 3400 1058 aevo
3444 1021 3552 1058 non

1985 1098 2274 1151 conveniat
2305 1116 2319 1152 :
2353 1098 2526 1168 ipsius
2554 1099 2800 1168 quinimo
2861 1099 3134 1167 ingenium
3163 1096 3342 1167 prodit
3375 1113 3553 1152 canon

1986 1188 2052 1243 de
2072 1187 2362 1253 Paschate,
2395 1205 2464 1243 ne
2494 1190 2800 1263 celebretur
2844 1191 2949 1260 πρὸ
2976 1190 3072 1260 τῆς
3102 1190 3322 1260 ἐαρινῆς
3367 1191 3557 1260 ἰσημε-

1989 1278 2109 1348 ρίας
2139 1279 2277 1348 μετὰ
2311 1278 2601 1343 Ἰουδαίων,
2641 1289 2764 1332 ante
2796 1296 3005 1332 vernum
3029 1280 3396 1348 wquinoctium
3438 1296 3562 1334 cum:

1986 1366 2189 1421 Judaeis
2208 1384 2226 1430 ;
2255 1369 2348 1438 qui
2380 1371 2566 1439 utique
2593 1368 2821 1424 debetur
2852 1370 3074 1439 synodis
3106 1369 3207 1423 hac
3235 1371 3302 1424 de
3333 1387 3390 1425 re
3421 1386 3553 1424 coa-

1989 1458 2090 1512 ctis
2131 1459 2386 1528 pontiﬁce
2435 1457 2692 1520 Victore,
2751 1457 2892 1513 unde
2943 1467 3320 1528 argumentum
3368 1459 3560 1514 habuit-

1989 1543 2315 1618 Hippolytus
2362 1548 2651 1617 evulgandi
2699 1548 2893 1601 librum
2920 1547 2996 1601 De
3022 1547 3303 1612 Paschate,
3351 1565 3413 1602 ac
3462 1549 3556 1603 de-

1990 1636 2114 1691 inde
2148 1637 2464 1693 Paschalem
2494 1636 2788 1694 Canonem.
2839 1635 3109 1694 Plurimos
3153 1655 3221 1692 ex
3272 1639 3422 1694 hisce
3465 1654 3556 1695 ca-

1988 1727 2224 1781 nonibus
2253 1728 2321 1783 ab
2347 1727 2587 1782 Ecclesia
2614 1726 2859 1780 Romana
2901 1726 3067 1782 fuisse
3096 1736 3341 1797 receptos
3370 1729 3558 1797 explo-

1989 1824 2170 1869 ratum
2198 1825 2304 1880 est,
2345 1819 2490 1886 quod
2535 1818 2759 1872 minime
2804 1818 3006 1872 factum
3042 1805 3210 1883 esset,
3237 1820 3283 1873 si
3318 1835 3558 1875 canones

1990 1909 2127 1962 alios
2170 1906 2323 1965 E.B.
2359 1917 2631 1964 servasset
2681 1911 2749 1966 ab
2795 1910 2880 1966 his
2921 1911 3186 1965 diversos.
3242 1910 3397 1966 Unde
3427 1928 3556 1966 vero

1990 1994 2232 2054 Ecclesia
2253 1994 2495 2050 Romana
2527 2013 2767 2054 canones
2794 2001 3116 2068 accepisset,
3147 2001 3255 2056 nisi
3285 2014 3314 2052 a
3345 2002 3557 2071 seipsa?

1990 2085 2156 2156 quue
2197 2087 2332 2142 adeo
2362 2103 2547 2143 verum
2581 2097 2686 2154 est,
2720 2099 2778 2144 ut
2810 2091 3099 2162 Zephyrini
3144 2094 3413 2163 pontiﬁcis
3458 2112 3558 2149 no-

1989 2193 2112 2231 men
2161 2178 2353 2234 iisdem
2396 2181 2698 2235 canonibus
2732 2183 3110 2250 praeminatur,
3153 2185 3245 2257 qui
3293 2186 3362 2238 ah
3391 2185 3452 2240 E.
3483 2175 3551 2241 Κ.

1989 2269 2204 2340 probati
2238 2278 2365 2323 sunt
2395 2263 2534 2340 (69).
2580 2271 2805 2327 Temere
2847 2282 3027 2328 autem
3059 2284 3401 2346 assumptum
3434 2294 3557 2333 esse

1988 2375 2187 2415 nomen
2231 2361 2556 2433 Zephyrini,
2617 2379 2740 2416 cum
2786 2380 2973 2418 revera
3019 2367 3120 2420 sub
3167 2367 3287 2436 ipso
3335 2369 3554 2434 vixerit,

1989 2453 2377 2524 scripseritque
2439 2453 2798 2527 Hippolytus,
2874 2473 3035 2512 nemo
3104 2459 3206 2514 sibi
3281 2463 3553 2527 suaserit,

1988 2545 2238 2615 quamvis
2276 2547 2505 2614 epistola
2553 2548 2697 2602 illius
2739 2548 2958 2603 nomine
2989 2549 3218 2610 conﬁcta
3252 2555 3339 2607 sit.
3371 2552 3558 2624 Neque

1989 2653 2116 2692 vero
2133 2637 2456 2709 Hippolytus
2486 2640 2658 2693 inscio
2675 2640 2757 2694 vel
2780 2641 2996 2696 nolente
3025 2644 3280 2710 pontiﬁce
3317 2635 3559 2710 intabu-

1990 2729 2124 2783 laria
2154 2739 2458 2800 penetrare,
2480 2745 2542 2784 ac
2574 2731 2886 2786 reconditos
2908 2747 3145 2788 canones
3164 2734 3216 2789 in
3239 2735 3413 2791 lucem
3440 2739 3556 2808 pri-

1989 2836 2109 2874 mus
2128 2821 2288 2876 edere
2311 2812 2599 2892 potuisset;
2617 2824 2733 2879 utsi
2765 2821 3056 2893 Zephyrini
3078 2818 3375 2883 auctoritas
3397 2828 3561 2884 inter-

1989 2915 2238 2977 cesserit,
2274 2914 2446 2984 ipsius
2494 2927 2692 2969 nomen
2739 2915 2938 2969 alicubi
2987 2917 3041 2970 in
3093 2934 3190 2973 sua
3237 2920 3558 2976 collectione

1989 3004 2407 3060 commendasse
2454 3004 2844 3076 Hippolytum,
2896 3014 2990 3062 aut
3043 3014 3189 3063 certe
3240 3012 3322 3064 sui
3377 3014 3558 3081 operis

1985 3103 2204 3165 tempus
2249 3097 2571 3168 designasse
2611 3095 2821 3166 Opinari
2865 3097 3044 3152 liceat.
3094 3097 3150 3153 In
3181 3092 3402 3158 Oriente
3437 3105 3561 3173 qui-

1990 3187 2110 3240 dem
2154 3203 2217 3242 ea
2263 3189 2498 3243 obtinuit
2545 3189 2846 3252 sententia,
2899 3198 3136 3245 canones
3187 3195 3558 3261 apostolorum

1991 3275 2159 3332 fuisse
2197 3278 2268 3332 ab
2297 3277 2586 3358 Hippolyto
2636 3280 2916 3342 collectos,
2959 3281 3101 3334 unde
3141 3289 3195 3336 et
3234 3284 3300 3337 ad
3333 3300 3558 3339 canones

1991 3372 2345 3436 apostolorum
2381 3387 2476 3441 per
2510 3371 2851 3442 Hippolytum
2896 3373 3163 3443 allegant,
3207 3376 3563 3444 quemadmo-

1990 3461 2118 3516 dum
2147 3461 2384 3517 Joannes
2410 3461 2666 3517 Darensis
2686 3502 2701 3527 ,
2733 3462 2824 3532 qui
2854 3478 2951 3517 vm
2982 3474 3034 3518 et
3071 3480 3128 3517 ix
3163 3470 3362 3521 saeculo
3402 3467 3565 3534 vixit,

1990 3555 2230 3609 ostendit
2268 3554 2538 3609 neminem
2583 3569 2684 3608 suo
2723 3569 2837 3609 aevo
2865 3553 3166 3618 dubitasse,
3193 3556 3327 3627 quin
3356 3555 3562 3629 Hippo-

1990 3647 2136 3717 lytus
2160 3644 2324 3700 fuerit
2359 3645 2673 3700 eorumdem
2704 3660 2975 3700 canonum
3005 3645 3182 3701 editor

1998 3809 2194 3891 μ..)
2238 3763 2606 3872 LW"
2614 3806 2646 3880 ρ
2698 3767 3032 3873 Lac—La
3073 3770 3184 3870 el
3237 3773 3562 3905 «ira

2689 3938 2975 4056 εοεαε
3014 3922 3554 4059 ωερε..)

1992 4081 2144 4147 Quod
2173 4081 2380 4152 quidem
2418 4089 2468 4134 et
2506 4097 2743 4152 canones
2770 4082 3156 4148 apostolorum,
3185 4084 3274 4152 qui
3300 4099 3390 4152 per
3423 4083 3560 4154 Ilip-

1989 4174 2247 4244 polytum,
2307 4171 2616 4241 prmeipiunt
2669 4169 2802 4240 (70).
2849 4171 3039 4226 Sermo
3093 4180 3210 4228 erat
3265 4174 3331 4228 de
3386 4176 3562 4243 primo

1991 4264 2363 4335 apostolorum
2407 4277 2620 4317 canone
2655 4281 2667 4316 :
2711 4261 3002 4332 Episcopus
3046 4280 3079 4318 a
3107 4264 3309 4319 duobus
3339 4277 3431 4319 aut
3465 4271 3564 4321 tri.

1993 4360 2087 4415 bus
2137 4360 2393 4430 episcopis
2453 4359 2744 4414 ordinetur.
2792 4357 3033 4428 Denique
3086 4360 3202 4429 ipse
3230 4358 3561 4433 Hippolytus

316 4481 456 4548 ξεις,
500 4476 939 4532 Constitutionem
975 4478 1029 4526 et
1060 4459 1470 4524 Constitutiones
1522 4461 1888 4533 apostolorum
1920 4468 1964 4521 D
1993 4454 2135 4507 hanc
2165 4453 2486 4508 sententiam
2528 4453 2817 4512 Conﬁrmat
2850 4453 2957 4508 alio
2998 4453 3051 4504 in
3091 4467 3254 4521 opere
3281 4454 3426 4521 quod
3464 4470 3563 4530 pou

314 4543 478 4639 dicit,
508 4581 792 4644 propterea
823 4567 967 4639 quod
990 4567 1101 4636 jam
1132 4564 1353 4634 proprio
1383 4562 1600 4615 nomine
1646 4559 1704 4612 in
1749 4557 1884 4628 ipsis
1990 4544 2316 4599 διετίοτίδυε
2383 4543 2542 4597 annis
2605 4543 2945 4597 eluCubravit
2999 4558 3012 4593 :

316 4667 534 4725 inducti
582 4672 739 4720 erant
786 4659 1057 4730 apostoli,
1132 4663 1391 4724 tanquam
1439 4650 1775 4722 legislatores
1823 4663 1887 4703 ac

313 4757 571 4832 magistri
611 4753 914 4811 doctrinam
953 4757 1006 4804 et
1033 4752 1300 4818 praecepta
1345 4741 1701 4818 proferentes.
1751 4739 1884 4809 Hip-

318 4830 543 4923 polytus
573 4854 752 4899 autem
788 4839 1008 4896 nonnisi
1049 4835 1343 4908 παράδοσιν
1365 4830 1742 4902 ἀποστολικήν,
1777 4838 1886 4882 tra-

320 4920 579 4996 ditionem
617 4933 1352 5006 apostolicam,exposuerat,
1398 4939 1521 4994 quae
1554 4923 1655 4986 illa.
1674 4920 1890 4975 ﬁctione

319 5029 663 5101 loquentium
694 5023 1064 5096 apostolorum
1083 5033 1192 5073 non
1214 5015 1506 5086 indigebat.
1531 5011 1669 5066 Hinc
1697 5025 1888 5079 suspe-

321 5131 432 5180 cta:
471 5121 710 5195 primum
761 5113 1214 5175 Constitutiones,
1271 5106 1471 5164 deinde
1531 5105 1693 5160 etiam
1750 5103 1890 5156 inter

323 5190 641 5288 apocrypha
670 5210 874 5269 relatae,
895 5203 1066 5261 veluti
1091 5202 1159 5257 ab
1183 5199 1440 5254 haereticis
1470 5190 1748 5264 corruptae.

401 5304 494 5362 Vl.
535 5303 612 5358 De
648 5299 951 5358 Canonibus
992 5293 1314 5365 apostolicis.
1369 5290 1451 5344 An
1495 5287 1558 5341 ab
1605 5285 1888 5354 Hippolyto

402 5419 764 5492 (64lPetav.,
809 5413 989 5470 Theol.
1039 5411 1207 5482 Dogm
1237 5449 1252 5474 ,
1284 5423 1383 5471 xu,
1409 5404 1510 5471 10;
1541 5400 1767 5460 Constit.
1812 5415 1887 5463 v1,

321 5490 612 5703 μῖθὸῧοὲ.
639 5557 818 5613 Procl.
838 5595 852 5617 ,
888 5553 986 5623 Ep.
1025 5553 1088 5606 de
1121 5549 1302 5603 tradit.
1326 5548 1430 5629 div.
1462 5545 1609 5598 miss.

426 5562 518 5701 ssi
559 5630 811 5689 Maium,
844 5623 1009 5693 Prw].
1043 5623 1099 5676 in
1139 5619 1443 5683 S.Justtn.,
1471 5633 1521 5686 p.
1561 5629 1609 5668 ll

426 5609 518 5693 sisi
556 5609 816 5689 manu;
843 5609 1009 5693 Prlia].
1043 5623 1099 5676 in
1139 5619 1443 5683 suum,
1471 5633 1521 5686 p.
1561 5629 1621 5676 ιι,
1649 5612 1735 5677 to,
1771 5611 1805 5664 ε
1840 5618 1892 5665 et
1997 5609 2170 5693 Qriq.,
2197 5626 2230 5693 ρ

323 5715 519 5780 ἀἰςζ
562 5769 595 5780 ..
708 5770 737 5780 ,.

402 5762 513 5832 (6'7)
555 5769 778 5827 Constit.
817 5783 876 5834 ιι,
909 5764 998 5832 28,
1034 5770 1086 5818 et
1116 5779 1168 5828 ν,
1201 5762 1246 5816 7.

3067 4538 3227 4596 Οἶκον
3272 4544 3406 4597 Θεοῦ
3461 4547 3562 4619 τὴν

1999 4637 2341 4708 Ἐκκλησίαν,
2397 4635 2785 4688 ἐπιστέλλων-ὁ
2823 4634 3031 4699 Παῦλος
3077 4635 3325 4708 Τιμοθέῳ
3371 4636 3557 4690 καλεῖς

1986 4732 2128 4784 Ἐὰν
2161 4729 2230 4782 δὲ
2252 4729 2554 4797 βραδύνω,
2573 4729 2674 4782 ἵνα
2701 4725 2865 4795 εἰδῇς
2885 4726 3010 4794 πῶς
3035 4727 3131 4781 δεῖ
3150 4728 3219 4781 ἐν
3242 4729 3383 4792 οἴκῳ
3413 4730 3561 4784 Θεοῦ

1986 4821 2491 4890 ἀναστρέφεσθαι,
2525 4821 2657 4888 ἥτις
2698 4819 2871 4874 ἐστιν
2912 4809 3239 4886 Ἐκκλησία
3276 4822 3381 4875 τοῦ
3413 4822 3562 4876 Θεοῦ

1987 4913 2219 4979 ζῶντος.
2251 4912 2454 4966 Τούτου
2497 4911 2589 4965 τοῦ
2631 4912 2780 4965 οἴκου
2819 4910 3002 4978 ἀγαθὰ
3028 4909 3097 4963 τὰ
3123 4911 3215 4964 τοῦ
3246 4912 3560 4982 Πνεύματος

1987 5005 2316 5078 χαρίσματα,
2344 5004 2414 5058 τά
2439 5021 2499 5056 τε
2528 5004 2654 5074 περὶ
2682 5002 2926 5074 Τριάδος,
2963 5002 3057 5056 καὶ
3083 5001 3151 5054 τὰ
3176 5001 3337 5055 λοιπὰ
3359 5002 3562 5074 δόγμα-

1988 5115 2084 5161 τα,
2114 5099 2225 5150 οἵτε
2269 5096 2658 5168 παραδοθέντες
2700 5095 2804 5148 ὑπὸ
2846 5092 2953 5147 τῶν
3017 5094 3325 5151 ἀποστόλων
3370 5095 3560 5166 θεσμοὶ

1990 5192 2082 5244 καὶ
2109 5191 2345 5252 κανόνες.
2409 5189 2495 5241 Ἐν
2525 5188 2582 5241 δὲ
2609 5186 2782 5257 τούτῳ
2823 5186 3151 5256 θαυμαστῶς
3241 5187 3409 5258 ἀρετὴ
3439 5187 3561 5240 ἐπι-

1988 5284 2240 5347 τελεῖται,
2282 5281 2587 5353 καλουμένη
2629 5278 2959 5349 δικαιοσύνη.
3010 5277 3235 5332 Domum
3265 5279 3360 5333 Dei
3409 5293 3565 5335 vocat

2063 5396 2177 5470 (68)
2216 5395 2274 5470 §J
2302 5394 2594 5470 Epiphan.,
2630 5393 2768 5470 han:1
2791 5391 3013 5470 [31,th
3032 5409 3046 5457 ;
3065 5399 3119 5446 et
3147 5392 3278 5447 haer.
3308 5407 3476 5458 Lxxx,
3505 5395 3554 5450 7.

2064 5459 2180 5536 (69)
2216 5459 2466 5536 Distinet.
2499 5480 2612 5528 xw,
2645 5463 2700 5528 2,
2734 5461 2888 5536 Decr.
2909 5459 3072 5536 _(_}ra_t.

2063 5529 2178 5609 (70)
2218 5534 2547 5609 lo.‘l)a_r_en_s
2596 5549 2683 5603 ap.
2732 5531 2868 5609 libr;
2909 5529 3146 5609 Ecchell.
3171 5533 3260 5609 pe
3290 5532 3434 5609 Eccl.
3467 5535 3556 5589 Al.

2235 5604 2477 5662 .191".
2502 5599 2708 5660 Assem.
2736 5603 2800 5658 Β.
2827 5602 2892 5657 0.
2925 5608 2964 5656 t.
2991 5599 3055 5664 ll,
3090 5618 3142 5671 p.
3165 5605 3185 5657 l
3206 5605 3286 5666 l8,
3318 5613 3366 5656 et
3391 5605 3557 5670 Cave,

1997 5680 2066 5734 Η.
2099 5676 2155 5732 L.
2196 5676 2234 5732 ἱ.
2263 5676 2326 5740 ll,
2368 5693 2419 5747 p.
2449 5676 2561 5730 tsi.
