4096 6318
595 350 700 409 555

1427 352 1480 404 S.
1516 350 1911 407 CLEMENTIS
1948 351 1960 401 Ι
2001 350 2164 402 ΝΟΜ.
2205 351 2406 405 ΡΟΝΤ.
2446 353 2672 406 ΟΡΕιιΑ
2710 354 2935 408 DUBIA.

3743 357 3863 389 PY'JE

3741 378 3864 412 imo

593 472 799 529 Paulus
829 467 1142 530 Ecclesium,
1176 467 1242 519 ad
1281 467 1606 520 Timotheum
1648 465 1920 518 scribens:
1951 463 2006 518 Si
2057 481 2152 517 au-

2261 484 2399 519 στων
2449 469 2874 535 συγκατάθεσιν,
2934 472 3019 524 ἵνα
3071 472 3165 536 οὒς
3207 475 3305 527 οὐκ
3352 475 3566 526 ἔπεισεν
3610 476 3638 526 ὸ
3666 474 3869 539 λόγος,

593 574 700 619 tem
748 560 1071 621 tardavero,
1115 567 1173 611 ut
1214 559 1357 612 scias
1401 558 1674 626 quomodo
1717 563 1965 625 oporteat
2009 563 2060 610 te
2105 557 2160 608 in

591 655 752 705 domo
776 650 869 703 Dei
901 627 1235 709 conversari,
1263 665 1384 718 qute
1414 657 1497 702 est
1515 648 1758 702 Ecclesia
1777 647 1869 702 Dei
1901 648 2007 700 vivi
2025 647 2156 714 (7i).

600 743 771 810 Hujus
808 743 993 794 domus
1036 739 1170 793 bona
1215 751 1335 793 sunt
1363 740 1595 808 Spiritus
1635 739 1980 802 charismata,
2023 750 2071 791 et
2099 738 2162 790 de

593 836 872 896 Trinitate,
907 843 1198 900 cwteraque
1237 833 1516 902 dogmata,
1565 835 1614 886 et
1652 833 1986 894 traditiones,
2019 831 2160 887 Con-

589 930 1009 997 stitulionesque,
1042 943 1089 979 et
1111 926 1349 980 Cauones
1383 927 1760 994 apostolorum.
1788 925 1852 979 In
1876 926 1954 979 his
1987 937 2160 978 autem

590 1017 906 1070 mirabiliter
951 1018 1116 1069 uirtus
1161 1017 1453 1083 perﬁcitur,
1499 1033 1615 1085 qua?
1642 1016 1860 1085 justitia
1901 1031 2162 1084 nuncupa-

592 1118 676 1160 tur
724 1109 861 1174 (72).
908 1107 1174 1160 Provocat
1220 1106 1622 1176 quodammodo
1673 1108 1738 1161 ad
1795 1109 1972 1176 ipsum
2024 1125 2161 1177 opus

587 1216 696 1268 quo
729 1201 794 1254 de
825 1201 1056 1269 agimus,
1089 1209 1139 1252 et
1175 1200 1489 1269 singulatim
1535 1207 1782 1254 recenset
1827 1214 1934 1252 non
1998 1200 2160 1253 modo

588 1293 929 1355 charismata,
961 1303 1010 1346 et
1038 1295 1396 1362 apostolorum
1429 1292 1759 1350 traditiones,
1789 1307 1972 1344 verum
1998 1290 2158 1344 etiam

589 1383 859 1447 Canones,
909 1383 1154 1453 adeoque
1183 1384 1283 1437 hos
1325 1385 1529 1455 pariter
1577 1385 1630 1437 in
1677 1384 1996 1437 collectione
2031 1381 2163 1451 Hip—

587 1476 752 1545 polyti
797 1474 968 1529 fuisse
1006 1474 1351 1529 manifestius
1397 1491 1644 1544 apparet.
1679 1474 1755 1528 De
1785 1488 2015 1528 numero
2057 1473 2160 1526 ita-

585 1580 692 1634 que
735 1579 1008 1620 canonum
1065 1580 1205 1634 quos
1248 1563 1574 1636 Hippolytus
1631 1564 1908 1619 recensuit
1962 1561 2159 1617 incerti

585 1673 805 1722 sumus,
851 1657 917 1711 de
956 1658 1279 1712 collectione
1325 1673 1432 1710 non
1483 1658 1632 1712 item.
1691 1655 2157 1722 Quemadmodum

582 1764 712 1803 vero
743 1748 996 1816 superius
1031 1747 1406 1801 testimonium
1438 1745 1728 1816 Hippolyto
1756 1747 2030 1808 convenit,
2063 1747 2155 1816 qui

2260 557 2482 621 τούτους
2513 561 2544 629 ἡ
2575 561 2682 613 τῶν
2714 563 2952 631 σημείων
2995 562 3292 638 δυσωπήσῃ
3339 565 3582 636 δύναμις.
3629 566 3712 618 Τά
3743 567 3869 636 γὰρ

2264 653 2462 719 σημεῖα
2506 653 2566 704 οὺ
2609 657 2719 716 τοῖς
2768 658 2998 724 morai;
3030 657 3180 726 ἡμῖν,
3227 657 3363 709 ἀλλὰ
3403 661 3513 721 τοῖς
3570 658 3863 720 ἀπίστοις.

2276 743 2536 796 Ἰουδαίων
2565 763 2623 797 τε
2653 748 2745 798 καὶ
2801 747 3083 818 Ἑλλήνων.
3120 748 3278 802 Ὀὔτε
3329 749 3437 821 γὰρ
3485 749 3546 802 τὸ
3585 750 3868 820 δαίμονας

2263 836 2540 889 ἐκϐάλλειν
2582 840 2847 909 ἡμέτερον
2886 840 3076 911 κέρδος
3095 882 3108 903 ,
3153 841 3288 894 ἀλλά
3315 843 3424 894 τῶν
3452 845 3704 914 ἐνεργείᾳ
3735 845 3866 896 Κυ-

2265 929 2380 998 ρίου
2409 928 2832 1000 καθαιρομένων.
2853 930 2972 986 Non
2996 932 3064 985 ad
3087 934 3368 987 utilitatem
3395 951 3456 988 ea
3483 937 3853 1004 operantium,

2263 1020 2350 1072 sed
2398 1015 2474 1072 ad
2531 1022 2823 1089 inﬁdelium
2879 1026 3233 1079 assensionem
3285 1027 3495 1081 concedi
3524 1044 3542 1080 .·
3569 1039 3626 1080 ιιι
3653 1028 3856 1098 quibus

2263 1128 2364 1163 non
2403 1114 2662 1179 persuasit
2703 1129 2904 1176 sermo,
2945 1113 3036 1167 hos
3068 1117 3233 1168 virtus
3267 1117 3536 1185 signorum
3569 1118 3752 1184 ﬂectat
3782 1131 3857 1168 ac

2261 1202 2457 1270 pudore
2523 1203 2732 1271 aﬂiciat.
2800 1203 2967 1274 Signa
3027 1207 3170 1260 enim
3222 1223 3328 1260 non
3390 1207 3536 1260 nobis
3588 1208 3856 1261 ﬁdelibus

2261 1295 2517 1360 eduntur,
2558 1295 2651 1348 sed
2699 1295 3025 1360 inﬁdelibus,
3051 1313 3169 1349 cum
3197 1296 3509 1352 Judworum
3555 1293 3664 1351 tum
3692 1298 3855 1354 Grae-

2261 1399 2460 1437 corum.
2496 1382 2677 1453 Neque
2704 1386 2839 1437 enim
2870 1385 3131 1439 dwmones
3161 1388 3368 1454 ejicere,
3413 1397 3651 1442 nostrum
3693 1406 3855 1443 emo-

2262 1473 2545 1526 lumentum
2569 1485 2666 1538 est,
2700 1475 2789 1529 sed
2813 1493 2991 1530 eorum
3014 1480 3102 1547 qui
3130 1495 3221 1547 per
3245 1479 3456 1533 Domini
3482 1482 3846 1548 operationem

2258 1575 2568 1634 purgantur.
2604 1566 2679 1620 Ac
2709 1567 3080 1623 Tertullianus
3113 1570 3331 1639 quidem
3367 1572 3576 1627 somnia
3615 1573 3851 1626 mulier-

2259 1659 2505 1712 cularum
2530 1660 2825 1714 insolenter
2848 1663 3011 1714 nimis
3033 1662 3359 1716 charismata
3379 1665 3627 1727 vocabat,
3656 1679 3856 1732 quem-

2261 1749 2550 1804 admodum
2589 1752 2644 1805 in
2686 1753 2898 1807 visione
2944 1754 3034 1806 illa
3071 1753 3138 1807 de
3183 1755 3364 1806 anima
3410 1756 3684 1823 corporali
3734 1756 3847 1809 ait:

583 1838 804 1891 titulum
851 1838 1028 1906 ipsum
1075 1837 1159 1889 sui
1205 1835 1387 1904 operis
1434 1836 1487 1888 in
1532 1850 1705 1905 eoque
1764 1843 2019 1889 contenta
2074 1851 2162 1889 ex-
2193 1812 2471 1895 8EtDeus
2514 1844 2658 1896 testis
2687 1852 2735 1897 et
2761 1844 3065 1911 Apostolus,
3099 1844 3488 1898 charismatum
3509 1812 3574 1896 lin
3599 1843 3852 1898 Ecclesia

583 1929 804 1998 pressit,
853 1930 923 1982 ita
966 1942 1128 1981 nemo
1171 1927 1526 1994 imposterum
1582 1927 1731 1996 loqui
1762 1942 1830 1980 eo
1859 1925 2021 1980 modo
2047 1926 2160 1996 Ipo-

581 2023 800 2077 tuisset.
829 2021 961 2075 Nam
992 2021 1154 2090 paulo
1181 2026 1324 2089 post,
1355 2020 1543 2073 eodem
1575 2036 1634 2073 ιιι
1666 2021 1866 2074 saeculo
1894 2026 2156 2083 vertente,

582 2130 704 2168 cum
733 2113 1006 2184 Hippolyti
1033 2128 1168 2183 Opus
1206 2120 1525 2182 corruptum
1566 2113 2061 2181 interpolatumque
2103 2113 2158 2166 in

582 2205 802 2260 Oriente
839 2205 1022 2269 fuerit,
1067 2203 1420 2274 atqueadeo,
1462 2206 1623 2257 sicuti
1655 2218 1802 2257 nunc
1832 2211 2032 2268 exstat,
2073 2204 2158 2257 in-

581 2305 665 2351 ter
695 2297 1003 2367 apocrypha
1053 2296 1319 2349 relatum:
1351 2296 1605 2365 quisnam
1667 2295 1900 2350 subinde
1934 2296 1988 2349 in
2021 2311 2157 2365 pra:-

581 2391 742 2460 eipna
793 2389 1052 2442 Ecclesiae
1101 2388 1260 2441 laude
1305 2387 1601 2456 posuisset.
1653 2402 1774 2440 eam
1825 2390 2156 2457 apocryphis

581 2483 829 2537 dubiisve
872 2479 1375 2536 Constitutionihns
1435 2478 1852 2533 administrari?
1891 2478 2154 2548 Equidem

582 2577 647 2630 ad
679 2573 952 2644 Hippolyti
999 2573 1212 2626 laudem
1243 2571 1493 2640 pertinet,
1525 2568 1671 2639 quod
1721 2569 1838 2622 aliae
1867 2568 2152 2623 collectio-

580 2685 679 2724 nes
729 2673 1055 2736 pervetustae
1103 2664 1170 2716 ab
1215 2663 1487 2716 haereticis
1532 2662 1616 2715 vel
1669 2660 1808 2714 ﬁcta:
1858 2660 1943 2714 vel
1987 2661 2156 2714 inter-

582 2761 793 2831 polatae,
840 2773 902 2809 ac
943 2755 1153 2819 maenis
1212 2749 1434 2806 Patrum
1497 2751 1812 2825 nominibus
1857 2750 2152 2820 insignitae,

580 2854 704 2906 cum
741 2848 1035 2918 repudiatae
1070 2846 1305 2910 fuerint;
1338 2859 1442 2896 una
1474 2843 1645 2912 ipsius
1680 2843 1932 2896 collectio
1962 2857 2153 2911 quan:-

581 2943 665 2996 vis
714 2941 1038 3008 interpolata
1088 2937 1315 2989 multum
1368 2937 1490 2987 aliis
1536 2940 1753 3003 prastet
1822 2931 1956 2985 Nam
2012 2934 2153 2987 sicut

580 3030 892 3085 διδασκαλία
931 3027 1025 3080 τοῦ
1057 3027 1317 3098 Ποιμένος
1347 3025 1648 3095 improbata
1683 3023 1804 3084 fuit,
1837 3024 1911 3076 ita
1937 3039 2152 3093 quoque

2262 1935 2560 2000 futurorum
2607 1934 2820 1987 idoneus
2860 1951 3081 2003 sponsor
3125 1949 3142 1987 :
3192 1935 3390 1989 Tumec
3435 1936 3482 1987 si
3520 1952 3600 1988 res
3632 1937 3750 2003 ipsa
3781 1936 3855 1988 de

2259 2027 2478 2094 singulis
2495 2026 3016 2095 persuaseritmredas
3042 2026 3175 2095 (74).
3208 2026 3548 2080 Montanista:
3563 2042 3695 2081 vero
3727 2029 3854 2082 suis

2260 2116 2491 2173 fallaciis
2535 2118 2745 2171 lucrum
2791 2118 3030 2186 undique
3059 2113 3454 2175 'corradebant.
3486 2119 3586 2174 etsi
3621 2127 3855 2188 propter

2256 2211 2500 2263 caslestia
2544 2210 2686 2264 dona
2721 2225 2780 2265 se
2807 2212 2876 2264 ab
2908 2211 3145 2264 Ecclesia
3195 2211 3496 2266 descivisse
3542 2228 3846 2266 causaren-

2256 2309 2367 2356 tur.
2408 2301 2551 2367 Quid
2598 2318 2730 2373 δι’εο
2760 2305 2833 2357 sit
2856 2302 3124 2355 charisma
3168 2318 3263 2356 eos
3293 2302 3452 2355 dor-et
3478 2300 3846 2374 Hippolytus:

2257 2394 2370 2446 Οὐκ
2396 2393 2540 2446 ἐστιν
2567 2393 2850 2465 ἄνθρωπος
2879 2393 3174 2457 πιστεύσας
3211 2393 3300 2446 διά
3341 2395 3577 2465 Χριστοῦ
3623 2398 3702 2458 είς
3753 2396 3852 2448 τὸν

2256 2483 2415 2548 Θεὸν,
2446 2485 2505 2547 ὃς
2531 2486 2629 2538 οὐκ
2664 2486 2852 2556 εἴληφε
2890 2487 3136 2558 χάρισμα
3178 2485 3562 2556 πνευματικόν.
3609 2487 3752 2539 Δύτό
3784 2505 3848 2540 τε

2254 2577 2363 2649 γὰρ
2390 2578 2452 2630 τὸ
2490 2579 2868 2648 ἀπαλλαγῆναι
2925 2579 3186 2631 πολυθέου
3213 2578 3466 2640 ἀσεϐείας
3492 2580 3585 2630 καὶ
3615 2579 3850 2632 πιστεῦ-

2255 2683 2344 2722 σαι
2373 2670 2491 2741 Θεῷ
2519 2671 2695 2742 Πατρὶ
2733 2671 2821 2724 διὰ
2848 2671 3106 2742 Χριστοῦ,
3151 2671 3398 2742 χάρισμά
3423 2671 3539 2723 ἐστι
3579 2670 3715 2723 Θεοῦ
3737 2688 3750 2698 ·
3784 2672 3851 2724 τό

2251 2781 2312 2816 τε
2338 2762 2658 2839 ἀποῤῥίψαί
2675 2762 2736 2815 τὸ
2779 2763 3067 2815 Ἰουδαϊκὸν
3097 2762 3358 2833 κάλυμμα
3382 2803 3394 2824 ,
3426 2764 3520 2815 καὶ
3550 2763 3848 2817 πιστεῦσαι

2251 2857 2333 2910 ὅτι
2361 2855 2574 2926 εὐδοκία
2600 2855 2735 2907 Θεοῦ
2762 2857 2790 2907 ὁ
2821 2856 2926 2927 πρὸ
2955 2855 3509 2924 αἰώνωνΜονογενὴς,
3543 2857 3599 2906 ἐν
3629 2856 3848 2925 ὑστέρῳ

2252 2950 2429 3022 καιρῷ
2475 2952 2538 3002 ἐκ
2567 2949 2844 3020 Παρθένου
2887 2950 3175 3019 γεγένηται
3219 2949 3338 3018 δίχα
3374 2949 3589 3018 ὁμιλίας
3617 2949 3844 3020 ἀνδρὸςο

2255 3043 2350 3094 καὶ
2389 3043 2470 3094 ὅτι
2512 3041 2890 3120 ἐπολιτεύσατο
2926 3041 3003 3102 ὡς
3065 3039 3348 3110 ἄνθρωπος
3390 3040 3517 3093 ἄνευ
3569 3041 3848 3111 ἁμαρτίας

595 3118 1207 3214 ἰγνατίουδιδοξσκαλξᾳ›
1227 3116 1582 3187 Πολυκάρπθυ
1597 3114 2152 3214 διδαῗκῆλίίξξδιίίξθίίυθ
2179 3157 2219 3214 C
2254 3132 2548 3204 πληρώσας
2577 3118 2763 3186 ’πᾶσαν
2791 3132 3132 3202 δικαιοσύνην
3161 3133 3261 3202 τὴν
3288 3130 3381 3183 τοῦ
3411 3132 3575 3202 νόμου
3593 3149 3605 3159 ·
3639 3134 3733 3185 καὶ
3761 3134 3848 3186 ὅτι

581 3212 919 3284 hujusmodi,
956 3210 1023 3264 de
1059 3210 1260 3279 quibus
1304 3217 1450 3264 recte
1480 3208 1854 3279 pronuntiavit
1897 3205 1966 3261 Μ.
1993 3207 2154 3259 Atha-

583 3306 772 3361 nasius
815 3325 829 3359 :
875 3301 1170 3373 Αίρετικῶν
1210 3302 1356 3352 ἐστιν
1400 3300 1642 3360 ἐπίνοια,
1686 3297 2001 3368 γραφόντων
2059 3297 2155 3367 μὲν

581 3400 664 3453 ὅτι
692 3398 933 3451 θέλουσιν
963 3394 1124 3458 αὐτὰ,
1152 3390 1525 3462 χαριζομένων
1551 3390 1607 3441 δέ
1634 3390 1727 3441 καὶ
1761 3387 2155 3459 προστιθέντων

583 3491 764 3553 αὐτοῖς
805 3488 1050 3560 χρόνους,
1093 3486 1178 3538 ’ίνα
1219 3485 1293 3546 ὡς
1335 3481 1539 3536 παλαιὰ
1581 3481 1976 3552 προφέροντες,
2021 3478 2154 3550 πρό-

585 3599 745 3653 φασιν
799 3582 992 3651 ἔχωσιν
1047 3579 1259 3648 ἀπατᾷν
1307 3577 1370 3628 ἐκ
1421 3575 1610 3628 τούτου
1666 3575 1790 3636 τοὺς
1845 3573 2150 3643 ἀκεραίους.

586 3674 972 3728 ﬂwreticorum
1031 3678 1152 3723 sunt
1209 3677 1594 3729 commentum,
1651 3666 1740 3735 qui
1797 3682 1858 3718 ea
1918 3666 2152 3718 scribunt

584 3763 796 3836 quando
844 3764 1056 3825 volunt;
1097 3761 1205 3812 illis
1251 3767 1425 3811 autem
1469 3759 1785 3827 largiuntur,
1819 3765 1867 3810 et
1897 3757 2153 3826 adjiciunt

583 3867 840 3923 tempora,
885 3870 985 3923 quo
1039 3862 1286 3920 tanquam
1342 3853 1558 3919 antiqua
1600 3849 1940 3918 proferentes,
1985 3865 2050 3901 ea:
2090 3866 2154 3902 ea

583 3965 641 4002 re
686 3948 1013 4001 occasiuncm
1063 3941 1285 3995 habeant
1335 3939 1623 4009 decipiendi
1662 3940 1893 3994 homines
1948 3940 2153 4007 simpli-

584 4056 666 4093 ces
689 4035 823 4109 (τε).

1194 4143 1419 4198 CAPUT
1461 4142 1546 4198 Ill.

587 4262 844 4328 Quaenam
871 4275 1032 4313 causa
1059 4257 1395 4328 Hippolytum
1434 4256 1504 4310 ad
1523 4257 1624 4328 hoc
1667 4272 1794 4324 opus
1830 4257 2148 4314 incitaverit.

657 4330 1071 4387 Constitutiones
1131 4327 1462 4396 potissimum
1519 4327 1845 4381 Tertulliano
1892 4339 1941 4383 et
2004 4329 2153 4383 Hon-

658 4401 871 4455 tanistis
905 4400 1177 4468 oppositw.

2259 3227 2601 3297 συγχωρήσει
2629 3226 2763 3279 Θεοῦ
2794 3225 3024 3296 σταυρὸν
3056 3225 3366 3295 ὑπέμεινεν,
3384 3225 3643 3295 αἰσχύνης
3669 3242 3846 3277 κατα-

2256 3321 2530 3390 φρονήσας
2554 3321 2583 3371 ὁ
2611 3319 2741 3381 Θεὸς
2770 3319 2972 3386 Λόγος⁶
3005 3319 3099 3370 καὶ
3132 3319 3212 3369 ὅτι
3246 3317 3512 3380 ἀπέθανε,
3543 3319 3634 3370 καὶ
3664 3319 3842 3390 ἐτάφη

2256 3413 2349 3464 καὶ
2377 3411 2574 3481 ἀνέστη
2603 3410 2690 3463 διὰ
2716 3411 2881 3480 τριῶν
2911 3409 3152 3480 ἡμερῶν,
3183 3410 3275 3462 καὶ
3308 3408 3446 3479 μετά
3472 3410 3570 3479 τὴν
3599 3409 3844 3464 ἀνάστα-

2257 3520 2340 3555 σιν
2366 3502 2772 3574 τεσσαράκοντα
2811 3503 3023 3573 ἡμέρας
3066 3503 3415 3572 παραμείνας
3460 3505 3571 3565 τοῖς
3607 3504 3846 3556 ἀποστό-

2253 3594 2394 3658 λοις,
2445 3596 2539 3648 καὶ
2585 3594 2878 3666 πληρώσας
2923 3596 3102 3646 πᾶσαν
3143 3593 3386 3658 διάταξιν
3428 3594 3700 3666 ἀνελήφθη
3752 3598 3843 3649 ἐπ’

2253 3690 2437 3760 ἇψεσιν
2466 3688 2643 3741 αὐτῶν
2672 3688 2812 3759 πρὸς
2839 3688 2930 3740 τὸν
2978 3686 3372 3740 ἀποστείλαντα
3401 3682 3561 3739 αὐτὸν
3591 3688 3722 3739 Θεὸν
3745 3680 3844 3742 καῖ

2253 3782 2490 3853 Πατέρα.
2522 3779 2578 3834 '0
2604 3781 2776 3835 ταῦτα
2803 3778 3236 3850 πιπεύσας,ιούχ
3266 3780 3448 3843 ἀπλῶς
3468 3780 3585 3832 ούδέ
3605 3781 3840 3849 ἀλόγως,

2252 3876 2386 3929 ἀλλά
2439 3875 2617 3946 κρίσει
2671 3875 2762 3927 καὶ
2808 3873 3180 3944 πληροφορίᾳ,
3227 3875 3474 3945 χάρισμα
3511 3873 3730 3944 εἴληφεν
3772 3878 3841 3928 ἐκ

2253 3970 2406 4023 Θεοῦ.
2433 3968 2705 4030 Ὡσαύτως
2732 3968 2787 4020 δέ
2805 3969 2896 4020 καὶ
2922 3970 2950 4019 ὁ
2979 3967 3159 4037 πάσης
3189 3955 3454 4038 αἱρέσεως
3477 3968 3834 4036 ἀπαλλαγείς.

2257 4062 2424 4117 Nemo
2460 4079 2550 4129 per
2571 4061 2839 4114 Christum
2873 4061 2925 4113 in
2957 4060 3120 4113 Deum
3164 4060 3398 4123 credens,
3429 4063 3518 4131 qui
3549 4079 3652 4115 non
3689 4080 3838 4117 acce-

2252 4157 2382 4224 perit
2412 4155 2678 4208 charisma
2707 4153 3003 4221 spirituale.
3039 4150 3223 4221 Ipsum
3263 4155 3450 4206 etenim
3485 4154 3602 4216 hoc,
3639 4155 3836 4208 libera-

2255 4256 2364 4298 tum
2383 4262 2496 4299 esse
2523 4245 2683 4313 impio
2712 4242 2997 4295 multoruiu
3042 4242 3257 4295 deorum
3285 4243 3449 4309 cultu,
3474 4254 3521 4296 et
3549 4244 3836 4297 credidisse

2254 4338 2362 4391 Deo
2396 4337 2548 4390 Patri
2598 4351 2688 4404 per
2724 4333 3029 4396 Christum,
3073 4334 3338 4386 charisma
3379 4334 3474 4388 Dei
3521 4344 3598 4388 est
3634 4352 3650 4389 :
3684 4345 3739 4387 ut
3780 4347 3832 4389 et

2256 4429 2507 4497 abjecisse
2530 4427 2814 4480 Judaicum
2867 4427 3126 4486 velamen,
3162 4442 3224 4477 ac
3255 4424 3541 4478 credidisse
3572 4425 3708 4496 quod
3735 4426 3831 4480 Dei

657 4536 698 4591 1.
738 4533 1130 4595 Tertullianus,
1166 4530 1614 4588 Montanistarum
1646 4533 1933 4604 praestigiis
1987 4530 2148 4585 lasci-

2257 4518 2577 4586 beneplacito
2607 4516 2910 4587 Unigenitus
2943 4517 3031 4584 qui
3071 4526 3190 4568 ante
3231 4517 3429 4569 swcula
3467 4516 3745 4579 existebat,
3777 4517 3832 4569 in

585 4634 770 4690 natus,
802 4626 1061 4695 paulatim
1100 4624 1157 4678 in
1188 4639 1376 4678 eorum
1411 4633 1610 4678 sectam
1655 4626 1919 4678 inclinare
1958 4624 2146 4692 C(Bpit,

587 4736 617 4773 a
639 4733 748 4788 qua
778 4718 997 4772 demum
1025 4716 1282 4785 abreptus
1311 4723 1414 4770 est.
1465 4716 1618 4782 Quod
1647 4719 1737 4771 ubi
1769 4716 2152 4771 animadvertit

586 4812 930 4882 Hippolytus,
966 4810 1124 4863 binos
1153 4811 1407 4878 opposuit
1448 4808 1623 4863 eidem
1656 4816 1815 4864 secta:
1857 4816 2147 4870 tractatus,
2191 4849 2218 4878 ,

585 4917 817 4971 quorum
862 4901 1091 4954 alterum
1124 4897 1198 4951 De
1232 4899 1635 4952 charismatibus
1680 4898 1980 4968 inscripsit,
2011 4896 2152 4963 Περὶ

585 4989 1004 5060 χαρισμάτων;
1056 4986 1210 5039 alteri
1265 4987 1478 5038 titulum
1531 4985 1834 5053 Apostolica
1897 4983 2148 5043 traditio,

598 5079 944 5148 Ἀποστολικὴ
973 5075 1263 5146 παράδοσις
1298 5076 1442 5129 fecit.
1500 5074 1858 5128 Montanistas
1888 5074 2033 5127 enim
2067 5072 2152 5124 in-

582 5173 823 5226 valuisse
865 5169 1000 5224 falsa
1043 5168 1303 5222 miracula
1360 5166 1619 5236 jactando
1660 5166 2000 5234 exploratum
2045 5171 2148 5230 est,

581 5278 756 5332 eaque
799 5261 1022 5316 tinxisse
1066 5276 1173 5313 non
1219 5267 1277 5312 ut
1311 5273 1549 5328 paganos
1577 5256 1862 5312 Judmosve
1890 5257 1958 5309 ad
1989 5255 2150 5310 ﬁdem

583 5352 985 5425 pertraherent,
1042 5349 1134 5404 sed
1167 5357 1222 5403 ut
1256 5354 1624 5418 pervertiu'ent
1672 5347 2029 5402 orthodoxos.
2061 5346 2152 5399 Ait

582 5452 764 5497 autem
814 5440 1134 5511 Hippolytus
1181 5440 1511 5495 charismata
1554 5438 1815 5492 divinitus
1862 5437 2014 5502 dari,
2054 5439 2151 5490 οὐκ

582 5537 662 5598 είς
687 5534 783 5605 τὴν
812 5532 1170 5602 ἐνεργούντων
1199 5531 1481 5600 ὠφέλειαν,
1510 5529 1621 5582 ἀλλ’
1653 5531 1730 5592 εἰς
1759 5529 1857 5600 τὴν
1887 5528 1994 5580 τῶν
2024 5529 2151 5581 ἀπί-

657 5712 768 5782 (Ἠ)
807 5710 997 5782 ΙΤίίιιι.
1034 5712 1227 5772 111,15.

657 5721 736 5782 (ιι
812 5721 825 5764 l
858 5721 997 5776 ιιῃι.
1034 5727 1114 5772 ιιι,
1147 5721 1227 5763 ιζ).

657 5721 768 5855 (Ὡς
811 5782 867 5836 S.
896 5781 1105 5851 llippol.
1141 5783 1188 5834 in
1215 5780 1403 5848 psalm.
1437 5796 1580 5846 ιιιν,
1611 5780 1662 5842 3,
1693 5794 1756 5833 ex
1784 5777 1899 5832 Cat.
1923 5778 2147 5832 Cot'der.

2250 4622 2483 4666 extremo
2531 4622 2755 4679 tempore
2782 4625 2845 4663 ex
2881 4609 3087 4679 Virgine
3122 4618 3279 4661 natus
3320 4619 3397 4661 est
3428 4609 3539 4661 sine
3569 4609 3669 4662 viri
3702 4626 3830 4662 con-

2251 4705 2428 4758 cubitu
2457 4722 2474 4758 :
2502 4713 2549 4756 et
2579 4702 2715 4769 quod
2754 4703 2821 4766 in,
2845 4703 2953 4754 vita
2990 4711 3237 4767 tanquam
3272 4700 3422 4753 homo
3475 4710 3710 4754 versatus
3751 4712 3828 4754 est

2252 4792 2444 4865 absque
2472 4803 2703 4864 peccato,
2739 4793 2950 4860 impleta
2989 4791 3130 4843 omni
3152 4791 3368 4858 justitia
3401 4791 3566 4860 legis:
3596 4797 3830 4860 quodque

2249 4885 2589 4950 permissione
2630 4881 2727 4935 Dei
2771 4881 2912 4934 Deus
2962 4881 3183 4933 Verbum
3260 4881 3520 4935 sustinuit
3588 4899 3802 4935 crucem

2252 4977 2575 5031 confusione
2601 4982 2934 5044 contempta
2976 4992 2990 5027 :
3029 4984 3077 5027 et
3102 4974 3238 5043 quod
3262 4955 3501 5028 mortuus
3527 4985 3626 5038 est,
3658 4993 3719 5028 ac
3755 4993 3830 5030 se-

2250 5069 2426 5139 pultus
2453 5079 2501 5122 et
2531 5068 2819 5122 resurrexit
2849 5067 2904 5118 in
2935 5066 3130 5130 triduo,
3161 5076 3314 5135 atque
3337 5078 3454 5134 post
3485 5071 3830 5121 resurrectio-

2259 5180 2374 5217 nem
2423 5177 2540 5214 cum
2588 5159 2843 5227 apostolis
2891 5159 3072 5212 diebus
3114 5157 3470 5227 quadraginta
3519 5159 3826 5226 permansit,

2252 5252 2602 5320 completaque
2645 5251 2787 5302 omni
2836 5249 3247 5311 constitutione,
3309 5259 3612 5316 assumptus
3659 5249 3830 5302 estin

2251 5361 2429 5398 eorum
2486 5351 2762 5410 conspectu
2819 5340 2886 5392 ad
2927 5340 3094 5394 Deum
3123 5350 3171 5393 et
3213 5339 3431 5393 Patrem
3464 5341 3552 5409 qui
3578 5356 3695 5392 eum
3726 5341 3827 5391 mi-

2252 5446 2411 5491 serat.
2453 5435 2555 5500 Qui
2589 5434 2697 5487 ha'c
2741 5432 2984 5497 credidit,
3020 5451 3120 5487 non
3164 5433 3353 5485 stolide
3396 5449 3456 5485 ac
3492 5433 3626 5484 citra
3665 5433 3830 5483 ratio-

2252 5545 2387 5592 nem,
2444 5525 2532 5580 sed
2587 5543 2702 5579 cum
2738 5524 2946 5596 judicio
2993 5541 3055 5579 ac
3097 5526 3427 5590 certitudine,
3479 5526 3522 5579 is
3564 5525 3833 5583 charisma

2324 5708 2435 5774 (7'5)
2479 5705 2534 5758 S.
2562 5705 2768 5758 Athan.
2790 5743 2804 5763 ,
2835 5720 2920 5773 cp.
2949 5702 3175 5763 Festal.,
3211 5715 3248 5756 ι.
3287 5703 3349 5764 ll,
3386 5706 3473 5761 39.

2323 5778 2434 5849 (Ἠ)
2471 5775 2727 5837 Tcrtull.,
2757 5775 2825 5827 De
2861 5794 2944 5826 an.
2989 5792 3065 5830 Ix.
3103 5793 3151 5830 ιι.
3182 5777 3288 5824 9.70
