4074 6330
176 381 280 411 HW

175 381 280 434 5'57
1006 380 1599 438 CONSTITUTIONES
1629 380 1744 436 ΑΡ(

1846 380 2100 439 'OLICIE.
2138 413 2208 429 -ο
2243 384 2599 444 ΡΒΟἜΜΙΑ.

552 447 590 480 '1.

3317 389 3420 444 εδει

175 510 207 544 a
241 493 346 544 Dea
384 461 688 545 corner-ntus
731 503 849 547 est:
887 493 1130 547 similiter
1167 503 1214 548 et
1243 496 1332 563 qui
1373 493 1436 546 ab
1470 494 1610 547 omni
1640 493 1738 547 ha.»
1778 497 1821 552 Δ
1853 493 2050 561 fabulis
2077 497 2131 550 in
2158 512 2388 552 errorem
2414 498 2602 552 abduci
2629 499 2866 568 patiatur
2895 497 3027 570 (77).
3060 499 3230 554 Lubet
3255 501 3419 555 etiam

173 583 281 636 resi
337 593 574 637 servatus
626 585 748 652 fuit.
805 583 955 636 Dona
1013 600 1141 638 vero
1200 600 1320 653 quae
1367 585 1528 654 vulgo
1580 584 1748 654 gratis

173 678 304 729 tlala
346 678 625 740 dicuntur,
661 677 716 730 in
747 675 988 730 Ecclesia
1036 675 1327 746 quaerenda
1367 691 1517 738 esse,
1551 691 1612 729 ac
1647 691 1751 730 suo

173 781 426 836 tempore
455 783 562 822 non
597 767 837 821 defuisse
868 774 1099 836 testatur
1147 765 1468 837 Hippolytus
1509 787 1521 821 :
1563 765 1748 820 Ταῦτα

172 856 230 910 δέ
260 875 445 928 φαμεν
466 898 479 919 ,
509 859 569 909 οὐ
597 857 694 918 τὰς
724 857 940 928 ἀληθεῖς
969 857 1300 927 προφητείας
1325 857 1746 921 ὲξουθενοῦντες.

177 949 370 1014 Ἰσμεν
398 949 508 1018 γὰρ
534 947 702 1010 αὐτὰς
729 950 849 1001 κατ’
870 948 1151 1000 ἐπίπνοιαν
1178 948 1312 1000 Θεοῦ
1341 950 1398 1002 ὲν
1439 951 1548 1011 τοῖς
1582 949 1749 1013 ὁσίοις

172 1039 538 1110 ἐνεργεῖσθαι,
567 1039 702 1092 ἀλλὰ
727 1039 787 1092 τὸ
815 1038 1011 1109 θράσος
1031 1039 1136 1092 τῶν
1165 1038 1630 1111 ἁλαζονευομένων
1650 1057 1747 1094 κα-

170 1132 576 1192 ταστέλλοντες.
614 1129 741 1184 Hazc
763 1141 937 1184 autem
983 1129 1228 1192 dicimus,
1279 1148 1382 1185 non
1420 1131 1557 1200 quod
1597 1147 1744 1185 veras

169 1223 476 1291 prbphetias
526 1230 938 1284 contemnamus,
979 1238 1110 1291 quas
1139 1205 1337 1275 scimus
1359 1222 1455 1275 Dei
1485 1223 1661 1292 aﬂlatu
1691 1223 1746 1275 in

173 1314 382 1366 sanctis
415 1312 552 1380 ﬁeri,
585 1312 674 1367 sed
717 1320 775 1364 ut
805 1313 1166 1381 arrogantium
1197 1313 1566 1381 conﬁdentiam
1602 1313 1746 1366 cohi-

178 1402 417 1457 beamus.
467 1401 642 1471 Atque
669 1401 774 1456 hoc
802 1402 969 1456 veluti
996 1403 1323 1472 prommium
1374 1401 1475 1456 fuit
1494 1441 1498 1446 μ
1520 1403 1744 1472 majoris

175 1494 404 1561 operis,
459 1493 602 1563 quod
654 1492 720 1546 ad
773 1500 976 1548 sartam
1048 1501 1355 1563 tectamque
1422 1495 1743 1548 servandam

177 1583 438 1638 Ecclesiae
483 1583 829 1653 disciplinam
882 1583 1205 1656 Hippolytus
1255 1585 1465 1656 primus
1523 1584 1745 1654 excogi-

176 1674 335 1726 tavit.

246 1763 312 1819 ll.
358 1764 716 1820 Tertullianus
750 1764 1094 1819 traditionum
1148 1766 1355 1831 vindex,
1397 1766 1534 1820 hisce
1576 1766 1739 1819 armis

1850 585 2013 639 unius
2044 601 2106 639 ex
2140 587 2538 643 recentioribus
2561 587 2832 657 judicium
2861 589 2928 644 de
2952 590 3057 643 hoc
3093 605 3256 658 opere
3285 605 3418 658 pro-

1849 672 2010 729 ferre.
2042 673 2179 730 Sunt
2209 675 2292 729 illi
2322 693 2568 740 canones,
2617 675 3131 749 Constitutionesque
3160 681 3421 751 antiquis-

1847 764 2016 827 simte,
2050 765 2218 819 multa
2264 767 2320 819 in
2351 768 2460 822 illis
2497 768 2933 824 excellentissima
2975 780 3026 824 et
3065 773 3243 842 magni
3286 789 3420 840 pon-

1847 855 1985 909 deris
2009 859 2336 912 continentur
2369 859 2502 930 (78).

1919 946 2005 1003 Ill.
2068 947 2177 1002 Cur
2215 951 2278 1003 ab
2326 953 2552 1006 avaritia
2602 953 2910 1009 damnanda
2952 956 3164 1008 initium
3216 957 3416 1023 faciant

1849 1035 2255 1095 Constitutiones
2271 1040 2648 1109 apostolorum.
2667 1074 2730 1086 -—
2747 1045 3106 1111 Quamobrem
3123 1062 3282 1101 nemo
3295 1063 3414 1101 am-

1848 1131 1991 1199 plius
2026 1131 2314 1187 mirabitur
2339 1134 2384 1188 si
2431 1135 2498 1188 ab
2529 1135 2755 1190 avaritia
2797 1136 3105 1194 damnanda
3153 1139 3416 1207 incipiunt

1846 1221 2257 1276 Constitutiones
2317 1227 2621 1292 apostolica:
2670 1244 2688 1282 :
2748 1228 3036 1298 Ἀπέχεσθε
3086 1225 3179 1281 οὖν
3237 1230 3420 1300 πάσης

1846 1310 2174 1376 πλεονεξίας,
2216 1314 2484 1370 Abstinete
2521 1317 2683 1386 igitur
2729 1317 2793 1371 ab
2837 1320 2977 1372 omni
3025 1322 3251 1372 avaritia
3279 1321 3415 1391 (79).

1842 1401 2086 1473 Namque
2114 1405 2215 1461 hoc
2244 1407 2433 1460 vitium
2459 1409 2805 1464 vehementer
2833 1413 3128 1480 exprobrat
3162 1411 3420 1474 Montano

1845 1495 2070 1564 suisque
2098 1497 2434 1553 mulierculis
2477 1513 2691 1556 coaevus
2716 1485 3005 1573 Hippolyto
3054 1511 3244 1558 auctor
3288 1523 3300 1559 :
3363 1505 3421 1558 ’θ

1843 1588 2168 1658 πρακτῆρας
2212 1590 2508 1660 χρημάτων
2555 1595 2936 1665 καταστήσας,
2985 1597 3011 1648 ὁ
3059 1597 3146 1648 ἐπ’
3195 1597 3420 1666 ὀνόματι

1843 1680 2165 1750 προσφορῶν
2188 1682 2286 1752 τὴν
2313 1680 2648 1755 δωροληψίαν
2677 1687 3126 1757 ἐπιτεχνώμενος.
3172 1687 3246 1740 Οὐ
3274 1687 3419 1740 δοκεί

1845 1789 1923 1824 σοι
1954 1774 2103 1826 πᾶσα
2131 1774 2318 1845 Γραφὴ
2350 1775 2576 1828 κωλύειν
2606 1779 2888 1848 προφήτην
2926 1777 3221 1848 λαμϐάνειν
3248 1777 3416 1850 δῶρα,

176 1858 242 1910 ab
272 1857 553 1928 Hippolyto
575 1867 928 1929 expugnatur.
948 1890 1016 1899 —-
1049 1859 1182 1912 Nam
1209 1860 1253 1915 si
1284 1863 1403 1929 qua:
1425 1860 1732 1928 respublica

1848 1865 1943 1916 καὶ
1967 1840 2222 1935 χρήματα
2245 1840 2267 1930 ;V
2291 1840 2414 1920 δταν
2443 1864 2536 1921 οῦν
2828 1840 3095 1940 προφητιν
3142 1840 3420 1940 είληφῦῖαν

177 1964 308 2003 suas
339 1949 531 2002 habuit
578 1950 724 2018 leges
754 1950 954 2020 quibus
1002 1958 1248 2006 uteretur
1278 1960 1441 2020 atque
1472 1953 1731 2007 consiste.

176 2046 282 2104 ret,
322 2055 387 2094 ea
435 2039 679 2110 profecto
727 2039 829 2094 fuit
857 2023 1188 2106 Christiana,
1219 2058 1340 2112 qua:
1377 2043 1742 2098 sanctissimis

175 2131 388 2201 legibus
419 2142 580 2200 atque
607 2131 873 2187 institutis
917 2148 1014 2186 usa
1058 2133 1126 2187 ab
1170 2133 1348 2197 initio,
1379 2134 1580 2204 ubique
1629 2144 1737 2188 ter-

173 2237 363 2276 rarum
423 2225 718 2292 propagata
772 2229 874 2279 est.
925 2222 1034 2278 Has
1079 2225 1224 2294 leges
1280 2231 1448 2294 atque
1493 2225 1742 2280 instituta

173 2328 295 2382 quae
339 2312 588 2368 Clemens
639 2314 952 2382 collegerat,
1006 2311 1326 2384 Hippolytus
1373 2313 1561 2378 edidit,
1615 2330 1740 2370 cum

173 2405 354 2458 adhuc
385 2404 637 2474 religiose
689 2405 744 2458 in
777 2403 1017 2460 Ecclesia
1043 2412 1394 2460 servarentur
1421 2424 1434 2460 :
1472 2421 1741 2476 nemoque

170 2512 236 2550 ex
279 2497 552 2550 haereticis
602 2504 710 2548 tam
759 2505 905 2550 esset
954 2497 1270 2566 impudens,
1325 2498 1420 2567 qui
1452 2513 1635 2553 mores
1685 2499 1742 2552 in

172 2587 421 2642 Ecclesia
466 2594 714 2657 receptos
763 2603 962 2659 negare
1009 2595 1213 2658 posset.
1260 2588 1338 2642 Ac
1371 2588 1742 2644 Tertullianus

172 2678 423 2749 profecto
469 2694 578 2747 quo
611 2680 827 2734 doctior
866 2695 932 2735 eo
963 2680 1320 2750 pervicacior,
1347 2679 1504 2734 facile
1524 2695 1740 2734 omnem

171 2772 606 2826 cohortationem
639 2786 744 2840 qua
777 2772 842 2826 ad
874 2773 1163 2826 sanitatem
1209 2779 1581 2835 revocaretur,
1621 2786 1741 2826 om-

171 2879 408 2934 nemque
437 2863 863 2918 confutationem
888 2865 1095 2919 insana:
1118 2865 1386 2920 haereseos
1417 2880 1603 2934 quam,
1647 2879 1741 2919 ve-

170 2957 338 3011 ritate
397 2958 683 3028 abnegata,
739 2957 1209 3028 amplectebatur,
1298 2956 1740 3025 contempsisset.

174 3048 354 3102 Unum
378 3058 657 3117 supererat
682 3057 1056 3119 argumentum
1087 3064 1148 3102 ex
1183 3049 1474 3102 traditione
1490 3050 1739 3117 petitum;

1845 1959 1937 2010 καὶ
1985 1958 2185 2029 χρυσὸν
2233 1959 2326 2012 καὶ
2372 1960 2613 2032 ἄργυρον
2658 1962 2750 2014 καὶ
2795 1961 3104 2025 πολυτελεῖς
3154 1961 3417 2031 ἐσθῆτας,

1843 2048 1958 2111 πῶς
1986 2050 2156 2121 αὐτὴν
2187 2050 2260 2121 μὴ
2290 2054 2699 2123 παραιτήσομαι
2725 2071 2737 2117 ς
2787 2054 2892 2118 Qui
2924 2056 3262 2122 pecuniarum
3292 2071 3421 2109 exa-

1841 2149 2008 2195 ctores
2037 2143 2441 2214 constituit:qui
2455 2144 2727 2198 sordidam
2745 2162 3015 2200 munerum
3045 2148 3417 2215 captationem,

1843 2232 2170 2286 oblationum
2195 2234 2400 2289 nomine
2430 2234 2620 2289 callide
2643 2235 2917 2292 obrelavit.
2940 2235 3061 2290 Non
3093 2237 3187 2290 tibi
3218 2236 3422 2291 videtur

1845 2319 2124 2390 Scriptura
2171 2324 2415 2377 universa
2472 2325 2779 2391 prohibere,
2829 2342 2890 2379 ne
2918 2325 3168 2394 propheta
3200 2342 3423 2380 munera

1841 2422 1890 2465 et
1907 2415 2152 2481 pecunias
2185 2416 2592 2482 accipiat?Cum
2621 2416 2784 2485 igitur
2809 2415 3009 2468 videam
3038 2417 3423 2485 prophetissam

1844 2523 2037 2560 aurum
2085 2517 2134 2562 et
2175 2520 2476 2579 argentum,
2527 2519 2788 2578 vestesque
2828 2512 3093 2578 pretiosas
3140 2511 3419 2580 accepisse,

1841 2599 2100 2667 quomodo
2149 2615 2264 2653 eam
2313 2616 2416 2654 non
2472 2599 2802 2667 repudiabo?
2850 2599 2963 2670 (80)
3024 2597 3221 2654 Vetant
3271 2601 3422 2656 inse-

1845 2689 2036 2759 quenti
2081 2691 2257 2759 capite
2282 2688 2719 2754 Constitutiones,
2767 2689 3074 2747 maledictis
3104 2693 3417 2762 quempiam

1843 2779 2152 2835 incessere:
2206 2781 2364 2834 Ἀλλὰ
2409 2781 2715 2854 καταρᾶταί
2761 2783 2822 2836 σέ
2859 2799 2978 2848 τις;
3015 2786 3077 2838 ai.
3130 2784 3424 2856 εὐλόγησον

1842 2873 2006 2926 αὐτόν
2032 2893 2044 2928 :
2080 2873 2185 2928 Sed
2226 2875 2418 2944 aliquis
2449 2875 2541 2928 tibi
2571 2874 2884 2931 maledicit?
2911 2885 2966 2929 tu
2991 2875 3200 2930 benedic
3237 2878 3283 2932 ei
3309 2878 3422 2948 (81)

1843 2973 2126 3033 propterea
2167 2965 2314 3034 quod
2369 2965 2704 3020 bacchantes
2768 2965 3151 3030 Montanistaa,
3211 2969 3423 3022 nullum

1843 3057 2002 3110 tinem
2037 3056 2410 3111 maledicendi
2463 3058 2888 3129 facerent:T~hv
2946 3059 3001 3112 δὲ
3051 3058 3275 3112 καθόλου
3330 3060 3427 3112 κα).

172 3139 308 3194 illud
347 3139 523 3209 ipsum
553 3140 788 3203 scilicet,
817 3153 926 3210 quo
957 3139 1002 3193 is
1027 3153 1125 3208 pro
1154 3137 1396 3194 Ecclesia
1446 3137 1741 3192 fortissime

1846 3149 2023 3200 πᾶσαν
2065 3147 2164 3218 τὴν
2202 3148 2309 3201 ὑπὸ
2338 3148 2428 3201 τὸν
2469 3149 2694 3219 οὐρανὸν
2736 3149 3057 3220 Ἐκκλησίαν
3088 3149 3425 3221 βλασφημεῖν

171 3252 549 3306 dimicaverat.
601 3249 735 3304 Nam
785 3267 911 3307 vere
960 3266 1072 3321 pra:
1110 3251 1322 3307 caeteris
1357 3251 1743 3306 animadvertit

171 3342 236 3397 E.
265 3342 516 3398 Norisius
545 3363 558 3396 :
599 3341 791 3397 Nullus
816 3353 1042 3396 veterum
1073 3352 1166 3396 aut
1197 3352 1302 3395 tam
1334 3359 1492 3410 scepe,
1521 3352 1614 3395 aut
1638 3351 1744 3395 tam

171 3434 352 3487 valide.
395 3435 725 3490 traditionem
759 3437 1060 3500 inculcavit,
1108 3446 1184 3488 uti
1223 3435 1582 3489 Tertullianus
1610 3434 1740 3507 (75).

172 3523 290 3578 Hoc
323 3525 507 3594 itaque
558 3527 664 3579 telo
707 3527 872 3580 veluti
912 3527 978 3581 de
1025 3527 1196 3595 ipsius
1235 3527 1490 3581 manibus
1535 3536 1742 3597 erepto,

172 3613 502 3685 Hippolytus
552 3616 801 3671 furentes
847 3615 1090 3670 Montani
1127 3617 1364 3671 asseclas
1410 3618 1746 3686 compescuit

171 3722 239 3760 ac
269 3722 436 3776 prope
463 3705 679 3763 delev’it.
720 3707 824 3763 Sed
873 3709 965 3778 qui
990 3707 1244 3764 Ecclesia:
1290 3708 1500 3778 legibus
1533 3709 1600 3763 ab
1630 3709 1745 3762 ori-

171 3799 301 3869 gine
341 3801 586 3869 repetitis
633 3816 796 3855 unam
845 3814 1054 3856 seetam
1091 3816 1392 3872 aggressus
1422 3812 1526 3865 est,
1561 3802 1745 3875 plures

172 3893 313 3946 alias
344 3893 698 3960 imposterum
738 3900 1028 3948 cxorturas
1059 3893 1246 3948 eodem
1272 3894 1456 3948 labore
1486 3893 1743 3950 confecit.

172 3982 452 4053 Hippolyti
485 3991 633 4038 certe
655 3998 924 4038 canonum
969 3985 1219 4039 collectio
1250 3985 1385 4039 adeo
1409 3985 1636 4055 probata
1663 3994 1748 4041 est

173 4076 280 4128 sub
323 4073 510 4128 eodem
561 4074 740 4140 titulo,
798 4090 906 4144 quo
949 4076 1004 4128 in
1036 4075 1208 4145 ipsius
1258 4089 1563 4130 marmorea
1616 4077 1746 4132 sede

174 4165 280 4217 fuit
331 4165 593 4235 inscripta
646 4164 948 4236 Παράδοσις
1000 4166 1350 4236 ἀποστολική,
1403 4173 1462 4220 ut
1498 4167 1744 4222 eamdem

174 4257 576 4310 Constantinus
619 4255 688 4310 Μ.
713 4256 854 4311 haud
890 4258 1058 4312 semel
1088 4257 1362 4328 episcopis
1403 4257 1747 4313 commenda-

170 4348 315 4402 verit
366 4345 499 4416 (76)
551 4356 711 4416 atque
771 4362 799 4399 a
841 4345 943 4402 PP.
995 4348 1137 4401 inter
1177 4349 1445 4417 praecipua
1493 4347 1746 4405 Ecclesiae

170 4437 582 4509 propugnacula
631 4437 893 4494 adversus
927 4439 1210 4494 haereticos
1243 4441 1405 4493 fuerit
1437 4441 1702 4495 recensita
1729 4458 1743 4506 ;

170 4532 268 4585 καὶ
330 4531 444 4602 ὅροι
494 4529 600 4600 γὰρ
645 4529 906 4602 ἐτέθησαν
963 4532 1126 4600 ἡμῖν,
1174 4532 1267 4583 καὶ
1325 4529 1594 4600 θεμέλιοι,
1654 4531 1748 4584 καὶ

170 4624 428 4694 οἰκοδομὴ
473 4623 569 4693 τῆς
606 4623 858 4687 πίστεως,
897 4624 988 4676 καὶ
1030 4623 1360 4676 Ἀποστόλων
1390 4622 1714 4694 παραδόσεις
1736 4663 1750 4688 ,

169 4718 270 4769 καὶ
297 4716 505 4786 γραφαὶ
541 4714 711 4783 ἅγιαι,
744 4717 836 4768 καὶ
877 4714 1120 4786 διαδοχαὶ
1158 4714 1522 4778 διδασκαλίας,
1568 4715 1662 4767 καὶ
1691 4715 1753 4768 ὲκ

170 4803 512 4876 πανταχόθεν
560 4807 593 4877 ή
645 4806 866 4877 ἀλήθεια
915 4807 1008 4860 τοῦ
1059 4806 1191 4859 Θεοῦ
1241 4807 1601 4878 ἡσφάλισται,
1659 4809 1752 4861 καὶ

174 4898 368 4971 μηδεὶς
407 4898 703 4952 ἀπατάσθω
745 4902 855 4962 τοῖς
899 4901 1102 4962 καινοῖς
1147 4898 1353 4968 μύθοις.
1389 4897 1534 4952 Nam
1574 4909 1624 4953 et
1655 4909 1752 4952 ter-

171 4992 310 5047 mini
356 4992 648 5060 prwscripti
697 4990 843 5045 nobis
889 5001 1030 5056 sunt,
1085 5003 1133 5045 et
1180 4992 1522 5060 fundamenta
1577 4993 1752 5062 posita

167 5095 226 5139 et
282 5083 407 5153 fidei
463 5093 772 5148 structura,
833 5093 886 5140 et
951 5087 1322 5154 apostolorum
1388 5088 1746 5151 traditiones,

167 5187 222 5231 et
256 5193 425 5230 sacrm
448 5176 654 5241 litteris,
683 5186 731 5230 et
757 5177 976 5232 ccclesiis
1008 5180 1270 5234 doctrina:
1301 5189 1596 5251 propagata
1625 5197 1750 5236 suc-

168 5269 377 5330 cessio,
409 5285 470 5321 ac
501 5268 718 5338 denique
746 5269 921 5323 divina
960 5272 1151 5324 veritas
1183 5286 1247 5324 ea:
1278 5273 1417 5324 omni
1449 5283 1596 5340 parte
1629 5289 1746 5324 mu-

169 5359 289 5413 nita
331 5366 430 5412 est.
484 5367 534 5412 et
575 5361 879 5414 constituta.
937 5360 1166 5415 Proinde
1215 5377 1362 5415 nemo
1409 5379 1462 5416 se
1503 5360 1746 5415 inanibus

247 5534 360 5606 (75)
401 5533 562 5606 Noris
594 5534 693 5606 Op.
726 5543 767 5592 t.
800 5536 889 5599 lll,
921 5539 1029 5591 col.
1062 5538 1216 5593 1016.

243 5605 360 5673 (⁷76)
401 5605 500 5674 Ap.
537 5607 665 5660 Eus.
691 5606 767 5661 De
809 5607 910 5661 Vit.
949 5608 1131 5664 Const.
1159 5626 1240 5672 ιιι,
1266 5609 1353 5665 67.

243 5677 360 5744 (77)
406 5675 461 5728 S.
495 5676 684 5746 Epiph.
713 5678 844 5731 IIIBI‘.
878 5694 963 5741 Lv,
993 5680 1044 5732 5.

241 5747 358 5813 (78)
400 5747 678 5815 Albaspin.
711 5746 936 5803 Observ.
975 5751 1116 5813 1,15.

242 5811 362 5890 (79)
407 5811 635 5871 Const-it.
673 5835 754 5884 ap.
791 5835 828 5882 ι,
853 5823 901 5873 1.

1845 3237 2182 3303 διδάσκοντος
2209 3241 2302 3292 τοῦ
2329 3241 2803 3312 ἁπηυθαδισμένου
2847 3243 3172 3313 πνεύματος.
3208 3242 3426 3296 Univer-

1845 3349 1961 3386 sam
1993 3349 2131 3395 vero,
2159 3349 2275 3403 quin
2297 3348 2386 3402 per
2415 3333 2588 3387 orbem
2615 3343 2874 3387 terrarum
2906 3351 3093 3402 sparsa
3121 3343 3221 3398 est,
3247 3333 3428 3389 Eccle-

1846 3425 2008 3488 siam,
2041 3425 2177 3479 idem
2220 3426 2311 3479 ille
2359 3427 2827 3496 arrogantissimus
2871 3429 3087 3496 spiritus
3127 3417 3424 3482 maledictis

1848 3527 2087 3587 appetere
2115 3531 2201 3572 eos
2226 3517 2443 3572 docebat
2469 3519 2601 3591 (82).
2636 3519 2770 3572 illud
2821 3521 2992 3588 magis
3024 3520 3243 3583 mirum,
3279 3520 3424 3588 quod

1848 3608 2295 3664 Constitutionum
2331 3611 2656 3680 compilator
2691 3610 2792 3665 sub
2831 3610 3043 3663 initium
3075 3617 3184 3663 tam
3218 3611 3426 3664 multus

1847 3705 1919 3757 sit
1952 3703 2004 3756 in
2035 3704 2279 3758 virorum
2331 3711 2584 3757 ornatum
2628 3719 2640 3754 :
2692 3702 2850 3772 quasi
2895 3717 3026 3756 vero
3050 3705 3422 3770 apostolorum

1844 3809 1960 3850 aevo
2009 3794 2063 3848 id
2110 3794 2368 3864 probrum
2415 3795 2775 3849 inolevissct:
2815 3794 2905 3864 Μή
2959 3793 3428 3863 καλλωπιζόμενος

1847 3891 1924 3951 είς
1953 3889 2013 3941 τὸ
2041 3886 2374 3959 ἀγρευθῆναί
2402 3904 2590 3940 τινα...
2614 3886 2799 3956 Πιστῷ
2828 3884 2938 3956 γάρ
2969 3903 3050 3937 σοι
3079 3886 3192 3938 ὅντι
3221 3885 3314 3938 καὶ
3335 3885 3430 3937 ἀν-

1848 3981 2050 4054 θρώπῳ
2077 3980 2169 4034 τοῦ
2192 3980 2347 4043 Θεοῦ,
2379 3971 2494 4034 οὐκ
2520 3979 2696 4044 ἔξεστι
2725 3979 2943 4051 τρέφειν
2972 3977 3070 4041 τὰς
3109 3979 3300 4048 τρίχας
3329 3978 3430 4048 τῆς

1846 4063 2120 4146 κεφαλῆς,
2163 4075 2257 4128 καὶ
2304 4074 2475 4126 ποιεῖν
2530 4074 2610 4136 είς
2660 4072 2738 4134 ἓν,
2792 4072 2820 4125 ὃ
2867 4073 2983 4124 ἐστι
3033 4070 3345 4123 σπατάλιον·
3393 4069 3427 4141 ἢ

1849 4167 2127 4238 ἅπόχυμα,
2169 4167 2201 4237 ἢ
2249 4166 2658 4239 μεμερισμένην
2699 4166 2906 4236 τηρεῖν
2950 4163 3070 4217 οὐδὲ
3122 4163 3218 4234 μὲν
3269 4163 3428 4230 ὀγκο-

1847 4261 2040 4321 ποιεῖν,
2070 4257 2102 4330 ἦ
2133 4257 2474 4323 διαξαίνοντά
2497 4274 2555 4310 τε
2587 4258 2681 4311 καὶ
2711 4256 3017 4309 πλάσσοντα
3057 4254 3218 4326 οῦλην
3259 4254 3430 4308 διατι-

1848 4350 1989 4414 θεῖν,
2021 4333 2067 4421 ἢ
2087 4350 2418 4416 ξανθοποιεϊν
2449 4351 2635 4421 αὑτήν.
2680 4348 2761 4404 Ne
2795 4363 2945 4403 ornes
2979 4357 3047 4413 te,
3078 4356 3135 4400 ut
3164 4348 3426 4417 quospiam

1849 4441 2290 4511 capiatur...Tibi
2319 4442 2456 4495 enim
2486 4443 2574 4512 qui
2601 4439 2774 4510 ﬁdelis
2813 4450 2859 4494 et
2891 4439 3045 4494 homo
3075 4439 3173 4493 Dei
3213 4455 3288 4500 es,
3322 4455 3427 4493 non

1858 4537 1975 4591 licet
2005 4535 2206 4588 nutrire
2233 4549 2458 4597 comam,
2492 4541 2540 4586 et
2573 4534 2626 4586 in
2656 4547 2816 4592 unum
2844 4530 3107 4600 colligere,
3142 4528 3280 4599 quod
3311 4544 3432 4597 spa-

1858 4629 2049 4682 talium‘
2072 4635 2150 4682 est
2177 4645 2194 4682 :
2217 4627 2294 4681 vel
2325 4625 2609 4696 effundere,
2628 4637 2717 4678 aut
2741 4624 3160 4678 discriminatam
3183 4638 3390 4677 servare
3407 4642 3424 4673 :

1855 4736 2016 4790 neque
2046 4719 2204 4773 etiam
2234 4716 2566 4786 tumefacere,
2592 4731 2751 4786 neque
2780 4713 3036 4781 carpendo
3063 4729 3124 4765 ac
3147 4711 3428 4781 formando

1855 4812 2084 4878 crispam
2133 4808 2369 4872 reddere,
2429 4824 2590 4877 neque
2639 4823 2756 4860 eam
2811 4805 3005 4874 ﬂavam
3063 4803 3236 4872 facere
3285 4801 3424 4874 (85).

1852 4901 2031 4970 Atque
2073 4901 2120 4955 is
2150 4899 2368 4969 quidem
2413 4899 2595 4952 cultus
2653 4897 2810 4951 facile
2853 4896 2908 4949 in
2935 4894 3310 4965 Cataphrygas
3341 4895 3425 4949 vel

1853 4990 2214 5044 Montanistas
2244 4990 2486 5045 Asiatico
2517 4989 2978 5044 luxu’dillluentes
3009 4987 3209 5042 invasit
3243 5004 3256 5037 :
3282 4986 3430 5057 quod

1851 5089 1906 5137 et
1937 5083 2257 5152 Apollonius
2300 5083 2433 5152 ipsis
2482 5082 2708 5151 objicit:
2758 5080 3085 5156 Προφήτης,
3138 5079 3259 5132 εἰπέ
3313 5097 3426 5149 μοι,

1853 5173 2153 5243 βάπτεται;
2201 5175 2483 5245 προφήτης
2534 5163 2866 5237 «micent;
2899 5171 3182 5243 προφήτης
3212 5170 3428 5238 φιλοκο-

1851 5269 2016 5337 σμεῖ;
2065 5267 2161 5320 Dic
2201 5267 2360 5328 mihi,
2411 5268 2627 5336 tingitne
2678 5265 2898 5335 capillos
2946 5263 3245 5333 propheta?
3301 5279 3422 5316 num

1846 5357 2098 5426 propheta
2136 5355 2295 5411 stibio
2328 5358 2505 5411 oculos
2541 5357 2704 5412 linit?
2748 5375 2817 5410 an
2858 5355 3033 5410 studet
3077 5372 3257 5411 ornari
3302 5371 3420 5424 pro-

1921 5539 2032 5609 (80)
2072 5539 2321 5609 Apollon.
2357 5555 2444 5609 ap.
2475 5540 2674 5596 Euseb.
2712 5539 2779 5594 Η.
2813 5539 2874 5596 Ε.
2905 5555 2954 5600 v_
2982 5539 3067 5594 18.

1919 5610 2031 5680 (81)
2072 5611 2299 5664 Constit.
2328 5626 2412 5676 ap.
2443 5627 2479 5674 1,
2501 5612 2558 5665 2.

1914 5681 2029 5746 (82)
2071 5681 2168 5750 Ap.
2201 5680 2428 5744 Euseb;
2454 5698 2506 5747 ν,
2532 5681 2597 5735 16

1917 5753 2029 5823 (83)
2069 5751 2294 5807 Constit.
2338 5769 2422 5822 ap.
2459 5769 2495 5817 ι,
2530 5752 2581 5808 5.
