4096 6318
682 307 833 416 53".

1544 359 1584 416 S
1635 357 2026 416 CLEMENTIS
2059 357 2078 412 l
2113 353 2280 412 R011.
2313 352 2513 409 PONT.
2549 351 2777 408 OPEBA
2810 349 3036 407 DUBIA.

3803 345 3899 402 510

681 474 875 543 pheta!
901 471 1013 545 (81)
1038 510 1042 518 -
1067 471 1268 530 Deinde
1299 470 1365 527 ad
1394 469 1755 527 coercendam
1784 467 2230 524 muliercularum
2260 473 2306 529 Α
2334 463 2566 518 maxime
2611 462 2928 517 nitebantur
2963 459 3302 515 Montanista:
3330 477 3342 513 :
3375 468 3430 512 at
3475 465 3624 512 certa
3665 457 3895 526 jejunis,

683 567 978 630 licentiam,
1006 580 1129 635 qua:
1155 563 1322 618 nimia
1353 571 1471 619 erat
1499 563 1641 626 apud
1670 562 2062 623 Montanistas,~
2083 559 2238 628 plura

677 665 1046 729 congeruntur
1074 657 1130 711 in
1157 648 1332 726 primo
1356 656 1803 710 Constitutionum
1833 654 1992 716 libro,
2021 651 2240 706 eadem-

680 766 786 817 que
814 759 926 804 toto
953 763 1114 818 opere
1140 748 1339 818 saepius
1362 748 1724 805 inculcantur.
1772 743 2063 799 Maximilla
2094 751 2239 796 certe

681 838 1133 894 Montanistarum
1180 837 1543 907 preplietissa.
1575 834 1785 887 nullum
1826 831 2014 885 habuit
2060 827 2239 882 infen-

686 931 886 984 siorem
927 927 1249 999 Hippolyto,
1281 925 1372 995 qui
1411 939 1618 979 novam
1655 921 1956 977 Jesabelem
2005 920 2061 973 in
2087 917 2236 988 Apo-

680 1018 885 1088 calypsi
939 1026 1327 1078 memoratam,
1396 1013 1568 1083 ipsam
1627 1012 1797 1067 fuisse
1852 1011 2236 1080 interpretatus

677 1117 761 1162 est
791 1107 923 1176 (85).

736 1195 836 1275 Ἰν.
881 1196 1102 1252 Errores
1122 1195 1572 1252 Hontanistarum
1608 1194 1918 1263 singillatim
1949 1197 2012 1247 ab
2039 1191 2236 1260 Hippo-

676 1289 998 1359 lyto’reiecti.
1015 1317 1079 1330 --
1095 1287 1388 1358 Seducque
1415 1289 1563 1347 ullus
1577 1301 1732 1342 error
1758 1286 2007 1356 proprius
2029 1284 2238 1338 Monta-

675 1363 943 1433 nistarum
993 1376 1114 1442 fuit,
1145 1378 1241 1449 qui
1284 1394 1392 1434 non
1427 1376 1704 1435 refellatur
1744 1379 1796 1430 in
1833 1374 2236 1440 Constitutioni-

675 1468 793 1525 bus.
836 1467 919 1523 Illi
966 1470 1236 1536 negabant
1266 1467 1521 1524 Ecclesiae
1568 1475 1891 1536 potestatem
1930 1465 2235 1522 dimittendi

672 1559 922 1628 graviora
961 1560 1214 1619 crimina.
1260 1558 1670 1613 Constitutiones
1710 1559 1909 1628 ubique
1945 1563 2232 1631 asserunt:

671 1649 781 1702 Καὶ
817 1653 937 1712 τοῖς
957 1649 1299 1720 μετανοοῦσιν
1339 1650 1529 1718 ἄφεσιν
1567 1648 1761 1702 διδόναι
1788 1647 1958 1727 χρή...
1999 1643 2235 1718 Γνώριζε

669 1737 784 1806 οὖν,
812 1736 856 1794 ὧ
884 1742 1166 1804 ἐπίσκοπε,
1190 1741 1268 1795 τὰ
1289 1741 1506 1812 ἀξίωμά
1543 1758 1636 1794 σου
1658 1779 1672 1803 ,
1695 1741 1775 1793 ὅτι
1802 1739 1873 1802 ὡς
1899 1736 1993 1790 τοῦ
2019 1737 2236 1807 δεσμεῖν

2283 570 2286 573 λ
2339 565 2504 626 atque
2539 570 2700 608 unam
2733 549 3214 624 Quadragesimam
3247 552 3432 622 prisco
3481 566 3633 605 more
3671 567 3896 606 servan-

2339 645 2463 700 dam
2495 644 2906 699 Constitutiones
2940 638 3246 696 memorant
3280 657 3293 692 :
3351 643 3510 713 Ὑμῖν
3552 640 3831 708 φυλακτέα
3870 642 3901 710 ἡ

2337 736 2555 806 νηστεία
2569 734 2666 804 τῆς
2691 734 3157 807 Τεσσαρακοστῆς,
3194 734 3410 804 μνήμην
3454 733 3781 803 περιέχουσα
3810 733 3901 801 τῆς

2337 828 2431 881 τοῦ
2461 830 2666 899 Κυρίου
2695 828 2964 891 πολιτείας
2992 845 3050 880 τε
3079 828 3172 880 καὶ
3200 825 3537 898 νομοθεσίας.
3574 823 3904 879 Servandum

2338 920 2480 975 vobis
2510 930 2604 974 .est
2635 921 2898 989 jejunium
2921 916 3374 989 Quadragesimw,
3415 918 3685 972 continens
3733 931 3908 970 recor-

2337 1011 2598 1066 dationem
2627 1011 3032 1068 conversationis
3056 1010 3365 1077 Dominicis,
3397 1019 3444 1063 et
3471 1010 3598 1077 legis
3624 1012 3746 1063 lates
3765 1006 3904 1078 (90).

2337 1101 2580 1172 Denique
2604 1101 2946 1156 Montanistas
2989 1099 3144 1156 nefas
3186 1115 3309 1155 esse
3345 1101 3560 1154 aiebant
3585 1100 3908 1156 Christiano

2339 1194 2774 1263 persecutionem
2838 1190 3054 1261 fugere;
3091 1188 3510 1245 Constitutiones
3558 1197 3789 1250 contra,
3839 1201 3907 1240 ex

2336 1284 2422 1338 bis
2451 1298 2571 1353 qua:
2605 1282 2878 1353 Hippolyti
2922 1296 3119 1335 nomen
3163 1278 3543 1355 praeseferungt,
3578 1295 3685 1332 non
3730 1279 3898 1333 modo
3958 1331 3969 1335 _

2335 1388 2401 1427 ex
2446 1371 2725 1443 Evangelii
2776 1371 3099 1441 praescripto
3151 1371 3415 1440 fugientes
3464 1370 3908 1438 persecutionem

2337 1468 2580 1523 tuentur,
2619 1461 2714 1517 sed
2757 1460 2985 1515 laudant
3027 1459 3192 1513 etiam
3232 1473 3295 1510 ac
3338 1456 3600 1511 fratribus
3630 1470 3914 1509 commen-

2335 1552 2503 1606 dant:
2543 1551 2681 1614 Τοὺς
2722 1549 3085 1621 διωκομένους
3118 1547 3207 1600 διὰ
3246 1547 3450 1609 πίστιν,
3495 1545 3588 1599 καὶ
3624 1549 3702 1607 είς
3748 1544 3912 1598 πόλιν

2335 1646 2399 1699 ὲκ
2426 1645 2631 1707 πόλεως
2670 1643 2986 1712 φεύγοντας,
3028 1639 3115 1694 διὰ
3150 1639 3210 1692 τὸ
3240 1638 3544 1710 μεμνῆσθαι
3581 1637 3688 1690 τῶν
3731 1637 3915 1704 λόγων

2334 1736 2427 1789 τοῦ
2461 1736 2706 1806 Κυρίου,
2765 1730 3264 1806 προσλαμϐάνεσθε.
3337 1728 3714 1798 Ἐπιστάμενοι
3761 1728 3914 1798 γὰρ,

669 1829 964 1902 ὲκληρώσω
990 1833 1088 1903 τὴν
1117 1831 1391 1896 ἐξουσίαν,
1430 1809 1574 1884 οὕτω
1603 1831 1695 1884 καὶ
1734 1829 1826 1883 τοῦ
1854 1829 2020 1883 λύειν.
2066 1827 2234 1883 Pami-
2265 1809 2307 1864 Β
2334 1830 2416 1882 ὅτι
2465 1828 2524 1881 τὸ
2574 1828 2669 1898 μὲν
2714 1824 2928 1895 πνεῦμα
2974 1822 3272 1897 πρόθυμον,
3307 1820 3424 1890 ἠδὲ
3471 1818 3607 1889 σὰρξ
3649 1819 3915 1888 ἀσθενὴς,

670 1920 897 1974 sentibus
928 1931 1102 1976 autem
1145 1923 1294 1975 venia
1329 1920 1656 1977 concedenda
1691 1929 1835 1975 est...
1863 1921 2096 1990 Agnosce
2135 1921 2234 1989 igi-

667 2018 776 2073 tur,
813 2009 1070 2077 episcope,
1111 2008 1421 2080 dignitatem
1465 2018 1632 2072 tuam,
1677 2009 1813 2079 quod
1840 2011 1976 2069 sicut
2013 2007 2230 2064 sortitus

665 2117 718 2153 es
737 2108 1057 2168 potestatem
1093 2101 1326 2171 ligandi,
1360 2101 1438 2155 ita
1482 2110 1531 2154 et
1569 2101 1819 2155 “solvendi.
1874 2100 2231 2156 Montanistas

665 2202 846 2248 autem
895 2192 1066 2262 digito
1115 2200 1383 2248 monstrat
1428 2199 1640 2258 auctor,
1691 2193 1781 2246 ubi
1814 2193 1922 2244 ait:
1954 2191 2113 2256 Δέξαι
2139 2188 2231 2244 οὖν

661 2283 752 2333 τὸν
785 2280 1141 2352 μετανοοῦντα
1173 2285 1245 2355 μη
1286 2280 1549 2344 διστάζων
1575 2282 1729 2345 ὅλως,
1768 2283 1900 2353 μηδὲ
1943 2299 2230 2353 παρεμπο-

661 2372 934 2442 δεξόμενος
956 2373 1060 2426 ὑπὸ
1087 2373 1193 2426 τῶν
1220 2372 1459 2442 ἀνηλεῶς
1481 2373 1745 2441 λεγόντων
1769 2411 1783 2434 ,
1817 2373 1890 2444 μὴ
1921 2361 2030 2425 δεῖν
2057 2372 2230 2426 τοιού-

661 2452 771 2526 τοις
821 2464 1278 2535 συμμολύνεσθαι,
1328 2465 1463 2535 μήτε
1502 2465 1660 2533 λόγου
1710 2466 2004 2518 κοινωνεῖν.
2057 2462 2231 2536 Igitur

660 2555 985 2621 panitentem
1015 2557 1215 2624 recipe;
1247 2572 1340 2609 nec
1368 2567 1414 2610 te
1447 2540 1712 2609 ullatenus
1736 2553 1977 2608 dubitare
2000 2554 2225 2623 faciant,

662 2657 752 2699 aut
793 2664 825 2700 a
849 2648 1116 2717 proposito
1161 2648 1454 2710 retrahunt,
1487 2648 1591 2717 qui-
1627 2647 2114 2701 immisericorditer
2146 2648 2228 2702 di-

659 2744 803 2797 cunt,
828 2753 928 2789 non
960 2747 1194 2807 oportere
1223 2753 1342 2790 cum
1364 2736 1666 2806 hujusmodi
1688 2736 2037 2805 coinquinari,
2070 2751 2229 2805 neque

658 2826 738 2880 vel
767 2842 1000 2882 sermone
1035 2828 1420 2881 communicare
1445 2826 1581 2898 (86).
1625 2826 1751 2881 Haac
1782 2828 2043 2881 adversus
2076 2826 2230 2882 Mon-

660 2918 887 2973 tanistas
933 2918 1080 2972 dicta
1121 2933 1245 2992 esse
1281 2918 1561 2972 adnotavit
1590 2917 1919 2983 Cotelerius,
1951 2925 2045 2976 aut
2070 2925 2228 2974 vetu-

657 3010 859 3064 stiores
908 3010 1070 3064 etiam
1123 3007 1441 3076 hasreticos,
1485 3011 1735 3079 quamvis
1783 3008 2114 3065 Moshemius
2156 3009 2224 3062 ad

2334 1919 2805 1991 ἀποδιδράσκουσι,
2843 1916 2937 1968 καὶ
2981 1913 3080 1985 τὴν
3127 1911 3382 1983 ἁρπαγὴν
3412 1909 3518 1962 τῶν
3549 1909 3919 1980 ὑπαρχόντων

2334 2010 2749 2084 προϊενται,-ἴνα
2787 2007 3147 2078 ἀνεξάρνητον
3185 2006 3241 2056 ὲν
3271 2005 3481 2066 ἑαυτοῖς
3516 2003 3576 2054 τὸ
3609 2003 3777 2072 δνομα
3811 2001 3915 2054 τοῦ

2330 2103 2563 2175 Χριστοῦ
2610 2101 3026 2172 διατηρήσωσιν.
3091 2097 3456 2166 Ἐπικουρείτε
3497 2091 3587 2148 οῦν
3623 2095 3808 2156 αὐτοῖς
3841 2093 3917 2145 τὰ

2331 2198 2466 2270 πρὸς
2492 2197 2702 2268 χρείαν,
2729 2193 2948 2266 ἐντολὴν
2976 2192 3262 2264 Κυριακὴν
3291 2189 3639 2262 πληροῦντες.
3677 2187 3781 2243 Eos
3817 2190 3916 2257 qui

2329 2289 2740 2358 persecutionem
2787 2287 3064 2354 patiuntur
3113 2284 3237 2353 ﬁdei
3284 2300 3467 2342 causa,
3510 2295 3559 2334 et
3599 2282 3661 2335 de
3692 2282 3917 2334 civitate

2305 2375 2384 2433 ’ἐκ
2436 2380 2696 2433 civitatem
2749 2377 3001 2447 fugiunt,
3051 2373 3189 2444 quod
3246 2373 3574 2426 meminerint
3623 2375 3913 2424 uerborum

2332 2470 2546 2524 Domini
2589 2469 2702 2539 (91)
2755 2469 3023 2536 suscipite.
3072 2464 3205 2519 Cum
3254 2464 3395 2518 enim
3433 2464 3610 2516 norint
3649 2463 3913 2530 spiritum

2329 2563 2539 2632 quidem
2562 2573 2864 2631 promptum
2894 2575 3024 2618 esse.
3043 2574 3254 2610 carnem
3279 2573 3396 2609 vero
3414 2556 3703 2624 inﬁrmam,
3733 2556 3912 2623 aufu-

2329 2654 2500 2724 giunt,
2533 2661 2582 2721 et
2608 2651 2925 2721 facultatum
2972 2665 3192 2702 suarum
3216 2638 3559 2716 direptionem
3587 2648 3912 2715 permittunt

2329 2762 2392 2798 ac
2421 2745 2705 2814 negligant,
2740 2751 2796 2794 ut
2821 2742 2874 2794 in
2898 2757 2952 2796 se
2980 2741 3108 2808 ipsis
3142 2756 3330 2793 nomen
3360 2737 3555 2792 Christi
3602 2739 3908 2806 illibatum,

2327 2843 2378 2888 et
2415 2835 2686 2902 negatione
2738 2848 2840 2884 non
2883 2828 3149 2898 proditum
3203 2837 3522 2882 conservent.
3559 2825 3908 2895 Suppeditate

2326 2940 2446 2992 ergo
2476 2922 2586 2975 illis
2611 2938 2727 2992 qua:
2758 2932 2879 2974 sunt
2897 2919 3215 2982 necessaria,
3237 2918 3544 2972 mandatum
3561 2919 3905 2974 Dominicum

2328 3014 2669 3083 adimplentes
2696 3011 2830 3082 (99.).

655 3097 987 3154 Novatianos
1015 3114 1311 3174 perperam
1358 3100 1634 3155 distulerit
1682 3100 1816 3170 (87).
1862 3099 2007 3156 Neve
2053 3101 2222 3154 ullum
2250 3128 2294 3186 ο
2397 3105 2465 3161 V'.
2507 3105 2723 3175 Proprii
2750 3104 3066 3159 Tertulliani
3111 3120 3316 3157 errores
3361 3102 3426 3156 ab
3458 3102 3738 3175 Hippolyto
3768 3120 3909 3158 eon-

655 3189 859 3246 crimen
887 3190 1060 3260 enipi
1088 3197 1292 3261 posset,
1325 3192 1569 3262 exempla
1601 3191 1953 3262 proferuntur
1977 3191 2228 3254 Davidis,-

653 3287 707 3333 et
736 3277 1026 3346 Manassis,
1067 3297 1300 3351 quorum
1332 3296 1474 3336 unus
1506 3284 1757 3336 moechis:
1801 3291 1962 3354 atque
1990 3283 2222 3337 homici-

653 3369 751 3434 dii,
784 3370 919 3425 alter
958 3370 1278 3429 idololatria:
1323 3387 1449 3446 reus
1497 3371 1677 3432 fuerat
1709 3389 1722 3424 :
1759 3375 1873 3428 haec
1909 3373 2051 3428 enim
2091 3388 2219 3442 pec-

654 3470 776 3515 cata
806 3462 1151 3531 excipiebant
1175 3462 1539 3529 Montanistae,
1563 3480 1701 3535 quos
1731 3465 1894 3522 veluti
1924 3464 2217 3534 alloquitur

653 3549 1099 3608 Constitutionum
1132 3565 1320 3608 auctor
1350 3570 1473 3610 cum
1508 3556 1583 3609 ait
1616 3571 1629 3605 :
1670 3553 1884 3617 Μείξων
1937 3553 2220 3607 εἰδωλολα-

649 3641 835 3711 τρείας
861 3643 961 3695 οὐκ
987 3643 1131 3696 ἐστιν
1161 3645 1423 3715 ἁμαρτία.
1469 3647 1564 3708 El;
1592 3646 1721 3699 Θεὸν
1750 3647 1856 3717 γάρ
1885 3648 1999 3700 ἐστι
2028 3647 2216 3700 δυσσέ-

540 3746 543 3747 '
651 3731 789 3806 σεια.
845 3734 979 3787 Ἀλλ’
1022 3725 1308 3806 ὅμως-κα).
1353 3737 1489 3808 αὑτὴ
1533 3736 1620 3790 διὰ
1660 3739 1907 3808 γνησίας,
1935 3739 2216 3808 μετανοίας

652 3823 1085 3896 συγκεχώρηται,
1127 3823 1349 3881 Gravius
1387 3827 1638 3881 delictum
1676 3828 1993 3883 idololatria
2029 3846 2131 3883 non
2158 3846 2214 3884 re

649 3916 851 3982 peritur
879 3931 898 3970 .'
924 3927 1002 3971 est
1043 3919 1181 3972 enim
1227 3920 1287 3972 in
1308 3919 1474 3973 Deum
1521 3921 1764 3988 impietas
1809 3935 1827 3973 :
1871 3920 2210 3976 nihilominus

650 4015 825 4060 tamen
852 4016 901 4061 et
924 4007 1058 4061 illud
1083 4025 1175 4076 per
1200 4011 1457 4065 sinceram
1485 4011 1839 4079 ptenitentiam
1861 4013 2212 4085 condonatum

647 4107 726 4152 est
748 4098 884 4170 (88).
919 4098 1000 4154 Illi
1050 4102 1319 4157 secundas
1369 4103 1584 4171 nuptias
1625 4102 1976 4167 damnabant,
2007 4119 2126 4174 qua:
2154 4105 2210 4161 in

2322 3202 2504 3272 futati.
2521 3229 2590 3241 -—
2611 3198 2692 3252 Ad
2711 3199 2825 3252 haec
2851 3196 3220 3251 Tertullianus
3242 3195 3600 3258 Montanista‘,
3643 3211 3709 3249 ex
3728 3206 3906 3250 "nova:

2323 3302 2487 3350 sectae
2527 3290 2792 3346 institutis
2835 3287 3173 3344 consectaria
3203 3288 3447 3356 quaedam
3481 3287 3721 3354 deduxit,
3746 3288 3905 3342 unde

2273 3385 2275 3391 '
2319 3374 2372 3440 et
2394 3381 2648 3453 privatim
2677 3395 2896 3434 errores
2927 3379 3064 3433 alios
3096 3377 3308 3432 ascivit.
3336 3375 3656 3445 Cujusmodi
3689 3378 3779 3431 ille
3809 3386 3903 3432 est.

2317 3490 2476 3544 quem
2515 3473 2660 3527 edito
2690 3472 2828 3524 libro
2871 3469 2943 3522 De
2969 3469 3095 3537 fuga
3128 3469 3178 3521 in
3209 3469 3566 3537 persecutione
3588 3467 3768 3535 docet,
3805 3469 3899 3522 δυί

2316 3559 2604 3622 Paracleti,
2646 3557 2888 3627 Montani
2921 3557 3131 3610 scilicet
3160 3560 3485 3610 auctoritate
3517 3556 3705 3621 frctus,
3737 3560 3902 3614 nulla

2317 3654 2588 3709 occasione
2637 3644 2950 3720 martyrium
3001 3647 3255 3703 redimere
3306 3648 3390 3723 [es
3435 3665 3565 3702 esse.
3609 3647 3900 3727 Adversus

2315 3761 2433 3800 eam
2464 3742 2788 3799 sententiam
2815 3741 2927 3794 haec
2952 3739 3158 3808 profert
3177 3737 3628 3793 Constitutionum
3653 3732 3896 3796 ’auctor:

2313 3837 2376 3889 El
2410 3836 2466 3896 δὲ
2493 3835 2586 3888 καὶ
2615 3827 2726 3896 οἷός
2759 3832 2819 3884 τέ
2850 3833 2996 3883 ὲστιν
3029 3831 3240 3883 ἅπαντα
3268 3831 3358 3883 τὸν
3390 3829 3501 3899 βίον
3523 3828 3714 3881 ἑαυτοῦ
3747 3831 3896 3883 ἀπο-

2313 3926 2530 3997 δόμενος
2562 3923 2826 3999 ῥύσασθαι
2855 3924 3050 3985 αὐτοὺς
3081 3923 3144 3974 ὲκ
3170 3920 3262 3974 τοῦ
3290 3921 3682 3992 δεσμωτηρίου,
3709 3923 3898 3992 μακά-

2313 4035 2426 4088 ριος
2453 4017 2604 4070 ἔσται
2634 4018 2727 4070 καὶ
2756 4015 2907 4085 φίλος
2935 4014 3028 4067 τοῦ
3059 4012 3314 4084 Χριστοῦ.
3336 4015 3399 4066 Et
3428 4014 3537 4086 γὰρ
3565 4017 3593 4068 ό
3619 4014 3687 4068 τὰ
3715 4016 3901 4089 ὑπάρ-

2311 4126 2470 4178 χοντα
2517 4111 2751 4178 πτωχοῖς
2793 4107 2950 4169 δοὺς,
2999 4105 3200 4167 τέλειος
3224 4144 3237 4167 ,
3287 4105 3426 4176 μετὰ
3459 4107 3558 4178 τὴν
3604 4108 3732 4177 περὶ
3774 4108 3891 4162 τῶν

649 4190 1124 4245 Constitutionibus
1156 4192 1230 4245 ita
1259 4207 1370 4246 non
1412 4192 1808 4262 improbantur,
1837 4202 1894 4248 ut
1923 4195 2210 4253 manifeste

2325 4199 2468 4251 is.le
2522 4199 2756 4268 γνῶσιν,
2814 4197 2992 4268 πολλῷ
3051 4197 3247 4268 μᾶλλον
3287 4199 3315 4250 ὁ
3369 4197 3508 4267 ὑπὲρ
3567 4197 3885 4269 μαρτύρων.

647 4285 910 4352 arguatur
952 4281 1260 4336 contrarius
1307 4296 1501 4336 error:
1538 4282 1706 4350 Λόγον
1737 4283 1920 4352 ὑφέξει
1957 4285 2034 4356 τῷ
2058 4285 2205 4357 Θεῷ,

2325 4287 2432 4342 lam
2473 4306 2587 4343 vero
2624 4291 2672 4343 si
2707 4289 2822 4360 quis
2853 4298 3020 4357 potest
3065 4288 3265 4341 tradita
3295 4288 3434 4340 omni
3461 4289 3755 4341 substantia
3781 4307 3886 4342 sua

643 4369 741 4438 οὐχ
769 4370 850 4422 ὄτι
877 4369 1109 4442 δευτέρῳ
1136 4371 1296 4442 γάμῳ
1324 4371 1567 4443 συνήφθη
1593 4411 1607 4436 ,
1637 4372 1748 4426 ἀλλ’
1778 4374 1858 4427 ὅτι
1883 4375 1981 4446 τὴν
2010 4377 2207 4448 ἑαυτῆς

2325 4395 2394 4433 ros
2446 4375 2759 4450 [martyres]
2785 4392 2849 4430 ex
2896 4393 3103 4429 carcere
3132 4375 3377 4438 liberare,
3424 4374 3605 4428 beatus
3660 4376 3762 4428 erit
3819 4391 3885 4427 ac

643 4460 970 4528 ἐπαγγελίαν
997 4462 1096 4515 οὐκ
1124 4461 1371 4530 ἐφύλαξε.
1422 4462 1692 4516 Rationem
1724 4463 1832 4519 Deo
1864 4465 2072 4532 reddet,
2103 4486 2205 4522 non

2325 4471 2508 4526 Christi
2535 4472 2759 4524 amicus.
2794 4468 2937 4522 Nam
2960 4485 3078 4522 cum
3102 4469 3146 4521 is
3168 4469 3257 4536 qui
3277 4472 3412 4520 bona
3439 4485 3536 4521 sua
3562 4469 3882 4537 pauperibus

641 4550 779 4619 quod
825 4549 1067 4606 secundis
1109 4554 1309 4620 nuptiis
1354 4553 1601 4622 copulata
1647 4555 1737 4618 sit,
1779 4554 1868 4608 sed
1897 4557 2032 4625 quod
2075 4548 2212 4627 pro-i
2307 4563 2422 4635 dat,
2452 4561 2712 4632 perfectus
2745 4561 2956 4628 sitpost
2983 4559 3341 4635 cognitionem
3357 4575 3532 4612 rerum
3554 4558 3878 4624 divinarum,

641 4639 920 4708 fessionem
963 4658 1114 4694 suam
1154 4659 1276 4697 non,
1310 4644 1525 4696 servarit
1555 4642 1666 4713 (89)
1704 4661 1716 4698 :
1748 4660 1925 4698 sermo
1973 4625 2089 4701 erat
2136 4649 2204 4704 de
2306 4625 2472 4708 multo
2508 4625 2609 4708 erit
2644 4625 2925 4722 perfectior
2954 4625 3168 4722 quiipro
3196 4625 3518 4721 marl‘yribus
3553 4660 3741 4705 cuncta
3771 4653 3883 4705 lar-

640 4729 843 4795 viduis,
871 4745 992 4800 qua:
1029 4732 1337 4787 castitatem
1381 4731 1594 4787 fuerant
1624 4733 1901 4803 professas.
1934 4736 2201 4802 Quoniam
2303 4747 2472 4815 gietur
2506 4743 2636 4815 (9'5).
2695 4742 3065 4798 Christianum
3114 4742 3261 4796 salva
3327 4741 3429 4795 [ide
3481 4742 3716 4796 militare
3762 4759 3879 4798 non

640 4835 774 4875 vero
799 4819 1088 4878 Montanus
1117 4822 1495 4892 dissolvendas
1523 4839 1644 4881 esse
1667 4827 1888 4899 nuptias
1916 4828 2197 4895 docuerat,
2303 4852 2464 4908 posse
2501 4834 2870 4891 Tertullianus
2915 4833 3290 4905 pronuntiavit
3345 4833 3482 4905 (9i),
3547 4832 3877 4906 Hippolytus

639 4911 695 4967 id
736 4927 954 4982 quoque
1004 4912 1060 4968 in
1108 4912 1582 4970 Constitutionibus
1633 4927 1719 4973 est
1771 4920 2016 4986 vetitum,
2066 4921 2201 4991 μήτε

2325 4936 2490 4983 :ontra
2506 4928 2561 4981 in
2583 4928 2800 4998 hisqua‘.
2816 4942 2846 4980 a
2864 4934 3183 4997 corruptore
3203 4933 3413 4981 servata
3435 4933 3561 4981 sunt
3578 4942 3590 4976 :
3607 4927 3880 4998 Στρατιώ-

639 5001 748 5093 μῂν
793 5001 930 5072 μιτά
977 5002 1151 5075 γάμον
1189 5004 1469 5086 ᾲκδάλλειν
1525 5009 1938 5093 ἀκατάγνωστον
1979 5010 2199 5074 ἐξέστω.
2300 5005 2411 5093 της
2441 5021 2677 5093 προσιὼν
2722 5018 3049 5073 διδασκέσθω
3102 5019 3176 5090 μὴ
3218 5018 3438 5080 ἀδικεῖν,
3489 5018 3563 5088 μὴ
3608 5035 3880 5086 συκοφαν-

640 5090 928 5185 ῃοηλέπᾭο
966 5103 1091 5185 ᾏΡοινε
1115 5097 1343 5185 ’παρεῖσα
1397 5099 1553 5152 ίίεεαι
1609 5100 1796 5164 3.550878
1846 5091 2196 5169 ὒισαιραεαηι.
2299 5090 2410 5166 τενῖν
2433 5153 2447 5178 ,
2477 5090 2762 5185 ἀρκεῖσθαι
2790 5112 2847 5165 δὲ
2885 5114 2995 5174 τοῖς
3040 5110 3332 5180 διδομένοις
3371 5109 3619 5179 ὀψωνίοις
3643 5126 3656 5140 ·
3689 5110 3880 5165 πειθός

635 5181 1010 5252 Multiplicatis
1059 5183 1302 5254 iejuniis,
1349 5188 1480 5258 quin
1519 5189 1682 5265 etiam
1730 5189 2194 5263 Quadragesimis,

2325 5221 2459 5267 ιενος
2517 5181 2903 5274 -προσδεχέσθω
2925 5242 2939 5266 ,
3004 5202 3298 5270 ἀντιλέγων
3351 5201 3407 5255 δὲ
3461 5201 3879 5258 ἀποϐαλλέσθω.

704 5389 816 5460 (84)
853 5391 952 5460 Ap.
975 5390 1172 5448 Euseb.
1205 5409 1256 5455 v,
1283 5393 1368 5450 18.

854 5460 956 5546 ἓν.
991 5461 1492 5546 Epipbaii:nha:_r.
1524 5480 1598 5529 ιι,
1623 5465 1713 5521 55.

851 5530 1075 5612 gonstit.
1111 5530 1285 5612 ili”,
1311 5533 1376 5588 18
1401 5543 1458 5612 et_
1483 5550 1688 5612 seqLu
2370 5530 2482 5612 (98)
2523 5540 2751 5612 Constit.
2789 5530 2910 5604 vni,
2936 5541 3023 5596 45.

857 5600 1116 5682 ξμιεὴςηι.
1148 5600 1326 5682 Instit.
1354 5605 1475 5659 mai.
1505 5598 1710 5674 p319.

2369 5598 2481 5682 (‘93)
2521 5611 2740 5682 una.»
2777 5613 2828 5666 ι.

703 5629 785 5665 (οι
857 5629 1116 5656 Μιιδιιτιιι.
1148 5629 1326 5657 ιηιιιι.
1354 5629 1475 5659 mat.
1505 5629 1556 5674 μ.
1588 5629 1710 5661 τιυ-

703 5629 816 5759 ςιςι
1221 5673 1271 5727 ι.

2369 5629 2481 5682 tuo;
2521 5629 2740 5666 smarv.
2777 5629 2828 5666 ι.

2372 5683 2484 5753 (91)
2525 5679 2847 5738 Tertulliani.
2882 5681 2956 5735 De
2987 5698 3095 5736 cor.
3131 5682 3265 5747 mil.,
3292 5696 3368 5737 ιι.

705 5739 815 5808 (89)
853 5738 983 5796 Ibid.
1021 5759 1092 5810 vn,
1121 5742 1204 5797 14.

2370 5403 2481 5470 (9n)
2523 5401 2658 5456 Ibid.
2691 5419 2743 5466 ν,
2769 5402 2855 5457 ιδ.

2368 5473 2480 5543 (91)
2520 5471 2708 5543 Matth.
2741 5488 2887 5533 xxvr,
2914 5472 3001 5543 41.
