4096 6318
173 350 296 408 5-H
364 373 372 379 ·
1065 351 1659 410 CONSTITUTIONES
1692 350 2178 419 APOSTOLICR
2200 384 2268 393 —-—
2296 352 2658 412 PHOIEMIA.
3345 349 3447 407 5H

176 460 373 524 lites
395 468 643 524 accedens
666 469 916 525 doceatur
936 471 1128 524 nemini
1156 471 1406 541 injuriarn
1432 471 1644 538 inferre,
1678 486 1780 522 non
1811 472 1855 528 Α
1881 469 2017 524 cium
2047 470 2371 538 complexum
2420 469 2596 538 magni
2633 469 2896 539 pontiﬁcis
2925 467 3052 523 Jesu
3076 467 3272 525 Christi
3294 468 3445 537 Regis

177 561 557 625 calumniari,
585 570 856 616 contentus
904 578 1017 617 esse
1046 561 1146 616 sibi
1174 563 1314 616 datis
1355 562 1630 630 stipendiis
1655 577 1672 614 :
1697 559 1782 615 ob-
1882 560 2055 612 nostri
2101 561 2445 614 imitationem
2485 574 2579 627 pro
2619 559 2744 612 ludo
2785 558 3010 622 habent;
3050 559 3164 612 ideo
3207 559 3444 627 inquam,

179 663 513 722 temperans
533 653 612 707 his
644 653 980 719 admittatur,
1015 668 1308 722 repugnans
1344 629 1617 720 rejiciatur
1643 651 1777 720 (95).
1858 669 2087 715 .necesse
2123 652 2225 722 fuit
2252 651 2316 705 de
2343 669 2400 706 eo
2432 669 2630 724 quoque
2661 651 2942 705 admonere
2975 668 2991 706 :
3017 652 3134 720 jam
3165 651 3299 705 enim
3332 629 3449 719 qui-

178 739 279 797 Eo
333 746 552 800 tandem
599 747 835 801 vesaniae
874 743 1244 799 Tertullianus
1286 746 1573 814 prolapsus
1611 750 1694 798 est
1724 749 1781 796 ut
1879 743 2005 796 dam
2047 745 2280 797 conversi
2306 752 2430 796 sunt
2476 754 2611 797 retro
2640 751 2759 811 post
2801 744 3083 796 vanitatem
3126 758 3276 795 suam
3309 741 3445 812 (98).

182 851 220 888 a
262 834 558 891 levissima
598 837 857 906 deceptus
901 835 1152 899 muliere,
1206 839 1506 903 nuntioque
1550 825 1783 889 remisso
1883 834 2009 889 Haec
2040 835 2223 904 utique
2255 834 2310 888 in
2336 833 2618 888 codicibus
2652 833 2943 905 Hippolyto
2996 835 3196 888 tributa
3237 831 3449 886 Monta-

184 927 417 982 nedum
456 936 616 984 rectae
643 927 787 993 ﬁdei,
818 929 912 983 sed
939 928 1101 983 etiam
1132 927 1330 981 rationi
1360 942 1372 978 :
1406 927 1638 978 animam
1674 941 1784 978 cor-
1884 927 2059 982 nistas
2090 924 2309 986 feriunt.
2342 925 2480 996 apud
2511 943 2639 995 quos
2667 927 2743 979 vel
2772 926 3013 978 mulieres
3041 926 3268 994 episcopi
3296 933 3449 979 erant

190 1022 480 1089 paraliter
522 1031 785 1077 ostensam
816 1037 926 1076 esse
958 1019 1207 1084 crederet,
1239 1035 1354 1090 qua:
1389 1019 1605 1087 spiritus
1642 1018 1784 1072 ride-
1881 1024 1931 1069 et
1970 1015 2295 1086 presbyteri,
2335 1025 2384 1070 et
2425 1015 2502 1070 ad
2553 1026 2767 1071 eceterae
2816 1017 3012 1087 gradus
3069 1018 3445 1088 allegebantur,

187 1112 396 1178 batur,
429 1113 518 1168 sed
547 1129 648 1168 non
678 1114 872 1175 inanis,
919 1119 969 1165 et
991 1127 1166 1165 vacuas
1192 1109 1466 1179 qualitatis
1491 1123 1508 1161 .·
1537 1110 1639 1162 imo
1668 1125 1783 1179 qua:
1884 1107 2085 1162 nullum
2116 1118 2173 1162 ut
2205 1124 2359 1162 sexus
2380 1107 2661 1162 discrimen
2691 1120 3005 1163 servaretur.
3047 1110 3363 1164 Ἔπίσκοποί
3390 1128 3450 1163 τε

185 1209 378 1261 etiam
418 1207 578 1264 teneri
620 1205 997 1276 repromitteret
1028 1202 1162 1272 (96).
1212 1200 1318 1256 Sed
1348 1217 1408 1256 ea
1436 1217 1653 1271 quoque
1701 1203 1782 1256 fa-

1888 1202 2236 1272 παρ’.αὑτοϊς
2279 1204 2562 1270 γυναῖκες,
2610 1202 2702 1254 καὶ
2756 1202 3110 1274 πρεσϐύτεροι
3175 1205 3449 1271 γυναῖκες,

189 1301 342 1355 bula
389 1302 443 1356 in
485 1287 960 1354 Constitutionibus
1015 1294 1382 1349 convellitur:
1409 1294 1601 1365 Ψυχὴν
1641 1293 1784 1346 ἁσὼο

1888 1296 1978 1346 καὶ
2016 1292 2084 1347 τὰ
2141 1293 2294 1360 ἄλλα,
2338 1294 2414 1357 ὡς
2463 1295 2625 1366 μηδὲν
2665 1295 2936 1364 διαφέρειν
2993 1295 3124 1365 (99).
3171 1295 3460 1349 Postrema

197 1410 390 1465 ματον
430 1393 488 1444 ὲν
534 1394 663 1462 ἡμῖν
699 1390 792 1443 καὶ
838 1387 1104 1441 ἀθάνατον
1143 1383 1529 1457 ὁμολογοῦμεν,
1577 1385 1691 1437 ἀλλ’
1719 1387 1780 1438 οὑ

1888 1397 2065 1444 autem
2101 1388 2261 1444 verba
2292 1388 2346 1441 in
2371 1387 2766 1442 Tertullianum
2811 1387 2955 1441 dicta
3000 1395 3128 1442 sunt
3159 1402 3296 1443 vano
3327 1403 3454 1458 pro-

193 1484 463 1557 φθαρτὴν
490 1483 563 1558 ὡς
592 1483 660 1536 τὰ
689 1482 912 1553 σώματα
936 1519 952 1543 ,
997 1477 1108 1536 ἀλλ’
1138 1473 1401 1531 ἀθάνατον
1426 1517 1439 1542 ,
1469 1477 1544 1540 ὼς
1559 1475 1783 1550 λογικὴν

1888 1479 2078 1551 phetia
2108 1480 2330 1534 nomine.
2358 1479 2678 1550 deceptum;
2720 1495 2881 1548 quem
2911 1479 3074 1549 paulo
3104 1485 3228 1534 ante
3255 1480 3369 1535 suis
3398 1479 3453 1534 in

195 1579 307 1631 καὶ
351 1574 709 1641 αὐτεξούσιον.
767 1572 1011 1626 Animam
1062 1579 1298 1625 nostram
1335 1570 1695 1638 incorpoream
1733 1577 1782 1623 et
1886 1572 2161 1627 Dauielem
2201 1570 2628 1626 Commentariis
2676 1571 2882 1642 pariter
2923 1569 3245 1643 Hippolytus
3291 1564 3451 1626 nota-

196 1669 567 1728 immortalem
607 1666 941 1729 confitemur,
987 1677 1089 1717 non
1120 1670 1296 1742 autem
1341 1655 1579 1715 interitui
1621 1661 1782 1716 obno-

1888 1673 2069 1719 verat:
2093 1661 2300 1724 Πάντες
2328 1662 2435 1734 γὰρ
2464 1664 2698 1734 σήμερον
2726 1645 2774 1719 oi
2795 1666 2871 1726 είς
2899 1664 3058 1717 αὐτὸν
3088 1664 3450 1731 πιστεύοντες,

199 1761 363 1815 xiam
393 1769 450 1812 ut
478 1774 722 1827 corpora,
760 1757 863 1810 imo
896 1749 1078 1808 mortis
1108 1750 1387 1822 expertem,
1415 1763 1590 1821 utpote
1609 1754 1781 1807 ratio—

200 1855 388 1908 nalem
419 1870 480 1906 ac
507 1837 681 1904 libera
701 1849 971 1920 potestatis
997 1847 1132 1917 {97).

289 1944 378 1999 Vl.
404 1942 758 1997 Tertullianus‘
789 1957 850 1993 ac
883 1938 1226 1994 Hontanistte
1257 1938 1614 1992 nominetenus
1642 1952 1780 2004 pras-

207 2037 381 2097 teriti,
401 2032 489 2087 sed
504 2031 728 2101 undique
742 2030 795 2084 in
809 2029 1282 2085 Constitutionibus
1307 2028 1782 2099 emptast—Atque

207 2130 339 2181 haec
370 2125 695 2181 necessario
738 2122 1088 2202 edissereuda
1135 2120 1388 2184 fuerunt,
1436 2135 1505 2175 ne
1548 2119 1781 2189 amplius

206 2218 410 2271 lateret
431 2222 719 2283 utrumque
738 2211 1010 2282 Hippolyti
1036 2225 1194 2281 opus,
1219 2209 1356 2278 Περὶ
1381 2209 1780 2278 χαρισμάτων,

205 2316 269 2362 et
314 2301 750 2371 Ἀποστολικὴν
787 2301 1161 2369 παράδοσιν,
1203 2298 1548 2354 Montanistis
1614 2309 1786 2368 oppo-

212 2377 388 2451 situm
421 2393 607 2455 fuisse,
634 2394 974 2460 maximeq-ue
990 2387 1325 2444 Tertulliano
1356 2390 1408 2442 in
1435 2403 1554 2444 eam
1581 2396 1784 2442 sectam

208 2486 464 2558 νει-88ηιί
491 2503 506 2541 :
537 2485 642 2539 etsi
671 2497 878 2537 nomen
899 2481 1091 2551 ipsius,
1122 2495 1229 2550 quo
1255 2479 1468 2533 facilius
1494 2480 1562 2532 ab
1593 2477 1786 2532 haeresi

211 2580 412 2649 pedem
457 2576 720 2638 referret,
778 2575 914 2628 bene
962 2571 1032 2627 ab
1083 2571 1374 2642 Hippolyto
1429 2585 1784 2640 suppressum

213 2671 406 2725 fuerit.
461 2663 647 2737 Neque
675 2665 820 2720 enim
862 2663 1036 2733 ipsius
1079 2661 1234 2716 famae
1277 2660 1648 2717 Tertullianus
1692 2676 1786 2730 pe-

212 2763 522 2835 percisset,
567 2761 612 2817 si
663 2759 792 2831 quid
850 2760 902 2813 in
949 2773 1008 2814 se
1052 2757 1371 2811 nominatim
1414 2756 1786 2836 conscriptum

213 2862 390 2911 esset.
431 2853 488 2907 In
517 2850 993 2924 Constitutionibus
1020 2849 1205 2919 itaque
1237 2849 1441 2905 frustra
1466 2847 1786 2904 Tertulliani

213 2949 427 3000 mentio
471 2942 837 2998 aut~M0ntani
881 2948 1257 3013 quaereretur;
1315 2939 1615 3010 pnesertim
1658 2954 1788 2994 vero

214 3053 348 3091 cum
391 3037 547 3106 plura
584 3034 868 3090 sustulerit
909 3040 1218 3102 corruptor,
1254 3046 1375 3101 quae
1415 3030 1786 3106 apostolorum

1884 1757 1950 1810 τὰ
1976 1757 2128 1824 λόγια
2147 1755 2379 1828 Χριστοῦ
2412 1753 2772 1827 φθεγγόμεθα,
2793 1757 2868 1820 ὡς
2886 1755 2972 1809 διὰ
3002 1758 3265 1827 πόματος
3291 1756 3454 1812 αὐτοῦ

1881 1848 2164 1912 λαλοῦντες
2216 1848 2284 1902 τὰ
2340 1849 2428 1902 ὑπ’
2484 1847 2646 1902 αὐτοῦ
2699 1850 3128 1920 προτεταγμέναδ
3184 1853 3296 1912 τοῖς
3348 1850 3456 1921 γὰρ

1881 1942 2056 2011 ἁγίοις
2092 1942 2186 1995 καὶ
2223 1940 2570 2011 φοϐουμένοις
2606 1941 2786 2006 αὑτὸν,
2827 1943 3010 2004 αὐτοῖς
3051 1941 3229 2012 μόνοις
3267 1942 3457 1995 ἑαυτὸν

1880 2032 2268 2093 ἀποκαλύπτει.
2312 2037 2372 2089 El
2403 2037 2510 2108 γάρ
2535 2055 2620 2100 τις
2648 2036 2795 2090 δοκεῖ
2821 2055 2912 2090 και
2942 2041 2997 2090 ὲν
3042 2038 3331 2109 Ἐκκλησία
3360 2037 3456 2092 νῦν

1883 2128 2281 2197 πολιτεύεσθαι,
2324 2131 2486 2200 φόϐον
2521 2131 2578 2184 δὲ
2626 2131 2759 2184 Θεοῦ
2801 2133 2873 2202 μὴ
2912 2133 3053 2203 ἔχει,
3101 2133 3221 2187 οὐδὲ
3269 2131 3457 2187 τοῦτον

1881 2224 2134 2297 ὠφελεϊὴ
2167 2225 2302 2297 πρὸς
2329 2228 2454 2288 τοὺς
2484 2226 2670 2301 ἁγίους
2713 2226 2942 2290 σύνοδος.
2991 2228 3293 2298 Quicunque
3321 2231 3457 2283 enim

1884 2314 2037 2370 hodie
2065 2316 2119 2368 in
2148 2316 2318 2383 ipsum
2358 2315 2617 2369 credimus
2638 2356 2651 2379 ,
2685 2317 2904 2370 oracula
2931 2316 3130 2371 Christi
3171 2317 3453 2388 loquimur,

1887 2416 2136 2477 tanquam
2185 2408 2349 2474 ipsius
2375 2422 2489 2463 .ore
2524 2405 2873 2476 praedicantes
2913 2426 3027 2479 quae
3069 2420 3188 2464 sunt
3236 2410 3299 2463 ab
3343 2411 3456 2478 ipso

1884 2499 2191 2553 constituta.
2229 2498 2438 2554 Sanctis
2476 2507 2658 2569 quippe
2690 2517 2752 2554 ac
2785 2518 2842 2555 se
2877 2501 3179 2556 timentibus
3222 2511 3456 2557 tantum-

1885 2589 2040 2644 modo
2074 2607 2129 2644 se
2160 2591 2330 2659 ipsum
2370 2591 2581 2647 revelat.
2630 2589 2773 2654 Nam
2814 2593 2862 2647 si
2899 2592 3013 2660 quis
3056 2591 3259 2655 videtur
3292 2593 3369 2647 vel
3402 2594 3456 2648 in

1889 2680 2127 2735 Ecclesia
2155 2681 2309 2736 modo
2338 2682 2538 2735 versari
2556 2683 2602 2748 ,π
2623 2684 2863 2738 timorem
2903 2692 3076 2737 autem
3100 2683 3198 2737 Dei
3225 2701 3327 2738 non
3360 2684 3452 2738 ha-

1889 2773 2013 2828 bet:
2059 2789 2220 2842 neque
2260 2774 2382 2826 huic
2431 2773 2641 2841 prodest
2685 2774 2754 2827 ad
2808 2786 3018 2830 sanctos
3066 2777 3346 2830 accessisse
3403 2779 3458 2831 in

1888 2874 2138 2919 conventu
2171 2862 2342 2934 (100).
2389 2862 2467 2918 Ac
2503 2863 2771 2935 siquidem
2799 2865 2912 2920 haec
2945 2873 3071 2920 sunt
3112 2868 3457 2922 contumeliae

1889 2956 2014 3019 illae,
2045 2955 2244 3025 quibus
2269 2955 2347 3010 ait
2377 2953 2738 3026 Hieronymus
2762 2954 3154 3012 Tertullianum
3183 2975 3304 3015 esse
3334 2977 3457 3029 per-

1889 3058 2093 3103 motum
2126 3047 2510 3103 ut'Ecclesiam
2553 3046 2861 3108 desereret,
2909 3059 3150 3120 apparet
3180 3051 3454 3106 hominem

213 3146 340 3186 αενο
377 3127 669 3184 convenire
702 3137 813 3180 non
849 3131 1120 3195 poterant,
1158 3124 1318 3194 plura
1352 3122 1530 3178 adhuc
1569 3122 1787 3177 incaute
1813 3149 1852 3204 ρ
1888 3139 1973 3194 δαί
2018 3141 2204 3211 lapsus
2247 3153 2500 3204 causam,
2532 3155 2694 3210 quam
2739 3140 2940 3195 habere
2981 3142 3186 3199 "uuam
3221 3150 3453 3212 poterat,

213 3221 534 3293 reliquerit.
578 3236 697 3292 qua:
738 3219 802 3274 ad
847 3221 1146 3289 posteriora
1198 3225 1445 3288 tempora
1499 3215 1789 3270 manifeste

215 3312 507 3369 referenda
544 3319 692 3367 sunt.
734 3310 814 3364 Ad
846 3309 1206 3363 Montanistas
1241 3323 1372 3362 vero
1404 3321 1466 3362 ac
1495 3305 1790 3361 Tertullia-

218 3421 354 3461 num
380 3412 576 3460 cuncta
608 3403 720 3458 ie're
750 3408 999 3471 spectant
1031 3416 1151 3470 qua:
1178 3399 1474 3454 universim
1507 3399 1560 3453 in
1577 3397 1790 3454 Consti—

218 3494 512 3550 tutionibus
557 3493 876 3548 all'eruntur.
925 3489 981 3544 In
1019 3491 1140 3560 ipso
1184 3491 1328 3543 enim
1369 3489 1561 3544 ultimo
1612 3489 1790 3558 capite

217 3587 356 3642 illud
403 3585 706 3641 inculcatur
735 3598 750 3634 :
784 3583 1049 3635 Ἕκαστον
1096 3579 1353 3650 ἐμμένειν
1396 3579 1547 3644 τάξει
1591 3582 1656 3650 τῇ
1704 3579 1790 3632 δο-

215 3678 376 3750 Θείσῃ
403 3675 570 3748 αὐτῷ,
597 3676 694 3729 καὶ
725 3673 810 3746 μὴ’
841 3673 1186 3744 ὑπερϐαίνειν
1225 3673 1352 3734 τοὺς
1389 3672 1567 3743 ὅρους.
1617 3670 1795 3726 Unus-

213 3767 438 3841 quisque
463 3770 518 3822 in
549 3769 731 3823 ordine
759 3767 860 3822 sibi
887 3771 1010 3819 dato
1036 3773 1360 3834 permaneat,
1399 3782 1559 3836 neque
1590 3766 1791 3834 regula-

216 3877 340 3914 rum
380 3859 624 3913 terminos
666 3855 1019 3910 transcendat.
1054 3854 1261 3938 Deinde
1293 3860 1485 3932 auctor
1519 3852 1784 3908 Montani.

215 3961 344 4018 stas
367 3948 594 4022 propius
621 3947 978 4018 designando,
1015 3947 1072 4000 in
1096 3960 1288 4001 eorum
1328 3945 1604 4015 licentiam
1640 3946 1792 3999 inve-

215 4046 370 4100 hitur
405 4059 420 4095 :
458 4042 695 4102 Εἰκότως
733 4039 823 4092 τὸν
865 4036 1241 4108 ἐπηρτημένον
1265 4083 1270 4087 .
1294 4035 1534 4091 κίνδυνον
1574 4037 1686 4098 τοῖς
1723 4035 1795 4097 τὰ

212 4135 444 4189 τοιαῦτα
489 4132 786 4204 πράττουσι
835 4128 1226 4200 προειδόμενοι,
1275 4129 1368 4182 καὶ
1415 4128 1514 4199 τὴν
1569 4130 1649 4190 είς
1693 4128 1788 4193 τὰς

215 4227 410 4290 θυσίας
432 4265 448 4289 ,
476 4226 568 4278 καὶ
597 4221 943 4294 εὐχαριστίας
971 4219 1248 4291 ἀμέλειαν,
1279 4220 1370 4288 ὑφ’
1397 4215 1473 4275 ὧν
1500 4221 1600 4275 οὐκ
1627 4221 1790 4292 ἐχρῆν

213 4317 630 4392 προσαγομένας
666 4312 896 4376 ἀσεϐῶς,
937 4313 1183 4381 παίγνιον
1220 4312 1535 4382 ἡγουμένων
1561 4313 1660 4383 τὴν
1691 4313 1763 4384 ἀρ

215 4410 534 4483 χιερατικὴν
561 4407 722 4479 τιμὴν
753 4404 875 4477 ἣτις
905 4401 1403 4476 μίμησινπεριέχει
1431 4401 1524 4456 τοῦ
1556 4405 1788 4474 μεγάλου

212 4476 516 4583 ἇρέιερέως
765 4476 999 4570 Χριστοῦ
1037 4495 1309 4560 Βασιλέως
1336 4495 1514 4567 ἡμῶν,
1544 4497 1786 4568 ἀνάγκην
1821 4476 1864 4530 D

211 4581 451 4666 ἔσχομεν
487 4585 583 4653 seat
618 4581 774 4646 τοῦτο
818 4582 1138 4660 παραινέσαι
1162 4605 1173 4618 ·
1206 4587 1304 4659 ήδη
1351 4587 1458 4658 γάρ
1499 4605 1641 4650 τινες
1677 4586 1790 4652 ἐξε-

215 4687 506 4755 τράπησαν
549 4683 722 4736 ὀπίσω
767 4680 867 4750 τῆς
908 4679 1116 4742 ἑαυτῶν
1164 4679 1539 4752 ματαιότητος.
1582 4677 1789 4732 Idcirco

206 4778 336 4848 jure
373 4775 660 4846 periculurn
700 4774 768 4827 iis
797 4773 891 4842 qui
935 4773 1043 4825 haec
1095 4764 1300 4840 faciunt
1336 4772 1633 4840 impendens
1665 4789 1789 4840 pro-

217 4870 513 4937 spicientes,
541 4874 590 4921 et
619 4864 987 4936 negligentiam
1022 4863 1077 4916 in
1111 4864 1391 4932 sacriﬁciis
1421 4873 1471 4919 et
1490 4867 1788 4935 gratiarum

217 4961 510 5014 actionibus
551 4939 982 5030 [Eucharistiis],
1030 4974 1090 5011 eo
1131 4958 1279 5032 quod
1308 4957 1462 5026 impie
1491 4959 1783 5027 o/ferantur

214 5051 374 5106 abiis
408 5069 440 5105 a
461 5051 649 5121 quibus
684 5068 787 5106 non
823 5061 1046 5121 oportet,
1073 5053 1262 5124 quique
1289 5051 1540 5109 honorem
1565 5051 1776 5124 pontiﬁ-

286 5211 398 5348 (ἓὲ)
429 5212 660 5296 ϐοωιὶι.
692 5229 812 5275 vm,
847 5212 932 5268 32.
966 5285 978 5298 ο

286 5287 298 5348 l
433 5273 755 5348 Tertullian.
789 5283 865 5336 De
889 5301 975 5338 ant

283 5273 394 5348 (96)
433 5273 755 5352 Tertullian.
789 5273 865 5336 De
889 5285 1053 5339 anim.
1080 5300 1155 5339 ιι.

285 5352 400 5424 (97)
439 5353 669 5424 genuit.
698 5370 772 5414 vr,
796 5353 880 5408 11.

281 5353 400 5491 (3ἔέ
437 5353 669 5480 ἓὲεἰῖξὲῖ
698 5353 939 5488 311.156.

1892 3237 1945 3287 in
1974 3232 2279 3288 Romanum
2310 3234 2515 3289 clerum
2554 3249 2766 3290 summa
2801 3234 3000 3302 injuria
3035 3234 3329 3290 detersisse
3353 3236 3450 3305 (1).

1889 3324 2087 3380 Notatu
2116 3326 2258 3381 enim
2283 3325 2505 3396 dignum
2535 3335 2640 3390 est,
2670 3324 2815 3394 quod
2858 3327 2973 3395 ipse
3001 3342 3122 3379 cum
3142 3325 3456 3384 Catholicos

1892 3416 2204 3471 animalium
2248 3417 2467 3477 nomine
2505 3431 2568 3471 ac
2609 3416 2858 3486 pluribus
2903 3418 3165 3473 conviciis
3211 3421 3458 3473 cumula-

1894 3517 1994 3571 ret,
2035 3524 2194 3563 nemo
2237 3516 2351 3562 tum
2399 3508 2661 3578 temporis
2701 3507 2802 3562 fuit
2837 3508 2929 3578 qui
2969 3510 3291 3563 nominatim
3325 3509 3459 3565 Ter-

1891 3601 2177 3655 tullianum
2203 3601 2494 3656 reielleret.
2518 3599 2684 3655 Caius
2713 3601 2878 3664 enim,
2914 3599 3169 3656 Ecclesiae
3199 3600 3458 3658 Romanae

1893 3691 2197 3761 presbyter,
2264 3690 2525 3747 adversus
2581 3688 2834 3744 Proclum
2897 3690 3138 3746 Montani
3206 3693 3457 3747 columen

1890 3783 2087 3837 eximie
2151 3785 2407 3854 scripsit;
2461 3780 2787 3853 Hippolytus
2825 3782 2876 3836 in
2910 3781 2973 3839 E.
3007 3782 3069 3837 Β.
3095 3784 3210 3851 pari
3261 3783 3453 3853 gradu.

1892 3873 2159 3930 adversus
2222 3872 2635 3930 Montanistas:
2688 3879 2920 3944 uterque
2965 3889 3028 3928 ea
3085 3873 3456 3928 moderatione

1895 3971 1950 4018 ut
2002 3966 2118 4033 ipse
2160 3961 2528 4019 Tertullianns
2575 3970 2826 4017 neutrum
2878 3963 2950 4018 sit
3007 3964 3338 4027 insectatus,
3393 3979 3457 4020 ac

1888 4055 2074 4125 potius
2103 4054 2450 4126 Apollonium
2492 4053 2870 4124 exagitaverit,
2913 4055 3274 4109 orthodoxum
3311 4057 3454 4110 scri-

1893 4157 2126 4220 ptorem,
2163 4157 2217 4211 at
2263 4165 2371 4203 non
2419 4166 2482 4204 ex
2520 4149 2766 4204 Romano
2813 4150 2995 4212 clero,
3044 4155 3228 4219 utpote
3269 4153 3359 4220 qui
3400 4152 3457 4208 in

1893 4241 2116 4298 Oriente
2162 4242 2379 4304 vixerit.
2447 4239 2715 4296 Craterum
2771 4241 3062 4311 scripsisse
3105 4240 3454 4313 Hippolytum

1890 4340 2082 4388 contra
2123 4333 2502 4396 Montanistas,
2546 4347 2752 4403 eosque
2787 4334 3048 4388 acerrime
3093 4348 3201 4402 prae
3244 4335 3457 4390 caeteris

1894 4428 2263 4497 impugnasse,
2298 4427 2352 4480 in
2381 4422 2606 4497 dubium
2649 4425 2890 4481 revocari
2915 4426 3122 4495 nequit,
3152 4441 3275 4480 cum
3299 4435 3456 4483 vetus

1891 4529 2084 4573 auctor
2114 4519 2301 4591 sedulo
2333 4519 2389 4573 in
2419 4533 2482 4574 ea
2510 4518 2715 4588 scripta
2762 4516 3073 4587 inquisierit
3099 4537 3111 4572 :
3139 4518 3298 4582 Τίνας
3327 4519 3458 4573 ὑπο-

1887 4603 2081 4683 λήψεῖς
2109 4613 2252 4682 εἶχεν
2294 4613 2322 4666 ό
2352 4610 2650 4687 ἁγιώτατος
2691 4606 3003 4675 Ἱππόλυτος
3049 4612 3172 4682 περὶ
3215 4613 3315 4685 τῆς
3350 4613 3457 4666 τῶν

1886 4705 2265 4759 Μοντανιστῶν
2310 4704 2592 4776 αἱρέσεως,
2640 4705 2734 4759 καὶ
2779 4704 2930 4769 τίνας
2974 4707 3004 4758 ό
3048 4707 3105 4758 ὲν
3143 4705 3315 4775 ἁγίοις
3356 4707 3457 4777 τῆς

1884 4797 2106 4867 Νύσσης
2144 4789 2464 4868 Γρηγόριος.
2505 4797 2770 4864 Quidnam
2818 4798 3039 4853 senserit
3088 4799 3453 4852 sanctissimus

1887 4888 2205 4960 Hippolytus
2227 4887 2291 4942 de
2309 4885 2996 4958 Hontanistarurn-hazresi,
3032 4888 3217 4961 quidve
3244 4887 3304 4944 8.
3330 4886 3445 4960 Gre

1887 4982 2068 5049 qorius
2087 4963 2360 5050 Nyssenus
2377 4979 2473 5052 (2).

1960 5208 2073 5278 (99)
2112 5209 2378 5280 Epiphsn.
2411 5211 2543 5280 haar.
2578 5209 2807 5275 xux,.2.

1960 5225 2073 5278 (ea)
2113 5225 2378 5334 carptim.
2412 5225 2543 5266 οων.
2578 5225 2784 5275 xux,.z

1960 5280 2138 5359 (990)..
2198 5282 2362 5359 ινροί·
2398 5279 2461 5359 ιιι
2485 5280 2704 5359 ουρ-ξς
2732 5281 2784 5359 .7-

1957 5351 2034 5420 (1)
2077 5349 2296 5407 Hieron.
2336 5351 2387 5404 in
2419 5350 2595 5406 Catal.
2627 5349 2822 5420 Scﬁpt.
2852 5349 2994 5404 Eccl.
3023 5365 3137 5404 Litt.

1957 5418 2032 5492 (2)
2075 5420 2261 5493 Steph.
2293 5420 2491 5476 Gobar.
2524 5437 2611 5492 ap.
2643 5418 2800 5477 Phdt.
2821 5421 2943 5480 cod.
2967 5434 3206 5474 ccxxx".
