4074 6330
699 381 804 437 Si?»

1546 376 1601 433 S.
1636 376 2027 432 CLEMENTIS
2061 376 2080 429 l
2115 376 2278 432 ῐὶΟΜ.
2318 376 2518 434 PONT.
2555 375 2780 435 OPERA
2817 375 3037 433 DUBIA.

3825 379 3928 436 5H

1350 727 2121 862 VETERUM
2235 726 3205 858 TESTIMONIA

1153 985 1300 1072 DE
1377 974 2575 1075 CONSTITUTIONIBUS
2641 977 3456 1075 APOSTOLICIS.

1892 1297 2075 1356 Canon
2109 1301 2425 1367 apostolicus
2459 1299 2697 1356 ultimus.

753 1451 876 1507 Sint
899 1456 1077 1507 autem
1108 1451 1264 1507 vobis
1294 1451 1551 1508 omnibus
1579 1451 1816 1515 clericis,
1847 1457 1900 1506 et
1925 1449 2080 1506 laicis
2122 1451 2245 1506 libri
2275 1455 2319 1511 Α

683 1543 1018 1600 venerabiles
1039 1552 1099 1598 et
1128 1542 1323 1606 sancti,
1354 1549 1458 1598 etc.
1489 1539 1786 1598 Clementis
1815 1540 2068 1614 Epistolas
2095 1541 2244 1610 diue;

683 1621 1365 1699 etConstitutidnes,vobis
1390 1632 1672 1704 Episcopis
1690 1651 1784 1705 per
1799 1651 1884 1692 me
1914 1635 2244 1692 Clementem

684 1727 740 1779 in
763 1733 886 1780 octo
911 1725 1068 1781 libris
1103 1733 1463 1793 nuncupata;
1499 1741 1636 1796 quas
1667 1743 1775 1782 non
1816 1736 2025 1798 oportet
2059 1744 2244 1784 coram

681 1817 938 1873 omnibus
962 1817 1263 1890 divulgare,
1290 1817 1360 1872 ob
1383 1818 1610 1890 mystica
1633 1833 1753 1888 quae
1786 1818 1839 1872 in
1871 1820 1950 1876 eis
1989 1831 2136 1876 sunt.

1855 2037 2132 2104 Eusebius,
2159 2038 2303 2098 Hist.
2329 2039 2482 2104 θεοί..
2513 2038 2606 2098 lib.
2649 2053 2734 2106 ιιι,

2422 1452 2601 1504 Ἔστω
2626 1452 2681 1504 δὲ
2723 1452 2849 1521 ὑμῖν
2887 1453 3019 1509 πᾶσι
3048 1453 3345 1523 κληρικοῖς,
3379 1455 3470 1507 καὶ
3499 1453 3702 1516 λαῖκοῖς
3734 1452 3921 1522 βιϐλία

2348 1541 2618 1613 σεδάσμια
2660 1544 2754 1596 καὶ
2791 1545 2942 1611 ἀγια,
2981 1550 3086 1598 etc.
3133 1544 3445 1615 Κλήμεντος
3471 1545 3747 1598 ἐπιστολαὶ
3774 1544 3872 1597 δύο
3904 1561 3918 1574 ο

2346 1635 2439 1688 καὶ
2477 1636 2534 1688 al
2556 1636 2820 1703 Διαταγαὶ
2855 1637 2980 1705 ὑμῖν
3021 1638 3130 1702 τοῖς
3159 1637 3475 1700 ἐπισκόποις
3501 1637 3575 1690 δι’
3605 1637 3739 1707 ἐμοῦ
3769 1637 3920 1708 Κλή-

2348 1742 2554 1797 μεντος,
2602 1727 2660 1778 ὲν
2701 1726 2843 1780 ὀκτὼ
2888 1726 3111 1796 βιϐλίοις
3153 1728 3678 1801 προσπεφωνημέναι
3713 1745 3725 1758 ·
3757 1728 3821 1791 ἃς
3855 1728 3919 1780 οὐ

2343 1816 2449 1888 χρὴ
2477 1815 2811 1886 δημοσιεύειν
2853 1819 2944 1872 ὲπὶ
2985 1818 3198 1873 πάντων
3258 1817 3345 1872 διὰ
3381 1817 3449 1871 τὰ
3482 1817 3540 1871 ὲν
3576 1817 3767 1880 αὑταῖς
3811 1833 3922 1886 μυ-

2345 1908 2524 1963 arma.

3125 2038 3206 2095 Ea:
3229 2037 3353 2109 Ruf.
3387 2038 3636 2108 interpret

2174 2123 2289 2178 cap.
2316 2109 2407 2166 25.

751 2210 892 2267 inter
944 2209 1112 2268 libros
1166 2212 1363 2268 nothos
1411 2211 1709 2267 collocetur
1793 2219 1877 2271 Ἐν
1913 2221 2025 2284 τοῖς
2062 2219 2236 2286 νόθοις

2337 2219 2663 2290 ιτατετάχθω
2713 2222 2807 2274 καὶ

2947 2219 3077 2276 Post
3127 2221 3242 2276 haec
3288 2221 3401 2290 jam
3449 2221 3718 2291 scriptura
3782 2228 3913 2283 est,

677 2312 732 2358 et
757 2289 990 2358 Actuum
1016 2300 1170 2358 Pauli
1216 2302 1505 2373 scriptura,
1543 2309 1596 2358 et
1639 2301 1706 2355 li-
1781 2311 1886 2365 τῶν
1932 2311 2144 2366 Παύλου
2168 2312 2241 2384 Πρ

2337 2329 2422 2365 ιων
2447 2315 2480 2383 ἡ
2520 2289 2726 2384 γραφὴ,
2781 2311 2810 2364 ὅ
2879 2328 2999 2382 quas
3039 2312 3242 2367 dicitur
3283 2289 3450 2366 Actus
3491 2289 3680 2378 Pauli;
3733 2312 3826 2366 sed
3861 2322 3910 2366 et

681 2392 776 2446 ber
806 2393 917 2482 qua
930 2393 1131 2448 dicitur
1150 2393 1370 2456 Pastor,
1400 2392 1706 2482 etiltevela-
1778 2420 1838 2457 τε
1864 2403 2148 2475 λεγόμενος
2184 2405 2241 2457 II.

2337 2404 2415 2475 ὴν,
2455 2405 2610 2474 καὶὴ
2663 2404 2812 2457 Ἀπο-

678 2483 754 2537 tio
820 2480 1000 2546 Petri,
1060 2482 1385 2552 insuperque
1452 2481 1709 2538 Barnabte
1781 2495 2009 2565 κάλυψις
2038 2496 2241 2566 Πέτρου

2337 2496 2399 2549 ναὶ
2419 2495 2554 2568 πρὸς
2579 2497 2806 2559 τούτοις,

678 2585 797 2638 quae
827 2571 995 2658 ierunt
1009 2569 1267 2643 Epistola,
1294 2579 1347 2627 et
1376 2587 1493 2642 qua:
1513 2573 1707 2628 dicun-
1778 2585 1812 2656 ἡ
1840 2585 2110 2658 φερομένη
2125 2585 2241 2656 Βανι

2341 2603 2374 2638 α
2389 2585 2692 2657 Ἐπιστολὴ,
2715 2585 2807 2638 καὶ

1779 2673 1886 2728 τῶν
1911 2673 2219 2728 ἀποστόλων
2261 2675 2318 2729 αἱ
2351 2673 2805 2745 λεγόμεναιΔιδα-

1775 2765 1889 2838 χαί.
1921 2765 2061 2838 Lege
2087 2765 2337 2838 Niceph.,
2375 2767 2411 2821 ι.
2447 2783 2509 2830 ll,
2539 2781 2589 2822 c.
2621 2765 2710 2823 46.

675 2670 767 2718 tur
794 2656 1067 2754 Doctrina;
1086 2663 1476 2736 apostolorum.

2884 2405 3092 2459 libellus
3115 2403 3206 2474 qui
3233 2404 3532 2472 appellatur
3563 2403 3833 2467 Pastoris,
3859 2413 3915 2457 et

2883 2492 3139 2548 revelatio
3187 2488 3329 2546 Petri
3361 2510 3373 2545 :
3407 2492 3472 2546 de
3496 2492 3693 2561 quibus
3716 2507 3917 2560 quam-

2883 2582 3114 2637 maxime
3159 2582 3456 2636 dubitatur.
3503 2581 3698 2638 Fertur
3745 2585 3912 2636 etiam

2884 2675 3140 2729 Barnabas
3157 2674 3414 2742 Epistola,
3439 2683 3490 2729 et
3506 2678 3760 2733 Doctrina
3789 2691 3914 2747 quae

2882 2767 3086 2821 dicitur
3119 2763 3484 2834 apostolorum

1306 2916 1366 2975 S.
1391 2918 1718 2974 Athanasius
1748 2919 1807 2974 in.
1831 2919 2054 2989 epistola
2089 2916 2450 2984 Festaii,tom.
2486 2917 2548 2984 ll,
2576 2921 2702 2993 edit.
2733 2919 2940 2984 Puris.,
2972 2934 3026 2989 p.
3064 2918 3154 2984 59,
3189 2919 3278 2999 40.

747 3057 886 3112 Sunt
912 3066 965 3112 et
996 3056 1087 3111 alii
1119 3053 1243 3111 libri
1277 3063 1472 3125 praeter
1503 3054 1640 3120 bos;
1670 3068 1782 3109 non
1811 3053 2029 3126 quidem
2075 3069 2240 3110 cano-
2271 3065 2314 3120 Β

676 3151 806 3215 uici,
838 3149 930 3205 sed
963 3163 1099 3219 quos
1131 3147 1320 3202 Patres
1365 3154 1663 3201 sanxerunt
1699 3145 1804 3216 legi
1837 3145 1905 3202 iis
1945 3145 2038 3216 qui
2077 3160 2238 3203 acoe-

673 3242 810 3296 dunt
832 3241 896 3296 ad
942 3239 1123 3305 iidem,
1156 3239 1493 3309 cupiuntque
1533 3238 1586 3292 in
1629 3238 1848 3309 pietatis
1877 3239 2041 3294 verbo
2078 3238 2238 3294 insti-

677 3334 752 3388 tui
779 3352 792 3389 :
819 3341 879 3388 ut
910 3329 1186 3403 Sapientia
1219 3329 1528 3386 Salomonis
1548 3368 1562 3394 ,
1594 3338 1728 3399 etc.,
1758 3339 1812 3386 et
1850 3347 1970 3401 quae
2010 3339 2237 3387 vocatur

679 3425 932 3479 Doctrina
957 3423 1348 3494 apostolorum,
1380 3429 1434 3477 et
1473 3421 1685 3478 Pastor.
1728 3422 2000 3486 Attamen,
2029 3423 2232 3490 dilecti,

672 3531 798 3569 cum
839 3514 914 3569 illi
945 3514 1194 3570 canonici
1241 3515 1370 3576 sint,
1413 3513 1468 3566 hi
1512 3529 1641 3569 vero
1667 3513 1930 3583 legantur,
1962 3528 2231 3584 nusquam

674 3606 740 3660 ﬁt
795 3606 1230 3678 apocryphorum
1267 3607 1498 3674 mentio;
1544 3607 1638 3662 sed
1686 3613 1813 3661 sunt
1858 3606 2231 3662 hereticorum

670 3705 1059 3763 commentum.
1091 3699 1184 3768 qui
1214 3713 1277 3752 ea
1329 3699 1578 3754 scribunt
1623 3698 1841 3768 quando
1876 3698 2084 3763 volunt,
2123 3698 2233 3755 illis

671 3796 852 3844 autem
877 3789 1179 3860 largiuntur
1200 3797 1254 3843 et
1276 3787 1538 3859 adjiciunt
1559 3798 1820 3859 tempora,
1841 3805 1948 3859 quo
1976 3796 2233 3860 tanquam

670 3880 894 3949 antiqua
919 3879 1277 3951 praierentes,
1308 3895 1372 3935 ex
1405 3895 1467 3935 ea
1511 3894 1570 3936 re
1612 3880 1958 3938 occasionem
2002 3881 2236 3938 habeant

667 3973 971 4045 decipiendi
1005 3974 1254 4030 homines
1279 3972 1576 4044 simplices.

2416 3055 2602 3108 Ἔστιν
2631 3054 2725 3108 καὶ
2750 3054 2912 3126 ἕτερα
2941 3053 3123 3124 βιϐλία
3149 3051 3350 3106 τούτων
3380 3051 3573 3118 ἔξωθεν
3598 3067 3611 3082 ·
3659 3053 3721 3106 οὐ
3761 3071 3916 3107 κανο-

2339 3145 2592 3218 νιζόμενα
2633 3145 2750 3216 μὲν,
2795 3144 3149 3216 τετυπωμένα
3209 3143 3264 3197 δὴ
3310 3142 3461 3215 παρά
3495 3144 3602 3197 τῶν
3650 3143 3914 3214 Πατέρων

2338 3237 2806 3308 ἀναγινώσκεσθαι
2847 3239 2961 3301 τοῖς
3001 3236 3125 3308 ἀρτι
3166 3235 3620 3308 προσερχομένοις
3661 3235 3756 3288 καὶ
3797 3234 3915 3304 βου-

2337 3331 2582 3403 λομένοις
2620 3329 2972 3400 κατηχεῖσθαι
2998 3329 3089 3383 τὸν
3116 3328 3215 3400 τῆς
3253 3327 3530 3391 εὐσεϐείας
3564 3327 3720 3396 λόγον
3767 3343 3779 3357 ·
3822 3328 3916 3381 Σο-

2336 3423 2435 3492 φία
2489 3421 2848 3493 Σολομῶντος,
2888 3430 3018 3490 etc.,
3076 3421 3169 3475 καὶ
3202 3419 3402 3491 Διδαχὴ
3447 3419 3753 3490 καλουμένη
3802 3420 3914 3472 τῶν

2336 3514 2667 3577 ἀποστόλων,
2698 3513 2792 3566 καὶ
2827 3515 2853 3566 ό
2895 3511 3124 3583 Ποιμήν.
3156 3513 3264 3565 Καὶ
3291 3512 3457 3582 ὅμως,
3489 3510 3780 3580 ἀγαπητοὶ,
3812 3511 3914 3564 κά-

2336 3605 2527 3658 κείνων
2554 3603 2998 3675 κανονιζομένων,
3027 3604 3122 3657 καὶ
3147 3602 3347 3656 τούτων
3368 3600 3910 3671 ἀναγινωσκομένων,

2336 3696 2568 3766 οὐδαμοῦ
2621 3696 2729 3750 τῶν
2787 3694 3116 3768 ἀποκρύφων
3161 3696 3344 3766 μνήμη
3378 3710 3390 3724 ι
3433 3692 3568 3748 ἀλλά
3619 3691 3911 3764 αίρετικῶν

2337 3789 2484 3842 ἐστιν
2538 3788 2784 3852 ἐπίνοια,
2838 3787 3155 3859 γραφόντων
3202 3786 3299 3858 μὲν
3335 3786 3421 3839 ὅτε
3465 3784 3708 3839 Θέλουσιν
3747 3784 3908 3850 αὐτὰ,

2336 3872 2706 3952 χαριζομένων
2725 3879 2779 3932 δὲ
2804 3880 2897 3932 καὶ
2920 3877 3310 3950 προστιθέντων
3341 3878 3519 3940 αὐτοῖς
3547 3877 3788 3948 χρόνους,
3823 3875 3911 3930 ῐνα

2335 3970 2412 4035 ὡς
2440 3969 2645 4024 παλαιά
2674 3969 3052 4041 προφέροντες,
3085 3966 3352 4042 πρόφασιν
3381 3968 3575 4039 ἔχωσιν
3602 3969 3816 4040 ἀπατᾷν
3843 3967 3909 4020 ἐκ

2333 4061 2525 4115 τούτου
2552 4061 2677 4124 τοὺς
2705 4061 3012 4133 ἀκεραίους.

1878 4233 1943 4290 In
1969 4235 2196 4307 Synopri
2223 4253 2392 4292 sacra
2421 4235 2728 4306 Scriptum.

743 4372 942 4429 lterum
965 4372 1089 4428 libri
1108 4359 1238 4428 Novi
1255 4369 1588 4428 Testamenti
1605 4371 1803 4444 quibus
1815 4370 2229 4438 contradicitur,

2403 4371 2514 4442 Τῆς
2535 4370 2660 4434 νέας
2689 4370 2850 4423 πάλιν
2885 4367 3156 4440 Διαθήκης
3176 4366 3556 4438 ἀντιλεγόμενα
3584 4367 3779 4432 ταῦτα,
3799 4377 3903 4426 etc.

669 4475 799 4521 sunt
828 4465 1018 4528 bi,etc.
1047 4461 1300 4519 Doctrina
1328 4465 1718 4534 apostolorum,
1747 4461 2081 4518 Clementina
2118 4481 2131 4517 :
2162 4476 2230 4518 ex

664 4558 867 4626 quibus
914 4555 1122 4611 veriora
1173 4563 1224 4609 et
1273 4571 1302 4609 a
1348 4553 1458 4610 Deo
1505 4556 1784 4624 inspirata,
1817 4554 1987 4610 electa
2018 4563 2145 4610 sunt
2167 4569 2231 4611 ac

668 4649 953 4704 translata.
984 4645 1108 4702 Hinc
1138 4653 1266 4702 sunt
1296 4661 1416 4716 qua:
1448 4647 1720 4718 leguntur,
1749 4656 1856 4702 etc.

2335 4461 2533 4534 Διδαχὴ
2565 4461 2892 4525 ἀποστόλων,
2926 4459 3240 4530 Κλημέντια
3270 4474 3282 4488 ·
3325 4457 3385 4523 ὲξ
3423 4450 3497 4513 ὧν
3539 4459 3910 4531 μετεφράσθη-

2339 4570 2437 4607 σαν
2465 4553 2754 4621 ὲκλεγέντα
2780 4551 2848 4605 τά
2876 4551 3210 4623 ἀληθέστερα
3231 4551 3323 4604 καὶΙ
3351 4549 3692 4605 Θεόπνευστα·
3724 4551 3906 4605 Ταῦτα

2339 4645 2405 4700 τὰ
2433 4645 2930 4716 ἀναγινωσκόμενα,
2959 4650 3068 4704 etc.

1750 4801 1812 4858 S.
1843 4799 2203 4871 Epiphanius,
2243 4799 2432 4856 hwresi
2466 4799 2556 4867 ιδ,
2587 4816 2734 4868 nam.
2764 4798 2815 4857 5.

737 4933 878 5001 Quin
918 4942 972 4991 et
1001 4935 1228 5005 apostoli
1284 4937 1340 4992 in
1389 4937 1530 4993 libro
1559 4939 1647 5009 qui
1693 4937 2024 4994 Constitutio
2067 4950 2232 4992 voca-

2416 4937 2576 4992 ’Δλλά
2601 4939 2696 4993 καὶ
2736 4938 2783 4992 oi
2828 4936 3113 4992 ἀπόστολοί
3155 4952 3317 5007 φασιν
3361 4937 3417 4989 ὲν
3458 4936 3523 5006 τῇ
3554 4933 3805 4998 Διατάξει
3839 4937 3904 5005 τῇ

668 5037 777 5092 tur,
811 5029 996 5084 aiunt:
1029 5028 1274 5086 Ecclesia
1306 5031 1574 5086 catholica
1608 5041 1691 5086 est
1721 5031 1814 5086 Dei
1858 5029 2123 5100 plantatio
2167 5042 2232 5084 ac

2337 5031 2664 5102 καλουμένῃ,
2709 5030 2796 5086 ὃτι
2824 5029 3020 5100 φυτεία
3057 5029 3191 5084 Θεοῦ
3228 5029 3322 5084 καὶ
3369 5025 3627 5101 ἀμπελὼν
3673 5028 3708 5099 ἡ
3751 5024 3902 5080 καθο-

669 5123 840 5176 vinea.
874 5119 1040 5176 Locus
1069 5133 1240 5177 exstat
1270 5123 1421 5178 initio
1449 5123 1918 5180 Constitutionum.

2331 5123 2455 5197 λικὴ
2501 5123 2811 5194 Ἐκκλησία.

1975 5280 2183 5336 eresi
2213 5280 2298 5347 70,
2333 5295 2479 5334 nunt.
2513 5277 2601 5334 l0.

735 5411 814 5464 Ad
850 5412 948 5466 hoc
979 5422 1154 5468 autem
1185 5415 1345 5471 iidem
1375 5416 1607 5472 Audiani
1642 5417 1962 5487 detorquent
2008 5427 2225 5488 aposto-

665 5505 837 5560 lorum
888 5506 1371 5577 Constitutionem;
1415 5513 1508 5581 qui
1537 5512 1752 5581 quidem
1793 5513 1927 5566 liber
1968 5527 1997 5566 ι
2041 5512 2225 5568 multis

666 5607 950 5652 revocatus
984 5601 1035 5652 in
1068 5601 1311 5666 dubium,
1347 5618 1456 5657 non
1487 5613 1568 5658 est
1598 5610 1780 5658 tamen
1811 5602 2221 5672 improbandus.

663 5688 852 5745 Omnis
882 5692 1080 5762 quippe
1118 5695 1417 5749 canonicos
1449 5696 1580 5750 ordo
1627 5699 1676 5750 in
1711 5697 1826 5765 ipso
1872 5697 2179 5751 continetur
2208 5716 2220 5760 ;

665 5791 716 5837 et
749 5784 879 5839 nillil
913 5785 1010 5840 lide
1045 5787 1425 5856 adnlteratum,
1462 5806 1633 5860 nequc
1681 5805 1707 5842 ιι
1735 5790 2104 5855 confessione,
2135 5807 2222 5845 uc-

2401 5421 2496 5483 Εἰς
2536 5419 2692 5472 τοῦτο
2731 5417 2787 5471 δὲ
2829 5418 2878 5468 οἱ
2916 5416 3067 5468 αὐτοὶ
3113 5412 3358 5467 Ᾱὺδιανοὶ
3403 5409 3780 5483 παραφέρουσι
3805 5408 3901 5483 τὴν

2330 5512 2436 5565 τῶν
2465 5510 2772 5565 ἀποστόλων
2796 5507 3065 5571 Διάταξιν,
3107 5503 3270 5559 οὖσαν
3323 5504 3420 5575 μὲν
3465 5506 3574 5565 τοίς
3607 5503 3817 5566 πολλοῖς
3845 5504 3899 5554 ὲν

2328 5603 2665 5674 ἀμφιλέκτῳ,
2710 5601 2828 5654 ἀλλ’
2877 5601 2975 5652 οὐκ
3015 5597 3287 5667 ἀδόκιμον.
3337 5596 3493 5647 Πᾶσα
3529 5592 3636 5664 γὰρ
3679 5595 3736 5644 ὲν
3767 5592 3898 5662 αὐτῇ

2333 5695 2587 5765 κανονικὴ
2618 5693 2768 5756 τάξις
2809 5692 3124 5760 ἐμφέρεται,
3163 5688 3256 5742 καὶ
3296 5687 3446 5739 οὐδὲν
3483 5702 3901 5757 παρακεχαραγ-

2338 5787 2494 5857 μένον
2522 5786 2616 5856 τῆς
2653 5785 2903 5846 πίστεως,
3077 5781 3173 5852 τῆς
3203 5779 3510 5850 ὁμολογίας,
3535 5775 3652 5830 οὐδὲ
3683 5777 3782 5847 τῆς
3812 5777 3897 5829 ὲκ-
