4074 6330
221 324 326 380 543

1041 333 1634 391 CONSTITUTIGNES
1668 333 2145 392 APOSTOLleE.
2176 365 2247 377 -—-
2288 332 2649 391 ΡΠΟαΞΜΙΛ.

3361 331 3466 387 510

221 439 610 514 κλησιαστικῆς
636 440 967 517 διοικήσεως,
995 449 1089 505 καὶ
1114 452 1356 516 κανόνος,
1392 455 1487 507 καὶ
1531 452 1783 514 πίστεως.

1888 468 1996 522 que
2024 453 2092 507 ab
2125 452 2496 508 ecclesiastica
2528 450 3026 512 administratione.
3056 457 3111 507 et
3143 464 3377 513 canone.
3406 467 3470 505 ac

217 534 295 586 Τὸ
328 534 389 588 δὲ
430 534 620 607 ῥητὸν,
657 536 748 606 ἀφ’
786 531 849 589 οὗ
889 535 1115 609 γνώμην
1141 538 1500 608 mmmam;
1532 534 1663 610 περὶ
1693 538 1790 593 τοῦ

213 624 428 697 Πάσχα,
452 627 634 693 κακῶς
664 628 1164 703 παρερμηνεύουσιν
1186 632 1233 684 oi
1259 629 1668 703 προειρημένοι,
1692 630 1789 687 καὶ

210 717 535 785 ἀγνοοῦντες
562 719 758 793 ἑτέρως
787 720 1278 792 ὑπολαμϐάνουσιν.
1297 721 1568 794 ὐρίζουσι
1595 722 1705 795 γὰρ
1730 724 1789 777 ἑν

217 809 281 878 τῇ
310 809 448 881 αὐτῇ
476 808 710 875 διατάξει
754 812 803 865 οἱ
846 812 1152 877 ἀπόστολοι,
1186 815 1267 869 ὅτι
1300 815 1469 884 ὑμεῖς
1484 813 1573 885 μὴ
1596 813 1789 883 ψηφί-

210 896 372 965 ζητε,
398 899 555 955 ἀλλὰ
580 901 797 956 ποιεῖτε
824 901 971 957 ὅταν
992 906 1046 959 οἱ
1070 904 1319 974 ἀδελφοί
1338 904 1505 977 ὑμῶν
1523 906 1581 961 οί
1600 905 1671 959 ἐκ
1696 918 1789 959 πε-

208 990 484 1060 ριτομῆς·
506 994 632 1063 μετ’
670 992 868 1051 αὐτῶν
903 997 1023 1068 ἅμα
1058 998 1296 1053 ποιεῖτε.
1327 998 1438 1053 Καὶ
1471 998 1574 1055 οὐκ
1603 992 1787 1054 εἶπαν·

214 1086 403 1141 Ὅταν
438 1089 493 1141 οἱ
527 1086 775 1158 ἀδελφοί
812 1087 998 1159 ὑμῶν,
1046 1092 1099 1144 oi
1137 1090 1207 1143 ἐν
1242 1091 1526 1162 περιτομῇ
1556 1110 1569 1123 ·
1600 1093 1738 1148 ἀλλά
1767 1108 1783 1126 ο

203 1179 265 1232 οἱ
291 1178 363 1233 ἐκ
391 1177 740 1248 περιτομῆς·
762 1179 847 1234 ἵνα
868 1179 1081 1247 suam:
1100 1182 1227 1247 τοὺς
1246 1182 1354 1237 ἀπὸ
1367 1183 1465 1255 τῆς
1485 1185 1786 1257 περιτομῆς

204 1268 288 1332 είς
315 1268 416 1346 τὴν
458 1268 782 1342 Ἐκκλησίαν
812 1271 1180 1343 μετελθόντας,
1203 1275 1476 1345 ἀρχηγοὺς
1500 1270 1637 1329 εἶναι
1668 1278 1784 1349 μετ’

204 1361 414 1415 ἐκεῖνον
455 1361 545 1416 τὸν
591 1362 799 1435 χρόνον,
838 1370 945 1421 etc.
979 1364 1137 1439 Παρὰ
1161 1368 1273 1429 τοῖς
1299 1365 1613 1432 ἀποστόλοις
1638 1367 1695 1422 δὲ
1723 1368 1785 1423 τὺ

206 1451 373 1523 ῥητὸν
399 1452 448 1506 δι
465 1454 479 1475 ‘
506 1453 753 1525 ὁμόνοιαν
780 1454 1096 1528 ιμφέρεται,
1124 1456 1201 1521 ὡς
1226 1457 1677 1530 ἐπιμαρτυροῦσι,
1706 1458 1786 1513 λέ-

203 1560 414 1612 γοντες,
446 1545 526 1600 ὅτι
556 1546 671 1600 κᾶν
696 1563 760 1601 τε
785 1547 1156 1616 πλανηθῶσι,
1189 1547 1344 1619 μηδὲ
1368 1549 1513 1620 ὑμῖν
1531 1551 1780 1621 μελέτω.

211 1636 308 1702 Ἓξ
327 1639 506 1692 αὐτῶν
524 1638 579 1692 δὲ
598 1639 704 1693 τῶν
725 1640 899 1694 ἑκεῖσε
927 1640 1231 1713 εἰρημένων
1251 1639 1431 1712 ῥητῶν
1450 1641 1484 1713 ἡ
1515 1637 1784 1708 ἀντίθεσις

199 1730 519 1802 ὀφθήσεται.
550 1730 817 1787 Φάσκουσι
844 1732 954 1804 γὰρ
982 1732 1081 1805 τὴν
1109 1732 1413 1804 ἀγρυπνίαν
1441 1730 1647 1805 φέρειν,
1688 1751 1784 1803 με·

1892 544 2017 599 llde.
2051 543 2223 599 Porro
2268 544 2494 609 dictum,
2527 559 2559 599 a
2612 558 2723 615 quo
2749 542 3077 599 sententiam
3109 540 3177 599 de
3198 538 3470 597 Paschate

1890 635 2189 707 accipiunt,
2225 635 2469 705 prmdicti
2502 636 2640 691 male
2669 635 3120 705 interpretantur,
3148 640 3201 688 et
3230 648 3327 703 per
3382 632 3469 686 in-

1889 729 2103 784 scitiam
2136 729 2315 784 alieno
2341 743 2503 784 sensu
2536 734 2778 784 sumunt.
2814 726 3087 781 Deliuiunt
3128 726 3270 780 enim
3313 724 3367 779 in
3402 739 3467 779 ea

1889 822 2282 876 constitutione
2311 820 2541 892 apostoli
2577 839 2589 875 :
2633 819 2734 875 Vos
2764 819 2925 873 nolite
2956 827 3258 887 computare
3288 834 3349 871 ac
3375 815 3466 871 de-

1889 927 2115 978 cernere,
2144 912 2234 968 sed
2266 923 2389 967 tunc
2416 912 2692 976 celebrate,
2728 910 2938 983 quando
2970 912 3164 979 fratres
3197 910 3354 964 vestri
3376 908 3466 979 qui

1887 1021 1953 1061 ea:
1996 1007 2393 1061 circumcisione
2412 1013 2573 1061 sunt:
2611 1020 2729 1057 cum
2778 1003 2888 1057 illis
2947 1018 3052 1055 una
3104 1001 3353 1069 peragite.
3400 998 3466 1053 Et

1888 1112 1999 1155 non
2031 1097 2321 1154 dixerunt:
2352 1094 2578 1165 Quando
2618 1094 2813 1165 fratres
2838 1093 3018 1155 vestri,
3044 1092 3133 1162 qui
3155 1092 3206 1145 in
3236 1091 3468 1145 circum-

1887 1189 2082 1245 cisione
2102 1198 2243 1254 sunt,
2271 1189 2364 1245 sed
2392 1208 2405 1244 :
2435 1188 2538 1255 Qui
2572 1203 2639 1243 ea:
2659 1186 3059 1240 circumcisione
3097 1192 3256 1246 sunt;
3291 1190 3347 1237 ut
3377 1198 3468 1237 os-

1886 1280 2193 1343 tenderent,
2228 1296 2323 1336 eos
2354 1280 2448 1351 qui
2477 1295 2544 1335 ex
2589 1277 3010 1334 circumcisione
3056 1275 3124 1331 ad
3166 1273 3465 1329 Ecclesiam

1886 1374 2246 1435 transierunt,
2275 1371 2488 1426 futuros
2516 1380 2639 1441 post
2667 1369 2799 1424 illud
2823 1378 3038 1438 tempus
3066 1366 3234 1421 duces
3276 1371 3329 1419 et
3351 1379 3467 1443 ,ειυ-

1885 1474 2087 1527 ctores,
2117 1472 2223 1520 etc.
2253 1463 2407 1531 Apud
2440 1462 2717 1532 apostolos
2756 1475 2885 1517 vero
2931 1459 3138 1515 dictum
3171 1457 3301 1511 illud
3333 1470 3464 1526 pro-

1886 1563 2006 1627 pter
2039 1556 2391 1610 concordiam
2440 1555 2678 1625 positum
2732 1561 2840 1616 est,
2878 1549 3337 1624 quemadmodum
3382 1556 3464 1602 te-

1884 1656 2102 1705 stantur
2124 1647 2211 1703 his
2256 1647 2482 1704 verbis:
2521 1646 2587 1701 Et
2633 1645 2869 1717 quamvis
2912 1643 3175 1706 aberrent,
3213 1658 3274 1695 ne
3321 1638 3464 1709 vobis

1884 1754 2028 1793 cura:
2056 1739 2144 1794 sit.
2179 1738 2444 1794 Caeterum
2470 1756 2536 1795 ex
2568 1737 2794 1794 vocibus
2824 1737 2958 1808 ipsis
2987 1751 3108 1806 quae
3134 1733 3207 1789 ibi
3241 1733 3465 1804 prolattc
3546 1804 3551 1809 ἣ

1813 1791 1859 1849 Β

201 1823 475 1887 σαξόντων
501 1824 609 1876 τῶν
645 1823 910 1896 Ἀζύμων.
943 1824 1016 1879 Οὐ
1045 1823 1265 1879 δύναται
1282 1824 1339 1879 δὲ
1365 1824 1524 1879 τοῦτο
1552 1824 1783 1880 πάντοτε

1889 1841 2039 1896 sunt,
2062 1831 2335 1901 oppositio
2357 1840 2409 1886 et
2438 1829 2796 1902 repugnantia
2820 1828 3122 1899 apparebit.
3149 1826 3284 1880 Nam
3310 1825 3464 1877 aiunt

198 1915 453 1982 γενέσθαι
479 1917 535 1968 ὲν
563 1918 627 1987 τῇ
656 1915 819 1988 ψήφῳ
844 1918 909 1988 τῇ
940 1916 1385 1988 ἑκκλησιαστικῇ.

1890 1921 2238 1993 pervigilium
2283 1923 2550 1992 agendum
2599 1936 2722 1977 esse
2769 1921 2823 1975 in
2872 1918 3050 1974 medio
3108 1920 3459 1989 Azymorum.

199 2005 318 2061 lloc
349 2014 554 2071 autem,
580 2006 635 2063 in
669 2007 1041 2063 ecclesiastica
1070 2014 1372 2079 temporum
1394 2010 1802 2080 supputatione,
1840 2011 1955 2069 ﬂeri
1975 2022 2236 2086 perpetuo
2258 2030 2366 2070 non
2398 2021 2597 2086 potest.
2616 2013 2748 2083 Lege
2772 2011 2909 2083 quod
2948 2010 3140 2066 notabo
3160 2010 3228 2065 ad
3270 2008 3455 2065 Const.

198 2108 400 2167 apost.,
433 2098 586 2164 lib.v,
611 2100 839 2169 cap.-t7,
864 2108 913 2154 et
945 2116 1060 2168 cap.
1098 2102 1185 2159 19.

1648 2217 1882 2275 Numero
1912 2217 1996 2273 ll.
2114 2294 2117 2295 ν

268 2352 504 2422 Λέγουσι
544 2353 651 2426 γὰρ
681 2354 731 2407 ol
768 2354 922 2409 αὐτοὶ
949 2353 1255 2419 ἀπόστολοι,
1296 2355 1378 2410 δτι
1406 2356 1535 2412 ὅταν
1578 2357 1777 2412 ἐκεῖνοι

194 2444 533 2515 εὐωχῶνται,
565 2444 721 2516 ὑμεῖς
748 2446 1095 2519 νηστεύοντες
1127 2447 1266 2521 ὕπερ
1295 2447 1475 2505 αὑτῶν
1509 2448 1775 2516 πενθεῐτε,

192 2534 277 2588 ὅτι
308 2534 369 2587 ὲν
395 2539 462 2607 τῇ
485 2535 666 2608 ἡμέρᾳ
695 2536 795 2607 τῆς
822 2538 1018 2611 ἑορτῆς
1046 2539 1137 2593 τὸν
1156 2540 1386 2611 Χριστὸν
1403 2539 1773 2613 ἐσταύρωσαν·

194 2626 290 2679 καὶ
318 2627 448 2680 ὅταν
484 2627 636 2681 αὐτοὶ
665 2628 922 2693 πενθῶσι,
951 2630 1019 2685 τά
1059 2630 1242 2704 ἄζυμα
1278 2631 1549 2697 ἐσθίοντες
1580 2633 1640 2687 ὲν
1687 2649 1779 2687 πι-

192 2717 398 2789 κρίσιν,
431 2718 585 2791 ὑμεῖς
612 2720 919 2794 εὐωχεῖσθε.

1954 2355 2150 2410 Dicunt
2177 2354 2321 2409 enim
2354 2352 2517 2409 iidem
2551 2352 2815 2424 apostoli;
2849 2351 3072 2425 quando
3104 2348 3179 2405 illi
3223 2350 3455 2421 epulano

1878 2456 1994 2513 tur,
2026 2462 2125 2502 vos
2167 2446 2481 2516 jejunantes
2512 2460 2611 2515 pro
2660 2445 2795 2515 ipsis
2839 2443 3038 2514 lugete,
3092 2442 3347 2513 quoniam
3400 2441 3457 2497 in

1881 2542 1969 2597 die
1998 2538 2314 2597 festivitatis
2358 2538 2637 2595 Christum
2680 2534 3075 2593 crucitlxerunt
3109 2554 3121 2591 :
3152 2543 3204 2592 et
3234 2534 3460 2607 quando

1878 2635 1957 2689 illi
1993 2635 2194 2705 lugent,
2225 2648 2411 2704 azyma
2436 2632 2659 2687 edentes
2689 2646 2813 2685 cum
2844 2630 3075 2685 lactucis
3123 2628 3455 2700 agrestibus,

1879 2740 1979 2782 vos
2008 2726 2327 2797 epulamini.
2359 2723 2491 2797 Lege
2522 2723 2776 2788 Constit.,
2810 2722 2901 2777 lib.
2936 2737 2987 2787 ν,
3012 2737 3129 2792 cap.
3164 2720 3246 2777 15.

1710 2876 1939 2936 Ibidem.

264 3009 430 3078 Αὖθις
448 3013 625 3069 αὐτῶν
642 3014 926 3080 ἀκούοντες
941 3015 999 3070 δν
1024 3016 1089 3089 τῇ
1120 3016 1388 3082 Δωτάξει,
1416 3017 1499 3070 δτι
1525 3017 1555 3071 ὁ
1582 3016 1768 3073 κακῶν
1796 3040 1799 3067 ε

1940 3012 2077 3070 Cum
2128 3011 2325 3069 lterum
2362 3011 2598 3067 eosdem
2668 3013 2945 3083 apostolos
3006 3012 3331 3077 audiamus,
3383 3012 3437 3066 in

192 3106 390 3161 ἑαυτοῦ
411 3106 509 3179 τὴν
536 3106 707 3180 ψυχὴν
728 3108 797 3161 ἐν
816 3110 1087 3182 κυριακῇ,
1117 3110 1517 3181 ὲπικατάρατός
1544 3111 1660 3164 ἐστι
1688 3108 1766 3181 τῷ

192 3198 335 3269 Θεῷ.

1868 3103 2273 3161 Constitutione
2303 3103 2547 3160 dicentes
2572 3122 2585 3159 :
2612 3102 2715 3171 Qui
2740 3103 2923 3175 allligit
2947 3103 3183 3165 animam
3207 3118 3359 3159 suam
3395 3102 3452 3155 iu

1868 3196 2171 3261 Dominica,
2202 3197 2526 3253 maledictus
2558 3206 2641 3253 est
2684 3194 2817 3251 Deo.
2846 3193 2981 3265 Lege
3022 3192 3233 3262 Const.,
3264 3192 3357 3248 tib.
3389 3200 3449 3258 ν,

1870 3307 1992 3363 cap.
2019 3291 2111 3347 20.

1628 3444 1683 3501 N
1689 3462 1867 3501 umero
1897 3447 1987 3505 12.

262 3584 667 3655 Παρατηρεῐται
685 3582 790 3656 δὲή
826 3581 1119 3654 Ἐκκλησία
1148 3582 1298 3650 ἀγειν
1325 3580 1421 3652 τὴν
1451 3581 1641 3653 ἑορτὴν
1672 3579 1767 3635 τοῦ

186 3676 408 3747 Πάσχα,
457 3675 702 3729 τουτέστι
734 3676 832 3749 τὴν
876 3674 1145 3747 ἑϐδομάδα
1185 3672 1283 3745 τὴν
1326 3673 1638 3745 ὡρισμένην
1675 3678 1770 3731 καὶ

184 3771 299 3825 ἀπ’
333 3766 512 3822 αὐτῶν
552 3766 659 3820 τῶν
696 3767 1009 3822 ἀποστόλων
1030 3767 1087 3831 ιν
1125 3766 1191 3836 τῇ
1226 3765 1493 3830 Διατάξει,
1517 3766 1625 3819 ἀπὸ
1644 3766 1768 3819 δευ-

183 3863 359 3935 τέρας
389 3860 700 3925 Σασΰάτων,
746 3860 880 3928 ὅπερ
908 3859 1056 3915 ἐστὶν
1090 3858 1405 3932 ἀγορασμὸς
1434 3858 1529 3913 τοῦ
1558 3860 1767 3932 προϐά-

182 3971 305 4011 του.

1942 3581 2209 3639 Observat
2260 3588 2443 3637 autem
2494 3580 2760 3646 Ecclesia,
2813 3588 2870 3637 ut
2915 3580 3113 3637 festum
3163 3580 3453 3641 Paschalis

1871 3676 2243 3748 peragat,ho‘c
2272 3684 2376 3742 est,
2423 3674 2815 3731 hebdomadam
2851 3675 3124 3729 decretam
3168 3676 3333 3731 etiam
3382 3679 3454 3733 ab

1869 3768 2005 3840 ipsis
2031 3768 2293 3841 apostolis
2324 3770 2380 3824 in
2424 3768 2848 3831 Constitutione,
2898 3782 2925 3820 a
2952 3769 3191 3823 secunda
3240 3766 3452 3824 Sabba-

1867 3868 2070 3926 torum,
2104 3859 2248 3933 quod
2282 3868 2366 3931 est
2398 3861 2604 3931 emptio
2633 3860 2780 3933 agni.
2814 3859 2998 3917 Const.
3041 3871 3236 3930 apost.,
3270 3860 3361 3915 lib.
3390 3880 3450 3928 ν,

1868 3968 1988 4023 cap.
2028 3954 2116 4020 15,
2156 3952 2245 4022 15,
2273 3951 2364 4022 18,
2393 3951 2482 4012 19.

1480 4107 1691 4163 [Iter-esi
1722 4107 1811 4176 75,
1842 4122 1991 4163 num.
2024 4114 2083 4166 ο.

260 4256 324 4309 Εἰ
354 4254 409 4307 δὲ
438 4253 533 4307 καὶ
560 4251 663 4324 χρὴ
682 4250 740 4305 τὸ
756 4250 857 4321 τῆς
882 4249 1184 4316 Διατάξεως
1210 4249 1318 4303 τῶν
1352 4244 1664 4302 ἀποστόλων
1681 4241 1760 4296 λέ-

179 4363 327 4417 γειν,
360 4345 475 4409 πῶς
520 4344 635 4396 ἐκεῖ
678 4344 936 4416 ῶρίζοντο
976 4342 1202 4414 τετράδα
1246 4341 1341 4396 καὶ
1376 4335 1761 4412 Προσάὁὸατον

179 4437 442 4509 νηστείαν
472 4435 490 4508 (
514 4432 767 4491 IJsserius
794 4435 1051 4505 corrigit,
1084 4431 1395 4505 νηστεύειν)
1422 4430 1509 4484 διὰ
1537 4426 1758 4490 παντὸς,

1939 4236 1995 4295 Si
2025 4254 2155 4296 vero
2194 4239 2358 4297 etiam
2387 4245 2602 4311 oportet
2629 4254 2695 4295 ex
2728 4235 3100 4309 apostolorum
3153 4238 3449 4295 Constitu-

1866 4333 2017 4387 tione
2048 4332 2224 4402 loqui;
2256 4347 2365 4403 quo
2397 4331 2558 4387 modo
2581 4330 2692 4386 illic
2725 4330 3051 4386 deﬁnierunt
3086 4330 3443 4400 jejunandum

1865 4439 1988 4479 esse
2023 4431 2284 4494 perpetuo
2314 4430 2510 4493 quarta
2549 4421 2684 4478 feria
2733 4429 2787 4477 et
2825 4420 3182 4488 Prosabbato,
3220 4432 3447 4492 excepta

178 4533 359 4605 χωρὶς
397 4528 776 4599 Πεντηκοστῆς
794 4544 806 4557 ·
831 4528 924 4581 καὶ
954 4526 1079 4598 περὶ
1098 4524 1202 4578 τῶν
1222 4525 1280 4589 ἓξ
1299 4521 1519 4595 ἡμερῶν
1534 4511 1627 4574 τοῦ
1649 4517 1762 4572 11a—
1793 4516 1799 4571 i

1873 4514 2217 4581 Pentecoste;
2261 4522 2315 4568 ct
2351 4513 2419 4569 de
2460 4529 2555 4569 sex
2600 4509 2794 4569 diebus
2837 4512 3146 4579 Paschalis,
3174 4515 3449 4585 quomodo

182 4641 319 4695 ο-χα,
355 4622 471 4687 πῶς
511 4619 943 4692 παραγγέλλουσι
994 4618 1154 4691 μηδὲν
1198 4617 1333 4680 ὅλως
1375 4612 1692 4685 λαμῦἀνειν,
1723 4611 1756 4683 ἢ

180 4717 357 4786 ἄρτου
385 4714 478 4767 καὶ
510 4713 632 4776 ἀλὸς
659 4713 754 4765 καὶ
787 4710 997 4775 ὓδατος,
1038 4710 1196 4763 ποίαν
1224 4725 1283 4761 τε
1324 4706 1538 4777 ἡμέραν
1566 4704 1717 4773 ἀγειν
1741 4742 1757 4767 ,

165 4806 309 4878 ,πῶς
336 4822 395 4858 τε
422 4804 673 4858 ἀπολύειν
701 4806 778 4867 είς
808 4802 1220 4875 ὲπιφώσκουσαν
1253 4798 1558 4872 Κυριακὴν,
1598 4814 1760 4868 φανε-

181 4898 284 4971 ρόν
325 4898 456 4950 ἐστι.
495 4896 559 4949 Et
588 4896 768 4950 infra:
807 4892 939 4949 Εἶτα
986 4894 1042 4948 δὲ
1084 4896 1132 4947 εί
1174 4892 1248 4963 μὴ
1291 4892 1418 4963 περὶ
1458 4891 1558 4960 τῆς
1585 4888 1758 4960 αὐτῆς

178 4986 497 5052 ὑποθέσεως
528 4988 795 5060 τετράδων
834 4988 927 5040 καὶ
950 4984 1349 5058 Προσαδὸἀτων
1377 4983 1427 5036 oi
1453 4982 1607 5035 αὐτοὶ
1623 4980 1758 5035 ἀπό-

177 5079 366 5134 στολοι
392 5081 451 5133 ἐν
476 5082 542 5151 τῇ
572 5079 820 5143 Διατάξει
839 5078 1040 5146 ἔλεγον,
1074 5078 1168 5131 καὶ
1202 5076 1375 5139 ἄλλως
1404 5075 1468 5127 ὲκ
1494 5072 1759 5143 πανταχό-

175 5173 278 5227 Θεν
306 5172 522 5243 εἴχομεν
565 5172 840 5236 ἀποδεῖξαι
875 5186 887 5199 ·
931 5169 1080 5239 ὅμως
1116 5168 1243 5237 περὶ
1282 5165 1471 5219 τούτου
1514 5163 1756 5235 ἀκριϐῶς

173 5264 475 5337 γράφουσα

1867 4608 2188 4679 praecipiunt
2215 4608 2351 4663 nihil
2383 4606 2609 4663 omnino
2637 4621 2873 4667 sumere,
2910 4613 3106 4677 praeter
3148 4623 3341 4678 panem
3392 4616 3445 4662 ct

1866 4702 2033 4756 salem
2064 4706 2120 4755 et
2168 4715 2387 4770 aquam,
2438 4700 2762 4769 qualemque
2814 4698 2957 4753 diem
3006 4714 3185 4770 agere,
3230 4708 3286 4753 et
3336 4715 3447 4768 quo

1864 4801 2024 4864 pacto
2052 4793 2321 4862 jejunium
2370 4792 2579 4847 solvere
2633 4791 2684 4845 in
2735 4791 3084 4845 illucescente
3126 4789 3440 4855 Dominica;

1864 4884 2214 4941 manifestum
2258 4890 2358 4939 est.
2408 4882 2472 4936 Et
2502 4882 2660 4953 paulo
2689 4892 2803 4949 post
2834 4898 2853 4936 :
2880 4881 3081 4936 Deinde
3106 4896 3253 4944 vero,
3291 4882 3336 4937 si
3375 4883 3441 4936 de

1862 4975 2051 5031 eodem
2105 4982 2428 5046 argumento
2482 4974 2810 5040 Quartarum
2847 4980 2941 5027 -οι-
2978 4971 3438 5028 Prosabbatorum

1844 5067 2024 5138 iidem
2052 5067 2281 5137 apostoli
2311 5067 2365 5121 in
2387 5066 2792 5122 Constitutione
2812 5080 2919 5119 non
2947 5064 3250 5129 dixissent;
3274 5065 3437 5118 etiam

1858 5158 2016 5213 aliter
2037 5158 2277 5228 undique
2304 5172 2590 5227 possemus
2613 5141 2992 5211 demonstrare
3014 5175 3025 5209 :
3044 5170 3351 5225 quanquam
3375 5172 3438 5207 ea

1856 5247 1924 5302 de
1948 5263 2005 5303 re
2038 5238 2292 5304 accurate
2320 5248 2590 5305 scribunt.
2637 5246 2770 5318 Lege
2815 5246 3067 5309 Constit.,
3096 5245 3188 5301 lib.
3231 5263 3282 5307 γ,
3317 5262 3434 5311 cap.

1858 5341 1946 5404 15,
1974 5341 2077 5409 2ος
2114 5341 2204 5397 lib.
2238 5357 2335 5407 vn,
2365 5338 2602 5408 cap.25;
2633 5338 2724 5393 lib.
2751 5355 2803 5406 ν,
2834 5354 2952 5407 cap.
2986 5337 3076 5402 15,
3111 5337 3201 5401 15,
3239 5337 3322 5399 18,
3346 5337 3433 5389 19’.

1468 5500 1671 5554 Παιτεεί
1698 5500 1787 5563 80,
1822 5514 1966 5555 num.
2012 5500 2063 5555 7.
2098 5522 2101 5523 ν

249 5622 362 5678 Καὶ
407 5622 533 5700 περὶ
584 5622 683 5692 μὲν
710 5617 802 5674 οὖν
846 5618 938 5673 τοῦ
979 5612 1182 5689 γενείου
1218 5620 1275 5671 ὲν
1308 5621 1427 5682 ταῖς
1469 5616 1750 5681 Διατάξεσι

162 5713 284 5771 τῶν
318 5708 628 5767 ἀποστόλων
663 5712 859 5782 φάσκει
898 5713 925 5765 ὁ
957 5711 1096 5775 licio;
1122 5710 1277 5779 λόγος
1305 5711 1400 5763 καὶ
1427 5714 1459 5781 ὴ
1498 5709 1750 5763 διδασκα-

167 5808 261 5861 λία
298 5804 371 5878 μὴ
411 5804 673 5878 φθείρειν,
696 5804 939 5857 τουτέστι
961 5804 1034 5877 μὴ
1062 5803 1274 5873 τέμνειν
1304 5803 1493 5874 τρίχας
1521 5802 1749 5871 γενείου,

1930 5614 1996 5668 Ει
2025 5614 2242 5683 quidem
2267 5612 2334 5668 de
2362 5614 2551 5677 barba,
2590 5614 2642 5667 in
2676 5610 3175 5667 Constitutionibus
3216 5615 3426 5677 aposloo

1828 5702 2032 5762 'lorum
2058 5707 2133 5759 ait
2155 5706 2372 5761 divinus
2399 5721 2601 5770 sermo,
2634 5712 2687 5759 et
2710 5704 2962 5758 doctrina
2995 5722 3006 5757 :
3045 5718 3150 5756 non
3186 5714 3434 5754 corrum-

1858 5800 2063 5871 pcndos
2090 5816 2233 5868 esse,
2264 5800 2366 5855 hoc
2393 5810 2497 5864 εει,
2544 5814 2655 5853 non
2682 5812 2805 5855 esse
2833 5794 3099 5852 secandos
3133 5795 3271 5862 pilos
3303 5792 3433 5844 baro
