4102 6318
681 398 784 455 5-57

676 618 783 673 que
810 604 1006 660 debere
1031 606 1257 676 iustitiae
1286 609 1560 666 incessum
1584 615 1851 683 superbiae
1884 616 2240 688 speciemha-

674 694 823 751 bere.
857 695 1106 765 Constit.,
1139 700 1229 755 tib.
1267 715 1307 767 ι,
1336 718 1451 770 cap.
1477 704 1530 759 ὃ.

1586 402 1643 459 S.
1678 395 2071 463 CLEMENTIS
2102 405 2122 461 Ι
2157 403 2322 466 BOH.
2358 407 2558 466 PONT.
2596 408 2821 466 OPERA
2854 408 3081 467 DUBIA.

680 514 781 577 be,
808 527 983 583 neque
1019 516 1389 587 usurpandum
1420 522 1787 576 meretricium
1826 531 2077 578 ornatum
2100 563 2115 588 ,
2144 540 2239 580 ne-

2343 526 2475 597 μηδὲ
2530 526 2829 599 ἑταιρισμῷ
2888 522 3312 597 κατακομεῖσθαι
3350 561 3363 587 ,

3808 408 3930 464 548

3426 525 3561 594 μήτε
3622 524 3927 595 ὑπερηφα-

2343 620 2461 683 νίας
2511 621 2807 691 ὑπόδειγμα
2848 618 3186 687 δικαιοσύνης
3224 618 3323 686 τὴν
3362 616 3713 687 προσέλευσιν
3745 615 3935 687 (xeno;

1098 814 1488 884 AuctorOperis
1518 820 1803 889 imperfecti
1834 821 1887 875 in
1914 820 2248 891 Hatthccum,
2282 821 2423 891 apud
2452 822 2515 879 S.
2547 823 2998 895 Chrysostomum.
3028 824 3111 878 Ad
3133 822 3325 877 Matth.
3356 839 3431 889 Vl,
3462 822 3512 877 3.

746 943 917 999 Aliter
945 958 1094 1003 certe
1136 952 1278 1007 sicut
1305 954 1538 1022 apostoli
1571 953 1995 1023 interpretantur
2027 955 2083 1011 in
2135 956 2275 1011 libro
2303 954 2611 1023 Canonum,
2642 959 2733 1031 qui
2762 967 2847 1016 est
2876 960 2945 1015 de
2982 957 3287 1031 episcopis;
3322 957 3511 1013 dextra
3556 964 3641 1013 est
3670 957 3916 1027 populus

673 1032 1040 1102 Christianus,
1070 1043 1165 1110 qui
1200 1053 1282 1099 est
1314 1046 1380 1099 ad
1410 1046 1654 1100 dextram
1692 1044 1927 1114 Christi;
1958 1046 2181 1104 sinistra
2212 1056 2414 1113 autem,
2447 1052 2625 1107 omnis
2662 1054 2915 1123 populus,
2944 1051 3035 1123 qui
3066 1062 3152 1109 est
3193 1051 3260 1105 ad
3294 1050 3597 1107 sinistram.
3629 1047 3746 1103 Hoc
3771 1065 3915 1119 ergo

673 1125 805 1179 dicit
838 1148 848 1182 :
884 1129 960 1184 Ne
985 1132 1353 1189 Christianum
1384 1135 1671 1192 facientem
1700 1138 2120 1208 eleemosynam,
2149 1140 2241 1209 qui
2274 1148 2357 1195 est
2386 1139 2599 1207 dextra,
2633 1144 2869 1200 inﬁdelis
2898 1143 3150 1215 aspiciat,
3185 1144 3278 1215 qui
3308 1150 3393 1199 est
3451 1142 3698 1216 sinistra.
3729 1140 3908 1197 Chri-

673 1218 885 1277 stianus
915 1232 1092 1279 autem
1127 1226 1173 1281 si
1202 1227 1573 1283 Christianum
1601 1230 1798 1285 viderit
1826 1232 2199 1304 eleemosynas
2233 1230 2543 1302 facientem,
2577 1252 2687 1292 non
2711 1246 2795 1296 est
2815 1246 3007 1294 contra
3031 1236 3236 1294 Christi
3262 1245 3614 1309 praeceptum,
3638 1238 3917 1308 quoniam

672 1315 831 1370 ambo
861 1313 1051 1371 dextra
1079 1328 1223 1373 sunt.
1270 1320 1394 1375 Vide
1419 1321 1544 1379 Not.
1576 1324 1644 1379 ad
1676 1322 1855 1380 Const.
1892 1340 2000 1393 ap.,
2032 1324 2123 1382 lib.
2161 1343 2243 1391 ιιι,
2276 1344 2325 1383 c.
2358 1326 2442 1386 14.

1964 1478 2042 1533 Ad
2074 1478 2268 1536 Matth.
2298 1496 2429 1547 xxv,
2463 1480 2550 1535 18.

740 1627 842 1693 Qui
873 1628 1234 1685 ministerium
1265 1645 1425 1686 suum
1456 1632 1590 1687 bene
1618 1646 2101 1701 consummaverit,
2133 1647 2357 1709 apparet
2388 1654 2516 1709 quia
2545 1655 2611 1695 ex
2643 1640 2753 1697 Deo
2793 1641 2969 1699 fuerat
3007 1644 3322 1712 ordinatus;
3354 1647 3448 1716 qui
3510 1654 3692 1716 autem
3728 1643 3901 1700 mini-

669 1720 892 1773 sterium
920 1736 1075 1775 suum
1094 1735 1201 1775 non
1226 1720 1362 1793 bene
1390 1724 1947 1788 consummaverit,ex
1965 1725 2278 1783 horninibus
2301 1728 2587 1787 ordinatus
2616 1731 2851 1798 εει.οιιο
2871 1732 3031 1788 modo
3049 1741 3232 1788 autem
3257 1712 3477 1803 quidam
3499 1712 3809 1790 sacerdotes
3830 1748 3906 1789 ex

671 1812 983 1871 hominibus
1008 1816 1352 1879 ordinantur,
1378 1818 1665 1874 manifeste
1696 1818 1747 1872 in
1772 1806 1912 1872 libro
1938 1826 2130 1875 octavo
2154 1818 2437 1877 Canonum
2460 1826 2827 1894 apostolorum
2860 1826 3081 1883 dicitur.
3114 1827 3215 1895 Qui
3252 1836 3430 1883 autem
3470 1844 3537 1885 ex
3579 1829 3906 1885 hominibus

668 1906 952 1964 ordinatus
981 1915 1085 1974 est,
1115 1917 1381 1981 quantum
1406 1911 1473 1965 ad
1505 1909 1675 1967 Deum
1708 1927 1815 1967 non
1843 1919 1929 1969 est
1956 1911 2222 1969 diaconus
2244 1924 2339 1969 aut
2369 1916 2646 1973 sacerdos.
2676 1916 2929 1985 Caristia,
2954 1919 3045 1976 lib.
3073 1934 3191 1985 vni,
3218 1937 3334 1991 cap.
3366 1921 3422 1978 2.

1448 2062 1741 2133 Maximus,
1766 2066 1821 2119 in
1849 2066 2125 2136 epistolam
2155 2084 2396 2127 octavam
2421 2070 2685 2143 Dionysii,
2716 2083 2831 2142 post
2858 2072 3105 2131 medium.

734 2218 904 2274 Porro
927 2220 978 2273 in
1008 2219 1179 2275 sacris
1199 2220 1561 2277 institutorem
1582 2230 1739 2277 vocat
1761 2223 1975 2280 beatum
2008 2236 2227 2296 aposto-

2412 2230 2705 2303 Ἱεροθέτην
2744 2232 2799 2285 δὲ
2832 2232 2984 2285 καλεῖ
3021 2231 3111 2287 τὸν
3156 2231 3308 2302 ἅγιον
3338 2232 3629 2288 ἀπόστολον
3658 2234 3899 2305 Παῦλον,

663 2311 774 2364 lum
807 2313 1053 2374 Paulum,
1084 2320 1141 2365 ut
1168 2327 1288 2366 eum
1320 2314 1412 2383 qui
1437 2314 1613 2384 ipsum
1636 2314 1981 2371 ordinaverat
2012 2318 2065 2371 in
2092 2336 2231 2390 pon-

662 2403 923 2471 tiﬂcatum
976 2403 1230 2459 Ecclesia:
1292 2405 1687 2471 Atheniensis,
1740 2406 1883 2463 sicut
1940 2407 1993 2462 in
2053 2410 2228 2467 sacris

660 2495 1029 2563 apostolorum
1058 2494 1551 2556 Constitutionibus
1577 2500 1838 2571 scriptum
1860 2507 1965 2557 est.
1984 2498 2103 2556 Lib.
2127 2517 2225 2567 vn,

659 2601 773 2655 cap.
798 2587 889 2643 46.

2327 2320 2403 2383 ὡς
2440 2324 2885 2393 χειροτονήσαντα
2914 2324 3061 2394 αὑτῷ
3089 2323 3185 2396 τήν
3214 2324 3613 2398 ἀρχιερωσύνην
3642 2330 3742 2399 τῆς
3774 2332 3905 2386 Ἐκ-

2329 2414 2556 2484 κλησίας
2582 2415 2688 2470 τῶν
2730 2414 2986 2485 Ἀθηνῶν,
3009 2415 3190 2479 καθὼς
3218 2417 3274 2469 ὲν
3294 2421 3412 2481 ταῖς
3436 2420 3605 2490 ἱεραῖς
3623 2421 3730 2473 τῶν
3757 2422 3903 2477 ἀπο-

2329 2506 2527 2560 στόλων
2543 2492 2847 2578 γέγραπται
2874 2508 3173 2575 δωταγαῖς.
3206 2507 3345 2581 Lege
3370 2511 3437 2566 ad
3467 2526 3587 2583 cap.
3610 2512 3665 2577 2,
3693 2509 3771 2565 De
3794 2504 3902 2563 Ec-

2328 2592 2453 2650 clcs.
2478 2592 2765 2661 hicrarch.,
2792 2607 2845 2654 et
2867 2598 2923 2653 in
2952 2597 3201 2670 Prologo.

662 2742 961 2800 Timotheus
990 2744 1283 2817 presbyter,
1314 2757 1548 2803 tractatu
1574 2746 1637 2802 de
1658 2748 1723 2803 iis
1755 2749 1845 2817 qui
1887 2748 2141 2872 accedupt
2180 2748 2683 2875 adHEccleiisasmgn
2708 2753 2959 2807 Auctario
2981 2751 3322 2809 Bibliothecte
3365 2751 3591 2808 Patrum
3622 2750 3895 2822 Combeﬁ-

1686 2840 1695 2848 ε
1878 2835 2052 2875 stano.
2108 2836 2215 2875 om.
2296 2859 2309 2875 .
2358 2835 2409 2875 ο.
2646 2860 2659 2875 .

1686 2840 1695 2848 ε
1878 2835 2052 2884 stano,
2088 2835 2215 2876 tom.
2246 2835 2309 2884 ιι,
2358 2835 2409 2889 p.
2441 2835 2546 2875 eoo
2592 2835 2659 2875 υ.

730 2970 865 3025 Audi
912 2971 1283 3041 apostolorum
1327 2972 1491 3031 verba
1522 2992 1536 3030 :
1578 2972 1795 3041 Videte,
1826 2984 1933 3031 etc.
1962 2973 2216 3043 Constit.,

657 3061 749 3115 lib.
783 3078 855 3126 vx,
891 3079 1003 3133 cap.
1038 3063 1125 3122 i6.

2400 2979 2596 3033 Ἀκουε
2646 2978 2753 3033 τῶν
2796 2979 3199 3034 ἀποστολικῶν·
3262 2981 3452 3053 Ὁρᾶτε
3503 2981 3570 3035 τά
3624 2980 3729 3035 ἐπ’
3781 2981 3899 3036 όνό·

2327 3086 2477 3140 ματι,
2508 3078 2612 3125 etc.

1853 3225 2037 3283 Canon
2068 3226 2358 3283 Trullanus
2389 3226 2667 3283 secundus.

724 3399 936 3455 Placuit
965 3407 1144 3456 autem
1184 3408 1238 3457 et
1284 3401 1389 3458 hoc
1425 3408 1629 3458 sanctae
1679 3401 1807 3457 huic
1852 3402 2059 3473 synodo
2088 3402 2219 3472 .pul-

653 3492 921 3548 clierrime
952 3509 1013 3548 ac
1044 3495 1267 3564 optime,
1292 3501 1351 3548 ιι
1382 3495 1450 3550 ab
1485 3494 1588 3549 hoc
1615 3502 1857 3564 tempore
1890 3495 2028 3549 firmi
2057 3494 2219 3549 stabi—

2397 3401 2580 3466 Ἔδοξε
2606 3401 2661 3455 δὲ
2690 3402 2783 3455 καὶ
2812 3400 2969 3457 τοῦτο
2996 3405 3061 3475 τῇ
3092 3403 3221 3474 ἁγίᾳ
3263 3402 3436 3479 ταύτῃ
3480 3403 3677 3476 συνόδῳ
3705 3405 3895 3460 κάλλι-

2326 3495 2425 3548 στά
2450 3512 2507 3547 τε
2539 3494 2632 3547 καὶ
2680 3495 3066 3549 σπουδαιότατα
3087 3536 3101 3559 ,
3144 3496 3279 3549 ὥστε
3312 3497 3491 3568 μένειν
3517 3498 3610 3551 καὶ
3653 3499 3759 3551 ἀπὸ
3790 3500 3892 3554 τοῦ

652 3586 842 3655 lesque
872 3594 1125 3641 maneant
1152 3588 1217 3642 ad
1250 3588 1555 3642 animarum
1592 3588 1862 3643 medelam
1901 3596 1955 3642 et
2000 3594 2214 3657 pertur—
2242 3578 2260 3634 (

2317 3586 2411 3639 νῦν
2455 3586 2721 3656 βεϐαίους,
2764 3588 2858 3641 καὶ
2900 3588 3161 3657 ἀσφαλεῖς
3204 3589 3340 3660 πρὸς
3380 3588 3562 3659 ψυχῶν
3591 3589 3893 3661 Θεραπείαν

650 3676 931 3732 balionum
979 3679 1336 3746 curationem,
1366 3681 1640 3748 octoginta
1672 3679 1912 3750 quinque
1953 3694 2211 3743 canones,

652 3769 845 3841 sanciti
893 3784 920 3821 a
981 3770 1185 3825 sanctis
1232 3779 1285 3826 et
1328 3771 1581 3841 gloriosis
1627 3770 1907 3841 apostolis,
1937 3771 2030 3840 qui
2078 3786 2215 3840 prae-

650 3835 935 3916 cesse‘runt
987 3878 1105 3916 nos.
1138 3862 1405 3927 Quoniam
1450 3871 1627 3917 autem
1664 3864 1717 3917 in
1759 3863 1865 3918 illis
1910 3861 2213 3917 canonibus

651 3964 979 4025 praeceptum
1019 3963 1122 4019 est,
1156 3964 1215 4008 ut
1265 3956 1593 4025 recipiamus
1638 3955 1950 4010 eorumdem
1992 3964 2214 4009 sancto-

650 4063 770 4101 rum
815 4048 1181 4117 apostolorum
1236 4063 1331 4117 per
1384 4046 1713 4104 Clementem
1772 4047 2209 4110 constitutiones,

649 4140 979 4209 quibusjam
1021 4140 1147 4193 olim
1198 4141 1265 4193 ab
1308 4140 1648 4193 heterodoxis
1695 4140 1759 4193 ad
1793 4139 2045 4194 Ecclesiae
2091 4155 2211 4208 per-

649 4232 843 4285 niciem
879 4232 1081 4287 inserta
1131 4239 1257 4286 sunt
1288 4232 1531 4302 quaedam
1590 4232 1894 4286 adulterina
1947 4238 1998 4285 et
2035 4232 2211 4285 aliena

646 4336 675 4375 a
735 4324 967 4393 pietate,
1026 4339 1145 4392 quae
1198 4323 1494 4395 elegantem
1551 4339 1612 4378 ac
1663 4324 1913 4377 decoram
1974 4323 2207 4392 speciem

645 4414 953 4467 divinorum
1025 4414 1335 4484 dogmatum
1424 4415 1581 4471 nobis
1651 4416 2038 4480 obscurarum;
2112 4413 2209 4468 has

643 4507 1058 4561 constitutiones
1126 4507 1538 4563 conducibiliter
1614 4506 1681 4561 ad
1755 4505 2207 4561 Christianissimi

642 4598 821 4666 gregis
874 4598 1285 4655 aediﬁcationem
1340 4614 1405 4653 ac
1465 4600 1848 4662 securitatem,
1884 4596 2204 4666 rejecimus;

644 4689 909 4745 haeretica:
950 4690 1205 4745 falsitatis
1247 4690 1389 4745 fetus
1431 4705 1770 4761 nequaquam
1815 4689 2205 4752 immiscentes,

2315 3679 2408 3731 καὶ
2439 3678 2675 3749 ἰατρείαν
2706 3679 2911 3741 παθῶν,
2941 3681 3065 3744 τοὺς
3106 3680 3208 3734 ὑπὸ
3236 3681 3342 3732 τῶν
3390 3682 3493 3753 πρὸ
3519 3681 3673 3752 ήμῶν
3716 3682 3892 3749 ἁγίων

2314 3770 2407 3821 καὶ
2447 3767 2667 3834 ἐνδόξων
2714 3770 3021 3824 ἀποστόλων
3062 3772 3388 3843 ὀγδοήκοντα
3433 3774 3590 3826 πέντε
3632 3774 3885 3836 κανόνας.

2328 3858 2538 3931 Ἐπειδὴ
2566 3860 2621 3913 δὲ
2668 3861 2724 3913 ὲν
2769 3861 2974 3925 τούτοις
3002 3866 3111 3926 τοῖς
3140 3864 3355 3916 κανόσιν
3402 3863 3708 3916 ἐντέταλται
3736 3863 3892 3934 δέχε-

2316 3954 2439 4007 σθαι
2465 3956 2631 4025 ἡμᾶς,
2662 3954 2760 4017 τὰς
2789 3954 2894 4007 τῶν
2922 3955 3099 4008 αὐτῶν
3118 3957 3284 4023 ἀγίων
3303 3956 3615 4009 ἀποστόλων
3631 3955 3715 4008 διά
3735 3955 3889 4025 Κλή-

2316 4063 2502 4115 μεντος
2526 4046 2807 4111 διατάξεις,
2840 4042 2925 4109 αἷς
2955 4064 3060 4100 τισι
3101 4048 3265 4100 πάλαι
3300 4048 3536 4107 ύπὸτῶν
3566 4047 3887 4118 ἑτεροδόξων

2312 4140 2403 4192 ἐπὶ
2443 4140 2605 4211 λοίμῃ
2645 4140 2743 4209 τῆς
2786 4136 3139 4210 Ἒκκλησίας,
3172 4139 3297 4193 νόθα
3326 4139 3445 4192 τινὰ
3493 4140 3585 4192 καὶ
3616 4139 3739 4204 ξένα
3781 4140 3888 4211 τῆς

2326 4231 2646 4301 Ἐκκλησίας
2664 4232 2789 4272 ⁷¹-³⁹
2812 4232 3247 4303 παρενετέϐησαν
3268 4272 3281 4295 ,
3302 4232 3360 4284 τὸ
3376 4232 3646 4302 εὐπρεπὲς
3686 4232 3887 4298 κάλλος

2310 4322 2415 4375 τῶν
2446 4322 2603 4377 Θείων
2630 4323 2911 4393 δογμάτων
2964 4328 3095 4395 ἡμῖν
3149 4324 3567 4395 ἀμαυρώσαντα,
3621 4324 3718 4397 τήν
3772 4326 3884 4380 τῶν

2308 4414 2561 4467 τοιούτων
2583 4414 2869 4479 διατάξεων
2886 4416 3207 4487 προσφόρως
3223 4416 3489 4488 ἀποὸολὴν
3512 4417 3880 4489 πεποιήμεθα,

2310 4506 2444 4578 πρὸς
2470 4507 2568 4577 τὴν
2596 4507 2689 4560 τοῦ
2732 4509 3255 4578 Χριστιανικωτάτου
3299 4511 3546 4579 ποιμνίου
3592 4510 3882 4583 οἰκοδομὴν

2309 4601 2401 4652 καὶ
2430 4600 2744 4669 ἀσφάλειαν,
2775 4600 3023 4671 οὐδαμῶς
3053 4602 3388 4672 ἐγκρίνοντες
3428 4602 3495 4653 τά
3534 4601 3633 4671 τῆς
3673 4602 3880 4673 αἱρετι-

2308 4690 2410 4759 κῆς
2439 4690 2786 4760 ψευδολογίας
2815 4694 3069 4763 κυήματα
3090 4732 3105 4757 ,
3136 4694 3229 4747 καὶ
3272 4697 3335 4765 τῇ
3382 4695 3578 4766 γνησίᾳ
3606 4695 3711 4747 τῶν
3741 4697 3879 4749 ἀπο-

642 4790 695 4837 et
723 4800 992 4854 germana:
1019 4801 1081 4839 ac
1119 4788 1343 4859 integra:
1372 4786 1741 4857 apostolorum
1771 4784 2034 4840 doctrinae
2069 4785 2260 4849 inse-t

2317 4783 2507 4836 στόλων
2536 4785 2627 4837 καλ¹
2656 4783 2932 4855 ὁλοκλήρῳ
2950 4785 3133 4856 διδαχῇ
3165 4787 3594 4859 παρενείροντες,
3624 4796 3729 4841 etc.

640 4883 842 4941 rentes,
877 4885 981 4933 etc.

860 4989 1187 5060 Nicephorus
1216 4989 1832 5059 Constantinopolitanus
1856 4990 2183 5059 patriarcha,
2222 4988 2276 5042 in
2298 4989 2400 5058 ﬁne
2427 4987 2811 5059 Chronologiw,
2844 4988 2933 5040 ubi
2961 4987 3025 5040 de
3050 4986 3198 5041 libris
3238 4987 3656 5057 Scripturarum.

876 5146 957 5200 Ea:
987 5148 1215 5200 versione
1243 5143 1513 5199 Anastasii
1546 5143 1959 5199 Bibliothecarii.

706 5241 769 5295 Et
802 5256 920 5310 quae
960 5238 1095 5291 Novi
1132 5235 1506 5307 (Testamenti)
1560 5244 1686 5291 sunt
1730 5235 2055 5307 apocrypha,
2090 5242 2197 5290 etc.

636 5334 730 5387 Dm
751 5336 890 5387 trina
923 5331 1314 5402 apostolorum,
1342 5344 1533 5386 versus
1553 5329 1680 5391 200,
1713 5336 1815 5384 etc.

2371 5234 2481 5288 Καὶ
2521 5233 2618 5287 ὅσα
2660 5234 2759 5305 τῆς
2792 5234 2937 5298 Νέας
2990 5236 3126 5290 εἰσιν
3166 5236 3477 5310 ἀπόκρυφα,
3522 5248 3625 5294 etc.
3671 5240 3871 5316 Διδαχὴ

2312 5325 2611 5380 ἀποστόλων
2635 5343 2647 5357 ⁸
2681 5328 2848 5399 στίχοι
2879 5334 2922 5381 σ¹
2951 5328 3017 5394 δ’,
3048 5342 3151 5385 etc.

1711 5444 1952 5508 Plzotius,
1987 5442 2320 5498 Bibliotheca:
2369 5441 2487 5499 cod.
2518 5454 2650 5501 cxn,
2680 5453 2832 5496 cxm.

703 5560 862 5616 Lecta
908 5570 1035 5615 sunt
1084 5560 1377 5618 Clementis
1410 5560 1634 5615 Romani
1668 5560 1777 5613 duo
1818 5560 2094 5614 volumina
2127 5560 2195 5612 li-

632 5652 885 5717 brorum;
917 5668 1146 5721 quorum
1198 5653 1350 5707 alteri
1405 5653 1597 5706 titulus
1639 5660 1744 5714 est,
1785 5650 2194 5705 Constitutiones

638 5744 993 5813 apostolorum
1017 5760 1105 5812 per
1134 5742 1477 5807 Clementem;
1510 5744 1561 5799 in
1586 5760 1693 5815 quo
1721 5745 1882 5799 etiam
1913 5744 2195 5799 contiuen-
2248 5752 2255 5760 ‘

700 5860 743 5892 "
774 5860 818 5891 ³³
850 5860 900 5915 al
950 5860 1243 5925 εὐσεϐείας.
1317 5864 1360 5894 ⁸ο
1388 5863 1453 5914 al.
1490 5880 1568 5933 ς,

2382 5555 2715 5626 Ἀνεγνώσθη
2743 5556 3057 5627 Κλήμεντος
3081 5556 3173 5610 τοῦ
3215 5558 3430 5632 Ῥώμης
3455 5559 3617 5631 τεύχη
3651 5560 3873 5631 βιϐλίων

2302 5652 2392 5704 δύο
2411 5668 2424 5681 ⁸
2454 5644 2527 5703 ὧν
2558 5649 2619 5702 τὺ
2644 5650 2739 5721 μὲν
2761 5650 3139 5719 ἐπιγράφεται,
3167 5654 3441 5720 Διαταγαὶ
3466 5651 3580 5705 τῶν
3605 5652 3873 5708 ἀποστό.

2302 5748 2425 5798 λων
2442 5743 2538 5797 διὰ
2558 5741 2921 5813 Κλήμεντος,
2945 5744 3001 5795 ἐν
3021 5737 3063 5811 ᾧ
3083 5743 3173 5796 καὶ
3201 5745 3249 5797 oi
3278 5745 3382 5797 τῶν
3415 5745 3697 5801 συναδικῶν
3710 5748 3881 5805 κανό-
