4102 6318
165 396 291 452 849
1056 388 1653 452 CONSTITUTIONES
1690 390 1768 445 AP

1871 387 2164 460 mucis.
2203 418 2273 448 .-
2298 384 2663 453 pecuum.
3342 383 3448 444 550

162 526 294 563 νων
320 508 402 580 τῷ
429 507 756 580 ἀθροίσματι
793 504 902 562 τῶν
940 505 1252 562 ἀποστόλων
1281 506 1506 568 κανόνες
1545 507 1767 576 ἐπιγρα-

1872 515 1959 559 ιυι·
1987 503 2065 558 illi
2093 517 2355 566 canones,
2386 501 2479 572 qui
2510 500 2654 554 inter
2694 496 2985 569 synodicos
3026 494 3195 554 cmtul
3226 505 3446 568 aposto-

159 601 413 671 φάμενοι
457 600 818 671 περιέχονται.
859 598 931 654 Et
971 597 1111 653 infra
1154 613 1168 649 :
1201 597 1265 650 Λῖ
1307 597 1364 649 δέ
1407 614 1468 665 γε
1496 598 1761 666 Διαταγαὶ

1871 595 2041 649 lorum
2072 594 2440 649 ascribuntur.
2472 590 2541 644 Et
2570 590 2714 659 infra
2745 604 2764 642 :
2793 588 2962 648 Porro
2993 590 3449 652 Constitutiones.

157 694 331 764 τρισὶ
364 693 544 763 μόνοις
567 691 814 748 δοκοῦσιν
841 690 1149 761 ἐνέχεσθαγ
1173 689 1567 761 κακοπλαστίᾳ,
1599 691 1666 759 ἢν
1699 690 1761 741 οὐ

1871 685 2143 742 extribus
2193 684 2460 738 duntaxat
2499 681 2774 752 capitibus
2820 682 3234 751 reprehensioni
3261 681 3451 737 viden-

158 782 420 854 χαλεπδν
462 783 938 836 ἀποσκευάσασθαι
964 798 977 812 ’
1012 783 1105 836 καὶ
1130 783 1210 857 ὅτι
1251 779 1465 835 καὶτοῦ
1512 782 1767 850 Δευτερο-

1871 783 1960 830 tur
1984 773 2234 831 obnoxiae
2267 793 2283 831 :
2316 791 2380 831 ex
2413 775 2553 829 mala
2582 772 2825 857 fictione,
2855 790 3018 846 quam
3048 784 3306 832 excutere
3339 792 3447 830 non

158 876 374 946 νομίου
407 875 590 948 ὕϐρεις
617 875 768 938 τινάς
794 872 1087 944 ἐπαφίησιν
1101 855 1168 937 δέ,
1187 873 1221 926 ἃ
1241 874 1285 904 δ’
1314 871 1406 929 καὶ
1437 874 1630 944 ῥᾷστον
1656 871 1768 924 6w.-

1871 876 1953 923 est
1981 867 2196 921 dillicile
2231 885 2244 921 :
2279 875 2334 920 et
2362 866 2506 937 quod
2536 855 3233 925 contra‘Deuteronomium
3263 872 3449 926 crimi-

158 965 483 1021 λύσασθαι·
544 967 638 1021 καὶ
694 967 771 1019 ἔτι
815 966 1201 1037 Ἀρειανισμῷ,
1256 966 1393 1036 ὅπερ
1442 966 1636 1037 ἀνετις
1676 965 1768 1017 καὶ

1873 961 2122 1014 nationes
2164 959 2427 1028 quasdam
2469 959 2770 1027 adducant;
2802 961 2959 1038 {quod
3001 962 3166 1018 etiam
3191 962 3448 1018 facillime

165 1059 377 1129 βιαίως
417 1058 815 1130 διακρούσαιτο.
860 1059 923 1110 Ἦ
957 1059 1054 1128 μέν
1094 1059 1176 1110 τοί
1206 1075 1269 1124 γε
1296 1057 1403 1110 τῶν
1440 1055 1532 1110 τοῦ
1562 1057 1770 1128 Πέτρου

165 1151 442 1222 Πράξεων
464 1150 641 1220 βίϐλος
667 1151 746 1220 τῷ
772 1167 829 1202 τε
860 1149 1096 1220 λαμπρῷ
1126 1149 1219 1202 καὶ
1239 1152 1304 1218 τῇ
1335 1147 1641 1218 σεμνότητι,
1677 1148 1770 1202 καὶ

167 1244 261 1296 ἔτι
287 1244 368 1314 τῷ
397 1243 621 1314 καθαρῷ
652 1244 746 1294 καὶ
775 1241 1029 1311 συντόνῳ,
1067 1241 1159 1294 καὶ
1189 1242 1254 1310 τῇ
1288 1239 1422 1312 ἄλλῃ
1463 1240 1627 1311 ἀρετῇ
1674 1237 1768 1290 τοῦ

1871 1051 2003 1106 dilui
2038 1059 2216 1121 potest
2248 1071 2260 1105 :
2295 1061 2346 1105 et
2374 1052 2551 1106 adhuc
2578 1068 2643 1107 ex
2677 1053 3019 1119 Arianismo;
3045 1054 3190 1124 quod
3223 1055 3444 1126 aliquis,

1880 1146 2003 1199 licet
2034 1146 2300 1200 violenter
2324 1147 2523 1215 poterit
2550 1145 2843 1213 depellere.
2874 1145 3142 1201 Ceterum
3183 1147 3318 1203 liber
3342 1150 3446 1202 Ac-

1873 1246 2050 1289 torum
2082 1235 2251 1301 Petri,
2291 1235 2581 1305 splendore
2602 1246 2656 1290 et
2703 1237 3004 1305 majestate,
3039 1236 3106 1291 ad
3135 1237 3251 1291 haec
3293 1238 3446 1308 puri-

1869 1336 1977 1383 tate
2007 1339 2060 1383 et
2081 1329 2444 1393 vehementia,
2475 1328 2705 1398 aliisque
2731 1331 2996 1384 orationis
3019 1329 3260 1394 dotibus,
3281 1337 3446 1402 atque

1869 1415 2154 1489 multiplici
2182 1419 2450 1483 doctrina,
2486 1426 2696 1486 tantum
2727 1419 3160 1477 Constitutiones
3185 1430 3442 1492 superat,

1868 1521 1929 1566 ut
1957 1513 2056 1567 bos
2089 1513 2230 1567 inter
2257 1513 2424 1568 libros
2455 1513 2602 1566 nulla
2649 1514 3006 1582 comparatio,
3039 1514 3106 1580 ad
3135 1501 3444 1569 sermonem

1862 1602 2009 1674 quod
2039 1605 2252 1669 attinet,
2277 1604 2490 1660 institui
2514 1603 2731 1672 debeat,
2752 1614 2860 1659 etc.

167 1336 364 1406 λόγου,
395 1336 488 1389 καὶ
515 1335 650 1388 πολυ
659 1333 854 1405 μαθείᾳ
872 1331 1094 1385 τοσοῦτο
1111 1331 1221 1402 ἔχει
1241 1330 1377 1402 πρὸς
1395 1329 1771 1397 τὰςΔιαταγάς

134 1429 241 1491 ,τὸ
286 1427 681 1500 παραλλάττον,
726 1426 800 1490 ὼς
842 1424 975 1496 μηδὲ
1033 1423 1312 1495 συγκρίσει
1351 1425 1418 1494 τῇ
1462 1421 1602 1476 κατά
1642 1423 1769 1486 τοὺς

168 1518 371 1589 λόγους
398 1519 534 1592 πρὸς
561 1519 792 1589 ἀλλήλας
819 1515 1257 1589 παραϐάλλεσθαι
1283 1514 1381 1578 τὰς
1403 1515 1634 1587 βίόλους,
1657 1522 1764 1574 etc.

171 1735 404 1821 Hicetas
438 1753 893 1820 Pectoratus,Lib.
921 1765 1105 1809 contra
1128 1754 1380 1826 Latinos,
1406 1763 1522 1824 post
1551 1755 1799 1810 medium.
1837 1755 2000 1826 Tomo
2039 1766 2186 1809 sexto
2216 1756 2461 1826 Antiqua:
2487 1757 2774 1819 Lectionis,
2815 1757 2980 1814 Henr.
3012 1757 3250 1824 Canisii;
3286 1770 3336 1815 et
3366 1762 3423 1816 in

323 1828 652 1884 Bibliotheca
676 1827 918 1894 Patrum,
953 1835 1078 1881 tom.
1112 1825 1218 1892 IV,
1243 1835 1382 1896 part.
1416 1841 1478 1890 ll,
1508 1842 1599 1880 nec
1635 1825 1899 1900 nonapud
1924 1826 2246 1892 Baronium,
2291 1825 2578 1880 Annalium
2603 1837 2732 1882 tom.
2758 1827 2845 1892 II,
2882 1831 2937 1882 in
2977 1830 3292 1899 Appendice.

139 2030 150 2038 .
253 1984 636 2055 Apostolorum
665 1984 917 2043 vertices.
951 1983 1005 2036 in
1038 1982 1228 2052 quinto
1251 1982 1468 2052 quidem
1495 1980 1638 2036 libro
1676 1979 2116 2048 Ordinationum,
2144 1983 2239 2053 qui
2285 1983 2354 2039 de
2384 1986 2716 2056 martyribus
2752 1985 3094 2053 inscribitur,
3122 1987 3279 2058 juxta
3312 1991 3441 2047 Cle-

168 2083 419 2131 mentem
447 2077 492 2108 “
526 2094 540 2132 :
575 2075 836 2141 Quartam
881 2075 1074 2139 [etiam
1111 2085 1158 2128 et
1180 2085 1384 2128 sextam
1419 2078 1662 2146 prwcepit
1691 2076 1838 2131 nobis
1863 2075 2107 2145 jejunare
2140 2075 2391 2130 Dominus
2415 2095 2432 2129 :
2464 2094 2626 2133 unam
2657 2077 2860 2148 quidem
2884 2120 2899 2143 ,
2943 2090 3153 2148 propter
3184 2081 3436 2135 traditio-

171 2182 328 2229 nem;
361 2168 608 2233 alteram,
637 2178 846 2237 propter
873 2169 1169 2235 passionem
1191 2182 1209 2219 :
1246 2168 1417 2235 ipsum
1452 2179 1625 2222 autem
1667 2168 1958 2224 Sabbatum
1982 2167 2025 2198 “
2049 2183 2152 2222 non
2178 2167 2400 2222 tradidit
2427 2169 2850 2240 nobisjcjunare,
2875 2173 3121 2239 quoniam
3145 2189 3248 2226 non
3280 2189 3436 2240 opor-

173 2267 280 2322 tet,
309 2269 506 2319 preter
534 2260 671 2314 illud
707 2261 900 2324 solum,
932 2261 987 2314 in
1021 2276 1122 2330 quo
1151 2257 1374 2314 Creator
1404 2262 1658 2325 omnium,
1692 2261 1786 2314 sub
1822 2271 1961 2316 terra
1992 2262 2115 2330 fuit.
2149 2259 2305 2316 Unde
2331 2261 2484 2330 juxta
2515 2264 2718 2316 calcem
2759 2263 3002 2331 ejusdem
3053 2265 3198 2326 libri,
3235 2265 3432 2321 iterum

167 2350 262 2405 sic
287 2341 533 2420 loquitur
556 2351 604 2382 "
637 2370 650 2405 :
688 2349 851 2406 Omne
879 2350 1085 2420 quidem
1112 2349 1402 2405 Sabbatum
1431 2360 1481 2406 et
1505 2337 1715 2406 omnem
1743 2346 2084 2407 ‘Dominicum
2116 2347 2480 2406 celebrandum
2511 2353 2554 2384 ⁸⁸
2586 2371 2696 2408 esse
2732 2353 2978 2410 dicimus.
3015 2355 3254 2410 Gaudere
3283 2358 3423 2410 enim

168 2450 387 2509 oportet
415 2443 470 2495 in
500 2443 600 2506 his,
633 2452 682 2496 et
713 2459 815 2495 non
845 2442 1040 2511 iugere.
1066 2441 1308 2512 Septimo
1331 2443 1550 2513 quidem
1587 2443 1727 2497 libro
1761 2459 1948 2498 earum
1979 2442 2463 2506 Constitutionum,
2495 2444 2651 2512 juxta
2679 2447 3002 2500 vicesimum
3042 2431 3296 2516 quartum
3333 2464 3427 2505 ca-

171 2540 279 2596 put
312 2529 378 2595 ",
403 2532 507 2585 hoc
536 2531 788 2600 inquiunt
817 2549 832 2585 :
862 2529 1148 2585 sabbatum
1182 2542 1403 2601 namque
1423 2543 1471 2586 et
1494 2533 1824 2586 Dominicum
1855 2532 2176 2590 celebramus
2197 2535 2290 2598 ⁶⁷⁶;
2311 2534 2434 2604 quia
2463 2533 2596 2587 illud
2627 2535 2831 2599 quidem
2882 2537 3072 2592 divina
3110 2542 3430 2608 operationis

168 2630 259 2676 est
288 2624 564 2688 memoria,
597 2623 681 2678 hic
704 2625 751 2657 ⁸⁸
776 2626 894 2678 sero
924 2626 1344 2681 resurrectionis.
1386 2624 1557 2681 Unum
1592 2643 1708 2681 vero
1734 2625 2256 2685 tantumSabbatum
2289 2626 2686 2682 custodiendum
2717 2640 2793 2683 est
2821 2630 2876 2684 in
2907 2642 3014 2686 toto
3046 2651 3204 2698 anno,
3240 2636 3425 2705 Sepul-

175 2726 323 2771 turz
353 2717 602 2799 Domini;
631 2735 732 2788 quo
748 2717 1002 2788 jciunare
1023 2729 1245 2789 oportet.
1274 2720 1501 2787 Quando
1543 2717 1953 2775 enim’Christus
1995 2720 2053 2774 in
2097 2720 2334 2790 sepulcro
2367 2721 2858 2802 jacuit,_discipuli
2885 2727 3228 2792 potentiorem
3289 2731 3436 2784 circa

171 2827 302 2865 eum
351 2812 530 2880 ﬂetum
558 2811 842 2879 habebant,
863 2830 1024 2884 quam
1055 2815 1308 2887 gaudium
1337 2831 1402 2870 ex
1431 2815 1684 2872 memoria
1713 2814 1903 2868 divina
1933 2815 2273 2884 operationis,
2303 2822 2413 2872 etc.

1625 2972 1796 3029 Multo
1820 2986 1979 3045 post;

245 3127 313 3184 In
339 3137 489 3186 sexto
511 3130 654 3185 libro
677 3129 973 3187 Clementis
1003 3128 1449 3196 Ordinationum,
1479 3148 1600 3202 quae
1639 3133 1708 3188 ab
1737 3147 1801 3188 eo
1831 3133 2157 3202 conscriptae
2201 3141 2352 3200 sunt,
2400 3132 2557 3202 juxta
2605 3135 2895 3204 septimum
2942 3134 3213 3193 decimum
3244 3139 3434 3218 caput,

175 3223 416 3292 apostoli
449 3223 563 3277 hac
594 3222 785 3277 dicunt
817 3240 832 3278 :
863 3222 1178 3291 Episcopum
1203 3234 1253 3278 et
1267 3225 1631 3294 presbyterum
1661 3233 1711 3280 et
1736 3222 2042 3288 diaconum,
2079 3223 2327 3289 dicimus,
2357 3227 2447 3295 qui
2473 3243 2632 3280 unam
2670 3225 2858 3279 habent
2887 3241 3124 3292 uxorem,
3157 3229 3428 3292 ordinari,

173 3317 415 3368 auamtis
443 3317 617 3369 vivant
647 3331 825 3370 eorum
858 3317 1124 3386 conjuges,
1145 3319 1383 3387 quamvis
1405 3316 1670 3385 defuncta:
1692 3331 1711 3370 :
1742 3334 1844 3373 non
1890 3317 2008 3370 licet
2045 3333 2132 3371 eos
2159 3326 2276 3385 post
2315 3335 2502 3372 manus
2527 3317 2572 3349 δ’
2603 3302 2985 3388 ἰγηροείιίονὶεπι
3014 3319 3260 3388 innuptas
3296 3338 3428 3386 esse,

176 3423 272 3462 nec
297 3407 504 3489 insuper
526 3406 595 3462 ad
627 3410 839 3479 nuptias
871 3411 984 3474 ire;
1013 3417 1104 3462 aut
1133 3410 1180 3464 si
1202 3410 1494 3480 nupserint,
1529 3410 1726 3465 alteras
1758 3409 2021 3479 amplecti,
2053 3407 2144 3462 sed
2166 3409 2396 3487 suﬁcere
2413 3426 2544 3480 quas
2579 3409 2766 3465 habent
2791 3425 2911 3463 cum
2935 3409 3004 3463 ad
3032 3411 3415 3467 ordinationem

173 3508 446 3555 uenerunt.

1611 3610 1768 3667 Circa
1805 3610 1960 3681 finem
1987 3628 2006 3666 :

252 3769 466 3841 Reliqui
503 3777 684 3824 autem
729 3765 1032 3831 Verticum,
1081 3767 1136 3821 in
1164 3766 1398 3837 septimo
1427 3766 1473 3799 ”
1509 3767 1649 3822 libro
1695 3765 2124 3830 lnstitutionum,
2159 3765 2313 3834 juxta
2357 3773 2572 3823 sextum
2615 3763 2890 3820 decimum
2956 3772 3120 3835 caput
3159 3763 3424 3833 liquidius

174 3865 435 3919 dixerunt
466 3882 478 3916 :
510 3863 716 3920 Scimus
739 3865 897 3927 enim,
923 3861 1100 3932 inquit
1122 3861 1270 3927 ἰε-⁸⁸,
1303 3861 1426 3931 quia
1459 3860 1512 3914 hi
1567 3861 1658 3931 qui
1701 3860 1842 3913 circa
1891 3859 2190 3923 Simonem,
2226 3869 2276 3913 et
2325 3858 2616 3923 Cieobium,
2659 3867 2709 3913 et
2738 3855 2967 3921 Iudam,
3011 3859 3434 3927 conscripserunt

177 3955 341 4010 libros
374 3957 427 4010 in
466 3956 673 4009 nomine
695 3952 892 4010 Christi
905 3963 969 4007 ‘et
1006 3953 1381 4020 discipulorum
1431 3954 1566 4021 ejus,
1599 3953 1976 4021 circumferunt
2015 3951 2083 4004 ad
2122 3941 2474 4015 seductionem
2515 3960 2761 4015 vestram,
2794 3960 2844 4005 et
2873 3967 3051 4005 eorum
3084 3951 3172 4020 qui
3201 3951 3431 4019 diligunt

173 4047 472 4112 Christum,
512 4056 564 4101 et
605 4064 699 4101 nos
741 4063 914 4102 seruos
947 4047 1130 4116 ipsius.
1175 4045 1243 4098 Et
1283 4047 1338 4098 in
1373 4044 1627 4098 veteribus
1668 4045 1883 4116 quidam
1924 4045 2351 4111 conscripserunt.
2371 4045 2530 4099 libros
2575 4043 2895 4114 apocryphos
2930 4043 3123 4113 Moysi.
3155 4054 3200 4096 et
3231 4043 3428 4097 Enoch.

171 4151 226 4195 et
251 4141 442 4205 Adam,
479 4138 661 4204 Isaias,
698 4137 960 4201 etDavid,
1008 4147 1058 4192 et
1093 4136 1248 4200 Elite,
1277 4146 1327 4190 et
1365 4138 1526 4189 trium
1557 4136 2010 4206 patriarcharum,
2041 4139 2400 4206 carruptiones
2439 4137 2690 4206 facientes
2723 4146 2877 4206 atque
2913 4137 3146 4189 veritatis
3187 4136 3430 4189 inimicos

175 4231 365 4286 libros.

257 4323 578 4378 Humbertus
626 4339 893 4392 episcopus
926 4323 1097 4394 Sylva:
1125 4320 1411 4387 Candidas,
1446 4323 1499 4375 in
1532 4321 1869 4392 responsione
1906 4320 1975 4375 ad
2005 4319 2209 4376 Nicetce
2242 4321 2454 4384 librum,
2489 4322 2655 4376 multo
2700 4331 2816 4392 post
2852 4321 3102 4383 initium;
3144 4320 3356 4376 ibidem.

250 4479 674 4548 Reprehendens
701 4479 844 4532 enim
878 4493 998 4541 nos,
1031 4492 1132 4530 cur
1155 4478 1464 4547 jejunemus
1493 4475 1767 4538 Sabbatis,
1799 4475 1938 4531 dicis
1966 4492 1978 4527 :
2009 4477 2216 4543 Quarta
2246 4487 2296 4534 et
2325 4488 2474 4533 sexta
2513 4469 2876 4546 feria'juqiter
2905 4478 3294 4547 jejunandum;
3324 4497 3428 4532 una

173 4587 390 4644 propter
417 4570 774 4634 traditionem,
806 4571 974 4625 altera
1001 4580 1209 4639 propter
1239 4571 1532 4640 passionem
1564 4569 1807 4634 Domini;
1852 4570 2085 4626 Sabbato
2114 4582 2286 4632 autem
2330 4590 2617 4642 nunquam,
2659 4572 2763 4625 nisi
2789 4588 2910 4625 uno.
2955 4570 3019 4623 Et
3052 4571 3152 4624 hoc
3183 4587 3429 4626 asserere

174 4667 400 4724 conaris
429 4683 493 4721 ex
520 4664 846 4736 apocryphis
883 4664 1038 4718 libris
1069 4673 1120 4718 et
1143 4663 1468 4725 canonibus,
1522 4663 1641 4733 pari
1673 4664 1945 4717 sententia
1989 4671 2305 4719 sanctorum
2338 4663 2562 4718 Patrum
2601 4665 2925 4734 repudiatis.
2969 4662 3102 4716 Nam
3130 4663 3425 4720 Clementis

175 4759 318 4814 liber
343 4759 412 4822 ⁸³.
454 4759 508 4813 id
539 4766 624 4813 est
677 4757 1025 4811 itinerarium
1065 4753 1214 4810 Petri
1268 4742 1540 4824 apostoli.
1592 4761 1643 4808 et
1669 4756 1924 4810 Canones
1985 4757 2358 4825 apostolorum
2424 4764 2785 4810 numerantur
2813 4755 2859 4786 “
2891 4756 3032 4813 inter
3089 4759 3421 4827 apocrypha.

174 4850 424 4920 exceptis
459 4847 717 4918 capitulis
768 4847 1162 4915 quinquaginta
1184 4886 1197 4907 ,
1234 4860 1354 4915 qua:
1401 4844 1762 4898 decreverunt
1805 4845 2008 4915 regulis
2054 4846 2374 4900 orthodoxis
2398 4847 2442 4877 "
2474 4845 2839 4915 adjungcnda.
2892 4845 3047 4900 Unde
3078 4864 3176 4901 nos
3210 4865 3422 4918 quoquc

177 4957 342 4997 omne
378 4940 725 5012 apocryphon
761 4939 807 4970 "
834 4937 1179 5008 abjicientes,
1213 4937 1574 5007 dedignamur
1607 4937 1798 4991 audire
1837 4952 2026 4992 eorum
2072 4937 2352 4994 fabulosus
2398 4935 2743 5004 traditiones,
2777 4939 2904 5011 quia
2942 4930 3058 4995 non
3089 4950 3218 4998 sunt
3254 4953 3310 4995 ut
3342 4945 3422 4997 lex

178 5029 415 5086 Domini.

251 5167 497 5238 Georgius
534 5165 820 5228 Cedrenus,
863 5165 918 5218 in
961 5161 1276 5232 Compendio
1318 5163 1723 5238 Historiarum;
1770 5163 2013 5238 editionis
2050 5165 2315 5234 Xylandri
2355 5181 2476 5237 pag.
2511 5167 2635 5231 175,
2704 5167 2800 5222 ίὶη.
2837 5168 2928 5230 52,
2974 5179 3081 5224 etc.
3145 5171 3414 5226 Editionis

1340 5238 1494 5304 regia:
1528 5246 1656 5289 tom.
1694 5233 1745 5298 I,
1768 5251 1892 5304 pay.
1922 5236 2048 5299 ΞΗ,
2073 5233 2142 5300 Α,
2167 5246 2278 5292 etc.

246 5401 383 5474 Περὶ
393 5393 454 5453 οὗ
471 5395 1279 5462 ὲνταῖςάποστολικαῖςΔιατάξε
1289 5413 1368 5449 σιν
1381 5399 1410 5450 ὁ
1432 5397 1602 5466 μέγας
1623 5398 1747 5449 ἀπό-

1923 5399 1998 5456 De
2010 5417 2118 5470 quo
2138 5403 2188 5455 in
2203 5401 2704 5458 Constitutionibus
2719 5403 3036 5472 apostolicis
3053 5417 3280 5475 magnus
3297 5418 3422 5474 apo-

177 5493 573 5565 στολοςωτρος
584 5489 726 5546 οὕτω
744 5491 940 5560 φάσκει
961 5507 974 5520 '
1005 5490 1074 5544 Ἡ
1090 5488 1156 5542 δὲ
1176 5490 1443 5562 κατᾳρχὴ
1466 5489 1584 5543 τῶν
1595 5491 1747 5544 νέων

1871 5496 2029 5549 ιιοιυδ
2061 5485 2279 5550 Ρρῑτυε’
2304 5495 2379 5548 ita
2406 5495 2631 5549 disserit
2656 5515 2668 5549 :
2698 5495 2938 5551 Haereses
2976 5513 3094 5552 vero
3130 5513 3276 5551 noete
3317 5501 3423 5552 ini-

237 5716 283 5751 “
309 5717 346 5773 f.
372 5717 696 5787 ἔπαφιεϊσιν.
765 5717 808 5747 ⁸⁸
834 5712 1077 5779 ἃςείνεδ.
1107 5713 1312 5787 μεεὶρ.
1348 5715 1434 5770 15.
1497 5717 1542 5747 ⁵⁵
1563 5717 1763 5787 al.jeju

1871 5736 1895 5771 e
1921 5717 2234 5772 Sabbatum.
2328 5719 2371 5750 “
2395 5717 2525 5787 Cap.
2559 5719 2646 5773 20.
2727 5722 2771 5752 “
2801 5723 2871 5775 al.
2923 5721 3253 5777 Dnminicam
3287 5729 3417 5778 cele-

173 5786 431 5843 brandam
498 5786 573 5818 λ’
612 5786 743 5855 Cap.
796 5787 890 5842 25.
925 5787 992 5817 ⁸⁷⁸
1038 5787 1109 5840 al.
1145 5786 1474 5840 Dominicum
1504 5786 1837 5843 celebremus.
1910 5791 1954 5820 ⁸⁸
1977 5790 2045 5841 al.
2076 5788 2204 5841 hwc.
2279 5787 2324 5819 “
2352 5790 2422 5842 al.
2450 5786 2720 5845 manuum.
2798 5794 2842 5823 ⁵ο
2868 5793 2904 5846 t.
2941 5805 3109 5847 sexto.
3190 5795 3303 5832 ³²-⁵¹
3342 5801 3410 5848 al.

172 5860 430 5927 inquiunt.
504 5858 553 5890 "
578 5858 647 5911 al.
693 5855 902 5912 librum.
979 5855 1025 5889 “
1048 5857 1098 5911 al
1162 5873 1514 5912 numeravere.
1589 5857 1634 5890 "
1661 5857 1711 5911 al
1769 5859 2109 5913 orthodoxice.
2191 5857 2324 5912 "al.
2366 5877 2565 5915 omnem
2596 5862 2964 5932 apocryphum.
3380 5855 3382 5857 ’
