4074 6330
659 376 757 432 83'!
1547 369 1586 425 S
1637 367 2029 425 CLEMENTIS
2065 370 2079 422 Ι
2117 364 2260 424 ΒΟΗ

2317 367 2516 423 ΡΟΝΤ.
2553 366 2778 423 OPERA
2816 366 3035 423 DUBIA.
3797 370 3902 423 552

659 492 791 543 tium
817 483 1106 540 habuerunt
1143 501 1178 537 α
1200 483 1411 540 Simone
1433 482 1488 536 Μ
1494 500 1621 552 ago;
1682 485 1772 554 qui
1793 484 1952 553 factis
1975 485 2031 537 in
2058 482 2218 552 Syria
2247 490 2268 550 Α

2289 483 2603 552 ,αἰρέσεων
2630 482 2872 551 γέγονεν
2919 483 3033 536 ἀπὸ
3079 481 3340 549 Σίμωνος
3385 480 3490 532 τοῦ
3542 480 3786 548 Μάγου·
3832 482 3898 544 ὃς

656 577 838 631 multis
877 574 1124 630 absurdis
1173 585 1225 630 et
1268 575 1608 646 prodigiosis,
1659 574 1878 631 Romam
1917 576 2217 640 adveniens,

2323 577 2422 629 καὶ
2452 577 2521 628 ἐν
2556 575 2739 643 Σιφίᾳ
2780 578 2978 628 πολλα
3019 572 3495 642 διαπραξάμενος
3537 573 3752 633 ἄτοπα,
3801 573 3896 624 καὶ

657 668 950 722 Ecelesiam
993 683 1300 738 magnopere
1339 670 1566 730 vexavit,
1607 685 1698 738 per
1728 669 1979 738 magiam.
2010 677 2060 722 et
2097 667 2218 720 dia-

2323 668 2393 720 ἐν
2421 667 2606 737 Ῥώμῃ
2627 668 2959 736 γενόμενος,
2983 666 3138 719 πολὺ
3162 666 3273 735 τὴν
3298 666 3656 731 Ἐκκλησίαν
3672 667 3898 718 ἐσκυλε

656 759 880 812 bolicam
917 761 1271 829 operationem
1309 776 1371 813 ac
1405 760 1668 829 peritiam.
1703 758 1846 812 Nam
1869 776 1987 813 cum
2021 760 2074 812 in
2101 757 2220 814 σιε-

2324 760 2422 815 διὰ
2459 761 2706 830 μαγείας
2740 760 2838 812 καὶ
2866 756 3204 824 διαϐολικῆς
3233 758 3532 826 ἐνεργείας
3572 755 3668 808 καὶ
3698 756 3896 823 ἐμπει-

654 863 808 902 sarea
842 848 1110 905 Stratonis
1146 851 1272 904 mihi
1311 850 1467 905 Petro
1515 851 1694 906 obvius
1743 851 1950 921 fuisset,
1987 849 2222 906 conaba-

2316 853 2473 920 ρίας.
2531 854 2624 905 Ἐν
2665 851 2779 921 μὲν
2805 851 2912 920 τὰρ
2942 849 3266 918 Καισαρείᾳ
3294 847 3369 918 τῇ
3398 847 3742 917 Στράτωνος
3767 845 3901 916 ἐμοὶ

654 947 761 1004 tur,
793 947 900 997 etc.
927 941 1048 998 Lib.
1076 957 1152 1009 Vl,
1186 957 1239 998 c.
1260 942 1313 1009 7,
1336 942 1391 1008 8,
1417 958 1468 1014 9.

2326 944 2523 1014 Πέτρῳ
2550 943 2888 1012 συντυχὼν,
2917 939 3207 1009 ἐπειρᾶτο,
3238 949 3344 996 etc.

1252 1096 1422 1163 Idem,
1462 1096 1588 1153 edit.
1622 1096 1820 1162 Basit.,
1851 1116 1903 1166 ρ.
1929 1097 2054 1162 195,
2091 1097 2128 1154 ι.
2158 1113 2290 1166 xui,
2313 1107 2423 1156 etc.
2451 1100 2574 1171 Reg.
2608 1102 2774 1160 tom.’l
2795 1141 2808 1164 ,
2838 1117 2892 1169 p.
2916 1098 3040 1160 ΞΜ.
3083 1099 3149 1163 D,
3181 1110 3290 1157 etc.

722 1252 796 1309 De
823 1253 1019 1325 quibus
1056 1268 1188 1309 sane
1215 1252 1380 1308 etiam
1422 1253 1479 1307 in
1507 1251 1824 1322 apostolicis
1852 1250 2214 1308 Constitutio-

2390 1254 2526 1324 Περὶ
2555 1249 2628 1306 ὧν
2659 1254 2839 1325 μέντοι
2885 1257 2987 1310 κάν
3025 1259 3144 1320 ταῖς
3185 1256 3566 1321 ἀποστολικαῐς
3611 1254 3900 1321 Δωτάξεσε

651 1348 812 1404 nibus
859 1349 1078 1404 divinus
1133 1363 1313 1404 sermo
1365 1347 1482 1400 ait:
1522 1344 1648 1400 1am
1699 1363 1816 1401 vero
1858 1347 2052 1409 etiam,
2101 1354 2212 1400 etc.

1876 1347 2019 1400 uiam
2037 1384 2052 1409 ,
2101 1354 2212 1400 etc.
2321 1362 2484 1416 φησιν
2512 1349 2541 1400 ό
2568 1346 2710 1409 θεῖος
2737 1348 2891 1418 λόγος
2913 1365 2925 1378 ⁸
2962 1348 3105 1419 Ἤδη
3133 1349 3201 1404 δὲ
3227 1350 3345 1410 καὶ.
3381 1359 3485 1407 etc.

649 1438 765 1495 Lib.
796 1454 874 1506 γι,
904 1455 1026 1513 cap.
1052 1439 1143 1507 22,
1175 1439 1266 1507 20;
1297 1439 1394 1494 lib.
1418 1439 1472 1494 ὅ.
1504 1454 1625 1509 cap.
1655 1438 1742 1494 η.

1185 1594 1357 1661 Idem,
1387 1595 1512 1650 edit.
1538 1594 1732 1664 prioris
1783 1609 1837 1663 p.
1859 1593 1988 1659 258,
2021 1593 2058 1649 l.
2093 1609 2133 1656 I.
2161 1601 2291 1659 etc.,
2317 1595 2621 1664 posterioris
2671 1599 2798 1646 tom.
2836 1589 2884 1654 Ι,
2908 1605 2962 1659 p.
2992 1590 3120 1660 289,
3148 1591 3212 1655 Β,
3244 1603 3350 1648 etc.

717 1734 783 1788 Et
817 1734 873 1789 in
902 1733 1220 1805 apostolicis
1249 1732 1749 1789 Constitutionibus
1777 1731 1996 1789 divinus
2030 1746 2212 1791 sermo
2244 1743 2287 1798 Β

2385 1732 2495 1786 Καὶ
2522 1732 2578 1783 ἔν
2605 1731 2726 1792 ταῖς
2757 1728 3137 1792 ἀποστολικαῖς
3165 1725 3479 1793 Διατάξεσιν
3503 1733 3532 1783 ὁ
3566 1731 3711 1794 θεῖος
3741 1732 3898 1801 λόγος

639 1827 718 1882 ita
749 1828 1026 1897 loquitur:
1053 1824 1226 1879 Iudex
1258 1838 1430 1880 autem
1463 1842 1564 1879 non
1601 1825 1666 1878 sit
1689 1840 2030 1892 personarum
2064 1841 2212 1881 acce-

2315 1823 2486 1885 οὕτως
2528 1820 2726 1891 φησίν·
2785 1821 2976 1873 Ἔστω
3023 1819 3091 1873 δὲ
3130 1822 3163 1874 ὀ
3204 1820 3408 1889 κριτὴς
3456 1822 3897 1894 ἁπροσωπόλη-

641 1929 842 1989 ptatur,
867 1926 977 1974 etc.
1006 1916 1124 1972 Lib.
1154 1933 1214 1979 ιι,
1247 1931 1369 1987 cap.
1396 1918 1452 1982 ὅ,
1483 1917 1572 1983 37,
1595 1915 1686 1980 42,
1716 1915 1770 1980 9,
1794 1915 1884 1972 49.

1015 1916 1124 1972 Lib.
1154 1933 1214 1979 tl,
1247 1931 1369 1987 cap.
1396 1918 1452 1982 ὅ,
1483 1917 1572 1983 37,
1595 1915 1686 1980 42,
1716 1915 1770 1980 9,
1794 1915 1884 1972 49.
2321 1932 2488 1979 πτος,
2520 1920 2624 1967 etc.

1379 2070 1614 2125 Joannes
1645 2067 1908 2134 Zonaras,
1949 2069 2020 2122 ad
2058 2085 2309 2124 canonem
2348 2067 2706 2138 apostolorum
2745 2068 3145 2136 sexagesimum.

713 2212 867 2268 Multi
913 2209 1040 2263 libri
1072 2208 1140 2262 ab
1172 2207 1352 2278 impiis
1379 2205 1692 2261 hominibus
1721 2204 2012 2259 adulterati
2050 2210 2199 2266 sunt,

2376 2201 2552 2255 Πολλά
2583 2200 2759 2272 βιϐλία
2801 2200 2949 2272 παρά
2993 2202 3101 2254 τῶν
3146 2201 3356 2256 ἀσεϐῶν
3404 2203 3762 2274 ὲνοθεύθησαν
3813 2209 3894 2269 εἰς

639 2305 697 2358 In
746 2301 1141 2372 simpliciorum
1181 2300 1478 2370 perniciem
1523 2315 1537 2351 :
1593 2297 1734 2353 sicut
1790 2305 1845 2351 et
1891 2296 2205 2368 apostolica:

2309 2295 2511 2364 βλάϐην
2555 2293 2663 2346 τῶν
2709 2293 3124 2364 ἁπλουστέρων·
3175 2293 3363 2365 ὥσπερ
3411 2296 3505 2347 καὶ
3552 2296 3608 2348 αι
3657 2296 3746 2348 διὰ
3791 2298 3891 2350 τοῦ

636 2394 1074 2450 Constitutiones
1113 2391 1383 2462 episcopis
1417 2389 1633 2459 scripta:
1669 2404 1764 2458 per
1795 2395 2047 2442 sanctum
2077 2386 2198 2443 Cle-

2305 2387 2620 2458 Κλήμεντος
2663 2387 2956 2457 γραφεῖσαι
3011 2388 3122 2448 τοῖς
3166 2387 3483 2449 ἐπισκόποις
3529 2387 3891 2442 ἀποστολικαὶ

638 2495 898 2550 mentem,
923 2500 1046 2557 qua
1075 2484 1198 2540 ideo
1228 2482 1487 2554 synodice
1523 2481 1737 2551 rejecta‘.
1773 2489 1921 2536 sunt.

2308 2479 2589 2547 Διαταγαὶ,
2621 2480 2675 2532 αἳ
2709 2478 2798 2531 διὰ
2825 2477 2982 2530 τοῦτο
3020 2479 3115 2530 καὶ
3147 2478 3436 2542 συνοδικῶς
3475 2479 3884 2551 ἀπεϐλήθησαν.

637 2625 771 2698 Lege
792 2623 1057 2698 eumdem,
1087 2622 1436 2698 ad_c_anonem
1466 2617 2148 2698 nitimum‘apo‘stololrum,l
2169 2625 2216 2669 et
2246 2613 2599 2698 adeanonem
2625 2613 3425 2698 Laodicenumnsexagesimum.
3461 2615 3543 2670 E1:
3574 2619 3688 2698 ejns
3722 2623 3886 2675 etiam

780 2695 990 2751 ineditis
1021 2683 1268 2756 Scholiis,
1300 2691 1368 2745 ad
1397 2689 1671 2758 epistolam
1712 2683 1948 2758 [es’talem
1973 2686 2031 2758 ξ.
2058 2685 2530 2758 Athanasiincitat
2568 2687 2684 2758 ista
2701 2684 2931 2758 Iacobus
2969 2683 3236 2758 Ussetjits,
3274 2689 3329 2740 in
3362 2683 3735 2744 dissertatione

1367 2753 1436 2814 de
1463 2759 1672 2827 scriptis
1711 2757 1931 2828 Ignatii,
1973 2756 2260 2826 Polycarpi
2293 2765 2343 2810 et
2369 2753 2590 2810 Romani
2621 2753 2926 2821 Clementis,
2960 2770 3076 2822 cap.
3111 2754 3163 2810 7.

709 2921 1020 2976 Doctrinam
1051 2933 1176 2973 vero
1203 2918 1596 2990 apostolorum,
1619 2917 1841 2986 quidam
1867 2915 2056 2971 dicunt
2081 2931 2202 2971 esse

2377 2917 2489 2988 Τὴν
2533 2916 2765 2988 Διδαχὴν
2804 2916 2860 2970 δὲ
2907 2915 3014 2969 τῶν
3062 2916 3399 2982 ἀποστόλων,
3447 2917 3590 2977 τινὲς
3632 2917 3885 2987 λέγουσιν

632 3011 1069 3068 Constitutiones
1109 3026 1203 3080 per
1239 3010 1571 3065 Clementem
1604 3009 2039 3078 scriptas;quas
2081 3022 2203 3077 qua:
2230 3049 2241 3097 γ

2303 3003 2439 3061 εῖναι
2476 3007 2574 3071 τὰς
2608 3008 2696 3061 διὰ
2734 3008 2828 3060 τοῦ
2875 3008 3187 3078 Κλήμεντος
3232 3009 3531 3080 γραφείσας
3574 3011 3881 3078 Διατάεεις,

636 3113 790 3162 sexta
835 3103 1040 3158 dicitur
1086 3101 1329 3174 synodus
1381 3102 1482 3172 legi
1542 3116 1652 3156 non
1699 3099 1984 3170 permittit,
2030 3101 2197 3156 veluti
2242 3099 2245 3101 ’

2302 3100 2369 3164 ἃς
2397 3101 2429 3171 ἠ
2458 3100 2720 3172 λεγομένη
2751 3100 2883 3170 ἕκτη
2910 3100 3124 3163 σύνοδος
3152 3100 3619 3168 ἀναγινώσκεσθαι
3648 3103 3709 3156 οὐ
3749 3121 3881 3172 συγ-

638 3196 970 3252 σιήιιιῑθηιεε
997 3203 1050 3250 et
1069 3202 1359 3266 corruptas
1395 3195 1464 3248 ab
1495 3193 1787 3249 haereticis.

2304 3194 2491 3262 χωρεῖ,
2521 3191 2596 3255 ὡς
2623 3191 2965 3254 νοθευθείσας
2997 3192 3087 3244 καὶ
3116 3192 3564 3263 παραφθαρείσας
3593 3195 3697 3249 ὑπὸ
3725 3197 3881 3266 αἱρε-

2304 3299 2470 3336 τικων
2482 3322 2490 3331 ι

656 3397 670 3416 ⁸
693 3399 850 3454 '.‘.:ius
877 3399 1162 3462 Aristinus,
1199 3398 1253 3452 in
1277 3393 1501 3468 Sgnopsi
1547 3412 1841 3463 canonum;
1878 3413 1953 3472 est
1971 3397 2229 3472 Trullana
2260 3395 2849 3472 Constantinopolitana
2876 3398 3091 3470 synodo,
3130 3414 3273 3458 num.
3297 3400 3349 3466 7,
3374 3401 3710 3458 Bibliotheca:
3732 3405 3880 3472 juris

1765 3470 2004 3523 canonici
2034 3469 2216 3524 veteris
2244 3477 2372 3525 tom.
2411 3467 2438 3521 1
2450 3467 2499 3532 1,
2532 3485 2585 3537 p.
2611 3469 2735 3525 698.

704 3627 836 3694 Qua:
866 3628 933 3682 ab
963 3626 1308 3684 heterodoxis
1352 3626 1542 3683 furtim
1576 3627 1782 3682 inserta
1813 3632 1942 3683 sunt
1977 3625 2198 3682 Consti-

2364 3629 2445 3683 Τά
2475 3630 2625 3702 παρά
2653 3631 2760 3686 τῶν
2789 3631 3109 3706 ἑτεροδόξων
3137 3632 3475 3705 κλοπιμαίως
3497 3634 3878 3706 ἐμϐεϐλημένα

631 3720 938 3775 tutionibus
969 3723 1339 3790 apostolorum
1373 3736 1468 3790 per
1493 3720 1829 3775 Clementem
1858 3719 2042 3785 editis,
2069 3728 2196 3773 sunt

2293 3725 2414 3786 ταῖς
2439 3723 2529 3776 διὰ
2556 3724 2870 3796 Κλήμεντος
2895 3725 3002 3778 τῶν
3032 3725 3342 3779 ἀποστόλων
3361 3726 3698 3792 Διατὰξεσιν,
3731 3728 3876 3780 ἀπο-

632 3811 990 3881 repudianda.
1027 3812 1226 3866 Eadem
1264 3812 1417 3866 verba
1447 3820 1669 3881 usurpat
1699 3809 1912 3875 Simeon
1941 3809 2197 3880 Magister
2298 3817 2564 3886 κήρυκτα.

628 3913 680 3956 et
702 3901 1007 3974 Logotheta,
1032 3906 1086 3958 in
1109 3903 1347 3974 Epitome
1377 3918 1520 3968 can.,
1548 3903 1699 3968 ibid.,
1735 3919 1787 3974 p.
1817 3903 1936 3958 7η.

635 4059 717 4116 Ea:
750 4060 982 4130 ejusdem
1019 4061 1290 4129 scriptoris
1330 4060 1704 4124 mss.scltoliis,
1733 4058 2070 4184 atécagonlem
2105 4059 2462 4182 (ipostotlorum
2494 4058 2770 4184 ultirgum,
2803 4060 2908 4114 ista
2943 4060 3074 4114 citat
3101 4055 3343 4115 Usserius
3363 4103 3377 4129 ,
3415 4061 3474 4117 in
3500 4060 3876 4122 dissertatione

1814 4147 1840 4182 e
1933 4171 1944 4183 .
2012 4146 2112 4184 ana
2140 4147 2210 4184 ιο.
2243 4146 2270 4184 e
2299 4146 2376 4184 ο..
2418 4146 2540 4184 can.

1814 4147 1840 4182 e
1885 4146 1944 4184 ο.
1980 4146 2210 4194 sanatio,
2243 4146 2376 4194 etc.,
2418 4146 2540 4197 cap.

698 4261 985 4317 Secundus
1026 4278 1200 4318 canon
1239 4263 1429 4334 synodi
1466 4272 1631 4319 sextae
1659 4263 1710 4318 in
1743 4261 1931 4317 Trullo
1968 4262 2184 4326 habitae,

2376 4262 2433 4315 '0
2461 4262 2709 4334 δεύτερος
2735 4263 2912 4316 κανὼν
2942 4265 3038 4335 τῆς
3065 4265 3121 4317 ὲν
3166 4264 3242 4335 τῷ
3280 4265 3531 4338 Τρούλλῳ
3575 4269 3873 4340 γενομένης

622 4356 848 4409 omnino
899 4357 1075 4424 rejicit
1131 4359 1295 4411 hasce
1354 4357 1827 4422 Constitutiones;
1901 4363 2231 4446 propterea]

2263 4401 2270 4437 γ
2295 4353 2461 4424 ἕκτης
2499 4354 2716 4407 συνόδου
2737 4397 2750 4421 ,
2801 4355 3076 4419 παντελῶς
3105 4357 3462 4411 ἀποϐάλλεται
3489 4360 3588 4423 τάς
3615 4362 3872 4426 τοιαύτας

620 4449 768 4518 quod
810 4451 876 4504 iis
921 4450 1181 4503 nonnulla
1226 4450 1291 4502 ab
1332 4448 1676 4503 beterodoxis
1730 4447 1940 4519 adjecta
1969 4447 2188 4503 iuerint

2270 4450 2552 4517 ,Διαταγάς
2571 4448 2616 4480 ⁸⁷
2663 4448 2748 4501 διὰ
2794 4449 2854 4501 τὸ
2901 4450 2956 4501 ὲν
3003 4449 3192 4514 αὑταῖς
3236 4451 3340 4502 ὑπὸ
3388 4450 3495 4504 τῶν
3544 4453 3870 4523 ἑτεροδόξων

620 4543 948 4605 adulterina,
988 4550 1042 4596 et
1074 4542 1247 4596 aliena
1279 4557 1306 4594 a
1336 4540 1554 4611 pietate.

2283 4540 2642 4612 προστεθῆναι
2669 4558 2790 4592 τινα
2817 4540 2945 4595 νόθα
2975 4541 3066 4594 καὶ
3097 4541 3221 4607 ξένα
3246 4542 3343 4614 τῆς
3369 4543 3646 4607 εὐσεϐείας

656 4706 1034 4762 Constantinus
1069 4704 1490 4772 Harmenopulus
1514 4743 1530 4770 ,
1571 4703 1624 4757 in
1655 4701 1894 4771 Epitome
1929 4701 2188 4755 cdnonum
2213 4741 2230 4766 ,
2267 4711 2394 4758 sect.
2431 4702 2486 4768 2,
2532 4705 2615 4760 tit.
2648 4705 2702 4768 ιι,
2748 4715 2872 4760 tom.
2901 4707 2928 4760 Ι
2951 4705 3100 4760 luris
3131 4705 3588 4773 erco-Romani,
3629 4726 3681 4779 p.
3711 4709 3799 4768 28.

688 4842 746 4898 In
779 4844 918 4897 libro
948 4843 1039 4913 qui
1061 4842 1265 4896 dicitur
1295 4849 1606 4894 sanctorum
1639 4839 2009 4909 apostolorum
2041 4837 2183 4892 Con-

2370 4841 2455 4892 Ἐν
2498 4843 2617 4904 ταῖς
2647 4842 2962 4912 λεγομέναις
2990 4845 3095 4897 τῶν
3125 4846 3292 4914 ἁγίων
3325 4847 3634 4900 ἀποστόλων
3665 4852 3863 4905 Διειτά-

619 4936 955 4998 stitutiones,
993 4938 1103 4988 haec
1134 4936 1332 4987 tradita
1366 4941 1530 4988 sunt:
1562 4932 1875 4984 Diaconissa
1921 4930 2052 4983 nihil
2094 4946 2183 4982 eo-

2288 4930 2420 4997 ξεσι,
2463 4930 2632 4984 ταυτα
2673 4933 3012 5005 διείληπται·
3044 4937 3407 4990 Διακόνισσα
3459 4939 3640 4992 οὐδὲν
3677 4935 3769 4995 ὧν
3810 4949 3865 4998 nl

620 5045 736 5082 rum
761 5044 876 5098 qua:
896 5028 1202 5096 presbyteri,
1226 5035 1356 5090 etc.,
1378 5026 1471 5079 lib.
1501 5040 1618 5090 vm,
1647 5041 1764 5093 cap.
1796 5024 1887 5080 23.

1226 5035 1356 5090 etc.,
1378 5026 1471 5079 lib.
1501 5040 1618 5090 vm,
1647 5041 1764 5093 cap.
1796 5024 1887 5080 23.
2287 5025 2692 5092 πρεσϐύτεροι,
2718 5036 2823 5082 etc.

1353 5199 1650 5253 Theodorus
1688 5199 2003 5263 Balsamon,
2045 5200 2113 5251 ad
2152 5217 2401 5256 canonem
2438 5208 2795 5273 apostolorum
2837 5204 3103 5261 ultimum.

684 5361 763 5416 Tn
800 5371 978 5415 autem
1025 5361 1189 5425 scias,
1235 5361 1378 5428 quod
1416 5361 1540 5414 licet
1571 5360 1659 5414 hic
1692 5360 1956 5430 scriptum
1991 5360 2082 5423 sit,
2121 5368 2178 5414 ut

2355 5365 2426 5418 Σὺ
2457 5365 2514 5417 δὲ
2543 5366 2776 5433 γίνωσκε
2810 5367 2883 5430 ὡς
2911 5369 2958 5420 εἰ
2988 5370 3078 5421 καὶ
3108 5368 3414 5438 γέγραπται
3454 5371 3694 5422 ἐνταυθοῖ
3728 5371 3856 5422 ἀνα-

615 5455 855 5524 legamus
893 5454 1189 5508 Clementis
1217 5452 1676 5515 Constitutiones,
1717 5453 1810 5507 sed
1854 5468 1960 5506 non
1995 5451 2175 5505 divul-

2286 5457 2570 5525 γινώσκειν
2608 5459 2752 5528 ἡμᾶς
2783 5459 2878 5522 τὰς
2909 5461 3177 5528 Διαταγάς
3205 5460 3298 5512 τοῦ
3338 5461 3667 5531 Κλήμεντος,
3720 5478 3856 5531 πλην

615 5561 836 5615 gemus;
882 5553 1121 5600 attamen
1187 5545 1463 5599 secundus
1513 5559 1692 5600 canon
1755 5555 1919 5599 sexta:
1982 5545 2175 5614 synodi

2287 5551 2362 5620 μὴ
2389 5549 2730 5620 δημοσιεύειν
2760 5552 2946 5620 αὑτὰς,
2980 5553 3091 5606 ἀλλ’
3132 5555 3158 5605 ὁ
3291 5554 3465 5608 κανὼν
3498 5555 3596 5625 τῆς
3644 5561 3695 5620 ς’
3734 5570 3841 5607 συν.

687 5748 728 5779 ⁸⁷
761 5747 892 5801 Cod.
921 5746 984 5802 Β.
1020 5747 1180 5810 ⁸2418,
1220 5745 1503 5812 διατάξεις.
