4102 6318
281 415 411 472 589

1219 414 1823 472 CONSTITUTIONES
1862 415 2539 477 APOS!‘OLIC£.—LIB.
2558 421 2623 477 ιι.

3448 432 3553 489 590

282 536 377 592 ς’.
400 527 557 603 Περὶ
588 527 695 583 τοῦ
708 528 793 598 μὴ
812 529 963 583 εἶναι
978 528 1081 582 τὸν
1100 528 1433 582 ἐπίσκοπον
1452 528 1849 598 αἰσχροκερδῆ

1982 526 2070 584 Vl.
2112 527 2413 599 Episcopus
2444 548 2512 585 ne
2555 533 2638 590 sit.
2675 533 2817 604 turpi
2847 535 3001 591 lucro
3030 536 3269 606 deditus,
3302 557 3404 599 nec
3432 543 3556 602 ndo-

364 621 520 691 μήτε
549 620 617 674 δὲ
643 619 987 690 ἐγγυᾶσθαι,
1016 619 1055 687 ἢ
1085 620 1462 689 συνηγορεῖν.

275 707 360 773 ζ’.
409 714 544 769 Οἷον
573 713 690 782 χρὴ
718 713 868 766 εἶναι
898 712 1003 765 τὸν
1023 711 1426 782 μεμυημένον.

274 897 374 957 η’.
413 893 551 961 Περὶ
575 891 1165 962 συκοφαντουμένου,
1193 890 1322 960 ἦτοι
1354 891 1771 961 ἐλεγχομένου.

277 1079 368 1131 θ’.
410 1078 538 1130 Ὅτι
565 1074 1013 1145 ἀδωροδόκητον
1050 1074 1203 1128 εἶναι
1234 1073 1350 1142 χρὴ
1380 1073 1489 1127 τὸν
1514 1072 1867 1128 ἐπίσκοπον.

280 1263 346 1310 ι’.
407 1257 535 1311 Ὅτι
579 1258 612 1309 ὁ
663 1219 1014 1317 ἐπίσκοπος,
1062 1252 1312 1320 ἀκρίτως
1365 1248 1713 1319 φειδόμενος
1763 1248 1870 1301 τοῦ

367 1347 793 1417 ἡμαρτηκότος,
824 1344 1097 1409 ὑπαίτιος
1122 1343 1364 1411 γίνεται.

279 1446 385 1508 ια’.
430 1441 625 1505 Ὅπως
644 1435 761 1506 χρὴ
788 1434 896 1490 τὸν
912 1434 1248 1488 ἐπίσκοπον
1276 1433 1502 1501 κρίνειν
1529 1430 1669 1495 τοὺς
1687 1430 1869 1498 ἀμφ

364 1530 673 1595 nit-ortae.

281 1623 379 1676 ιϐ’.
445 1619 831 1683 Διδασκαλία,
883 1617 1041 1683 ὅπως
1095 1615 1211 1685 χρὴ
1255 1608 1699 1683 προσφέρεσθαι
1744 1612 1867 1677 τοῖς

353 1711 731 1783 μετανοοῦσι.

278 1813 381 1874 ιγ’.
425 1806 552 1859 Ὀτι
578 1804 822 1875 φεύγειν
849 1801 963 1873 χρὴ
991 1800 1109 1853 τῶν
1138 1796 1567 1867 ἁμαρτημάτων
1592 1795 1706 1863 τὴν
1738 1793 1862 1848 πεῖ·
1894 1869 1935 1924 Β

347 1913 483 1965 ραν.

276 1989 375 2045 ιδ’.
408 1988 550 2055 Περὶ
575 1987 999 2054 τῶνλεγόντων
1012 1982 1097 2050 μὴ
1129 1981 1407 2049 δέχεσθαι
1431 1977 1858 2047 μετανοοῦντα,

353 2082 453 2137 καὶ
498 2082 589 2135 ὅτι
621 2080 869 2144 δίκαιος,
915 2075 1029 2128 κᾶν
1072 2075 1365 2127 σύνεστιν
1399 2065 1740 2139 ἁμαρτωλῷ,
1789 2068 1862 2119 οὺ

352 2174 810 2228 συναπόλλυται
839 2165 1016 2231 αὐτῷ.

2044 622 2250 687 jussor,
2286 616 2387 677 nec
2419 622 2738 680 advocatus.

1982 711 2087 768 νη.
2122 712 2347 779 Qualem
2391 722 2606 785 oportet
2651 732 2774 773 esse
2822 734 2947 773 eum
2975 722 3067 791 qui
3096 738 3191 792 per
3219 722 3555 795 baptismum

2018 799 2025 808 ’
2044 816 2126 859 est
2149 806 2412 861 initiatus.

1977 895 2109 953 VIII.
2144 897 2218 953 De
2248 914 2314 954 eo
2336 899 2429 970 qui
2476 900 2532 954 in
2572 903 2921 971 calumniam,
2955 908 3037 961 vel
3073 910 3549 977 reprehensionem

2047 989 2298 1047 incurrit.

1974 1079 2064 1134 IX.
2108 1080 2435 1153 Episcopum
2485 1100 2593 1139 non
2643 1086 2844 1142 debere
2894 1104 3018 1145 esse
3071 1093 3395 1147 muneribus
3426 1109 3550 1163 per-

2044 1173 2213 1228 vium.

1973 1263 2040 1321 X.
2071 1264 2243 1332 Quod
2281 1267 2592 1337 episcopus,
2622 1271 2721 1341 qui
2774 1279 2982 1329 temere
3032 1276 3205 1345 parcit
3250 1277 3546 1347 peccaturi,

2042 1356 2202 1427 culpa
2231 1372 2336 1411 non
2366 1369 2570 1415 careat.

1972 1446 2061 1502 XI.
2103 1448 2221 1514 Quo
2278 1450 2440 1505 modo
2490 1461 2743 1523 oporteat
2794 1465 3117 1524 peccatores
3176 1458 3244 1512 ab
3289 1459 3550 1531 episcopo

2036 1540 2298 1609 judicari.

1969 1630 2081 1686 XII.
2121 1632 2374 1687 Docuina
2425 1634 2492 1690 de
2534 1640 2696 1694 modo
2736 1656 2847 1711 quo
2903 1645 3231 1712 pmnitentes
3270 1644 3543 1699 tractandi

2039 1732 2186 1779 sunt.

1970 1815 2106 1872 XllI.
2151 1817 2484 1892 Fugiendam
2514 1839 2638 1883 esse
2665 1824 2988 1880 delictorum
3020 1812 3429 1897 experientiam.

1966 1994 2100 2051 XIV.
2146 1997 2220 2052 De
2250 1999 2316 2055 iis
2346 2001 2440 2069 qui
2488 2000 2755 2055 amrmant
2802 2019 2909 2056 non
2962 2004 3161 2059 debere
3214 2004 3384 2074 recipi
3417 2018 3538 2073 pm-

2032 2090 2325 2158 nitentem;
2369 2100 2421 2146 et
2464 2092 2530 2147 de
2554 2094 2728 2162 justo,
2752 2096 2898 2164 quod
2934 2096 3062 2149 licet
3090 2112 3213 2151 cum
3250 2105 3541 2167 peccatore

2031 2189 2304 2247 versetur,
2337 2199 2443 2237 non
2476 2193 2657 2239 tamen
2688 2201 2811 2239 cum
2844 2202 2910 2240 eo
2940 2196 3147 2256 pereat.

274 2273 367 2320 ω’.
412 2265 539 2318 Ὀτι
579 2265 649 2317 οὐ
696 2261 811 2331 χρὴ
858 2259 967 2313 τὸν
1010 2255 1165 2324 ἱερέα
1200 2253 1433 2326 μήποτε
1480 2248 1747 2353 τιαρορᾷν
1790 2248 1856 2302 τὰ

1962 2270 2074 2327 XV.
2117 2272 2270 2340 Quod
2322 2278 2579 2331 sacerdos
2616 2294 2715 2332 nec
2752 2248 2973 2349 peccata
3008 2279 3282 2353 negligere
3320 2281 3534 2344 debeat.

352 2355 754 2429 ἁμαρτήματα,
780 2352 931 2424 μήτε
959 2346 1451 2417 πρόχειρονεῖναι
1477 2345 1547 2398 ἐν
1578 2342 1657 2409 τῷ
1688 2359 1857 2411 τιμω-

346 2450 602 2520 ρεῖσθαι.

2030 2368 2459 2437 nec,promptus
2483 2384 2607 2423 esse
2640 2370 2706 2424 ad
2734 2372 3053 2426 vindictam.

275 2516 381 2607 ¢<;.
421 2540 562 2610 Περὶ
587 2538 925 2621 μετανοίας,
957 2532 1055 2588 καὶ
1084 2532 1176 2598 τίς
1205 2529 1393 2597 αὐτῆς
1424 2531 1455 2583 ὁ
1482 2528 1730 2596 τρόπος,
1761 2524 1856 2579 καὶ

1962 2539 2098 2597 XVI.
2140 2541 2215 2597 De
2260 2546 2602 2613 paenitentia,
2636 2556 2687 2602 et
2734 2550 2857 2619 quis
2893 2516 3049 2606 illius
3078 2551 3295 2617 modus,
3326 2562 3380 2607 et
3428 2568 3538 2623 quo

352 2636 512 2701 ὅπως
538 2613 941 2699 κατορθοῦται.

272 2725 361 2788 ιζ’.
405 2727 531 2780 Ὅτι
558 2721 969 2788 ἀνεπίληπτον
1012 2708 1164 2769 εἶναι
1208 2711 1323 2781 χρὴ
1369 2711 1475 2763 τὸν
1498 2708 1855 2771 ἐπίσκοπον,

349 2818 431 2883 ὡς
456 2817 647 2869 τύπον
674 2811 793 2866 τῶν
818 2806 1183 2878 ἀρχομένων.

269 2915 370 2977 ιη’.
415 2908 541 2962 Ὅτι
570 2905 684 2975 χρὴ
714 2903 821 2957 τὸν
864 2901 1201 2953 ἐπίσκοπον
1229 2894 1580 2966 φροντίζειν,
1624 2893 1781 2959 ὅπως
1824 2895 1856 2956 ὀ

347 3000 493 3066 λαὸς
519 2997 605 3069 μὴ
634 2991 977 3064 πλημμελῇ,
1010 2990 1104 3044 διὰ
1132 2989 1197 3042 τὸ
1226 2988 1375 3042 εἶναι
1396 2983 1853 3061 αὺτύνσκοκόν.

270 3096 365 3147 ιϐ’.
410 3092 535 3144 Ὀτι
561 3087 658 3143 καὶ
688 3090 720 3141 ό
748 3085 970 3155 ποιμὴν
998 3080 1231 3151 ἀμελῶς
1268 3080 1592 3148 φερόμενος
1622 3075 1755 3143 περὶ
1784 3076 1857 3128 τὰ

346 3183 627 3251 πρόϐατα,
654 3179 835 3246 δίκην
861 3178 1161 3236 τίννυσιν,
1193 3172 1291 3225 καὶ
1318 3171 1381 3224 τὸ
1432 3170 1729 3237 πρόϐατον
1765 3164 1853 3237 μὴ

345 3271 705 3341 πειθαρχοῦν
734 3269 813 3335 τῷ
842 3267 1097 3336 ποιμένι,
1130 3262 1454 3325 κολάζεται.

264 3374 342 3421 κ’.
386 3368 583 3430 Ὅπως
621 3362 735 3436 χρὴ
780 3361 917 3426 τοὺς
947 3357 1317 3429 ἀρχομένους
1348 3353 1689 3423 πειθαρχεῖν
1729 3352 1853 3417 τοῖς

341 3458 632 3525 ἄρχουσιν
661 3454 1029 3516 ἐπισκόποις.

264 3556 379 3604 ica'.
423 3548 547 3601 Ὀτι
580 3545 861 3610 κίνδυνος
886 3540 1183 3611 μονομερῆ
1226 3541 1424 3608 κρίσιν
1464 3538 1848 3602 ποιήσασθαι,

339 3640 436 3694 καὶ
479 3637 757 3707 τιμωρίαν
804 3635 1001 3703 ὁρίσαι
1041 3632 1190 3686 κατὰ
1231 3631 1336 3684 τοῦ
1391 3629 1636 3699 μηδέπω
1680 3627 1849 3695 ἐλεγ-

339 3730 604 3800 χθέντος.

261 3824 374 3877 κσ.
419 3822 545 3873 Ὅτι
581 3818 735 3890 μέγα
775 3816 1140 3885 παράδειγμα
1182 3814 1501 3882 μετανοίας
1546 3811 1848 3876 πρόκειται

341 3911 536 3976 Δαόὶδ,
578 3908 1019 3973 καὶΝινευῖται,
1066 3906 1322 3988 ξΕζεχίας
1351 3922 1415 3958 τε
1446 3903 1545 3957 καὶ
1575 3906 1605 3956 ό
1634 3903 1847 3954 τούτου

337 4003 467 4069 υἱὸς
493 4002 849 4069 Μανασσῆς.

263 4101 383 4166 ατί.
416 4094 571 4162 Πρὸς
598 4094 739 4158 τοὺς
774 4093 841 4145 ἐκ
872 4089 1369 4161 καταφρονήσεως
1398 4084 1846 4158 ἁμαρτάνοντας

340 4188 496 4240 ἔστω
527 4184 893 4253 παράδειγμα
934 4181 1139 4251 ’Ᾱμώνκ

262 4277 375 4332 κδ’.
396 4277 521 4329 Ὅτι
534 4276 784 4344 Χριστὸς
812 4274 1047 4342 Ἰησοῦς
1060 4274 1268 4341 Κύριος
1293 4271 1646 4341 παρεγένετο
1660 4268 1844 4336 ἀμαρ-

334 4366 563 4432 τωλοὺς
590 4365 783 4421 σῶσαι
809 4366 907 4419 διὰ
928 4364 1264 4435 μετανοίας.

261 4466 363 4512 κε’.
403 4458 543 4525 Περὶ
570 4456 854 4525 ἀπαρχῶν
873 4456 970 4510 καὶ
998 4454 1281 4519 δεκατῶν,
1311 4455 1408 4508 καὶ
1428 4455 1585 4518 ὅπως
1616 4448 1843 4519 ὀφείλει

334 4556 367 4605 ό
420 4551 769 4616 ἐπίσκοπος,
818 4549 856 4616 ἢ
898 4548 1078 4613 αὐτὸς
1104 4546 1583 4617 μεταλαμϐάνειν
1623 4544 1689 4607 ἐξ
1734 4542 1839 4595 αὺ-

331 4643 470 4706 τῶν,
503 4642 539 4711 ἢ
569 4642 791 4710 ἑτέροις
821 4641 1138 4710 διανέμειν.

2029 2641 2188 2702 pacto
2216 2645 2528 2707 peragatur.
2636 2644 2639 2649 '

1959 2723 2121 2780 XVII.
2163 2725 2491 2798 Episcopum
2543 2729 2742 2787 debere
2793 2748 2913 2788 esse
2960 2734 3533 2805 irreprehensnbilem.

2028 2825 2211 2886 utpote
2242 2818 2470 2873 formam
2504 2820 2892 2889 subiectorum.
3126 2826 3129 2827 ⁷

1961 2908 2144 2982 XVIII.
2182 2911 2337 2977 Quod
2391 2922 2607 2983 oportet
2648 2917 2966 2987 episcopum
3002 2934 3219 2985 curare,
3253 2936 3321 2975 ne
3347 2931 3536 2991 pecc<~t

2030 3003 2201 3072 plebs,
2237 3005 2363 3075 quia
2395 3006 2511 3075 ipse
2543 3017 2625 3062 est
2648 3010 2983 3080 speculator.

1957 3092 2095 3149 XIX.
2141 3093 2297 3161 Quod
2333 3104 2520 3167 pastor
2558 3114 2738 3154 ovmtn
2774 3104 3076 3174 negligens,
3101 3121 3294 3177 pmnas
3315 3109 3532 3177 solvat;

2032 3194 2086 3240 et
2109 3187 2249 3253 ovis,
2276 3204 2386 3243 non
2418 3190 2677 3248 obcdiens
2706 3196 2935 3263 pastori,
2966 3199 3244 3268 puniatur.

1959 3364 2071 3418 XX.
2107 3364 2225 3431 Quo
2271 3369 2433 3423 modo
2490 3370 2720 3441 subjecti
2776 3375 3084 3445 praepositis
3124 3377 3227 3433 sibi
3258 3334 3519 3451 episcopi:

2021 3457 2242 3515 obedire
2273 3460 2530 3517 debeant.

1952 3550 2091 3606 XXI.
2130 3552 2283 3618 Quod
2341 3556 2642 3623 periculum
2703 3559 2795 3621 sit,
2848 3575 2954 3613 una
2986 3568 3198 3615 tantum
3234 3570 3388 3632 parte
3427 3578 3525 3616 au-

2020 3643 2153 3706 dita,
2186 3643 2453 3713 judicare,
2484 3656 2537 3701 et
2582 3663 2803 3718 pta-nam
2849 3652 3142 3710 decernere
3187 3666 3377 3712 contra
3403 3674 3527 3712 eum

2021 3736 2114 3803 qui
2145 3737 2384 3791 nondum
2416 3740 2702 3796 convictus
2724 3753 2827 3798 est.

1950 3826 2112 3883 XXII.
2156 3828 2311 3895 Quod
2376 3847 2633 3902 magnum
2707 3836 3041 3905 poenitentiae
3096 3843 3401 3911 exemplum
3470 3844 3525 3897 in

2022 3920 2219 3978 Davide
2241 3933 2611 3995 proponatur;
2642 3928 2770 3981 item
2796 3929 2850 3981 in
2873 3927 3149 3997 Ninivitis,
3184 3933 3237 3986 in
3270 3932 3523 4000 Ezechia,

1989 4054 1993 4057 τ
2018 4023 2072 4067 et
2105 4013 2160 4067 in
2189 4014 2300 4069 tilio
2329 4006 2489 4071 illius"
2515 4017 2781 4074 Manasse.
3484 4030 3485 4033 “

1948 4103 2137 4160 XXIII.
2185 4104 2243 4159 In
2272 4122 2388 4172 eos,
2434 4109 2526 4179 qui
2572 4124 2639 4163 ex
2698 4120 3015 4182 contemptu
3064 4125 3310 4185 peccant,
3340 4133 3524 4173 exem-

2015 4199 2161 4267 plum
2197 4199 2267 4254 sit
2295 4200 2490 4256 Amon.

1948 4286 2135 4345 XXIV.
2180 4290 2332 4357 Quod
2358 4294 2611 4351 Christus
2641 4295 2802 4353 Jesus
2834 4297 3095 4355 Dominus
3127 4301 3249 4357 ideo
3280 4303 3519 4368 advenit,

2015 4391 2074 4435 ut
2106 4399 2203 4453 per
2229 4386 2607 4455 paenitentiam
2643 4399 2885 4445 servaret
2913 4402 3249 4461 peccatores.

1945 4471 2109 4527 XXV.
2150 4474 2223 4530 De
2254 4478 2509 4545 primitiis
2542 4490 2595 4533 et
2624 4482 2884 4551 decimis;
2910 4494 2962 4538 ct
2996 4502 3105 4555 quo
3134 4488 3296 4543 modo
3326 4489 3520 4545 debeat

2011 4565 2325 4637 episcopus,
2358 4585 2424 4624 ex
2476 4572 2558 4625 eis
2616 4574 2700 4628 vel
2760 4575 2875 4645 ipse
2929 4580 3199 4648 accipere,
3253 4581 3335 4636 vel
3398 4584 3520 4636 aliis

2010 4656 2361 4715 distribuere.

260 4742 372 4799 κε’.
396 4732 517 4798 Ἐἰς
545 4735 705 4799 τίνος
731 4733 922 4786 τύπον
963 4732 1060 4785 καὶ
1100 4732 1277 4795 ἀξίαν
1318 4732 1571 4797 ἕκαστος
1614 4731 1730 4783 τῶν
1770 4731 1838 4784 ἑν

1962 4747 2126 4803 (XVI.
2168 4750 2249 4803 Ad
2304 4754 2461 4823 cujus
2511 4756 2737 4811 formam
2770 4769 2822 4813 et
2853 4762 3168 4832 dignitatem
3219 4768 3516 4837 unusquis-

327 4824 410 4891 τῷ
439 4824 636 4897 κλήρῳ
665 4824 934 4879 τέτακται
963 4824 1120 4892 παρὰ
1152 4823 1290 4890 Θεῷ.

2007 4858 2113 4910 que
2141 4843 2208 4897 de
2238 4843 2409 4913 clero,
2442 4862 2469 4899 a
2503 4846 2613 4902 Deo
2644 4850 2712 4903 sit
2747 4853 3050 4908 ordinatus.

255 4914 355 4975 xC‘.
400 4916 524 4969 Ὅτι
550 4914 855 4984 φρικῶδες,
877 4916 1185 4983 ἄνθρωπον
1213 4917 1441 4969 σαυτὸν
1470 4916 1835 4984 ὲπιρρίπτειν

1962 4930 2146 4989 (XVII.
2174 4936 2328 5002 Quod
2361 4939 2630 4995 horrenda
2672 4958 2759 4997 res
2792 4945 2881 5008 sit,
2916 4945 3187 5003 hominem
3222 4949 3515 5007 immittere

325 4990 630 5075 ἀξιώματί
657 5024 772 5059 τινι
819 5006 1117 5075 ἱερατικιῖν
1167 5008 1247 5071 ὡς
1305 5010 1359 5060 οὶ
1410 5008 1695 5073 Κορεῖται,
1754 5008 1832 5074 ὠς

326 5098 546 5161 Σαοὺλ,
574 5098 653 5164 ὡς
695 5096 897 5163 Ὀζῖας.

2006 5042 2063 5081 se
2098 5026 2151 5081 in
2184 5029 2419 5099 aliquam
2467 5032 2785 5101 dig-nitatem
2841 5038 3268 5107 sacerdotalem;
3320 5052 3376 5097 ut
3406 5044 3513 5098 Co-

2005 5118 2142 5172 ritte.
2176 5130 2233 5173 ut
2268 5120 2419 5185 Saul,
2462 5133 2518 5176 ut
2551 5123 2730 5180 Ozias.

255 5196 366 5259 κη’.
406 5189 546 5258 Περὶ
581 5187 789 5258 δοχῆς,
838 5188 937 5271 καὶ
979 5188 1139 5255 ὅπως
1183 5190 1297 5257 χρὴ
1339 5190 1599 5243 ἕκαστον
1642 5194 1832 5257 τάγμα

1962 5207 2165 5265 LXVIII.
2210 5211 2285 5267 De
2329 5216 2611 5280 convivio;
2639 5226 2691 5271 et
2722 5234 2829 5287 qua
2862 5222 3079 5276 ratione
3118 5223 3346 5293 quilibet
3380 5230 3510 5283 olori

321 5280 428 5333 τοῦ
478 5280 704 5349 κλήρου
750 5279 866 5336 ὑπὸ
892 5267 1025 5334 τῶν
1068 5282 1612 5350 προσκαλουμένων
1664 5280 1827 5349 τιμᾶ-

319 5374 480 5425 σθαι.

248 5464 357 5516 κθ.
394 5464 489 5529 Τίς
519 5464 559 5531 ἠ
592 5464 732 5528 ἀξία
757 5466 862 5520 τοῦ
891 5466 1243 5530 ἐπισκόπου,
1268 5468 1364 5521 καὶ
1392 5469 1495 5522 τοῦ
1524 5470 1822 5523 διακόνου.

246 5556 321 5606 λ’.
369 5553 566 5622 Ὅπως
593 5555 710 5625 χρὴ
740 5559 882 5625 τοὺς
907 5559 1154 5626 λατκοὺς
1183 5562 1522 5629 πειθαρχεῖν
1549 5561 1673 5628 τοῖς
1699 5562 1824 5615 δια-

319 5644 539 5711 κόνοις.

2002 5302 2137 5356 ordo
2167 5318 2195 5355 a
2226 5308 2575 5362 rocatorihus
2608 5309 2959 5366 honorandus
2993 5316 3082 5368 sit.

1929 5480 2119 5536 XXIX.
2162 5482 2294 5550 Qua:
2324 5487 2397 5540 sit
2425 5482 2661 5559 dignitas
2685 5489 2949 5562 episcopi,
2976 5503 3028 5547 et
3051 5495 3289 5551 diaconi.

1934 5571 2098 5628 XXX.
2143 5577 2262 5640 Quo
2291 5580 2451 5633 modo
2474 5594 2687 5651 Oportet
2720 5586 2889 5640 laicos
2914 5588 3135 5641 obedire
3164 5588 3433 5645 diaconis.

248 5737 360 5789 λα’.
405 5734 644 5807 Ὅτιμὴ
676 5739 790 5808 χρὴ
821 5742 924 5796 τὸν
967 5742 1241 5800 διάκονον
1271 5747 1415 5802 ἄνευ
1446 5746 1549 5801 τοῦ
1584 5749 1825 5805 emam!-

1962 5752 2128 5811 IXXI.
2169 5756 2325 5819 Quod
2357 5774 2467 5813 non
2496 5772 2743 5833 Oporteat
2771 5764 3219 5823 diaconum'sine
3247 5768 3506 5845 episcopo

314 5841 434 5882 που
463 5844 520 5884 τι
544 5831 838 5899 πράττειν.

1998 5847 2293 5919 quidquam
2328 5852 2523 5909 facere.
