  <div class='ocr_page' id='page_1' title='image "/cluster/home/n/w/nwhite01/storage/ocr_20150623/1/pst.000005711796/306.png"; bbox 0 0 4102 6318; ppageno 0'>
   <div class='ocr_carea' id='block_1_1' title="bbox 335 233 478 293">
    <p class='ocr_par' dir='ltr' id='par_1_1' title="bbox 335 233 478 293">
     <span class='ocr_line' id='line_1_1' title="bbox 335 233 478 293; baseline 0.014 -2"><span class='ocrx_word' id='word_1_1' title='bbox 335 233 478 293; x_wconf 65' lang='grc'><strong>897</strong></span> 
     </span>
    </p>
   </div>
   <div class='ocr_carea' id='block_1_2' title="bbox 1291 235 2722 305">
    <p class='ocr_par' dir='ltr' id='par_1_2' title="bbox 1291 235 2722 305">
     <span class='ocr_line' id='line_1_2' title="bbox 1291 235 2722 305; baseline 0.005 -9"><span class='ocrx_word' id='word_1_2' title='bbox 1291 235 1887 297; x_wconf 76' lang='lat' dir='ltr'><strong>CONSTITUT-IONES</strong></span> <span class='ocrx_word' id='word_1_3' title='bbox 1920 241 2618 305; x_wconf 62' lang='lat' dir='ltr'><strong>APOSTOLICIE.—LIB.</strong></span> <span class='ocrx_word' id='word_1_4' title='bbox 2658 250 2722 304; x_wconf 90' lang='lat' dir='ltr'><strong>ll.</strong></span> 
     </span>
    </p>
   </div>
   <div class='ocr_carea' id='block_1_3' title="bbox 3511 261 3615 318">
    <p class='ocr_par' dir='ltr' id='par_1_3' title="bbox 3511 261 3615 318">
     <span class='ocr_line' id='line_1_3' title="bbox 3511 261 3615 318; baseline 0.019 -2"><span class='ocrx_word' id='word_1_5' title='bbox 3511 261 3615 318; x_wconf 79' lang='lat'><strong>598</strong></span> 
     </span>
    </p>
   </div>
   <div class='ocr_carea' id='block_1_4' title="bbox 334 347 1906 445">
    <p class='ocr_par' dir='ltr' id='par_1_4' title="bbox 334 347 1892 424">
     <span class='ocr_line' id='line_1_4' title="bbox 334 347 1892 424; baseline 0.005 -25"><span class='ocrx_word' id='word_1_6' title='bbox 334 347 554 418; x_wconf 61' lang='grc' dir='ltr'>κάριοι</span> <span class='ocrx_word' id='word_1_7' title='bbox 583 349 796 418; x_wconf 79' lang='grc' dir='ltr'><strong>πραεῖς,</strong></span> <span class='ocrx_word' id='word_1_8' title='bbox 828 348 909 399; x_wconf 79' lang='grc' dir='ltr'>ὅτι</span> <span class='ocrx_word' id='word_1_9' title='bbox 943 348 1096 400; x_wconf 76' lang='grc' dir='ltr'>αὐτοὶ</span> <span class='ocrx_word' id='word_1_10' title='bbox 1144 348 1607 420; x_wconf 77' lang='grc' dir='ltr'><strong>κληρονομήσουσι</strong></span> <span class='ocrx_word' id='word_1_11' title='bbox 1646 355 1742 424; x_wconf 75' lang='grc' dir='ltr'>τὴν</span> <span class='ocrx_word' id='word_1_12' title='bbox 1771 355 1892 423; x_wconf 81' lang='grc' dir='ltr'>γῆν.</span> 
     </span>
    </p>
   </div>
   <div class='ocr_carea' id='block_1_5' title="bbox 2012 347 3618 445">
    <p class='ocr_par' dir='ltr' id='par_1_5' title="bbox 2012 357 3618 445">
     <span class='ocr_line' id='line_1_5' title="bbox 2012 357 3618 445; baseline 0.012 -34"><span class='ocrx_word' id='word_1_13' title='bbox 2012 389 2025 419; x_wconf 65' lang='grc' dir='ltr'>ι</span> <span class='ocrx_word' id='word_1_14' title='bbox 2055 357 2260 412; x_wconf 90' lang='lat' dir='ltr'><strong>debunt</strong></span> <span class='ocrx_word' id='word_1_15' title='bbox 2304 367 2504 415; x_wconf 87' lang='lat' dir='ltr'><strong>terram</strong></span> <span class='ocrx_word' id='word_1_16' title='bbox 2543 363 2607 418; x_wconf 81' lang='grc'><strong>³⁸.</strong></span> <span class='ocrx_word' id='word_1_17' title='bbox 2647 384 2669 415; x_wconf 72' lang='grc' dir='ltr'>ι</span> <span class='ocrx_word' id='word_1_18' title='bbox 2708 364 2788 419; x_wconf 91' lang='lat' dir='ltr'><strong>Sit</strong></span> <span class='ocrx_word' id='word_1_19' title='bbox 2815 373 3083 436; x_wconf 67' lang='lat' dir='ltr'><strong>praeterea</strong></span> <span class='ocrx_word' id='word_1_20' title='bbox 3115 368 3451 439; x_wconf 78' lang='lat' dir='ltr'><strong>misericors;</strong></span> <span class='ocrx_word' id='word_1_21' title='bbox 3487 383 3618 445; x_wconf 71' lang='lat' dir='ltr'><strong>quia</strong></span> 
     </span>
    </p>
   </div>
   <div class='ocr_carea' id='block_1_6' title="bbox 340 438 1943 513">
    <p class='ocr_par' dir='ltr' id='par_1_6' title="bbox 340 438 1943 513">
     <span class='ocr_line' id='line_1_6' title="bbox 340 438 1943 513; baseline 0.004 -23"><span class='ocrx_word' id='word_1_22' title='bbox 340 438 556 493; x_wconf 82' lang='grc' dir='ltr'>Ἐστω</span> <span class='ocrx_word' id='word_1_23' title='bbox 585 440 639 492; x_wconf 78' lang='grc' dir='ltr'>δὲ</span> <span class='ocrx_word' id='word_1_24' title='bbox 667 439 775 510; x_wconf 79' lang='grc'>(95)</span> <span class='ocrx_word' id='word_1_25' title='bbox 816 441 908 491; x_wconf 74' lang='grc' dir='ltr'><strong>καὶ</strong></span> <span class='ocrx_word' id='word_1_26' title='bbox 936 439 1197 510; x_wconf 77' lang='grc' dir='ltr'>ἐλεήμων,</span> <span class='ocrx_word' id='word_1_27' title='bbox 1229 442 1308 492; x_wconf 82' lang='grc' dir='ltr'><strong>ὅτι</strong></span> <span class='ocrx_word' id='word_1_28' title='bbox 1330 441 1487 493; x_wconf 79' lang='grc' dir='ltr'>πάλιν</span> <span class='ocrx_word' id='word_1_29' title='bbox 1516 443 1744 513; x_wconf 67' lang='grc' dir='ltr'>εἷρηταισ</span> <span class='ocrx_word' id='word_1_30' title='bbox 1771 463 1787 494; x_wconf 80' lang='grc' dir='ltr'>ι</span> <span class='ocrx_word' id='word_1_31' title='bbox 1827 447 1943 498; x_wconf 88' lang='grc' dir='ltr'><strong>Μα-</strong></span> 
     </span>
    </p>
   </div>
   <div class='ocr_carea' id='block_1_7' title="bbox 333 530 1935 606">
    <p class='ocr_par' dir='ltr' id='par_1_7' title="bbox 333 530 1935 606">
     <span class='ocr_line' id='line_1_7' title="bbox 333 530 1935 606; baseline 0.002 -22"><span class='ocrx_word' id='word_1_32' title='bbox 333 530 550 602; x_wconf 72' lang='grc' dir='ltr'>κάριοι</span> <span class='ocrx_word' id='word_1_33' title='bbox 593 533 642 582; x_wconf 81' lang='lat' dir='ltr'><strong>oi</strong></span> <span class='ocrx_word' id='word_1_34' title='bbox 695 530 980 600; x_wconf 80' lang='grc' dir='ltr'><strong>ἐλεήμονες</strong></span> <span class='ocrx_word' id='word_1_35' title='bbox 1004 570 1016 593; x_wconf 89' lang='grc'><strong>,</strong></span> <span class='ocrx_word' id='word_1_36' title='bbox 1052 532 1132 583; x_wconf 83' lang='grc' dir='ltr'><strong>ὅτι</strong></span> <span class='ocrx_word' id='word_1_37' title='bbox 1168 533 1321 583; x_wconf 71' lang='grc' dir='ltr'>αὐτοὶ</span> <span class='ocrx_word' id='word_1_38' title='bbox 1349 532 1727 604; x_wconf 75' lang='grc' dir='ltr'><strong>ἐλεηθήσονται</strong></span> <span class='ocrx_word' id='word_1_39' title='bbox 1758 535 1885 606; x_wconf 86' lang='grc'>(96).</span> <span class='ocrx_word' id='word_1_40' title='bbox 1917 558 1935 588; x_wconf 74' lang='grc' dir='ltr'><strong>ι</strong></span> 
     </span>
    </p>
   </div>
   <div class='ocr_carea' id='block_1_8' title="bbox 2050 451 3614 533">
    <p class='ocr_par' dir='ltr' id='par_1_8' title="bbox 2050 451 3614 533">
     <span class='ocr_line' id='line_1_8' title="bbox 2050 451 3614 533; baseline 0.012 -32"><span class='ocrx_word' id='word_1_41' title='bbox 2050 464 2240 505; x_wconf 83' lang='lat' dir='ltr'><strong>rursus</strong></span> <span class='ocrx_word' id='word_1_42' title='bbox 2269 451 2470 506; x_wconf 90' lang='lat' dir='ltr'><strong>dictum</strong></span> <span class='ocrx_word' id='word_1_43' title='bbox 2507 456 2630 510; x_wconf 85' lang='lat' dir='ltr'><strong>est:</strong></span> <span class='ocrx_word' id='word_1_44' title='bbox 2669 473 2686 506; x_wconf 85' lang='grc' dir='ltr'><strong>ι</strong></span> <span class='ocrx_word' id='word_1_45' title='bbox 2724 455 2870 510; x_wconf 86' lang='lat' dir='ltr'><strong>Beati</strong></span> <span class='ocrx_word' id='word_1_46' title='bbox 2905 459 3308 526; x_wconf 84' lang='lat' dir='ltr'><strong>misericordes,</strong></span> <span class='ocrx_word' id='word_1_47' title='bbox 3356 465 3614 533; x_wconf 90' lang='lat' dir='ltr'><strong>quoniam</strong></span> 
     </span>
    </p>
   </div>
   <div class='ocr_carea' id='block_1_9' title="bbox 2046 540 3614 618">
    <p class='ocr_par' dir='ltr' id='par_1_9' title="bbox 2046 540 3614 618">
     <span class='ocr_line' id='line_1_9' title="bbox 2046 540 3614 618; baseline 0.011 -25"><span class='ocrx_word' id='word_1_48' title='bbox 2046 541 2147 609; x_wconf 89' lang='lat' dir='ltr'><strong>ipsi</strong></span> <span class='ocrx_word' id='word_1_49' title='bbox 2187 543 2615 599; x_wconf 87' lang='lat' dir='ltr'><strong>misericordiam</strong></span> <span class='ocrx_word' id='word_1_50' title='bbox 2648 540 3051 618; x_wconf 70' lang='lat' dir='ltr'><strong>consequentur</strong></span> <span class='ocrx_word' id='word_1_51' title='bbox 3084 552 3147 605; x_wconf 82' lang='lat'><strong>&quot;.</strong></span> <span class='ocrx_word' id='word_1_52' title='bbox 3194 572 3212 606; x_wconf 69' lang='grc' dir='ltr'><strong><em>ο</em></strong></span> <span class='ocrx_word' id='word_1_53' title='bbox 3265 552 3347 607; x_wconf 83' lang='lat' dir='ltr'><strong>Ad</strong></span> <span class='ocrx_word' id='word_1_54' title='bbox 3371 557 3484 610; x_wconf 80' lang='lat' dir='ltr'><strong>haec</strong></span> <span class='ocrx_word' id='word_1_55' title='bbox 3509 557 3614 611; x_wconf 83' lang='lat' dir='ltr'><strong>sibi</strong></span> 
     </span>
    </p>
   </div>
   <div class='ocr_carea' id='block_1_10' title="bbox 335 620 1906 717">
    <p class='ocr_par' dir='ltr' id='par_1_10' title="bbox 335 620 1906 693">
     <span class='ocr_line' id='line_1_10' title="bbox 335 620 1906 693; baseline 0.004 -20"><span class='ocrx_word' id='word_1_56' title='bbox 335 620 605 674; x_wconf 71' lang='lat' dir='ltr'><strong>l‘evéoew</strong></span> <span class='ocrx_word' id='word_1_57' title='bbox 632 622 686 674; x_wconf 79' lang='grc' dir='ltr'><strong>δὲ</strong></span> <span class='ocrx_word' id='word_1_58' title='bbox 717 623 810 676; x_wconf 73' lang='grc' dir='ltr'><strong>καὶ</strong></span> <span class='ocrx_word' id='word_1_59' title='bbox 847 622 1231 693; x_wconf 78' lang='grc' dir='ltr'>εὐσυνείδητος,</span> <span class='ocrx_word' id='word_1_60' title='bbox 1267 623 1446 693; x_wconf 78' lang='grc' dir='ltr'>πάσης</span> <span class='ocrx_word' id='word_1_61' title='bbox 1485 626 1681 688; x_wconf 79' lang='grc' dir='ltr'><strong>κακίας</strong></span> <span class='ocrx_word' id='word_1_62' title='bbox 1709 629 1800 679; x_wconf 78' lang='grc' dir='ltr'><strong>καὶ</strong></span> <span class='ocrx_word' id='word_1_63' title='bbox 1847 646 1906 684; x_wconf 69' lang='grc' dir='ltr'><strong>πε</strong></span> 
     </span>
    </p>
   </div>
   <div class='ocr_carea' id='block_1_11' title="bbox 2012 620 3615 717">
    <p class='ocr_par' dir='ltr' id='par_1_11' title="bbox 2044 635 3615 717">
     <span class='ocr_line' id='line_1_11' title="bbox 2044 635 3615 717; baseline 0.008 -29"><span class='ocrx_word' id='word_1_64' title='bbox 2044 635 2180 689; x_wconf 89' lang='lat' dir='ltr'><strong>bene</strong></span> <span class='ocrx_word' id='word_1_65' title='bbox 2203 639 2462 692; x_wconf 89' lang='lat' dir='ltr'><strong>conscius</strong></span> <span class='ocrx_word' id='word_1_66' title='bbox 2489 640 2579 703; x_wconf 91' lang='lat' dir='ltr'><strong>sit,</strong></span> <span class='ocrx_word' id='word_1_67' title='bbox 2612 640 2789 698; x_wconf 89' lang='lat' dir='ltr'><strong>omnis</strong></span> <span class='ocrx_word' id='word_1_68' title='bbox 2814 641 3055 706; x_wconf 72' lang='lat' dir='ltr'><strong>malitia),</strong></span> <span class='ocrx_word' id='word_1_69' title='bbox 3089 643 3228 707; x_wconf 91' lang='lat' dir='ltr'><strong>vitii,</strong></span> <span class='ocrx_word' id='word_1_70' title='bbox 3264 660 3327 699; x_wconf 91' lang='lat' dir='ltr'><strong>ac</strong></span> <span class='ocrx_word' id='word_1_71' title='bbox 3353 645 3615 717; x_wconf 78' lang='lat' dir='ltr'><strong>iniquita-</strong></span> 
     </span>
    </p>
   </div>
   <div class='ocr_carea' id='block_1_12' title="bbox 334 714 1940 792">
    <p class='ocr_par' dir='ltr' id='par_1_12' title="bbox 334 714 1940 792">
     <span class='ocr_line' id='line_1_12' title="bbox 334 714 1940 792; baseline 0.007 -30"><span class='ocrx_word' id='word_1_72' title='bbox 334 714 561 783; x_wconf 81' lang='grc' dir='ltr'>νηρίας</span> <span class='ocrx_word' id='word_1_73' title='bbox 589 715 682 766; x_wconf 76' lang='grc' dir='ltr'><strong>καὶ</strong></span> <span class='ocrx_word' id='word_1_74' title='bbox 721 714 935 776; x_wconf 79' lang='grc' dir='ltr'><strong>ἀδικίας</strong></span> <span class='ocrx_word' id='word_1_75' title='bbox 971 714 1454 785; x_wconf 85' lang='grc' dir='ltr'>κεκαθαρισμένος·</span> <span class='ocrx_word' id='word_1_76' title='bbox 1497 715 1577 768; x_wconf 87' lang='grc' dir='ltr'>ὃτι</span> <span class='ocrx_word' id='word_1_77' title='bbox 1613 717 1772 771; x_wconf 79' lang='grc' dir='ltr'>πάλιν</span> <span class='ocrx_word' id='word_1_78' title='bbox 1801 721 1940 792; x_wconf 73' lang='grc' dir='ltr'><strong>εἴρη-</strong></span> 
     </span>
    </p>
   </div>
   <div class='ocr_carea' id='block_1_13' title="bbox 2043 728 3611 802">
    <p class='ocr_par' dir='ltr' id='par_1_13' title="bbox 2043 728 3611 802">
     <span class='ocr_line' id='line_1_13' title="bbox 2043 728 3611 802; baseline 0.008 -22"><span class='ocrx_word' id='word_1_79' title='bbox 2043 728 2112 781; x_wconf 95' lang='lat' dir='ltr'><strong>tis</strong></span> <span class='ocrx_word' id='word_1_80' title='bbox 2154 744 2354 797; x_wconf 91' lang='lat' dir='ltr'><strong>purus;</strong></span> <span class='ocrx_word' id='word_1_81' title='bbox 2409 729 2560 784; x_wconf 84' lang='lat' dir='ltr'><strong>addit</strong></span> <span class='ocrx_word' id='word_1_82' title='bbox 2592 731 2736 784; x_wconf 91' lang='lat' dir='ltr'><strong>enim</strong></span> <span class='ocrx_word' id='word_1_83' title='bbox 2784 729 3065 802; x_wconf 88' lang='lat' dir='ltr'><strong>Scriptura</strong></span> <span class='ocrx_word' id='word_1_84' title='bbox 3106 752 3118 788; x_wconf 90' lang='lat'>:</span> <span class='ocrx_word' id='word_1_85' title='bbox 3158 752 3177 785; x_wconf 76' lang='grc' dir='ltr'>ι</span> <span class='ocrx_word' id='word_1_86' title='bbox 3230 735 3376 790; x_wconf 84' lang='lat' dir='ltr'><strong>Beati</strong></span> <span class='ocrx_word' id='word_1_87' title='bbox 3424 739 3611 793; x_wconf 89' lang='lat' dir='ltr'><strong>mundi</strong></span> 
     </span>
    </p>
   </div>
   <div class='ocr_carea' id='block_1_14' title="bbox 334 803 1906 891">
    <p class='ocr_par' dir='ltr' id='par_1_14' title="bbox 334 803 1906 878">
     <span class='ocr_line' id='line_1_14' title="bbox 334 803 1906 878; baseline 0.008 -25"><span class='ocrx_word' id='word_1_88' title='bbox 334 818 474 856; x_wconf 71' lang='grc' dir='ltr'><strong>ταιο</strong></span> <span class='ocrx_word' id='word_1_89' title='bbox 500 823 518 855; x_wconf 80' lang='grc' dir='ltr'>ι</span> <span class='ocrx_word' id='word_1_90' title='bbox 544 805 815 874; x_wconf 85' lang='grc' dir='ltr'><strong>Μακάριοι</strong></span> <span class='ocrx_word' id='word_1_91' title='bbox 845 805 893 858; x_wconf 84' lang='grc' dir='ltr'>οἱ</span> <span class='ocrx_word' id='word_1_92' title='bbox 922 803 1151 875; x_wconf 77' lang='grc' dir='ltr'>καθαροὶ</span> <span class='ocrx_word' id='word_1_93' title='bbox 1177 808 1242 876; x_wconf 76' lang='grc' dir='ltr'><strong>τῇ</strong></span> <span class='ocrx_word' id='word_1_94' title='bbox 1275 806 1491 878; x_wconf 77' lang='grc' dir='ltr'><strong>καρδίᾳ,</strong></span> <span class='ocrx_word' id='word_1_95' title='bbox 1522 808 1602 860; x_wconf 82' lang='grc' dir='ltr'>ὅτι</span> <span class='ocrx_word' id='word_1_96' title='bbox 1629 811 1778 862; x_wconf 78' lang='grc' dir='ltr'>αὐτοὶ</span> <span class='ocrx_word' id='word_1_97' title='bbox 1810 812 1906 865; x_wconf 83' lang='grc' dir='ltr'><strong>Θεὸ</strong></span> 
     </span>
    </p>
   </div>
   <div class='ocr_carea' id='block_1_15' title="bbox 2012 803 3240 891">
    <p class='ocr_par' dir='ltr' id='par_1_15' title="bbox 2041 820 3240 891">
     <span class='ocr_line' id='line_1_15' title="bbox 2041 820 3240 891; baseline 0.006 -21"><span class='ocrx_word' id='word_1_98' title='bbox 2041 820 2224 882; x_wconf 90' lang='lat' dir='ltr'><strong>corde,</strong></span> <span class='ocrx_word' id='word_1_99' title='bbox 2251 821 2507 889; x_wconf 88' lang='lat' dir='ltr'><strong>quoniam</strong></span> <span class='ocrx_word' id='word_1_100' title='bbox 2529 821 2633 891; x_wconf 84' lang='lat' dir='ltr'><strong>ipsi</strong></span> <span class='ocrx_word' id='word_1_101' title='bbox 2660 821 2824 876; x_wconf 90' lang='lat' dir='ltr'><strong>Deum</strong></span> <span class='ocrx_word' id='word_1_102' title='bbox 2859 823 3115 879; x_wconf 90' lang='lat' dir='ltr'><strong>videbunt</strong></span> <span class='ocrx_word' id='word_1_103' title='bbox 3144 826 3240 880; x_wconf 74' lang='lat' dir='ltr'><strong>&quot;.s</strong></span> 
     </span>
    </p>
   </div>
   <div class='ocr_carea' id='block_1_16' title="bbox 335 893 666 964">
    <p class='ocr_par' dir='ltr' id='par_1_16' title="bbox 335 893 666 964">
     <span class='ocr_line' id='line_1_16' title="bbox 335 893 666 964; baseline 0.003 -19"><span class='ocrx_word' id='word_1_104' title='bbox 335 893 603 964; x_wconf 61' lang='grc' dir='ltr'>ὄψονται.</span> <span class='ocrx_word' id='word_1_105' title='bbox 647 914 666 946; x_wconf 72' lang='grc' dir='ltr'>ι</span> 
     </span>
    </p>
   </div>
   <div class='ocr_carea' id='block_1_17' title="bbox 913 1008 1410 1094">
    <p class='ocr_par' dir='ltr' id='par_1_17' title="bbox 913 1008 1410 1094">
     <span class='ocr_line' id='line_1_17' title="bbox 913 1008 1410 1094; baseline 0.008 -33"><span class='ocrx_word' id='word_1_106' title='bbox 913 1008 1308 1094; x_wconf 65' lang='grc' dir='ltr'><strong>ΚΕΦᾼΛΔΙΟΝ</strong></span> <span class='ocrx_word' id='word_1_107' title='bbox 1333 1009 1410 1066; x_wconf 83' lang='lat' dir='ltr'><strong>B&#39;.</strong></span> 
     </span>
    </p>
   </div>
   <div class='ocr_carea' id='block_1_18' title="bbox 342 1099 1934 1174">
    <p class='ocr_par' dir='ltr' id='par_1_18' title="bbox 342 1099 1934 1174">
     <span class='ocr_line' id='line_1_18' title="bbox 342 1099 1934 1174; baseline 0.005 -22"><span class='ocrx_word' id='word_1_108' title='bbox 342 1099 504 1153; x_wconf 67' lang='lat' dir='ltr'><strong>Olm-</strong></span> <span class='ocrx_word' id='word_1_109' title='bbox 529 1100 680 1154; x_wconf 80' lang='grc' dir='ltr'>εῖναι</span> <span class='ocrx_word' id='word_1_110' title='bbox 708 1100 824 1169; x_wconf 76' lang='grc' dir='ltr'><strong>χρὴ</strong></span> <span class='ocrx_word' id='word_1_111' title='bbox 855 1101 961 1154; x_wconf 81' lang='grc' dir='ltr'><strong>τὸν</strong></span> <span class='ocrx_word' id='word_1_112' title='bbox 987 1101 1323 1174; x_wconf 76' lang='grc' dir='ltr'>ἐπίσκοπον</span> <span class='ocrx_word' id='word_1_113' title='bbox 1345 1141 1361 1165; x_wconf 94' lang='grc'><strong>,</strong></span> <span class='ocrx_word' id='word_1_114' title='bbox 1391 1102 1490 1156; x_wconf 76' lang='grc' dir='ltr'><strong>καὶ</strong></span> <span class='ocrx_word' id='word_1_115' title='bbox 1517 1104 1658 1169; x_wconf 76' lang='grc' dir='ltr'>τοὺς</span> <span class='ocrx_word' id='word_1_116' title='bbox 1685 1108 1934 1174; x_wconf 74' lang='grc' dir='ltr'>λοιποὺς</span> 
     </span>
    </p>
   </div>
   <div class='ocr_carea' id='block_1_19' title="bbox 981 1172 1323 1238">
    <p class='ocr_par' dir='ltr' id='par_1_19' title="bbox 981 1172 1323 1238">
     <span class='ocr_line' id='line_1_19' title="bbox 981 1172 1323 1238; baseline 0.006 -15"><span class='ocrx_word' id='word_1_117' title='bbox 981 1172 1323 1238; x_wconf 76' lang='grc' dir='ltr'>κληρικούς.</span> 
     </span>
    </p>
   </div>
   <div class='ocr_carea' id='block_1_20' title="bbox 435 1258 1931 1335">
    <p class='ocr_par' dir='ltr' id='par_1_20' title="bbox 435 1258 1931 1335">
     <span class='ocr_line' id='line_1_20' title="bbox 435 1258 1931 1335; baseline 0.006 -23"><span class='ocrx_word' id='word_1_118' title='bbox 435 1261 613 1314; x_wconf 84' lang='grc' dir='ltr'><strong>Ἔστω</strong></span> <span class='ocrx_word' id='word_1_119' title='bbox 642 1258 733 1315; x_wconf 77' lang='grc' dir='ltr'>οὖν</span> <span class='ocrx_word' id='word_1_120' title='bbox 763 1263 856 1314; x_wconf 77' lang='grc' dir='ltr'><strong>καὶ</strong></span> <span class='ocrx_word' id='word_1_121' title='bbox 883 1261 1161 1333; x_wconf 78' lang='grc' dir='ltr'><strong>νηφάλιος,</strong></span> <span class='ocrx_word' id='word_1_122' title='bbox 1197 1261 1446 1333; x_wconf 81' lang='grc' dir='ltr'><strong>σώφρων,</strong></span> <span class='ocrx_word' id='word_1_123' title='bbox 1479 1262 1720 1335; x_wconf 81' lang='grc' dir='ltr'>κόσμιος,</span> <span class='ocrx_word' id='word_1_124' title='bbox 1750 1269 1931 1322; x_wconf 84' lang='grc' dir='ltr'>εὐστα-</span> 
     </span>
    </p>
   </div>
   <div class='ocr_carea' id='block_1_21' title="bbox 343 1350 1929 1426">
    <p class='ocr_par' dir='ltr' id='par_1_21' title="bbox 343 1350 1929 1426">
     <span class='ocr_line' id='line_1_21' title="bbox 343 1350 1929 1426; baseline 0.006 -23"><span class='ocrx_word' id='word_1_125' title='bbox 343 1350 479 1422; x_wconf 81' lang='grc' dir='ltr'>Θὴς,</span> <span class='ocrx_word' id='word_1_126' title='bbox 512 1352 788 1424; x_wconf 85' lang='grc' dir='ltr'>ἀτάραχος</span> <span class='ocrx_word' id='word_1_127' title='bbox 812 1394 826 1418; x_wconf 91' lang='grc'><strong>,</strong></span> <span class='ocrx_word' id='word_1_128' title='bbox 861 1353 934 1423; x_wconf 89' lang='grc' dir='ltr'>μὴ</span> <span class='ocrx_word' id='word_1_129' title='bbox 965 1353 1238 1424; x_wconf 81' lang='grc' dir='ltr'>πάροινος,</span> <span class='ocrx_word' id='word_1_130' title='bbox 1273 1354 1346 1424; x_wconf 80' lang='grc' dir='ltr'>μὴ</span> <span class='ocrx_word' id='word_1_131' title='bbox 1378 1355 1643 1426; x_wconf 81' lang='grc' dir='ltr'>πλήκτης,</span> <span class='ocrx_word' id='word_1_132' title='bbox 1674 1356 1785 1410; x_wconf 82' lang='grc' dir='ltr'>ἀλλ’</span> <span class='ocrx_word' id='word_1_133' title='bbox 1813 1362 1929 1413; x_wconf 82' lang='grc' dir='ltr'>ὲπι-</span> 
     </span>
    </p>
   </div>
   <div class='ocr_carea' id='block_1_22' title="bbox 343 1443 1927 1523">
    <p class='ocr_par' dir='ltr' id='par_1_22' title="bbox 343 1443 1927 1523">
     <span class='ocr_line' id='line_1_22' title="bbox 343 1443 1927 1523; baseline 0.005 -28"><span class='ocrx_word' id='word_1_134' title='bbox 343 1443 528 1514; x_wconf 83' lang='grc' dir='ltr'>εικὴς,</span> <span class='ocrx_word' id='word_1_135' title='bbox 574 1446 802 1516; x_wconf 82' lang='grc' dir='ltr'>ἄμαχος,</span> <span class='ocrx_word' id='word_1_136' title='bbox 851 1445 1239 1517; x_wconf 80' lang='grc' dir='ltr'>ἀφιλάργυρος,</span> <span class='ocrx_word' id='word_1_137' title='bbox 1285 1445 1357 1517; x_wconf 80' lang='grc' dir='ltr'>μὴ</span> <span class='ocrx_word' id='word_1_138' title='bbox 1399 1447 1671 1515; x_wconf 80' lang='grc' dir='ltr'>νεόφυτος·</span> <span class='ocrx_word' id='word_1_139' title='bbox 1723 1451 1807 1502; x_wconf 82' lang='grc' dir='ltr'>ἵνα</span> <span class='ocrx_word' id='word_1_140' title='bbox 1853 1453 1927 1523; x_wconf 86' lang='grc' dir='ltr'>μὴ</span> 
     </span>
    </p>
   </div>
   <div class='ocr_carea' id='block_1_23' title="bbox 343 1536 1925 1613">
    <p class='ocr_par' dir='ltr' id='par_1_23' title="bbox 343 1536 1925 1613">
     <span class='ocr_line' id='line_1_23' title="bbox 343 1536 1925 1613; baseline 0.007 -27"><span class='ocrx_word' id='word_1_141' title='bbox 343 1536 655 1604; x_wconf 79' lang='grc' dir='ltr'><strong>τυφωθεὶς,</strong></span> <span class='ocrx_word' id='word_1_142' title='bbox 697 1540 774 1600; x_wconf 79' lang='grc' dir='ltr'>εἰς</span> <span class='ocrx_word' id='word_1_143' title='bbox 815 1541 987 1607; x_wconf 80' lang='grc' dir='ltr'>κρῖμα</span> <span class='ocrx_word' id='word_1_144' title='bbox 1028 1538 1280 1611; x_wconf 74' lang='grc' dir='ltr'>ἐμπέσῃ,</span> <span class='ocrx_word' id='word_1_145' title='bbox 1328 1538 1422 1590; x_wconf 82' lang='grc' dir='ltr'>καὶ</span> <span class='ocrx_word' id='word_1_146' title='bbox 1467 1539 1666 1608; x_wconf 77' lang='grc' dir='ltr'>παγίδα</span> <span class='ocrx_word' id='word_1_147' title='bbox 1697 1541 1805 1613; x_wconf 90' lang='grc'>(97)</span> <span class='ocrx_word' id='word_1_148' title='bbox 1833 1545 1925 1597; x_wconf 80' lang='grc' dir='ltr'>τοῦ</span> 
     </span>
    </p>
   </div>
   <div class='ocr_carea' id='block_1_24' title="bbox 343 1626 1920 1703">
    <p class='ocr_par' dir='ltr' id='par_1_24' title="bbox 343 1626 1920 1703">
     <span class='ocr_line' id='line_1_24' title="bbox 343 1626 1920 1703; baseline 0.005 -25"><span class='ocrx_word' id='word_1_149' title='bbox 343 1626 617 1681; x_wconf 76' lang='grc' dir='ltr'><strong>διαϐόλου·</strong></span> <span class='ocrx_word' id='word_1_150' title='bbox 652 1631 730 1681; x_wconf 85' lang='grc' dir='ltr'><strong>ὄτι</strong></span> <span class='ocrx_word' id='word_1_151' title='bbox 758 1649 774 1679; x_wconf 80' lang='grc' dir='ltr'>ι</span> <span class='ocrx_word' id='word_1_152' title='bbox 806 1631 911 1692; x_wconf 80' lang='grc' dir='ltr'>πᾶς</span> <span class='ocrx_word' id='word_1_153' title='bbox 938 1631 964 1680; x_wconf 86' lang='grc' dir='ltr'>ὁ</span> <span class='ocrx_word' id='word_1_154' title='bbox 995 1629 1143 1697; x_wconf 73' lang='grc' dir='ltr'>ὑψῶν</span> <span class='ocrx_word' id='word_1_155' title='bbox 1173 1629 1363 1683; x_wconf 75' lang='grc' dir='ltr'>ἑαυτὸν.</span> <span class='ocrx_word' id='word_1_156' title='bbox 1388 1630 1866 1703; x_wconf 84' lang='grc' dir='ltr'><strong>ταπεινωθήσεται.</strong></span> <span class='ocrx_word' id='word_1_157' title='bbox 1901 1655 1920 1686; x_wconf 83' lang='lat' dir='ltr'><strong>s</strong></span> 
     </span>
    </p>
   </div>
   <div class='ocr_carea' id='block_1_25' title="bbox 2657 977 2983 1032">
    <p class='ocr_par' dir='ltr' id='par_1_25' title="bbox 2657 977 2983 1032">
     <span class='ocr_line' id='line_1_25' title="bbox 2657 977 2983 1032; baseline 0.003 -1"><span class='ocrx_word' id='word_1_158' title='bbox 2657 977 2889 1032; x_wconf 84' lang='lat' dir='ltr'><strong>CAPUT</strong></span> <span class='ocrx_word' id='word_1_159' title='bbox 2922 977 2983 1032; x_wconf 91' lang='lat' dir='ltr'><strong>ll.</strong></span> 
     </span>
    </p>
   </div>
   <div class='ocr_carea' id='block_1_26' title="bbox 2037 1067 3598 1142">
    <p class='ocr_par' dir='ltr' id='par_1_26' title="bbox 2037 1067 3598 1142">
     <span class='ocr_line' id='line_1_26' title="bbox 2037 1067 3598 1142; baseline 0.008 -24"><span class='ocrx_word' id='word_1_160' title='bbox 2037 1067 2257 1132; x_wconf 80' lang='lat' dir='ltr'><strong>Qualem</strong></span> <span class='ocrx_word' id='word_1_161' title='bbox 2283 1085 2394 1121; x_wconf 87' lang='lat' dir='ltr'><strong>csse</strong></span> <span class='ocrx_word' id='word_1_162' title='bbox 2423 1077 2657 1135; x_wconf 77' lang='lat' dir='ltr'><strong>oporteat</strong></span> <span class='ocrx_word' id='word_1_163' title='bbox 2695 1070 2995 1138; x_wconf 79' lang='lat' dir='ltr'><strong>episcopum</strong></span> <span class='ocrx_word' id='word_1_164' title='bbox 3016 1079 3065 1123; x_wconf 90' lang='lat' dir='ltr'><strong>et</strong></span> <span class='ocrx_word' id='word_1_165' title='bbox 3098 1071 3321 1142; x_wconf 85' lang='lat' dir='ltr'><strong>reliquos</strong></span> <span class='ocrx_word' id='word_1_166' title='bbox 3367 1074 3598 1132; x_wconf 74' lang='lat' dir='ltr'><strong>clericos.</strong></span> 
     </span>
    </p>
   </div>
   <div class='ocr_carea' id='block_1_27' title="bbox 2106 1181 3610 1256">
    <p class='ocr_par' dir='ltr' id='par_1_27' title="bbox 2106 1181 3610 1256">
     <span class='ocr_line' id='line_1_27' title="bbox 2106 1181 3610 1256; baseline 0.005 -21"><span class='ocrx_word' id='word_1_167' title='bbox 2106 1182 2404 1252; x_wconf 79' lang='lat' dir='ltr'><strong>EpiscOpus</strong></span> <span class='ocrx_word' id='word_1_168' title='bbox 2445 1183 2630 1253; x_wconf 79' lang='lat' dir='ltr'><strong>itaque</strong></span> <span class='ocrx_word' id='word_1_169' title='bbox 2675 1183 2746 1236; x_wconf 86' lang='lat' dir='ltr'><strong>sit</strong></span> <span class='ocrx_word' id='word_1_170' title='bbox 2788 1181 3030 1249; x_wconf 73' lang='lat' dir='ltr'><strong>sobrius,‘</strong></span> <span class='ocrx_word' id='word_1_171' title='bbox 3050 1187 3301 1256; x_wconf 89' lang='lat' dir='ltr'><strong>pudicus,</strong></span> <span class='ocrx_word' id='word_1_172' title='bbox 3321 1188 3610 1252; x_wconf 87' lang='lat' dir='ltr'><strong>honestus,</strong></span> 
     </span>
    </p>
   </div>
   <div class='ocr_carea' id='block_1_28' title="bbox 2032 1273 3599 1340">
    <p class='ocr_par' dir='ltr' id='par_1_28' title="bbox 2032 1273 3599 1340">
     <span class='ocr_line' id='line_1_28' title="bbox 2032 1273 3599 1340; baseline 0.001 -16"><span class='ocrx_word' id='word_1_173' title='bbox 2032 1284 2311 1335; x_wconf 83' lang='lat' dir='ltr'><strong>constans,</strong></span> <span class='ocrx_word' id='word_1_174' title='bbox 2343 1274 2565 1328; x_wconf 84' lang='lat' dir='ltr'><strong>sedatus</strong></span> <span class='ocrx_word' id='word_1_175' title='bbox 2587 1313 2602 1338; x_wconf 96' lang='lat'><strong>,</strong></span> <span class='ocrx_word' id='word_1_176' title='bbox 2636 1288 2742 1327; x_wconf 91' lang='lat' dir='ltr'><strong>non</strong></span> <span class='ocrx_word' id='word_1_177' title='bbox 2772 1273 3108 1335; x_wconf 77' lang='lat' dir='ltr'><strong>vinolentus,</strong></span> <span class='ocrx_word' id='word_1_178' title='bbox 3147 1287 3257 1324; x_wconf 89' lang='lat' dir='ltr'><strong>non</strong></span> <span class='ocrx_word' id='word_1_179' title='bbox 3289 1288 3599 1340; x_wconf 77' lang='lat' dir='ltr'><strong>percussor,</strong></span> 
     </span>
    </p>
   </div>
   <div class='ocr_carea' id='block_1_29' title="bbox 2031 1363 3596 1433">
    <p class='ocr_par' dir='ltr' id='par_1_29' title="bbox 2031 1363 3596 1433">
     <span class='ocr_line' id='line_1_29' title="bbox 2031 1363 3596 1433; baseline 0.001 -16"><span class='ocrx_word' id='word_1_180' title='bbox 2031 1366 2124 1418; x_wconf 89' lang='lat' dir='ltr'><strong>sed</strong></span> <span class='ocrx_word' id='word_1_181' title='bbox 2157 1365 2475 1427; x_wconf 88' lang='lat' dir='ltr'><strong>modestus;</strong></span> <span class='ocrx_word' id='word_1_182' title='bbox 2501 1380 2609 1419; x_wconf 90' lang='lat' dir='ltr'><strong>non</strong></span> <span class='ocrx_word' id='word_1_183' title='bbox 2644 1364 2938 1433; x_wconf 75' lang='lat' dir='ltr'><strong>litigiosus,</strong></span> <span class='ocrx_word' id='word_1_184' title='bbox 2967 1379 3075 1417; x_wconf 87' lang='lat' dir='ltr'><strong>non</strong></span> <span class='ocrx_word' id='word_1_185' title='bbox 3106 1363 3313 1432; x_wconf 78' lang='lat' dir='ltr'><strong>argenti</strong></span> <span class='ocrx_word' id='word_1_186' title='bbox 3343 1363 3596 1432; x_wconf 84' lang='lat' dir='ltr'><strong>cupidus,</strong></span> 
     </span>
    </p>
   </div>
   <div class='ocr_carea' id='block_1_30' title="bbox 2030 1449 3597 1527">
    <p class='ocr_par' dir='ltr' id='par_1_30' title="bbox 2030 1449 3597 1527">
     <span class='ocr_line' id='line_1_30' title="bbox 2030 1449 3597 1527; baseline -0.001 -18"><span class='ocrx_word' id='word_1_187' title='bbox 2030 1472 2139 1509; x_wconf 90' lang='lat' dir='ltr'><strong>non</strong></span> <span class='ocrx_word' id='word_1_188' title='bbox 2176 1458 2504 1527; x_wconf 80' lang='lat' dir='ltr'><strong>ncopliylus,</strong></span> <span class='ocrx_word' id='word_1_189' title='bbox 2539 1473 2606 1511; x_wconf 90' lang='lat' dir='ltr'><strong>ne</strong></span> <span class='ocrx_word' id='word_1_190' title='bbox 2630 1457 2683 1509; x_wconf 92' lang='lat' dir='ltr'><strong>in</strong></span> <span class='ocrx_word' id='word_1_191' title='bbox 2713 1455 3022 1525; x_wconf 88' lang='lat' dir='ltr'><strong>superbiam</strong></span> <span class='ocrx_word' id='word_1_192' title='bbox 3049 1455 3224 1509; x_wconf 90' lang='lat' dir='ltr'><strong>elatus</strong></span> <span class='ocrx_word' id='word_1_193' title='bbox 3251 1456 3305 1508; x_wconf 91' lang='lat' dir='ltr'><strong>in</strong></span> <span class='ocrx_word' id='word_1_194' title='bbox 3327 1449 3597 1523; x_wconf 75' lang='lat' dir='ltr'><strong>judicium</strong></span> 
     </span>
    </p>
   </div>
   <div class='ocr_carea' id='block_1_31' title="bbox 2029 1545 3599 1618">
    <p class='ocr_par' dir='ltr' id='par_1_31' title="bbox 2029 1545 3599 1618">
     <span class='ocr_line' id='line_1_31' title="bbox 2029 1545 3599 1618; baseline 0.002 -17"><span class='ocrx_word' id='word_1_195' title='bbox 2029 1547 2232 1603; x_wconf 87' lang='lat' dir='ltr'><strong>incidat</strong></span> <span class='ocrx_word' id='word_1_196' title='bbox 2262 1555 2316 1602; x_wconf 89' lang='lat' dir='ltr'><strong>et</strong></span> <span class='ocrx_word' id='word_1_197' title='bbox 2351 1549 2603 1618; x_wconf 86' lang='lat' dir='ltr'><strong>laqueum</strong></span> <span class='ocrx_word' id='word_1_198' title='bbox 2636 1547 2836 1601; x_wconf 88' lang='lat' dir='ltr'><strong>diaboli</strong></span> <span class='ocrx_word' id='word_1_199' title='bbox 2872 1545 2938 1608; x_wconf 84' lang='lat'><strong>&quot;,</strong></span> <span class='ocrx_word' id='word_1_200' title='bbox 2971 1547 3097 1615; x_wconf 90' lang='lat' dir='ltr'><strong>quia</strong></span> <span class='ocrx_word' id='word_1_201' title='bbox 3137 1565 3156 1597; x_wconf 87' lang='grc'><em>‹</em></span> <span class='ocrx_word' id='word_1_202' title='bbox 3189 1547 3367 1600; x_wconf 92' lang='lat' dir='ltr'><strong>omnis</strong></span> <span class='ocrx_word' id='word_1_203' title='bbox 3405 1548 3497 1617; x_wconf 88' lang='lat' dir='ltr'><strong>qui</strong></span> <span class='ocrx_word' id='word_1_204' title='bbox 3539 1564 3599 1605; x_wconf 86' lang='lat' dir='ltr'><strong>se</strong></span> 
     </span>
    </p>
   </div>
   <div class='ocr_carea' id='block_1_32' title="bbox 2027 1637 3600 1705">
    <p class='ocr_par' dir='ltr' id='par_1_32' title="bbox 2027 1637 3600 1705">
     <span class='ocr_line' id='line_1_32' title="bbox 2027 1637 3600 1705; baseline 0.001 -13"><span class='ocrx_word' id='word_1_205' title='bbox 2027 1641 2246 1705; x_wconf 81' lang='lat' dir='ltr'><strong>exaltat,</strong></span> <span class='ocrx_word' id='word_1_206' title='bbox 2296 1640 2670 1693; x_wconf 79' lang='lat' dir='ltr'><strong>liumiliabitur</strong></span> <span class='ocrx_word' id='word_1_207' title='bbox 2715 1638 2780 1692; x_wconf 78' lang='grc' dir='ltr'><strong>³ο.</strong></span> <span class='ocrx_word' id='word_1_208' title='bbox 2829 1657 2847 1690; x_wconf 76' lang='grc' dir='ltr'>ι</span> <span class='ocrx_word' id='word_1_209' title='bbox 2881 1637 3066 1692; x_wconf 88' lang='lat' dir='ltr'><strong>Talem</strong></span> <span class='ocrx_word' id='word_1_210' title='bbox 3115 1652 3244 1692; x_wconf 81' lang='lat' dir='ltr'><strong>vero</strong></span> <span class='ocrx_word' id='word_1_211' title='bbox 3288 1654 3410 1693; x_wconf 91' lang='lat' dir='ltr'><strong>esse</strong></span> <span class='ocrx_word' id='word_1_212' title='bbox 3443 1639 3600 1693; x_wconf 82' lang='lat' dir='ltr'><strong>decet</strong></span> 
     </span>
    </p>
   </div>
   <div class='ocr_carea' id='block_1_33' title="bbox 346 1702 1906 1801">
    <p class='ocr_par' dir='ltr' id='par_1_33' title="bbox 346 1702 1906 1794">
     <span class='ocr_line' id='line_1_33' title="bbox 346 1702 1906 1794; baseline 0.004 -24"><span class='ocrx_word' id='word_1_213' title='bbox 346 1718 605 1772; x_wconf 79' lang='grc' dir='ltr'>Τοιοῦτον</span> <span class='ocrx_word' id='word_1_214' title='bbox 635 1719 689 1772; x_wconf 85' lang='grc' dir='ltr'><strong>δὲ</strong></span> <span class='ocrx_word' id='word_1_215' title='bbox 718 1720 796 1772; x_wconf 87' lang='grc' dir='ltr'>δεῖ</span> <span class='ocrx_word' id='word_1_216' title='bbox 823 1714 960 1772; x_wconf 77' lang='grc' dir='ltr'>εἶναι</span> <span class='ocrx_word' id='word_1_217' title='bbox 999 1721 1088 1772; x_wconf 83' lang='grc' dir='ltr'>τὸν</span> <span class='ocrx_word' id='word_1_218' title='bbox 1130 1721 1447 1784; x_wconf 78' lang='grc' dir='ltr'>ἐπίσκοπον,</span> <span class='ocrx_word' id='word_1_219' title='bbox 1485 1708 1611 1792; x_wconf 80' lang='grc' dir='ltr'>μιᾶς</span> <span class='ocrx_word' id='word_1_220' title='bbox 1638 1702 1802 1794; x_wconf 76' lang='grc' dir='ltr'>ἄνδρα</span> <span class='ocrx_word' id='word_1_221' title='bbox 1833 1741 1906 1791; x_wconf 89' lang='grc' dir='ltr'>γε-</span> 
     </span>
    </p>
   </div>
   <div class='ocr_carea' id='block_1_34' title="bbox 2012 1702 3600 1801">
    <p class='ocr_par' dir='ltr' id='par_1_34' title="bbox 2026 1727 3600 1801">
     <span class='ocr_line' id='line_1_34' title="bbox 2026 1727 3600 1801; baseline 0.001 -19"><span class='ocrx_word' id='word_1_222' title='bbox 2026 1729 2337 1801; x_wconf 88' lang='lat' dir='ltr'><strong>episc0pum</strong></span> <span class='ocrx_word' id='word_1_223' title='bbox 2364 1748 2399 1799; x_wconf 78' lang='grc'>;,</span> <span class='ocrx_word' id='word_1_224' title='bbox 2433 1730 2595 1783; x_wconf 89' lang='lat' dir='ltr'><strong>unius</strong></span> <span class='ocrx_word' id='word_1_225' title='bbox 2630 1729 2819 1784; x_wconf 80' lang='lat' dir='ltr'><strong>uxoris</strong></span> <span class='ocrx_word' id='word_1_226' title='bbox 2861 1729 3085 1783; x_wconf 78' lang='lat' dir='ltr'><strong>univirae</strong></span> <span class='ocrx_word' id='word_1_227' title='bbox 3116 1727 3316 1794; x_wconf 85' lang='lat' dir='ltr'><strong>virum,</strong></span> <span class='ocrx_word' id='word_1_228' title='bbox 3356 1745 3467 1784; x_wconf 73' lang='lat' dir='ltr'><strong>suae</strong></span> <span class='ocrx_word' id='word_1_229' title='bbox 3498 1730 3600 1784; x_wconf 82' lang='lat' dir='ltr'><strong>do-</strong></span> 
     </span>
    </p>
   </div>
   <div class='ocr_carea' id='block_1_35' title="bbox 343 1810 1920 1885">
    <p class='ocr_par' dir='ltr' id='par_1_35' title="bbox 343 1810 1920 1885">
     <span class='ocr_line' id='line_1_35' title="bbox 343 1810 1920 1885; baseline 0.004 -24"><span class='ocrx_word' id='word_1_230' title='bbox 343 1811 645 1880; x_wconf 76' lang='grc' dir='ltr'>γενημένον</span> <span class='ocrx_word' id='word_1_231' title='bbox 694 1810 801 1880; x_wconf 90' lang='grc'>(98)</span> <span class='ocrx_word' id='word_1_232' title='bbox 833 1811 1084 1878; x_wconf 80' lang='grc' dir='ltr'>γυναικὸς</span> <span class='ocrx_word' id='word_1_233' title='bbox 1120 1813 1422 1883; x_wconf 86' lang='grc' dir='ltr'>μονογάμου</span> <span class='ocrx_word' id='word_1_234' title='bbox 1447 1813 1590 1885; x_wconf 87' lang='lat'><strong>(99),</strong></span> <span class='ocrx_word' id='word_1_235' title='bbox 1621 1815 1796 1877; x_wconf 81' lang='grc' dir='ltr'>καλῶς</span> <span class='ocrx_word' id='word_1_236' title='bbox 1828 1815 1920 1868; x_wconf 75' lang='grc' dir='ltr'>τοῦ</span> 
     </span>
    </p>
   </div>
   <div class='ocr_carea' id='block_1_36' title="bbox 347 1901 1922 1976">
    <p class='ocr_par' dir='ltr' id='par_1_36' title="bbox 347 1901 1922 1976">
     <span class='ocr_line' id='line_1_36' title="bbox 347 1901 1922 1976; baseline 0.003 -22"><span class='ocrx_word' id='word_1_237' title='bbox 347 1901 482 1954; x_wconf 81' lang='grc' dir='ltr'>ιδίου</span> <span class='ocrx_word' id='word_1_238' title='bbox 499 1904 643 1956; x_wconf 76' lang='grc' dir='ltr'>οἴκου</span> <span class='ocrx_word' id='word_1_239' title='bbox 686 1905 1016 1975; x_wconf 65' lang='grc' dir='ltr'>προεστῶτα.</span> <span class='ocrx_word' id='word_1_240' title='bbox 1049 1903 1203 1957; x_wconf 75' lang='grc' dir='ltr'>Οὕτω</span> <span class='ocrx_word' id='word_1_241' title='bbox 1222 1905 1328 1976; x_wconf 82' lang='grc' dir='ltr'>γὰρ</span> <span class='ocrx_word' id='word_1_242' title='bbox 1347 1905 1738 1976; x_wconf 77' lang='grc' dir='ltr'>δοκιμαζέσθω,</span> <span class='ocrx_word' id='word_1_243' title='bbox 1774 1909 1922 1958; x_wconf 76' lang='grc' dir='ltr'>ὁπότ’</span> 
     </span>
    </p>
   </div>
   <div class='ocr_carea' id='block_1_37' title="bbox 341 1994 1916 2068">
    <p class='ocr_par' dir='ltr' id='par_1_37' title="bbox 341 1994 1916 2068">
     <span class='ocr_line' id='line_1_37' title="bbox 341 1994 1916 2068; baseline 0.003 -23"><span class='ocrx_word' id='word_1_244' title='bbox 341 1994 518 2064; x_wconf 81' lang='grc' dir='ltr'>αὐτὴν</span> <span class='ocrx_word' id='word_1_245' title='bbox 531 1996 857 2066; x_wconf 80' lang='grc' dir='ltr'><strong>χειροτονίαν</strong></span> <span class='ocrx_word' id='word_1_246' title='bbox 869 1994 934 2047; x_wconf 89' lang='grc' dir='ltr'><strong>λα</strong></span> <span class='ocrx_word' id='word_1_247' title='bbox 941 1994 1156 2066; x_wconf 81' lang='grc' dir='ltr'>μϐάνων</span> <span class='ocrx_word' id='word_1_248' title='bbox 1168 1996 1484 2049; x_wconf 86' lang='grc' dir='ltr'>καθίσταται</span> <span class='ocrx_word' id='word_1_249' title='bbox 1497 1998 1553 2049; x_wconf 82' lang='grc' dir='ltr'>ὲν</span> <span class='ocrx_word' id='word_1_250' title='bbox 1572 1996 1648 2067; x_wconf 84' lang='grc' dir='ltr'>τῷ</span> <span class='ocrx_word' id='word_1_251' title='bbox 1658 1997 1805 2067; x_wconf 73' lang='grc' dir='ltr'>τόπῳ</span> <span class='ocrx_word' id='word_1_252' title='bbox 1821 2000 1916 2068; x_wconf 82' lang='grc' dir='ltr'>τῆς</span> 
     </span>
    </p>
   </div>
   <div class='ocr_carea' id='block_1_38' title="bbox 339 2085 1918 2159">
    <p class='ocr_par' dir='ltr' id='par_1_38' title="bbox 339 2085 1918 2159">
     <span class='ocr_line' id='line_1_38' title="bbox 339 2085 1918 2159; baseline 0.004 -23"><span class='ocrx_word' id='word_1_253' title='bbox 339 2085 671 2156; x_wconf 65' lang='grc' dir='ltr'>δπισκοπῆς,</span> <span class='ocrx_word' id='word_1_254' title='bbox 722 2087 767 2138; x_wconf 75' lang='grc' dir='ltr'><strong>εί</strong></span> <span class='ocrx_word' id='word_1_255' title='bbox 814 2086 926 2138; x_wconf 77' lang='grc' dir='ltr'>ἐστι</span> <span class='ocrx_word' id='word_1_256' title='bbox 957 2087 1169 2157; x_wconf 77' lang='grc' dir='ltr'>σεμνὸς,</span> <span class='ocrx_word' id='word_1_257' title='bbox 1217 2089 1422 2150; x_wconf 79' lang='grc' dir='ltr'>πιστὸς,</span> <span class='ocrx_word' id='word_1_258' title='bbox 1462 2089 1554 2141; x_wconf 70' lang='grc' dir='ltr'>καὶ</span> <span class='ocrx_word' id='word_1_259' title='bbox 1601 2091 1837 2159; x_wconf 60' lang='grc' dir='ltr'>κόσμιος·</span> <span class='ocrx_word' id='word_1_260' title='bbox 1873 2093 1918 2144; x_wconf 73' lang='grc' dir='ltr'><strong>εἰ</strong></span> 
     </span>
    </p>
   </div>
   <div class='ocr_carea' id='block_1_39' title="bbox 338 2177 1917 2250">
    <p class='ocr_par' dir='ltr' id='par_1_39' title="bbox 338 2177 1917 2250">
     <span class='ocr_line' id='line_1_39' title="bbox 338 2177 1917 2250; baseline 0.003 -23"><span class='ocrx_word' id='word_1_261' title='bbox 338 2180 578 2244; x_wconf 84' lang='grc' dir='ltr'>γυναῖκα</span> <span class='ocrx_word' id='word_1_262' title='bbox 609 2177 809 2247; x_wconf 79' lang='grc' dir='ltr'>σεμνὴν</span> <span class='ocrx_word' id='word_1_263' title='bbox 830 2180 922 2230; x_wconf 71' lang='grc' dir='ltr'><strong>καὶ</strong></span> <span class='ocrx_word' id='word_1_264' title='bbox 954 2178 1148 2248; x_wconf 81' lang='grc' dir='ltr'>πιστὴν</span> <span class='ocrx_word' id='word_1_265' title='bbox 1179 2178 1312 2249; x_wconf 75' lang='grc' dir='ltr'>ἔχοι,</span> <span class='ocrx_word' id='word_1_266' title='bbox 1344 2180 1374 2250; x_wconf 82' lang='grc' dir='ltr'>ἢ</span> <span class='ocrx_word' id='word_1_267' title='bbox 1408 2179 1654 2250; x_wconf 78' lang='grc' dir='ltr'><strong>ἔσχηκεν·</strong></span> <span class='ocrx_word' id='word_1_268' title='bbox 1687 2184 1733 2233; x_wconf 81' lang='grc' dir='ltr'><strong>εὶ</strong></span> <span class='ocrx_word' id='word_1_269' title='bbox 1754 2182 1917 2234; x_wconf 79' lang='grc' dir='ltr'>τέκνα</span> 
     </span>
    </p>
   </div>
   <div class='ocr_carea' id='block_1_40' title="bbox 341 2267 1917 2343">
    <p class='ocr_par' dir='ltr' id='par_1_40' title="bbox 341 2267 1917 2343">
     <span class='ocr_line' id='line_1_40' title="bbox 341 2267 1917 2343; baseline 0.004 -23"><span class='ocrx_word' id='word_1_270' title='bbox 341 2267 610 2332; x_wconf 80' lang='grc' dir='ltr'>Θεοσεϐὦς</span> <span class='ocrx_word' id='word_1_271' title='bbox 637 2269 946 2341; x_wconf 68' lang='grc' dir='ltr'>ἀναθρέψας</span> <span class='ocrx_word' id='word_1_272' title='bbox 984 2272 1076 2324; x_wconf 75' lang='grc' dir='ltr'>καὶ</span> <span class='ocrx_word' id='word_1_273' title='bbox 1103 2272 1160 2324; x_wconf 81' lang='grc' dir='ltr'>ὲν</span> <span class='ocrx_word' id='word_1_274' title='bbox 1189 2271 1438 2343; x_wconf 68' lang='grc' dir='ltr'>νουθεσίᾳ</span> <span class='ocrx_word' id='word_1_275' title='bbox 1479 2273 1681 2343; x_wconf 83' lang='grc' dir='ltr'>Κυρίου</span> <span class='ocrx_word' id='word_1_276' title='bbox 1710 2274 1917 2326; x_wconf 82' lang='grc' dir='ltr'>παιδεύ-</span> 
     </span>
    </p>
   </div>
   <div class='ocr_carea' id='block_1_41' title="bbox 340 2359 1913 2435">
    <p class='ocr_par' dir='ltr' id='par_1_41' title="bbox 340 2359 1913 2435">
     <span class='ocr_line' id='line_1_41' title="bbox 340 2359 1913 2435; baseline 0.004 -23"><span class='ocrx_word' id='word_1_277' title='bbox 340 2376 448 2423; x_wconf 87' lang='grc' dir='ltr'>σας</span> <span class='ocrx_word' id='word_1_278' title='bbox 479 2363 809 2432; x_wconf 82' lang='grc' dir='ltr'>προήγαγεν·</span> <span class='ocrx_word' id='word_1_279' title='bbox 854 2365 901 2415; x_wconf 81' lang='grc' dir='ltr'><strong>εί</strong></span> <span class='ocrx_word' id='word_1_280' title='bbox 941 2363 990 2414; x_wconf 90' lang='grc' dir='ltr'>οἱ</span> <span class='ocrx_word' id='word_1_281' title='bbox 1016 2365 1134 2416; x_wconf 76' lang='grc' dir='ltr'>κατ’</span> <span class='ocrx_word' id='word_1_282' title='bbox 1167 2359 1314 2416; x_wconf 76' lang='grc' dir='ltr'>οἷκον</span> <span class='ocrx_word' id='word_1_283' title='bbox 1344 2363 1507 2416; x_wconf 77' lang='grc' dir='ltr'>αὐτοῦ</span> <span class='ocrx_word' id='word_1_284' title='bbox 1537 2365 1913 2435; x_wconf 75' lang='grc' dir='ltr'><strong>εὐλαϐούμενοι</strong></span> 
     </span>
    </p>
   </div>
   <div class='ocr_carea' id='block_1_42' title="bbox 337 2453 1908 2526">
    <p class='ocr_par' dir='ltr' id='par_1_42' title="bbox 337 2453 1908 2526">
     <span class='ocr_line' id='line_1_42' title="bbox 337 2453 1908 2526; baseline 0.002 -21"><span class='ocrx_word' id='word_1_285' title='bbox 337 2453 440 2505; x_wconf 73' lang='grc' dir='ltr'>καὶ</span> <span class='ocrx_word' id='word_1_286' title='bbox 482 2453 858 2523; x_wconf 77' lang='grc' dir='ltr'>ἐντρεπόμενοι</span> <span class='ocrx_word' id='word_1_287' title='bbox 893 2454 1053 2506; x_wconf 83' lang='grc' dir='ltr'>αὐτὸν</span> <span class='ocrx_word' id='word_1_288' title='bbox 1083 2455 1310 2525; x_wconf 84' lang='grc' dir='ltr'>ὑπήκοοι</span> <span class='ocrx_word' id='word_1_289' title='bbox 1352 2455 1550 2518; x_wconf 81' lang='grc' dir='ltr'>πάντες</span> <span class='ocrx_word' id='word_1_290' title='bbox 1579 2457 1714 2509; x_wconf 76' lang='grc' dir='ltr'>εἰσὶν</span> <span class='ocrx_word' id='word_1_291' title='bbox 1743 2457 1908 2526; x_wconf 52' lang='grc' dir='ltr'><strong>αὑιτῷ·</strong></span> 
     </span>
    </p>
   </div>
   <div class='ocr_carea' id='block_1_43' title="bbox 247 2543 1913 2618">
    <p class='ocr_par' dir='ltr' id='par_1_43' title="bbox 247 2543 1913 2618">
     <span class='ocr_line' id='line_1_43' title="bbox 247 2543 1913 2618; baseline 0.004 -25"><span class='ocrx_word' id='word_1_292' title='bbox 247 2555 252 2558; x_wconf 90' lang='grc'><strong>·</strong></span> <span class='ocrx_word' id='word_1_293' title='bbox 340 2543 393 2594; x_wconf 82' lang='grc' dir='ltr'><strong>εί</strong></span> <span class='ocrx_word' id='word_1_294' title='bbox 429 2544 535 2613; x_wconf 80' lang='grc' dir='ltr'>γὰρ</span> <span class='ocrx_word' id='word_1_295' title='bbox 563 2545 612 2595; x_wconf 89' lang='grc' dir='ltr'>οἱ</span> <span class='ocrx_word' id='word_1_296' title='bbox 643 2544 782 2596; x_wconf 86' lang='grc' dir='ltr'><strong>κατά</strong></span> <span class='ocrx_word' id='word_1_297' title='bbox 826 2544 1003 2615; x_wconf 82' lang='grc' dir='ltr'>σάρκα</span> <span class='ocrx_word' id='word_1_298' title='bbox 1035 2544 1153 2598; x_wconf 78' lang='grc' dir='ltr'><strong>ἴδιοι</strong></span> <span class='ocrx_word' id='word_1_299' title='bbox 1190 2545 1376 2609; x_wconf 76' lang='grc' dir='ltr'>αὑτοῦ,</span> <span class='ocrx_word' id='word_1_300' title='bbox 1420 2547 1556 2618; x_wconf 84' lang='grc' dir='ltr'>πρὸς</span> <span class='ocrx_word' id='word_1_301' title='bbox 1596 2547 1756 2599; x_wconf 83' lang='grc' dir='ltr'>αὑτὸν</span> <span class='ocrx_word' id='word_1_302' title='bbox 1788 2565 1913 2601; x_wconf 87' lang='grc' dir='ltr'>στα-</span> 
     </span>
    </p>
   </div>
   <div class='ocr_carea' id='block_1_44' title="bbox 340 2633 1916 2708">
    <p class='ocr_par' dir='ltr' id='par_1_44' title="bbox 340 2633 1916 2708">
     <span class='ocr_line' id='line_1_44' title="bbox 340 2633 1916 2708; baseline 0.004 -22"><span class='ocrx_word' id='word_1_303' title='bbox 340 2633 585 2697; x_wconf 74' lang='grc' dir='ltr'><strong>σιάζουσι</strong></span> <span class='ocrx_word' id='word_1_304' title='bbox 614 2637 707 2688; x_wconf 75' lang='grc' dir='ltr'>καὶ</span> <span class='ocrx_word' id='word_1_305' title='bbox 732 2635 1036 2700; x_wconf 82' lang='grc' dir='ltr'>ἀπειθοῦσι,</span> <span class='ocrx_word' id='word_1_306' title='bbox 1076 2637 1192 2701; x_wconf 84' lang='grc' dir='ltr'>πῶς</span> <span class='ocrx_word' id='word_1_307' title='bbox 1221 2639 1269 2690; x_wconf 77' lang='grc' dir='ltr'>οἱ</span> <span class='ocrx_word' id='word_1_308' title='bbox 1299 2636 1402 2701; x_wconf 75' lang='grc' dir='ltr'><strong>ἔξω</strong></span> <span class='ocrx_word' id='word_1_309' title='bbox 1429 2638 1528 2708; x_wconf 84' lang='grc' dir='ltr'>τῆς</span> <span class='ocrx_word' id='word_1_310' title='bbox 1555 2638 1730 2701; x_wconf 81' lang='grc' dir='ltr'>οίκίας</span> <span class='ocrx_word' id='word_1_311' title='bbox 1748 2639 1916 2693; x_wconf 65' lang='grc' dir='ltr'>αὑτοιὶ</span> 
     </span>
    </p>
   </div>
   <div class='ocr_carea' id='block_1_45' title="bbox 339 2725 1422 2799">
    <p class='ocr_par' dir='ltr' id='par_1_45' title="bbox 339 2725 1422 2799">
     <span class='ocr_line' id='line_1_45' title="bbox 339 2725 1422 2799; baseline 0.004 -21"><span class='ocrx_word' id='word_1_312' title='bbox 339 2725 465 2779; x_wconf 62' lang='lat' dir='ltr'><strong>“tot</strong></span> <span class='ocrx_word' id='word_1_313' title='bbox 483 2729 924 2799; x_wconf 86' lang='grc' dir='ltr'>γενόμενοιαὺτῷ</span> <span class='ocrx_word' id='word_1_314' title='bbox 955 2731 1390 2799; x_wconf 79' lang='grc' dir='ltr'>ὑποταγήσονται</span> <span class='ocrx_word' id='word_1_315' title='bbox 1409 2747 1422 2795; x_wconf 87' lang='grc'><strong>;</strong></span> 
     </span>
    </p>
   </div>
   <div class='ocr_carea' id='block_1_46' title="bbox 891 2906 1409 2966">
    <p class='ocr_par' dir='ltr' id='par_1_46' title="bbox 891 2906 1409 2966">
     <span class='ocr_line' id='line_1_46' title="bbox 891 2906 1409 2966; baseline 0.012 -6"><span class='ocrx_word' id='word_1_316' title='bbox 891 2906 1282 2962; x_wconf 78' lang='grc' dir='ltr'><strong>ΚΕΦΑΛΛΙΟΝ</strong></span> <span class='ocrx_word' id='word_1_317' title='bbox 1312 2906 1386 2958; x_wconf 85' lang='grc' dir='ltr'><strong>Γ⁹.</strong></span> <span class='ocrx_word' id='word_1_318' title='bbox 1403 2963 1409 2966; x_wconf 83' lang='lat'><strong><em>_</em></strong></span> 
     </span>
    </p>
   </div>
   <div class='ocr_carea' id='block_1_47' title="bbox 2030 1819 3595 1892">
    <p class='ocr_par' dir='ltr' id='par_1_47' title="bbox 2030 1819 3595 1892">
     <span class='ocr_line' id='line_1_47' title="bbox 2030 1819 3595 1892; baseline 0.003 -20"><span class='ocrx_word' id='word_1_319' title='bbox 2030 1819 2142 1873; x_wconf 93' lang='lat' dir='ltr'><strong>mui</strong></span> <span class='ocrx_word' id='word_1_320' title='bbox 2160 1819 2296 1874; x_wconf 85' lang='lat' dir='ltr'><strong>bene</strong></span> <span class='ocrx_word' id='word_1_321' title='bbox 2327 1821 2724 1889; x_wconf 72' lang='lat' dir='ltr'><strong>prtesidentem.</strong></span> <span class='ocrx_word' id='word_1_322' title='bbox 2756 1819 2859 1874; x_wconf 89' lang='lat' dir='ltr'><strong>Per</strong></span> <span class='ocrx_word' id='word_1_323' title='bbox 2882 1821 2995 1874; x_wconf 75' lang='lat' dir='ltr'><strong>btec</strong></span> <span class='ocrx_word' id='word_1_324' title='bbox 3022 1821 3287 1890; x_wconf 86' lang='lat' dir='ltr'><strong>siquidem</strong></span> <span class='ocrx_word' id='word_1_325' title='bbox 3311 1822 3595 1892; x_wconf 84' lang='lat' dir='ltr'><strong>probetur,</strong></span> 
     </span>
    </p>
   </div>
   <div class='ocr_carea' id='block_1_48' title="bbox 2029 1911 3597 1982">
    <p class='ocr_par' dir='ltr' id='par_1_48' title="bbox 2029 1911 3597 1982">
     <span class='ocr_line' id='line_1_48' title="bbox 2029 1911 3597 1982; baseline 0.003 -19"><span class='ocrx_word' id='word_1_326' title='bbox 2029 1926 2150 1965; x_wconf 89' lang='lat' dir='ltr'><strong>eum</strong></span> <span class='ocrx_word' id='word_1_327' title='bbox 2200 1911 2595 1966; x_wconf 88' lang='lat' dir='ltr'><strong>ordinationem</strong></span> <span class='ocrx_word' id='word_1_328' title='bbox 2646 1912 2960 1980; x_wconf 88' lang='lat' dir='ltr'><strong>accipiens,</strong></span> <span class='ocrx_word' id='word_1_329' title='bbox 2997 1912 3054 1966; x_wconf 88' lang='lat' dir='ltr'><strong>in</strong></span> <span class='ocrx_word' id='word_1_330' title='bbox 3098 1912 3442 1982; x_wconf 87' lang='lat' dir='ltr'><strong>episcopatus</strong></span> <span class='ocrx_word' id='word_1_331' title='bbox 3478 1913 3597 1967; x_wconf 92' lang='lat' dir='ltr'><strong>loco</strong></span> 
     </span>
    </p>
   </div>
   <div class='ocr_carea' id='block_1_49' title="bbox 2027 2001 3597 2070">
    <p class='ocr_par' dir='ltr' id='par_1_49' title="bbox 2027 2001 3597 2070">
     <span class='ocr_line' id='line_1_49' title="bbox 2027 2001 3597 2070; baseline 0.001 -14"><span class='ocrx_word' id='word_1_332' title='bbox 2027 2001 2411 2070; x_wconf 86' lang='lat' dir='ltr'><strong>constituitur;</strong></span> <span class='ocrx_word' id='word_1_333' title='bbox 2463 2018 2531 2056; x_wconf 90' lang='lat' dir='ltr'><strong>an</strong></span> <span class='ocrx_word' id='word_1_334' title='bbox 2574 2002 2644 2057; x_wconf 91' lang='lat' dir='ltr'><strong>sit</strong></span> <span class='ocrx_word' id='word_1_335' title='bbox 2700 2002 3069 2068; x_wconf 89' lang='lat' dir='ltr'><strong>reverendus,</strong></span> <span class='ocrx_word' id='word_1_336' title='bbox 3116 2002 3289 2058; x_wconf 79' lang='lat' dir='ltr'><strong>ﬁdelis</strong></span> <span class='ocrx_word' id='word_1_337' title='bbox 3341 2012 3394 2057; x_wconf 86' lang='lat' dir='ltr'><strong>et</strong></span> <span class='ocrx_word' id='word_1_338' title='bbox 3433 2005 3597 2058; x_wconf 87' lang='lat' dir='ltr'><strong>hone-</strong></span> 
     </span>
    </p>
   </div>
   <div class='ocr_carea' id='block_1_50' title="bbox 2025 2094 3590 2163">
    <p class='ocr_par' dir='ltr' id='par_1_50' title="bbox 2025 2094 3590 2163">
     <span class='ocr_line' id='line_1_50' title="bbox 2025 2094 3590 2163; baseline 0 -14"><span class='ocrx_word' id='word_1_339' title='bbox 2025 2105 2179 2160; x_wconf 91' lang='lat' dir='ltr'><strong>stus;</strong></span> <span class='ocrx_word' id='word_1_340' title='bbox 2237 2111 2306 2149; x_wconf 91' lang='lat' dir='ltr'><strong>an</strong></span> <span class='ocrx_word' id='word_1_341' title='bbox 2352 2109 2578 2149; x_wconf 85' lang='lat' dir='ltr'><strong>uxorem</strong></span> <span class='ocrx_word' id='word_1_342' title='bbox 2609 2094 2859 2163; x_wconf 89' lang='lat' dir='ltr'><strong>pudicam</strong></span> <span class='ocrx_word' id='word_1_343' title='bbox 2892 2109 2956 2148; x_wconf 89' lang='lat' dir='ltr'><strong>ac</strong></span> <span class='ocrx_word' id='word_1_344' title='bbox 2987 2094 3197 2149; x_wconf 85' lang='lat' dir='ltr'><strong>ﬁdelem</strong></span> <span class='ocrx_word' id='word_1_345' title='bbox 3245 2105 3337 2148; x_wconf 91' lang='lat' dir='ltr'><strong>aut</strong></span> <span class='ocrx_word' id='word_1_346' title='bbox 3374 2096 3590 2160; x_wconf 86' lang='lat' dir='ltr'><strong>habeat,</strong></span> 
     </span>
    </p>
   </div>
   <div class='ocr_carea' id='block_1_51' title="bbox 2023 2185 3592 2256">
    <p class='ocr_par' dir='ltr' id='par_1_51' title="bbox 2023 2185 3592 2256">
     <span class='ocr_line' id='line_1_51' title="bbox 2023 2185 3592 2256; baseline 0.001 -15"><span class='ocrx_word' id='word_1_347' title='bbox 2023 2199 2118 2242; x_wconf 88' lang='lat' dir='ltr'><strong>aut</strong></span> <span class='ocrx_word' id='word_1_348' title='bbox 2166 2189 2454 2253; x_wconf 80' lang='lat' dir='ltr'><strong>habuerit;</strong></span> <span class='ocrx_word' id='word_1_349' title='bbox 2499 2204 2572 2244; x_wconf 86' lang='lat' dir='ltr'><strong>an</strong></span> <span class='ocrx_word' id='word_1_350' title='bbox 2598 2187 2800 2241; x_wconf 89' lang='lat' dir='ltr'><strong>liberos</strong></span> <span class='ocrx_word' id='word_1_351' title='bbox 2847 2187 2931 2256; x_wconf 92' lang='lat' dir='ltr'><strong>pie</strong></span> <span class='ocrx_word' id='word_1_352' title='bbox 2961 2185 3243 2251; x_wconf 89' lang='lat' dir='ltr'><strong>educarit;</strong></span> <span class='ocrx_word' id='word_1_353' title='bbox 3285 2187 3337 2238; x_wconf 93' lang='lat' dir='ltr'><strong>in</strong></span> <span class='ocrx_word' id='word_1_354' title='bbox 3378 2185 3592 2242; x_wconf 89' lang='lat' dir='ltr'><strong>Domini</strong></span> 
     </span>
    </p>
   </div>
   <div class='ocr_carea' id='block_1_52' title="bbox 2022 2276 3590 2350">
    <p class='ocr_par' dir='ltr' id='par_1_52' title="bbox 2022 2276 3590 2350">
     <span class='ocr_line' id='line_1_52' title="bbox 2022 2276 3590 2350; baseline 0 -18"><span class='ocrx_word' id='word_1_355' title='bbox 2022 2280 2310 2350; x_wconf 85' lang='lat' dir='ltr'><strong>disciplina</strong></span> <span class='ocrx_word' id='word_1_356' title='bbox 2349 2278 2646 2342; x_wconf 83' lang='lat' dir='ltr'><strong>erudierit,</strong></span> <span class='ocrx_word' id='word_1_357' title='bbox 2679 2285 2738 2332; x_wconf 84' lang='lat' dir='ltr'><strong>et</strong></span> <span class='ocrx_word' id='word_1_358' title='bbox 2772 2278 2838 2332; x_wconf 90' lang='lat' dir='ltr'><strong>ad</strong></span> <span class='ocrx_word' id='word_1_359' title='bbox 2871 2278 3124 2331; x_wconf 82' lang='lat' dir='ltr'><strong>virtutem</strong></span> <span class='ocrx_word' id='word_1_360' title='bbox 3157 2276 3478 2343; x_wconf 79' lang='lat' dir='ltr'><strong>deduxerit;</strong></span> <span class='ocrx_word' id='word_1_361' title='bbox 3521 2293 3590 2332; x_wconf 88' lang='lat' dir='ltr'><strong>an</strong></span> 
     </span>
    </p>
   </div>
   <div class='ocr_carea' id='block_1_53' title="bbox 2020 2369 3594 2433">
    <p class='ocr_par' dir='ltr' id='par_1_53' title="bbox 2020 2369 3594 2433">
     <span class='ocr_line' id='line_1_53' title="bbox 2020 2369 3594 2433; baseline 0 -8"><span class='ocrx_word' id='word_1_362' title='bbox 2020 2373 2069 2425; x_wconf 89' lang='lat' dir='ltr'><strong>ei</strong></span> <span class='ocrx_word' id='word_1_363' title='bbox 2094 2371 2378 2426; x_wconf 88' lang='lat' dir='ltr'><strong>domestici</strong></span> <span class='ocrx_word' id='word_1_364' title='bbox 2413 2386 2603 2426; x_wconf 91' lang='lat' dir='ltr'><strong>omnes</strong></span> <span class='ocrx_word' id='word_1_365' title='bbox 2625 2370 2885 2426; x_wconf 80' lang='lat' dir='ltr'><strong>honorem</strong></span> <span class='ocrx_word' id='word_1_366' title='bbox 2913 2408 2928 2433; x_wconf 92' lang='lat'><strong>,</strong></span> <span class='ocrx_word' id='word_1_367' title='bbox 2960 2369 3317 2423; x_wconf 81' lang='lat' dir='ltr'><strong>reverentiam</strong></span> <span class='ocrx_word' id='word_1_368' title='bbox 3346 2385 3410 2422; x_wconf 90' lang='lat' dir='ltr'><strong>ac</strong></span> <span class='ocrx_word' id='word_1_369' title='bbox 3431 2371 3594 2425; x_wconf 83' lang='lat' dir='ltr'><strong>obse-</strong></span> 
     </span>
    </p>
   </div>
   <div class='ocr_carea' id='block_1_54' title="bbox 2019 2460 3589 2534">
    <p class='ocr_par' dir='ltr' id='par_1_54' title="bbox 2019 2460 3589 2534">
     <span class='ocr_line' id='line_1_54' title="bbox 2019 2460 3589 2534; baseline -0.003 -17"><span class='ocrx_word' id='word_1_370' title='bbox 2019 2464 2207 2534; x_wconf 88' lang='lat' dir='ltr'><strong>quium</strong></span> <span class='ocrx_word' id='word_1_371' title='bbox 2238 2470 2495 2534; x_wconf 86' lang='lat' dir='ltr'><strong>praestent</strong></span> <span class='ocrx_word' id='word_1_372' title='bbox 2522 2463 2789 2533; x_wconf 20' lang='lat' dir='ltr'><strong>;.quando</strong></span> <span class='ocrx_word' id='word_1_373' title='bbox 2825 2462 2967 2515; x_wconf 91' lang='lat' dir='ltr'><strong>enim</strong></span> <span class='ocrx_word' id='word_1_374' title='bbox 2997 2461 3091 2532; x_wconf 90' lang='lat' dir='ltr'><strong>qui</strong></span> <span class='ocrx_word' id='word_1_375' title='bbox 3135 2460 3435 2516; x_wconf 88' lang='lat' dir='ltr'><strong>secundum</strong></span> <span class='ocrx_word' id='word_1_376' title='bbox 3463 2475 3589 2513; x_wconf 86' lang='lat' dir='ltr'><strong>car-</strong></span> 
     </span>
    </p>
   </div>
   <div class='ocr_carea' id='block_1_55' title="bbox 2019 2552 3595 2624">
    <p class='ocr_par' dir='ltr' id='par_1_55' title="bbox 2019 2552 3595 2624">
     <span class='ocr_line' id='line_1_55' title="bbox 2019 2552 3595 2624; baseline -0.004 -13"><span class='ocrx_word' id='word_1_377' title='bbox 2019 2572 2142 2612; x_wconf 86' lang='lat' dir='ltr'><strong>nem</strong></span> <span class='ocrx_word' id='word_1_378' title='bbox 2188 2557 2254 2610; x_wconf 89' lang='lat' dir='ltr'><strong>ad</strong></span> <span class='ocrx_word' id='word_1_379' title='bbox 2301 2557 2447 2611; x_wconf 91' lang='lat' dir='ltr'><strong>illius</strong></span> <span class='ocrx_word' id='word_1_380' title='bbox 2484 2554 2744 2610; x_wconf 81' lang='lat' dir='ltr'><strong>familiam</strong></span> <span class='ocrx_word' id='word_1_381' title='bbox 2790 2555 3084 2624; x_wconf 79' lang='lat' dir='ltr'><strong>pertinent,</strong></span> <span class='ocrx_word' id='word_1_382' title='bbox 3134 2552 3184 2607; x_wconf 92' lang='lat' dir='ltr'><strong>ei</strong></span> <span class='ocrx_word' id='word_1_383' title='bbox 3232 2567 3331 2606; x_wconf 83' lang='lat' dir='ltr'><strong>nec</strong></span> <span class='ocrx_word' id='word_1_384' title='bbox 3361 2566 3595 2606; x_wconf 87' lang='lat' dir='ltr'><strong>concor-</strong></span> 
     </span>
    </p>
   </div>
   <div class='ocr_carea' id='block_1_56' title="bbox 2018 2643 3590 2718">
    <p class='ocr_par' dir='ltr' id='par_1_56' title="bbox 2018 2643 3590 2718">
     <span class='ocr_line' id='line_1_56' title="bbox 2018 2643 3590 2718; baseline -0.002 -15"><span class='ocrx_word' id='word_1_385' title='bbox 2018 2649 2190 2713; x_wconf 91' lang='lat' dir='ltr'><strong>dant,</strong></span> <span class='ocrx_word' id='word_1_386' title='bbox 2238 2665 2338 2703; x_wconf 91' lang='lat' dir='ltr'><strong>nec</strong></span> <span class='ocrx_word' id='word_1_387' title='bbox 2385 2649 2795 2718; x_wconf 84' lang='lat' dir='ltr'><strong>obtemperant;</strong></span> <span class='ocrx_word' id='word_1_388' title='bbox 2832 2661 2941 2715; x_wconf 90' lang='lat' dir='ltr'><strong>quo</strong></span> <span class='ocrx_word' id='word_1_389' title='bbox 2991 2643 3163 2700; x_wconf 88' lang='lat' dir='ltr'><strong>modo&#39;</strong></span> <span class='ocrx_word' id='word_1_390' title='bbox 3201 2644 3294 2714; x_wconf 88' lang='lat' dir='ltr'><strong>qui</strong></span> <span class='ocrx_word' id='word_1_391' title='bbox 3348 2644 3590 2700; x_wconf 85' lang='lat' dir='ltr'><strong>:xtranei</strong></span> 
     </span>
    </p>
   </div>
   <div class='ocr_carea' id='block_1_57' title="bbox 2018 2736 3591 2810">
    <p class='ocr_par' dir='ltr' id='par_1_57' title="bbox 2018 2736 3591 2810">
     <span class='ocr_line' id='line_1_57' title="bbox 2018 2736 3591 2810; baseline -0.004 -14"><span class='ocrx_word' id='word_1_392' title='bbox 2018 2750 2169 2805; x_wconf 83' lang='lat' dir='ltr'><strong>sunt,</strong></span> <span class='ocrx_word' id='word_1_393' title='bbox 2225 2757 2284 2796; x_wconf 90' lang='lat' dir='ltr'><strong>se</strong></span> <span class='ocrx_word' id='word_1_394' title='bbox 2326 2741 2378 2795; x_wconf 93' lang='lat' dir='ltr'><strong>ei</strong></span> <span class='ocrx_word' id='word_1_395' title='bbox 2437 2740 2752 2810; x_wconf 84' lang='lat' dir='ltr'><strong>subjicient,</strong></span> <span class='ocrx_word' id='word_1_396' title='bbox 2803 2753 2927 2792; x_wconf 90' lang='lat' dir='ltr'><strong>cum</strong></span> <span class='ocrx_word' id='word_1_397' title='bbox 2971 2753 3116 2792; x_wconf 76' lang='lat' dir='ltr'><strong>curae</strong></span> <span class='ocrx_word' id='word_1_398' title='bbox 3154 2737 3297 2792; x_wconf 89' lang='lat' dir='ltr'><strong>illius</strong></span> <span class='ocrx_word' id='word_1_399' title='bbox 3336 2736 3591 2792; x_wconf 87' lang='lat' dir='ltr'><strong>commit-</strong></span> 
     </span>
    </p>
   </div>
   <div class='ocr_carea' id='block_1_58' title="bbox 2016 2833 2249 2887">
    <p class='ocr_par' dir='ltr' id='par_1_58' title="bbox 2016 2833 2249 2887">
     <span class='ocr_line' id='line_1_58' title="bbox 2016 2833 2249 2887; baseline -0.013 0"><span class='ocrx_word' id='word_1_400' title='bbox 2016 2840 2198 2887; x_wconf 83' lang='lat' dir='ltr'><strong>tentur</strong></span> <span class='ocrx_word' id='word_1_401' title='bbox 2227 2833 2249 2884; x_wconf 88' lang='lat'><strong>?</strong></span> 
     </span>
    </p>
   </div>
   <div class='ocr_carea' id='block_1_59' title="bbox 2627 2921 2980 2977">
    <p class='ocr_par' dir='ltr' id='par_1_59' title="bbox 2627 2921 2980 2977">
     <span class='ocr_line' id='line_1_59' title="bbox 2627 2921 2980 2977; baseline -0.003 0"><span class='ocrx_word' id='word_1_402' title='bbox 2627 2921 2854 2977; x_wconf 86' lang='lat' dir='ltr'><strong>CAPUT</strong></span> <span class='ocrx_word' id='word_1_403' title='bbox 2894 2921 2980 2976; x_wconf 91' lang='grc'><strong>111.</strong></span> 
     </span>
    </p>
   </div>
   <div class='ocr_carea' id='block_1_60' title="bbox 344 2997 1906 3087">
    <p class='ocr_par' dir='ltr' id='par_1_60' title="bbox 344 2997 1906 3067">
     <span class='ocr_line' id='line_1_60' title="bbox 344 2997 1906 3067; baseline -0.002 -13"><span class='ocrx_word' id='word_1_404' title='bbox 344 2999 483 3055; x_wconf 77' lang='grc' dir='ltr'>Τίνα</span> <span class='ocrx_word' id='word_1_405' title='bbox 525 2998 639 3067; x_wconf 78' lang='grc' dir='ltr'><strong>χρὴ</strong></span> <span class='ocrx_word' id='word_1_406' title='bbox 672 2997 1079 3067; x_wconf 68' lang='grc' dir='ltr'>ὄοκιμὰζὲσθαι</span> <span class='ocrx_word' id='word_1_407' title='bbox 1117 3000 1223 3052; x_wconf 78' lang='grc' dir='ltr'><strong>τὸν</strong></span> <span class='ocrx_word' id='word_1_408' title='bbox 1250 2999 1581 3052; x_wconf 70' lang='grc' dir='ltr'>ἐπίσκοπον</span> <span class='ocrx_word' id='word_1_409' title='bbox 1617 3012 1906 3066; x_wconf 68' lang='grc' dir='ltr'>προχειρι-</span> 
     </span>
    </p>
   </div>
   <div class='ocr_carea' id='block_1_61' title="bbox 2012 2997 3584 3087">
    <p class='ocr_par' dir='ltr' id='par_1_61' title="bbox 2012 3013 3584 3087">
     <span class='ocr_line' id='line_1_61' title="bbox 2012 3013 3584 3087; baseline -0.004 -17"><span class='ocrx_word' id='word_1_410' title='bbox 2012 3015 2077 3070; x_wconf 78' lang='lat' dir='ltr'><strong>In</strong></span> <span class='ocrx_word' id='word_1_411' title='bbox 2108 3017 2293 3087; x_wconf 81' lang='lat' dir='ltr'><strong>quibus</strong></span> <span class='ocrx_word' id='word_1_412' title='bbox 2339 3015 2749 3084; x_wconf 13' lang='lat' dir='ltr'><strong>probandtts‘sit</strong></span> <span class='ocrx_word' id='word_1_413' title='bbox 2790 3016 2880 3085; x_wconf 90' lang='lat' dir='ltr'><strong>qui</strong></span> <span class='ocrx_word' id='word_1_414' title='bbox 2922 3015 3227 3084; x_wconf 73' lang='lat' dir='ltr'><strong>designatur</strong></span> <span class='ocrx_word' id='word_1_415' title='bbox 3271 3014 3326 3067; x_wconf 80' lang='lat' dir='ltr'><strong>in</strong></span> <span class='ocrx_word' id='word_1_416' title='bbox 3381 3013 3584 3080; x_wconf 78' lang='lat' dir='ltr'><strong>episco-</strong></span> 
     </span>
    </p>
   </div>
   <div class='ocr_carea' id='block_1_62' title="bbox 1020 3093 1252 3147">
    <p class='ocr_par' dir='ltr' id='par_1_62' title="bbox 1020 3093 1252 3147">
     <span class='ocr_line' id='line_1_62' title="bbox 1020 3093 1252 3147; baseline 0.017 -4"><span class='ocrx_word' id='word_1_417' title='bbox 1020 3093 1226 3147; x_wconf 74' lang='grc' dir='ltr'>ὅμενοτ</span> <span class='ocrx_word' id='word_1_418' title='bbox 1240 3134 1252 3147; x_wconf 93' lang='grc'><strong>.</strong></span> 
     </span>
    </p>
   </div>
   <div class='ocr_carea' id='block_1_63' title="bbox 405 3089 1910 3253">
    <p class='ocr_par' dir='ltr' id='par_1_63' title="bbox 405 3089 1910 3253">
     <span class='ocr_line' id='line_1_63' title="bbox 1020 3093 1252 3147; baseline 0.017 -4"><span class='ocrx_word' id='word_1_419' title='bbox 1020 3093 1052 3143; x_wconf 84' lang='grc' dir='ltr'><em>ό</em></span> <span class='ocrx_word' id='word_1_420' title='bbox 1125 3108 1252 3147; x_wconf 77' lang='grc' dir='ltr'><strong>νοτ.</strong></span> 
     </span>
     <span class='ocr_line' id='line_1_64' title="bbox 405 3089 1910 3253; baseline -0.001 -19"><span class='ocrx_word' id='word_1_421' title='bbox 405 3183 788 3253; x_wconf 74' lang='grc' dir='ltr'>Δοκιμαζέσθω</span> <span class='ocrx_word' id='word_1_422' title='bbox 813 3179 906 3237; x_wconf 78' lang='grc' dir='ltr'>οὖν</span> <span class='ocrx_word' id='word_1_423' title='bbox 927 3224 939 3246; x_wconf 90' lang='grc'><strong>,</strong></span> <span class='ocrx_word' id='word_1_424' title='bbox 972 3089 1030 3234; x_wconf 53' lang='grc' dir='ltr'><strong>εἴ</strong></span> <span class='ocrx_word' id='word_1_425' title='bbox 1047 3109 1274 3253; x_wconf 48' lang='lat' dir='ltr'><strong>ﬁnitivi;</strong></span> <span class='ocrx_word' id='word_1_426' title='bbox 1303 3184 1419 3235; x_wconf 75' lang='grc' dir='ltr'>ἐστι</span> <span class='ocrx_word' id='word_1_427' title='bbox 1447 3184 1574 3252; x_wconf 69' lang='grc' dir='ltr'>περὶ</span> <span class='ocrx_word' id='word_1_428' title='bbox 1607 3181 1750 3251; x_wconf 87' lang='grc'>(100)</span> <span class='ocrx_word' id='word_1_429' title='bbox 1784 3180 1910 3249; x_wconf 76' lang='grc' dir='ltr'>βιω-</span> 
     </span>
    </p>
   </div>
   <div class='ocr_carea' id='block_1_64' title="bbox 2726 3101 2869 3153">
    <p class='ocr_par' dir='ltr' id='par_1_64' title="bbox 2726 3101 2869 3153">
     <span class='ocr_line' id='line_1_65' title="bbox 2726 3101 2869 3153; baseline 0.014 -17"><span class='ocrx_word' id='word_1_430' title='bbox 2726 3101 2869 3153; x_wconf 84' lang='lat' dir='ltr'><strong>pum.</strong></span> 
     </span>
    </p>
   </div>
   <div class='ocr_carea' id='block_1_65' title="bbox 2088 3158 3584 3248">
    <p class='ocr_par' dir='ltr' id='par_1_65' title="bbox 2088 3158 3584 3248">
     <span class='ocr_line' id='line_1_66' title="bbox 2088 3158 3584 3248; baseline -0.005 -14"><span class='ocrx_word' id='word_1_431' title='bbox 2088 3158 2440 3234; x_wconf 84' lang='lat' dir='ltr'><strong>Examinetur</strong></span> <span class='ocrx_word' id='word_1_432' title='bbox 2468 3195 2617 3248; x_wconf 81' lang='lat' dir='ltr'><strong>ergo,</strong></span> <span class='ocrx_word' id='word_1_433' title='bbox 2651 3194 2719 3230; x_wconf 88' lang='lat' dir='ltr'><strong>an</strong></span> <span class='ocrx_word' id='word_1_434' title='bbox 2761 3179 2813 3230; x_wconf 93' lang='lat' dir='ltr'><strong>in</strong></span> <span class='ocrx_word' id='word_1_435' title='bbox 2858 3178 2980 3231; x_wconf 77' lang='lat' dir='ltr'><strong>vita:</strong></span> <span class='ocrx_word' id='word_1_436' title='bbox 3007 3168 3198 3232; x_wconf 76' lang='lat' dir='ltr'><strong>ciliciis</strong></span> <span class='ocrx_word' id='word_1_437' title='bbox 3241 3176 3372 3231; x_wconf 88' lang='lat' dir='ltr'><strong>nulli</strong></span> <span class='ocrx_word' id='word_1_438' title='bbox 3410 3175 3584 3246; x_wconf 65' lang='lat' dir='ltr'><strong>culpa</strong></span> 
     </span>
    </p>
   </div>
   <div class='ocr_carea' id='block_1_66' title="bbox 408 3350 1906 3419">
    <p class='ocr_par' dir='ltr' id='par_1_66' title="bbox 408 3354 1906 3419">
     <span class='ocr_line' id='line_1_67' title="bbox 408 3354 1906 3419; baseline -0.001 -10"><span class='ocrx_word' id='word_1_439' title='bbox 408 3357 451 3387; x_wconf 79' lang='grc'><strong>⁸⁸</strong></span> <span class='ocrx_word' id='word_1_440' title='bbox 481 3355 668 3411; x_wconf 67' lang='lat' dir='ltr'><strong>Matth.</strong></span> <span class='ocrx_word' id='word_1_441' title='bbox 695 3373 746 3419; x_wconf 78' lang='grc' dir='ltr'><strong>ν,</strong></span> <span class='ocrx_word' id='word_1_442' title='bbox 772 3359 824 3413; x_wconf 73' lang='grc'><strong>4.</strong></span> <span class='ocrx_word' id='word_1_443' title='bbox 901 3358 943 3387; x_wconf 84' lang='grc'>”</span> <span class='ocrx_word' id='word_1_444' title='bbox 980 3356 1111 3412; x_wconf 83' lang='lat' dir='ltr'><strong>Ibid.</strong></span> <span class='ocrx_word' id='word_1_445' title='bbox 1148 3360 1197 3412; x_wconf 89' lang='lat'><strong>7.</strong></span> <span class='ocrx_word' id='word_1_446' title='bbox 1276 3359 1319 3388; x_wconf 85' lang='lat'><strong>&quot;</strong></span> <span class='ocrx_word' id='word_1_447' title='bbox 1346 3356 1480 3412; x_wconf 87' lang='lat' dir='ltr'><strong>Ibid.</strong></span> <span class='ocrx_word' id='word_1_448' title='bbox 1513 3357 1565 3410; x_wconf 90' lang='lat'><strong>8.</strong></span> <span class='ocrx_word' id='word_1_449' title='bbox 1646 3354 1728 3410; x_wconf 84' lang='lat' dir='ltr'><strong>&quot;l</strong></span> <span class='ocrx_word' id='word_1_450' title='bbox 1763 3354 1906 3409; x_wconf 88' lang='lat' dir='ltr'><strong>Tim.</strong></span> 
     </span>
    </p>
   </div>
   <div class='ocr_carea' id='block_1_67' title="bbox 2012 3350 2951 3419">
    <p class='ocr_par' dir='ltr' id='par_1_67' title="bbox 2012 3350 2951 3419">
     <span class='ocr_line' id='line_1_68' title="bbox 2012 3350 2951 3419; baseline -0.002 -11"><span class='ocrx_word' id='word_1_451' title='bbox 2012 3355 2109 3418; x_wconf 72' lang='lat'><strong>.2;</strong></span> <span class='ocrx_word' id='word_1_452' title='bbox 2142 3352 2250 3408; x_wconf 88' lang='lat' dir='ltr'><strong>Tit.</strong></span> <span class='ocrx_word' id='word_1_453' title='bbox 2290 3370 2328 3419; x_wconf 84' lang='grc' dir='ltr'><strong>ι,</strong></span> <span class='ocrx_word' id='word_1_454' title='bbox 2358 3354 2408 3406; x_wconf 88' lang='grc'><strong>7.</strong></span> <span class='ocrx_word' id='word_1_455' title='bbox 2485 3354 2527 3383; x_wconf 81' lang='grc'>³⁸</span> <span class='ocrx_word' id='word_1_456' title='bbox 2562 3350 2696 3407; x_wconf 86' lang='lat' dir='ltr'><strong>Luc.</strong></span> <span class='ocrx_word' id='word_1_457' title='bbox 2728 3367 2837 3413; x_wconf 78' lang='lat' dir='ltr'><strong>xlv,</strong></span> <span class='ocrx_word' id='word_1_458' title='bbox 2867 3354 2951 3406; x_wconf 86' lang='grc'><strong>11.</strong></span> 
     </span>
    </p>
   </div>
   <div class='ocr_carea' id='block_1_68' title="bbox 1565 3507 2203 3565">
    <p class='ocr_par' dir='ltr' id='par_1_68' title="bbox 1565 3507 2203 3565">
     <span class='ocr_line' id='line_1_69' title="bbox 1565 3507 2203 3565; baseline 0 -2"><span class='ocrx_word' id='word_1_459' title='bbox 1565 3508 1932 3565; x_wconf 63' lang='lat' dir='ltr'><strong>V’ARIORUM</strong></span> <span class='ocrx_word' id='word_1_460' title='bbox 1970 3507 2203 3563; x_wconf 70' lang='grc' dir='ltr'><strong>ΝΟΤᾹί.</strong></span> 
     </span>
    </p>
   </div>
   <div class='ocr_carea' id='block_1_69' title="bbox 428 3649 1285 3720">
    <p class='ocr_par' dir='ltr' id='par_1_69' title="bbox 428 3649 1285 3720">
     <span class='ocr_line' id='line_1_70' title="bbox 428 3649 1285 3720; baseline -0.007 -10"><span class='ocrx_word' id='word_1_461' title='bbox 428 3653 518 3720; x_wconf 82' lang='grc'><strong>95)</strong></span> <span class='ocrx_word' id='word_1_462' title='bbox 547 3651 636 3707; x_wconf 87' lang='grc' dir='ltr'><strong>Δέ.</strong></span> <span class='ocrx_word' id='word_1_463' title='bbox 674 3649 779 3705; x_wconf 84' lang='grc' dir='ltr'>Οὖν</span> <span class='ocrx_word' id='word_1_464' title='bbox 811 3651 861 3702; x_wconf 92' lang='lat' dir='ltr'><strong>in</strong></span> <span class='ocrx_word' id='word_1_465' title='bbox 902 3650 1090 3705; x_wconf 84' lang='lat' dir='ltr'><strong>altero.</strong></span> <span class='ocrx_word' id='word_1_466' title='bbox 1121 3651 1285 3704; x_wconf 65' lang='lat' dir='ltr'><strong>Cncn.</strong></span> 
     </span>
    </p>
   </div>
   <div class='ocr_carea' id='block_1_70' title="bbox 428 3716 1911 3795">
    <p class='ocr_par' dir='ltr' id='par_1_70' title="bbox 428 3716 1911 3795">
     <span class='ocr_line' id='line_1_71' title="bbox 428 3716 1911 3795; baseline -0.009 -15"><span class='ocrx_word' id='word_1_467' title='bbox 428 3716 518 3795; x_wconf 78' lang='grc'><strong>96)</strong></span> <span class='ocrx_word' id='word_1_468' title='bbox 554 3720 1219 3795; x_wconf 24' lang='grc' dir='ltr'><strong>ἘλεηρήσονταιεμΑόᾴἰι</strong></span> <span class='ocrx_word' id='word_1_469' title='bbox 1244 3728 1467 3795; x_wconf 70' lang='lat' dir='ltr'><strong>uterque</strong></span> <span class='ocrx_word' id='word_1_470' title='bbox 1501 3719 1666 3795; x_wconf 73' lang='lat' dir='ltr'><strong>codex</strong></span> <span class='ocrx_word' id='word_1_471' title='bbox 1691 3717 1828 3795; x_wconf 68' lang='grc' dir='ltr'>ξστω</span> <span class='ocrx_word' id='word_1_472' title='bbox 1856 3716 1911 3768; x_wconf 85' lang='grc' dir='ltr'><strong>δὲ</strong></span> 
     </span>
    </p>
   </div>
   <div class='ocr_carea' id='block_1_71' title="bbox 331 3786 1907 3864">
    <p class='ocr_par' dir='ltr' id='par_1_71' title="bbox 331 3786 1907 3864">
     <span class='ocr_line' id='line_1_72' title="bbox 331 3786 1907 3864; baseline -0.007 -14"><span class='ocrx_word' id='word_1_473' title='bbox 331 3786 428 3852; x_wconf 64' lang='lat' dir='ltr'><strong>sui</strong></span> <span class='ocrx_word' id='word_1_474' title='bbox 457 3786 811 3864; x_wconf 52' lang='lat' dir='ltr'><strong>ei&#39;pnvopotbc,</strong></span> <span class='ocrx_word' id='word_1_475' title='bbox 842 3791 921 3864; x_wconf 69' lang='grc' dir='ltr'><strong>ὅτι</strong></span> <span class='ocrx_word' id='word_1_476' title='bbox 957 3786 1112 3864; x_wconf 75' lang='grc' dir='ltr'>πάλιν</span> <span class='ocrx_word' id='word_1_477' title='bbox 1148 3786 1629 3864; x_wconf 14' lang='grc' dir='ltr'><strong>λέῌγειοᾲΜᾳκάριοι</strong></span> <span class='ocrx_word' id='word_1_478' title='bbox 1658 3791 1710 3840; x_wconf 80' lang='grc' dir='ltr'>οἱ</span> <span class='ocrx_word' id='word_1_479' title='bbox 1751 3789 1907 3864; x_wconf 60' lang='lat' dir='ltr'><strong>clpa-</strong></span> 
     </span>
    </p>
   </div>
   <div class='ocr_carea' id='block_1_72' title="bbox 330 3858 1903 3925">
    <p class='ocr_par' dir='ltr' id='par_1_72' title="bbox 330 3858 1903 3925">
     <span class='ocr_line' id='line_1_73' title="bbox 330 3858 1903 3925; baseline -0.006 -7"><span class='ocrx_word' id='word_1_480' title='bbox 330 3858 580 3925; x_wconf 75' lang='grc' dir='ltr'>νοποιοὶ,</span> <span class='ocrx_word' id='word_1_481' title='bbox 621 3861 709 3913; x_wconf 81' lang='grc' dir='ltr'>ὅτι</span> <span class='ocrx_word' id='word_1_482' title='bbox 737 3859 903 3913; x_wconf 73' lang='grc' dir='ltr'>αὐτοὶ</span> <span class='ocrx_word' id='word_1_483' title='bbox 931 3859 1046 3911; x_wconf 75' lang='grc' dir='ltr'><strong>υἱοὶ</strong></span> <span class='ocrx_word' id='word_1_484' title='bbox 1079 3858 1223 3911; x_wconf 83' lang='grc' dir='ltr'><strong>Θεοῦ</strong></span> <span class='ocrx_word' id='word_1_485' title='bbox 1269 3860 1674 3924; x_wconf 74' lang='grc' dir='ltr'>κληθήσονται</span> <span class='ocrx_word' id='word_1_486' title='bbox 1709 3879 1728 3908; x_wconf 86' lang='grc'><strong>.·</strong></span> <span class='ocrx_word' id='word_1_487' title='bbox 1759 3859 1826 3909; x_wconf 90' lang='lat' dir='ltr'><strong>sit</strong></span> <span class='ocrx_word' id='word_1_488' title='bbox 1855 3867 1903 3908; x_wconf 87' lang='lat' dir='ltr'><strong>et</strong></span> 
     </span>
    </p>
   </div>
   <div class='ocr_carea' id='block_1_73' title="bbox 332 3926 1905 4004">
    <p class='ocr_par' dir='ltr' id='par_1_73' title="bbox 332 3926 1905 4004">
     <span class='ocr_line' id='line_1_74' title="bbox 332 3926 1905 4004; baseline -0.007 -16"><span class='ocrx_word' id='word_1_489' title='bbox 332 3933 974 4004; x_wconf 67' lang='lat' dir='ltr'><strong>paciﬁcus,_quia_rur_sus</strong></span> <span class='ocrx_word' id='word_1_490' title='bbox 1013 3929 1137 4004; x_wconf 79' lang='lat' dir='ltr'><strong>dicit</strong></span> <span class='ocrx_word' id='word_1_491' title='bbox 1176 3926 1503 4004; x_wconf 77' lang='lat' dir='ltr'><strong>(Scriptura)</strong></span> <span class='ocrx_word' id='word_1_492' title='bbox 1534 3947 1546 3980; x_wconf 89' lang='lat'><strong>:</strong></span> <span class='ocrx_word' id='word_1_493' title='bbox 1577 3927 1730 3980; x_wconf 84' lang='lat' dir='ltr'><strong>Beati</strong></span> <span class='ocrx_word' id='word_1_494' title='bbox 1757 3928 1905 3994; x_wconf 82' lang='lat' dir='ltr'><strong>paci-</strong></span> 
     </span>
    </p>
   </div>
   <div class='ocr_carea' id='block_1_74' title="bbox 334 3997 1434 4074">
    <p class='ocr_par' dir='ltr' id='par_1_74' title="bbox 334 3997 1434 4074">
     <span class='ocr_line' id='line_1_75' title="bbox 334 3997 1434 4074; baseline 0.009 -33"><span class='ocrx_word' id='word_1_495' title='bbox 334 3997 957 4074; x_wconf 24' lang='lat' dir='ltr'><strong>ﬁci,&#39;quiqiipsiﬁliiﬁbei</strong></span> <span class='ocrx_word' id='word_1_496' title='bbox 989 3997 1434 4074; x_wconf 23' lang='lat' dir='ltr'><strong>vocabunturi‘lb.</strong></span> 
     </span>
    </p>
   </div>
   <div class='ocr_carea' id='block_1_75' title="bbox 407 4019 1898 4143">
    <p class='ocr_par' dir='ltr' id='par_1_75' title="bbox 407 4019 1898 4143">
     <span class='ocr_line' id='line_1_76' title="bbox 408 4019 1434 4125; baseline -0.005 -69"><span class='ocrx_word' id='word_1_497' title='bbox 408 4021 447 4066; x_wconf 71' lang='grc' dir='ltr'><strong>Ι,</strong></span> <span class='ocrx_word' id='word_1_498' title='bbox 469 4019 592 4125; x_wconf 52' lang='lat' dir='ltr'><strong>gata</strong></span> <span class='ocrx_word' id='word_1_499' title='bbox 621 4019 720 4069; x_wconf 67' lang='grc' dir='ltr'>ψει</span> <span class='ocrx_word' id='word_1_500' title='bbox 743 4019 841 4067; x_wconf 79' lang='lat' dir='ltr'><strong>[tm</strong></span> <span class='ocrx_word' id='word_1_501' title='bbox 864 4019 956 4050; x_wconf 80' lang='grc' dir='ltr'><strong>νει</strong></span> <span class='ocrx_word' id='word_1_502' title='bbox 989 4019 1328 4051; x_wconf 82' lang='lat' dir='ltr'><strong>vocaaumur.</strong></span> <span class='ocrx_word' id='word_1_503' title='bbox 1361 4019 1434 4051; x_wconf 77' lang='lat' dir='ltr'><strong>ID.</strong></span> 
     </span>
     <span class='ocr_line' id='line_1_77' title="bbox 407 4065 1898 4143; baseline -0.003 -22"><span class='ocrx_word' id='word_1_504' title='bbox 407 4074 462 4143; x_wconf 88' lang='lat'><strong>(9</strong></span> <span class='ocrx_word' id='word_1_505' title='bbox 503 4075 518 4139; x_wconf 87' lang='lat'><strong>)</strong></span> <span class='ocrx_word' id='word_1_506' title='bbox 567 4067 1061 4143; x_wconf 55' lang='lat' dir='ltr'><strong>Harloa._l?esunt</strong></span> <span class='ocrx_word' id='word_1_507' title='bbox 1089 4069 1180 4143; x_wconf 67' lang='grc' dir='ltr'>καὶ</span> <span class='ocrx_word' id='word_1_508' title='bbox 1209 4065 1409 4143; x_wconf 75' lang='grc' dir='ltr'>παγίδα</span> <span class='ocrx_word' id='word_1_509' title='bbox 1439 4075 1492 4121; x_wconf 92' lang='lat' dir='ltr'><strong>et</strong></span> <span class='ocrx_word' id='word_1_510' title='bbox 1514 4068 1541 4119; x_wconf 83' lang='grc' dir='ltr'>ὁ</span> <span class='ocrx_word' id='word_1_511' title='bbox 1570 4075 1695 4122; x_wconf 84' lang='lat' dir='ltr'><strong>ante</strong></span> <span class='ocrx_word' id='word_1_512' title='bbox 1729 4066 1898 4134; x_wconf 68' lang='grc' dir='ltr'>ὑψῶν,</span> 
     </span>
    </p>
   </div>
   <div class='ocr_carea' id='block_1_76' title="bbox 337 4136 1368 4208">
    <p class='ocr_par' dir='ltr' id='par_1_76' title="bbox 337 4136 1368 4208">
     <span class='ocr_line' id='line_1_78' title="bbox 337 4136 1368 4208; baseline -0.009 -10"><span class='ocrx_word' id='word_1_513' title='bbox 337 4145 392 4198; x_wconf 89' lang='lat' dir='ltr'><strong>in</strong></span> <span class='ocrx_word' id='word_1_514' title='bbox 415 4136 674 4208; x_wconf 30' lang='lat' dir='ltr'><strong>utroque;</strong></span> <span class='ocrx_word' id='word_1_515' title='bbox 700 4137 1104 4208; x_wconf 82' lang='lat' dir='ltr'><strong>Vindobonensi</strong></span> <span class='ocrx_word' id='word_1_516' title='bbox 1139 4136 1259 4208; x_wconf 71' lang='lat' dir='ltr'><strong>cod.</strong></span> <span class='ocrx_word' id='word_1_517' title='bbox 1294 4136 1368 4189; x_wconf 86' lang='lat' dir='ltr'><strong>lo.</strong></span> 
     </span>
    </p>
   </div>
   <div class='ocr_carea' id='block_1_77' title="bbox 405 4205 1898 4282">
    <p class='ocr_par' dir='ltr' id='par_1_77' title="bbox 405 4205 1898 4282">
     <span class='ocr_line' id='line_1_79' title="bbox 405 4205 1898 4282; baseline -0.007 0"><span class='ocrx_word' id='word_1_518' title='bbox 405 4211 516 4282; x_wconf 82' lang='grc'>(98)</span> <span class='ocrx_word' id='word_1_519' title='bbox 559 4205 709 4282; x_wconf 57' lang='lat' dir='ltr'><strong>Mlti?</strong></span> <span class='ocrx_word' id='word_1_520' title='bbox 740 4207 926 4282; x_wconf 53' lang='grc' dir='ltr'><strong>ἄνδρα</strong></span> <span class='ocrx_word' id='word_1_521' title='bbox 968 4205 1362 4274; x_wconf 66' lang='grc' dir='ltr'><strong>γεγενημένον</strong></span> <span class='ocrx_word' id='word_1_522' title='bbox 1403 4207 1683 4282; x_wconf 57' lang='grc' dir='ltr'><strong>γιηῖιξινξὸς</strong></span> <span class='ocrx_word' id='word_1_523' title='bbox 1717 4223 1898 4274; x_wconf 77' lang='grc' dir='ltr'>μονο-</span> 
     </span>
    </p>
   </div>
   <div class='ocr_carea' id='block_1_78' title="bbox 329 4277 1896 4352">
    <p class='ocr_par' dir='ltr' id='par_1_78' title="bbox 329 4277 1896 4352">
     <span class='ocr_line' id='line_1_80' title="bbox 329 4277 1896 4352; baseline -0.004 -18"><span class='ocrx_word' id='word_1_524' title='bbox 329 4277 540 4352; x_wconf 56' lang='grc' dir='ltr'><strong>τάλιοὺ.</strong></span> <span class='ocrx_word' id='word_1_525' title='bbox 596 4277 752 4331; x_wconf 85' lang='lat' dir='ltr'><strong>Circa</strong></span> <span class='ocrx_word' id='word_1_526' title='bbox 798 4278 1118 4352; x_wconf 83' lang='lat' dir='ltr'><strong>clericorum</strong></span> <span class='ocrx_word' id='word_1_527' title='bbox 1162 4291 1359 4352; x_wconf 57' lang='lat' dir='ltr'><strong>uirores</strong></span> <span class='ocrx_word' id='word_1_528' title='bbox 1401 4277 1554 4352; x_wconf 73' lang='lat' dir='ltr'><strong>multi</strong></span> <span class='ocrx_word' id='word_1_529' title='bbox 1595 4277 1896 4352; x_wconf 65' lang='lat' dir='ltr'><strong>loquuntur</strong></span> 
     </span>
    </p>
   </div>
   <div class='ocr_carea' id='block_1_79' title="bbox 332 4345 1894 4415">
    <p class='ocr_par' dir='ltr' id='par_1_79' title="bbox 332 4345 1894 4415">
     <span class='ocr_line' id='line_1_81' title="bbox 332 4345 1894 4415; baseline 0.001 -19"><span class='ocrx_word' id='word_1_530' title='bbox 332 4345 501 4404; x_wconf 76' lang='lat' dir='ltr'><strong>inulta</strong></span> <span class='ocrx_word' id='word_1_531' title='bbox 540 4368 550 4402; x_wconf 95' lang='lat'><strong>:</strong></span> <span class='ocrx_word' id='word_1_532' title='bbox 584 4355 684 4402; x_wconf 81' lang='lat' dir='ltr'><strong>nos</strong></span> <span class='ocrx_word' id='word_1_533' title='bbox 706 4361 920 4415; x_wconf 89' lang='lat' dir='ltr'><strong>quoque</strong></span> <span class='ocrx_word' id='word_1_534' title='bbox 944 4345 1188 4414; x_wconf 63' lang='lat' dir='ltr'><strong>quaedam</strong></span> <span class='ocrx_word' id='word_1_535' title='bbox 1215 4347 1354 4397; x_wconf 76' lang='lat' dir='ltr'><strong>intra</strong></span> <span class='ocrx_word' id='word_1_536' title='bbox 1386 4345 1650 4415; x_wconf 55' lang='lat' dir='ltr'><strong>dicemus.</strong></span> <span class='ocrx_word' id='word_1_537' title='bbox 1687 4345 1782 4398; x_wconf 87' lang='lat' dir='ltr'><strong>Hic</strong></span> <span class='ocrx_word' id='word_1_538' title='bbox 1805 4361 1894 4398; x_wconf 78' lang='lat' dir='ltr'><strong>so-</strong></span> 
     </span>
    </p>
   </div>
   <div class='ocr_carea' id='block_1_80' title="bbox 2021 3642 3572 3708">
    <p class='ocr_par' dir='ltr' id='par_1_80' title="bbox 2021 3642 3572 3708">
     <span class='ocr_line' id='line_1_82' title="bbox 2021 3642 3572 3708; baseline -0.001 -8"><span class='ocrx_word' id='word_1_539' title='bbox 2021 3661 2128 3702; x_wconf 90' lang='lat' dir='ltr'><strong>non</strong></span> <span class='ocrx_word' id='word_1_540' title='bbox 2161 3645 2279 3700; x_wconf 86' lang='lat' dir='ltr'><strong>sine</strong></span> <span class='ocrx_word' id='word_1_541' title='bbox 2310 3659 2498 3701; x_wconf 84' lang='lat' dir='ltr'><strong>errore</strong></span> <span class='ocrx_word' id='word_1_542' title='bbox 2525 3643 2868 3700; x_wconf 76' lang='lat' dir='ltr'><strong>existimasse</strong></span> <span class='ocrx_word' id='word_1_543' title='bbox 2892 3642 3109 3708; x_wconf 83' lang='lat' dir='ltr'><strong>lncuma</strong></span> <span class='ocrx_word' id='word_1_544' title='bbox 3133 3642 3326 3698; x_wconf 87' lang='lat' dir='ltr'><strong>Siricio</strong></span> <span class='ocrx_word' id='word_1_545' title='bbox 3348 3644 3572 3703; x_wconf 87' lang='lat' dir='ltr'><strong>citatum</strong></span> 
     </span>
    </p>
   </div>
   <div class='ocr_carea' id='block_1_81' title="bbox 2020 3710 3570 3783">
    <p class='ocr_par' dir='ltr' id='par_1_81' title="bbox 2020 3710 3570 3783">
     <span class='ocr_line' id='line_1_83' title="bbox 2020 3710 3570 3783; baseline 0.001 -15"><span class='ocrx_word' id='word_1_546' title='bbox 2020 3717 2296 3769; x_wconf 89' lang='lat' dir='ltr'><strong>diversum</strong></span> <span class='ocrx_word' id='word_1_547' title='bbox 2344 3730 2464 3769; x_wconf 89' lang='lat' dir='ltr'><strong>esse</strong></span> <span class='ocrx_word' id='word_1_548' title='bbox 2507 3729 2536 3767; x_wconf 91' lang='lat' dir='ltr'><strong>a</strong></span> <span class='ocrx_word' id='word_1_549' title='bbox 2575 3721 2720 3767; x_wconf 89' lang='lat' dir='ltr'><strong>textu</strong></span> <span class='ocrx_word' id='word_1_550' title='bbox 2752 3728 2847 3781; x_wconf 89' lang='lat' dir='ltr'><strong>per</strong></span> <span class='ocrx_word' id='word_1_551' title='bbox 2887 3710 3279 3783; x_wconf 87' lang='lat' dir='ltr'><strong>Tertullianum</strong></span> <span class='ocrx_word' id='word_1_552' title='bbox 3335 3715 3570 3783; x_wconf 73' lang='lat' dir='ltr'><strong>prolato.</strong></span> 
     </span>
    </p>
   </div>
   <div class='ocr_carea' id='block_1_82' title="bbox 2017 3782 3571 3853">
    <p class='ocr_par' dir='ltr' id='par_1_82' title="bbox 2017 3782 3571 3853">
     <span class='ocr_line' id='line_1_84' title="bbox 2017 3782 3571 3853; baseline 0.001 -15"><span class='ocrx_word' id='word_1_553' title='bbox 2017 3785 2357 3853; x_wconf 82' lang='lat' dir='ltr'><strong>Quapropter</strong></span> <span class='ocrx_word' id='word_1_554' title='bbox 2403 3791 2512 3837; x_wconf 91' lang='lat' dir='ltr'><strong>tota</strong></span> <span class='ocrx_word' id='word_1_555' title='bbox 2554 3783 2844 3837; x_wconf 82' lang='lat' dir='ltr'><strong>difﬁcultas</strong></span> <span class='ocrx_word' id='word_1_556' title='bbox 2889 3782 2954 3835; x_wconf 88' lang='lat' dir='ltr'><strong>ad</strong></span> <span class='ocrx_word' id='word_1_557' title='bbox 3010 3782 3352 3853; x_wconf 80' lang='lat' dir='ltr'><strong>scriptorem</strong></span> <span class='ocrx_word' id='word_1_558' title='bbox 3381 3783 3571 3840; x_wconf 83' lang='lat' dir='ltr'><strong>Afrum</strong></span> 
     </span>
    </p>
   </div>
   <div class='ocr_carea' id='block_1_83' title="bbox 2012 3852 3574 3916">
    <p class='ocr_par' dir='ltr' id='par_1_83' title="bbox 2012 3852 3574 3916">
     <span class='ocr_line' id='line_1_85' title="bbox 2012 3852 3574 3916; baseline 0.001 -8"><span class='ocrx_word' id='word_1_559' title='bbox 2012 3852 2169 3909; x_wconf 79' lang='lat' dir='ltr'><strong>redit.</strong></span> <span class='ocrx_word' id='word_1_560' title='bbox 2208 3852 2396 3909; x_wconf 86' lang='lat' dir='ltr'><strong>Visum</strong></span> <span class='ocrx_word' id='word_1_561' title='bbox 2444 3853 2701 3916; x_wconf 89' lang='lat' dir='ltr'><strong>Pamelio,</strong></span> <span class='ocrx_word' id='word_1_562' title='bbox 2737 3854 2967 3907; x_wconf 86' lang='lat' dir='ltr'><strong>adducta</strong></span> <span class='ocrx_word' id='word_1_563' title='bbox 2998 3852 3159 3905; x_wconf 91' lang='lat' dir='ltr'><strong>verba</strong></span> <span class='ocrx_word' id='word_1_564' title='bbox 3194 3868 3317 3906; x_wconf 90' lang='lat' dir='ltr'><strong>esse</strong></span> <span class='ocrx_word' id='word_1_565' title='bbox 3346 3862 3438 3908; x_wconf 91' lang='lat' dir='ltr'><strong>aut</strong></span> <span class='ocrx_word' id='word_1_566' title='bbox 3477 3856 3574 3910; x_wconf 79' lang='lat' dir='ltr'><strong>ad-</strong></span> 
     </span>
    </p>
   </div>
   <div class='ocr_carea' id='block_1_84' title="bbox 2003 3918 3574 3992">
    <p class='ocr_par' dir='ltr' id='par_1_84' title="bbox 2003 3918 3574 3992">
     <span class='ocr_line' id='line_1_86' title="bbox 2003 3918 3574 3992; baseline -0.001 -13"><span class='ocrx_word' id='word_1_567' title='bbox 2003 3925 2296 3992; x_wconf 80' lang='lat' dir='ltr'><strong>jectionem</strong></span> <span class='ocrx_word' id='word_1_568' title='bbox 2329 3925 2395 3977; x_wconf 91' lang='lat' dir='ltr'><strong>ad</strong></span> <span class='ocrx_word' id='word_1_569' title='bbox 2420 3918 2652 3992; x_wconf 55' lang='lat' dir='ltr'><strong>&#39;versum</strong></span> <span class='ocrx_word' id='word_1_570' title='bbox 2696 3922 2759 3975; x_wconf 72' lang='grc'><strong>14</strong></span> <span class='ocrx_word' id='word_1_571' title='bbox 2806 3920 3274 3992; x_wconf 48' lang='lat' dir='ltr'><strong>caprrLevitici</strong></span> <span class='ocrx_word' id='word_1_572' title='bbox 3307 3962 3321 3984; x_wconf 90' lang='lat'><strong>,</strong></span> <span class='ocrx_word' id='word_1_573' title='bbox 3366 3931 3458 3976; x_wconf 89' lang='lat' dir='ltr'><strong>aut</strong></span> <span class='ocrx_word' id='word_1_574' title='bbox 3487 3927 3574 3979; x_wconf 90' lang='lat' dir='ltr'><strong>in-</strong></span> 
     </span>
    </p>
   </div>
   <div class='ocr_carea' id='block_1_85' title="bbox 2005 3988 3570 4064">
    <p class='ocr_par' dir='ltr' id='par_1_85' title="bbox 2005 3988 3570 4064">
     <span class='ocr_line' id='line_1_87' title="bbox 2005 3988 3570 4064; baseline -0.001 -16"><span class='ocrx_word' id='word_1_575' title='bbox 2005 3988 2446 4064; x_wconf 75' lang='lat' dir='ltr'><strong>terpretationem</strong></span> <span class='ocrx_word' id='word_1_576' title='bbox 2507 3988 2982 4064; x_wconf 38' lang='lat' dir='ltr'><strong>Symmacbinvel</strong></span> <span class='ocrx_word' id='word_1_577' title='bbox 3013 3989 3422 4064; x_wconf 52' lang='lat' dir='ltr'><strong>Tlleodotionis.</strong></span> <span class='ocrx_word' id='word_1_578' title='bbox 3489 3993 3570 4051; x_wconf 84' lang='lat' dir='ltr'><strong>Ex</strong></span> 
     </span>
    </p>
   </div>
   <div class='ocr_carea' id='block_1_86' title="bbox 2004 4059 3566 4129">
    <p class='ocr_par' dir='ltr' id='par_1_86' title="bbox 2004 4059 3566 4129">
     <span class='ocr_line' id='line_1_88' title="bbox 2004 4059 3566 4129; baseline 0 -11"><span class='ocrx_word' id='word_1_579' title='bbox 2004 4059 2273 4121; x_wconf 78' lang='lat' dir='ltr'><strong>sententia</strong></span> <span class='ocrx_word' id='word_1_580' title='bbox 2324 4073 2505 4118; x_wconf 88' lang='lat' dir='ltr'><strong>autem</strong></span> <span class='ocrx_word' id='word_1_581' title='bbox 2548 4059 2772 4116; x_wconf 38' lang='lat' dir='ltr'><strong>’Seldeni</strong></span> <span class='ocrx_word' id='word_1_582' title='bbox 2816 4060 3009 4114; x_wconf 72' lang='lat' dir='ltr'><strong>Uxoris</strong></span> <span class='ocrx_word' id='word_1_583' title='bbox 3051 4059 3327 4115; x_wconf 77' lang='lat' dir='ltr'><strong>Hebraica:</strong></span> <span class='ocrx_word' id='word_1_584' title='bbox 3368 4063 3460 4116; x_wconf 91' lang='lat' dir='ltr'><strong>lib.</strong></span> <span class='ocrx_word' id='word_1_585' title='bbox 3527 4081 3566 4129; x_wconf 81' lang='grc' dir='ltr'><strong>ι,</strong></span> 
     </span>
    </p>
   </div>
   <div class='ocr_carea' id='block_1_87' title="bbox 2001 4131 3571 4203">
    <p class='ocr_par' dir='ltr' id='par_1_87' title="bbox 2001 4131 3571 4203">
     <span class='ocr_line' id='line_1_89' title="bbox 2001 4131 3571 4203; baseline 0.001 -16"><span class='ocrx_word' id='word_1_586' title='bbox 2001 4147 2123 4203; x_wconf 88' lang='lat' dir='ltr'><strong>cap.</strong></span> <span class='ocrx_word' id='word_1_587' title='bbox 2171 4134 2203 4187; x_wconf 90' lang='lat'><strong>8</strong></span> <span class='ocrx_word' id='word_1_588' title='bbox 2232 4173 2245 4193; x_wconf 91' lang='lat'><strong>.</strong></span> <span class='ocrx_word' id='word_1_589' title='bbox 2301 4133 2665 4203; x_wconf 85' lang='lat' dir='ltr'><strong>occasion_em_</strong></span> <span class='ocrx_word' id='word_1_590' title='bbox 2699 4131 3157 4203; x_wconf 75' lang='lat' dir='ltr'><strong>errandi__tribt_iit</strong></span> <span class='ocrx_word' id='word_1_591' title='bbox 3211 4131 3571 4203; x_wconf 86' lang='lat' dir='ltr'><strong>Tertulliano,’</strong></span> 
     </span>
    </p>
   </div>
   <div class='ocr_carea' id='block_1_88' title="bbox 2001 4200 3568 4274">
    <p class='ocr_par' dir='ltr' id='par_1_88' title="bbox 2001 4200 3568 4274">
     <span class='ocr_line' id='line_1_90' title="bbox 2001 4200 3568 4274; baseline 0.001 -18"><span class='ocrx_word' id='word_1_592' title='bbox 2001 4200 2148 4273; x_wconf 77' lang='lat' dir='ltr'><strong>quod</strong></span> <span class='ocrx_word' id='word_1_593' title='bbox 2204 4204 2380 4272; x_wconf 87' lang='lat' dir='ltr'><strong>capite</strong></span> <span class='ocrx_word' id='word_1_594' title='bbox 2409 4203 2502 4274; x_wconf 81' lang='lat' dir='ltr'><strong>illo</strong></span> <span class='ocrx_word' id='word_1_595' title='bbox 2546 4200 2785 4264; x_wconf 76' lang='lat' dir='ltr'><strong>bevitici,</strong></span> <span class='ocrx_word' id='word_1_596' title='bbox 2836 4201 3032 4274; x_wconf 81' lang='lat' dir='ltr'><strong>mulier</strong></span> <span class='ocrx_word' id='word_1_597' title='bbox 3061 4201 3343 4274; x_wconf 86' lang='lat' dir='ltr'><strong>si_v_e_uxor</strong></span> <span class='ocrx_word' id='word_1_598' title='bbox 3383 4200 3568 4274; x_wconf 83' lang='lat' dir='ltr'><strong>singu-</strong></span> 
     </span>
    </p>
   </div>
   <div class='ocr_carea' id='block_1_89' title="bbox 2001 4269 3566 4337">
    <p class='ocr_par' dir='ltr' id='par_1_89' title="bbox 2001 4269 3566 4337">
     <span class='ocr_line' id='line_1_91' title="bbox 2001 4269 3566 4337; baseline 0.001 -11"><span class='ocrx_word' id='word_1_599' title='bbox 2001 4269 2100 4326; x_wconf 79' lang='lat' dir='ltr'><strong>lari</strong></span> <span class='ocrx_word' id='word_1_600' title='bbox 2155 4269 2385 4327; x_wconf 84' lang='lat' dir='ltr'><strong>numero</strong></span> <span class='ocrx_word' id='word_1_601' title='bbox 2428 4272 2710 4337; x_wconf 71' lang='lat' dir='ltr'><strong>efferatur;</strong></span> <span class='ocrx_word' id='word_1_602' title='bbox 2763 4271 2903 4325; x_wconf 89' lang='lat' dir='ltr'><strong>unde</strong></span> <span class='ocrx_word' id='word_1_603' title='bbox 2939 4286 3063 4325; x_wconf 93' lang='lat' dir='ltr'><strong>cum</strong></span> <span class='ocrx_word' id='word_1_604' title='bbox 3099 4269 3309 4325; x_wconf 63' lang='lat' dir='ltr'><strong>Hebraei</strong></span> <span class='ocrx_word' id='word_1_605' title='bbox 3356 4269 3566 4328; x_wconf 71' lang='lat' dir='ltr'><strong>tantum</strong></span> 
     </span>
    </p>
   </div>
   <div class='ocr_carea' id='block_1_90' title="bbox 2000 4341 3566 4412">
    <p class='ocr_par' dir='ltr' id='par_1_90' title="bbox 2000 4341 3566 4412">
     <span class='ocr_line' id='line_1_92' title="bbox 2000 4341 3566 4412; baseline 0.001 -15"><span class='ocrx_word' id='word_1_606' title='bbox 2000 4343 2258 4412; x_wconf 90' lang='lat' dir='ltr'><strong>colligant</strong></span> <span class='ocrx_word' id='word_1_607' title='bbox 2289 4343 2394 4395; x_wconf 86' lang='lat' dir='ltr'><strong>non</strong></span> <span class='ocrx_word' id='word_1_608' title='bbox 2429 4341 2868 4412; x_wconf 79' lang='lat' dir='ltr'><strong>licere-pontiﬁci</strong></span> <span class='ocrx_word' id='word_1_609' title='bbox 2909 4343 3367 4412; x_wconf 32' lang='lat' dir='ltr'><strong>maximo‘pl&#39;ures</strong></span> <span class='ocrx_word' id='word_1_610' title='bbox 3403 4343 3566 4398; x_wconf 86' lang='lat' dir='ltr'><strong>simul</strong></span> 
     </span>
    </p>
   </div>
   <div class='ocr_carea' id='block_1_91' title="bbox 332 4408 3564 4485">
    <p class='ocr_par' dir='ltr' id='par_1_91' title="bbox 332 4408 3564 4485">
     <span class='ocr_line' id='line_1_93' title="bbox 332 4408 3564 4485; baseline -0.002 -11"><span class='ocrx_word' id='word_1_611' title='bbox 332 4419 610 4474; x_wconf 66' lang='lat' dir='ltr'><strong>tummodo</strong></span> <span class='ocrx_word' id='word_1_612' title='bbox 659 4408 1046 4485; x_wconf 75' lang='lat' dir='ltr'><strong>investiganius</strong></span> <span class='ocrx_word' id='word_1_613' title='bbox 1089 4430 1255 4485; x_wconf 90' lang='lat' dir='ltr'><strong>quare</strong></span> <span class='ocrx_word' id='word_1_614' title='bbox 1285 4412 1570 4485; x_wconf 77' lang='lat' dir='ltr'><strong>scripserit</strong></span> <span class='ocrx_word' id='word_1_615' title='bbox 1595 4414 1895 4485; x_wconf 74' lang='lat' dir='ltr'><strong>Tertullia-</strong></span> <span class='ocrx_word' id='word_1_616' title='bbox 1926 4409 1970 4461; x_wconf 86' lang='lat' dir='ltr'><strong>D</strong></span> <span class='ocrx_word' id='word_1_617' title='bbox 2000 4408 2198 4485; x_wconf 69' lang='lat' dir='ltr'><strong>habere</strong></span> <span class='ocrx_word' id='word_1_618' title='bbox 2246 4427 2465 4485; x_wconf 80' lang='lat' dir='ltr'><strong>uxores,</strong></span> <span class='ocrx_word' id='word_1_619' title='bbox 2518 4408 2901 4485; x_wconf 66' lang='lat' dir='ltr'><strong>ille-conclusit</strong></span> <span class='ocrx_word' id='word_1_620' title='bbox 2932 4408 3323 4485; x_wconf 69' lang='lat' dir='ltr'><strong>vetitas-fuisse</strong></span> <span class='ocrx_word' id='word_1_621' title='bbox 3344 4415 3564 4485; x_wconf 75' lang='lat' dir='ltr'><strong>cunctis</strong></span> 
     </span>
    </p>
   </div>
   <div class='ocr_carea' id='block_1_92' title="bbox 331 4483 1893 4552">
    <p class='ocr_par' dir='ltr' id='par_1_92' title="bbox 331 4483 1893 4552">
     <span class='ocr_line' id='line_1_94' title="bbox 331 4483 1893 4552; baseline -0.002 -9"><span class='ocrx_word' id='word_1_622' title='bbox 331 4505 438 4543; x_wconf 85' lang='lat' dir='ltr'><strong>nus</strong></span> <span class='ocrx_word' id='word_1_623' title='bbox 477 4488 552 4540; x_wconf 85' lang='lat' dir='ltr'><strong>De</strong></span> <span class='ocrx_word' id='word_1_624' title='bbox 590 4483 950 4540; x_wconf 76' lang='lat' dir='ltr'><strong>exhortatione</strong></span> <span class='ocrx_word' id='word_1_625' title='bbox 993 4484 1253 4537; x_wconf 84' lang='lat' dir='ltr'><strong>castitatis</strong></span> <span class='ocrx_word' id='word_1_626' title='bbox 1285 4499 1405 4552; x_wconf 89' lang='lat' dir='ltr'><strong>cap.</strong></span> <span class='ocrx_word' id='word_1_627' title='bbox 1458 4483 1487 4535; x_wconf 84' lang='grc'>7</span> <span class='ocrx_word' id='word_1_628' title='bbox 1521 4503 1532 4537; x_wconf 91' lang='lat'>:</span> <span class='ocrx_word' id='word_1_629' title='bbox 1570 4484 1797 4538; x_wconf 85' lang='lat' dir='ltr'><strong>Cautum</strong></span> <span class='ocrx_word' id='word_1_630' title='bbox 1840 4487 1893 4540; x_wconf 82' lang='lat' dir='ltr'><strong>in</strong></span> 
     </span>
    </p>
   </div>
   <div class='ocr_carea' id='block_1_93' title="bbox 331 4553 1890 4618">
    <p class='ocr_par' dir='ltr' id='par_1_93' title="bbox 331 4553 1890 4618">
     <span class='ocr_line' id='line_1_95' title="bbox 331 4553 1890 4618; baseline -0.003 -6"><span class='ocrx_word' id='word_1_631' title='bbox 331 4558 561 4612; x_wconf 62' lang='lat' dir='ltr'><strong>Leuitico</strong></span> <span class='ocrx_word' id='word_1_632' title='bbox 591 4573 609 4608; x_wconf 91' lang='lat'><strong><em>:</em></strong></span> <span class='ocrx_word' id='word_1_633' title='bbox 635 4555 887 4610; x_wconf 81' lang='lat' dir='ltr'><strong>Sacerdos</strong></span> <span class='ocrx_word' id='word_1_634' title='bbox 912 4555 1010 4605; x_wconf 87' lang='lat' dir='ltr'><strong>mei</strong></span> <span class='ocrx_word' id='word_1_635' title='bbox 1039 4571 1139 4607; x_wconf 86' lang='lat' dir='ltr'><strong>non</strong></span> <span class='ocrx_word' id='word_1_636' title='bbox 1168 4553 1282 4616; x_wconf 85' lang='lat' dir='ltr'><strong>plus</strong></span> <span class='ocrx_word' id='word_1_637' title='bbox 1313 4554 1534 4616; x_wconf 82' lang='lat' dir='ltr'><strong>nubunt,</strong></span> <span class='ocrx_word' id='word_1_638' title='bbox 1563 4556 1647 4608; x_wconf 88' lang='lat' dir='ltr'><strong>vel</strong></span> <span class='ocrx_word' id='word_1_639' title='bbox 1671 4553 1890 4618; x_wconf 77' lang='lat' dir='ltr'><strong>nubant,</strong></span> 
     </span>
    </p>
   </div>
   <div class='ocr_carea' id='block_1_94' title="bbox 331 4620 1894 4688">
    <p class='ocr_par' dir='ltr' id='par_1_94' title="bbox 331 4620 1894 4688">
     <span class='ocr_line' id='line_1_96' title="bbox 331 4620 1894 4688; baseline -0.005 -4"><span class='ocrx_word' id='word_1_640' title='bbox 331 4629 415 4684; x_wconf 85' lang='lat' dir='ltr'><strong>vel</strong></span> <span class='ocrx_word' id='word_1_641' title='bbox 442 4626 633 4682; x_wconf 80' lang='lat' dir='ltr'><strong>nubent</strong></span> <span class='ocrx_word' id='word_1_642' title='bbox 651 4639 670 4686; x_wconf 91' lang='lat'><strong>;</strong></span> <span class='ocrx_word' id='word_1_643' title='bbox 688 4625 727 4682; x_wconf 85' lang='lat' dir='ltr'><strong>l.</strong></span> <span class='ocrx_word' id='word_1_644' title='bbox 752 4620 824 4674; x_wconf 88' lang='lat' dir='ltr'><strong>De</strong></span> <span class='ocrx_word' id='word_1_645' title='bbox 845 4635 1075 4688; x_wconf 83' lang='lat' dir='ltr'><strong>monog.,</strong></span> <span class='ocrx_word' id='word_1_646' title='bbox 1093 4637 1142 4674; x_wconf 92' lang='lat' dir='ltr'><strong>c.</strong></span> <span class='ocrx_word' id='word_1_647' title='bbox 1161 4621 1189 4671; x_wconf 92' lang='lat'>7</span> <span class='ocrx_word' id='word_1_648' title='bbox 1215 4642 1226 4676; x_wconf 91' lang='lat'><strong>:</strong></span> <span class='ocrx_word' id='word_1_649' title='bbox 1257 4622 1502 4676; x_wconf 84' lang='lat' dir='ltr'><strong>Prohibet</strong></span> <span class='ocrx_word' id='word_1_650' title='bbox 1534 4624 1618 4676; x_wconf 76' lang='lat' dir='ltr'><strong>lea:</strong></span> <span class='ocrx_word' id='word_1_651' title='bbox 1645 4625 1894 4677; x_wconf 86' lang='lat' dir='ltr'><strong>sacerdo-</strong></span> 
     </span>
    </p>
   </div>
   <div class='ocr_carea' id='block_1_95' title="bbox 335 4691 1894 4768">
    <p class='ocr_par' dir='ltr' id='par_1_95' title="bbox 335 4691 1894 4768">
     <span class='ocr_line' id='line_1_97' title="bbox 335 4691 1894 4768; baseline -0.004 -16"><span class='ocrx_word' id='word_1_652' title='bbox 335 4708 410 4768; x_wconf 85' lang='lat' dir='ltr'><strong>tes</strong></span> <span class='ocrx_word' id='word_1_653' title='bbox 446 4697 613 4768; x_wconf 65' lang='lat' dir='ltr'><strong>denae</strong></span> <span class='ocrx_word' id='word_1_654' title='bbox 645 4693 950 4768; x_wconf 60' lang='lat' dir='ltr'><strong>npbere;_et</strong></span> <span class='ocrx_word' id='word_1_655' title='bbox 967 4691 1195 4746; x_wconf 86' lang='lat' dir='ltr'><strong>Siricius</strong></span> <span class='ocrx_word' id='word_1_656' title='bbox 1236 4694 1394 4768; x_wconf 82' lang='lat' dir='ltr'><strong>epist.</strong></span> <span class='ocrx_word' id='word_1_657' title='bbox 1440 4708 1478 4753; x_wconf 82' lang='lat' dir='ltr'><strong>l,</strong></span> <span class='ocrx_word' id='word_1_658' title='bbox 1520 4708 1640 4768; x_wconf 72' lang='lat' dir='ltr'><strong>cap.</strong></span> <span class='ocrx_word' id='word_1_659' title='bbox 1673 4693 1706 4746; x_wconf 91' lang='lat'><strong>8</strong></span> <span class='ocrx_word' id='word_1_660' title='bbox 1741 4712 1753 4746; x_wconf 88' lang='lat'><strong>:</strong></span> <span class='ocrx_word' id='word_1_661' title='bbox 1793 4692 1894 4768; x_wconf 86' lang='lat' dir='ltr'><strong>_Ubi</strong></span> 
     </span>
    </p>
   </div>
   <div class='ocr_carea' id='block_1_96' title="bbox 332 4761 1892 4833">
    <p class='ocr_par' dir='ltr' id='par_1_96' title="bbox 332 4761 1892 4833">
     <span class='ocr_line' id='line_1_98' title="bbox 332 4761 1892 4833; baseline -0.004 -11"><span class='ocrx_word' id='word_1_662' title='bbox 332 4767 467 4822; x_wconf 74' lang='lat' dir='ltr'><strong>illud</strong></span> <span class='ocrx_word' id='word_1_663' title='bbox 506 4775 618 4826; x_wconf 86' lang='lat' dir='ltr'><strong>est,</strong></span> <span class='ocrx_word' id='word_1_664' title='bbox 669 4761 805 4830; x_wconf 70' lang='lat' dir='ltr'><strong>quod</strong></span> <span class='ocrx_word' id='word_1_665' title='bbox 847 4761 983 4833; x_wconf 61' lang='lat' dir='ltr'><strong>Deus</strong></span> <span class='ocrx_word' id='word_1_666' title='bbox 1016 4773 1190 4833; x_wconf 79' lang='lat' dir='ltr'><strong>noster</strong></span> <span class='ocrx_word' id='word_1_667' title='bbox 1221 4761 1347 4814; x_wconf 82' lang='lat' dir='ltr'><strong>data</strong></span> <span class='ocrx_word' id='word_1_668' title='bbox 1384 4778 1475 4830; x_wconf 83' lang='lat' dir='ltr'><strong>per</strong></span> <span class='ocrx_word' id='word_1_669' title='bbox 1518 4761 1752 4833; x_wconf 77' lang='lat' dir='ltr'><strong>Moysem</strong></span> <span class='ocrx_word' id='word_1_670' title='bbox 1785 4764 1892 4833; x_wconf 79' lang='lat' dir='ltr'><strong>lege</strong></span> 
     </span>
    </p>
   </div>
   <div class='ocr_carea' id='block_1_97' title="bbox 333 4829 1914 4896">
    <p class='ocr_par' dir='ltr' id='par_1_97' title="bbox 333 4829 1914 4896">
     <span class='ocr_line' id='line_1_99' title="bbox 333 4829 1914 4896; baseline -0.001 -6"><span class='ocrx_word' id='word_1_671' title='bbox 333 4835 623 4896; x_wconf 80' lang='lat' dir='ltr'><strong>constituit,</strong></span> <span class='ocrx_word' id='word_1_672' title='bbox 674 4829 849 4884; x_wconf 84' lang='lat' dir='ltr'><strong>dicens</strong></span> <span class='ocrx_word' id='word_1_673' title='bbox 883 4846 902 4882; x_wconf 84' lang='lat'><strong>.&#39;</strong></span> <span class='ocrx_word' id='word_1_674' title='bbox 939 4829 1247 4884; x_wconf 82' lang='lat' dir='ltr'><strong>Sacerdotes</strong></span> <span class='ocrx_word' id='word_1_675' title='bbox 1289 4829 1389 4884; x_wconf 78' lang='lat' dir='ltr'><strong>mei</strong></span> <span class='ocrx_word' id='word_1_676' title='bbox 1426 4833 1584 4885; x_wconf 88' lang='lat' dir='ltr'><strong>semel</strong></span> <span class='ocrx_word' id='word_1_677' title='bbox 1614 4829 1914 4888; x_wconf 33' lang='lat' dir='ltr'><strong>vnubant&#39;i&quot;</strong></span> 
     </span>
    </p>
   </div>
   <div class='ocr_carea' id='block_1_98' title="bbox 336 4900 1888 4971">
    <p class='ocr_par' dir='ltr' id='par_1_98' title="bbox 336 4900 1888 4971">
     <span class='ocr_line' id='line_1_100' title="bbox 336 4900 1888 4971; baseline 0 -16"><span class='ocrx_word' id='word_1_678' title='bbox 336 4917 399 4956; x_wconf 59' lang='grc' dir='ltr'>με</span> <span class='ocrx_word' id='word_1_679' title='bbox 439 4903 786 4957; x_wconf 89' lang='lat' dir='ltr'><strong>Innocentius</strong></span> <span class='ocrx_word' id='word_1_680' title='bbox 810 4916 928 4969; x_wconf 89' lang='lat' dir='ltr'><strong>cap.</strong></span> <span class='ocrx_word' id='word_1_681' title='bbox 962 4900 1026 4960; x_wconf 87' lang='lat'><strong>6,</strong></span> <span class='ocrx_word' id='word_1_682' title='bbox 1065 4904 1226 4970; x_wconf 84' lang='lat' dir='ltr'><strong>epist.</strong></span> <span class='ocrx_word' id='word_1_683' title='bbox 1257 4901 1299 4957; x_wconf 73' lang='grc'>2,</span> <span class='ocrx_word' id='word_1_684' title='bbox 1325 4922 1336 4955; x_wconf 92' lang='lat'>:</span> <span class='ocrx_word' id='word_1_685' title='bbox 1374 4900 1482 4954; x_wconf 84' lang='lat' dir='ltr'><strong>Nec</strong></span> <span class='ocrx_word' id='word_1_686' title='bbox 1511 4904 1555 4954; x_wconf 89' lang='lat' dir='ltr'><strong>is</strong></span> <span class='ocrx_word' id='word_1_687' title='bbox 1585 4904 1674 4971; x_wconf 88' lang='lat' dir='ltr'><strong>qui</strong></span> <span class='ocrx_word' id='word_1_688' title='bbox 1702 4919 1888 4958; x_wconf 85' lang='lat' dir='ltr'><strong>secun-</strong></span> 
     </span>
    </p>
   </div>
   <div class='ocr_carea' id='block_1_99' title="bbox 329 4971 1888 5040">
    <p class='ocr_par' dir='ltr' id='par_1_99' title="bbox 329 4971 1888 5040">
     <span class='ocr_line' id='line_1_101' title="bbox 329 4971 1888 5040; baseline -0.001 -14"><span class='ocrx_word' id='word_1_689' title='bbox 329 4973 450 5040; x_wconf 69' lang='lat' dir='ltr'><strong>dam</strong></span> <span class='ocrx_word' id='word_1_690' title='bbox 479 4973 634 5025; x_wconf 75' lang='lat' dir='ltr'><strong>duxit</strong></span> <span class='ocrx_word' id='word_1_691' title='bbox 661 4986 874 5023; x_wconf 77' lang='lat' dir='ltr'><strong>uxorem</strong></span> <span class='ocrx_word' id='word_1_692' title='bbox 903 4971 1122 5040; x_wconf 74' lang='lat' dir='ltr'><strong>clericus</strong></span> <span class='ocrx_word' id='word_1_693' title='bbox 1154 4973 1287 5038; x_wconf 80' lang='lat' dir='ltr'><strong>ﬁat;</strong></span> <span class='ocrx_word' id='word_1_694' title='bbox 1327 4974 1450 5040; x_wconf 85' lang='lat' dir='ltr'><strong>quia</strong></span> <span class='ocrx_word' id='word_1_695' title='bbox 1473 4976 1723 5040; x_wconf 81' lang='lat' dir='ltr'><strong>scriptum</strong></span> <span class='ocrx_word' id='word_1_696' title='bbox 1761 4985 1835 5024; x_wconf 84' lang='lat' dir='ltr'><strong>est</strong></span> <span class='ocrx_word' id='word_1_697' title='bbox 1870 4989 1888 5024; x_wconf 89' lang='lat'><strong><em>:</em></strong></span> 
     </span>
    </p>
   </div>
   <div class='ocr_carea' id='block_1_100' title="bbox 334 5034 1891 5108">
    <p class='ocr_par' dir='ltr' id='par_1_100' title="bbox 334 5034 1891 5108">
     <span class='ocr_line' id='line_1_102' title="bbox 334 5034 1891 5108; baseline 0.001 -14"><span class='ocrx_word' id='word_1_698' title='bbox 334 5034 414 5095; x_wconf 74' lang='lat' dir='ltr'><strong>Uri</strong></span> <span class='ocrx_word' id='word_1_699' title='bbox 440 5060 499 5095; x_wconf 82' lang='lat' dir='ltr'><strong>us</strong></span> <span class='ocrx_word' id='word_1_700' title='bbox 531 5042 711 5094; x_wconf 70' lang='lat' dir='ltr'><strong>uxoris</strong></span> <span class='ocrx_word' id='word_1_701' title='bbox 739 5041 925 5093; x_wconf 73' lang='lat' dir='ltr'><strong>virum.</strong></span> <span class='ocrx_word' id='word_1_702' title='bbox 963 5039 1029 5091; x_wconf 78' lang='lat' dir='ltr'><strong>Et</strong></span> <span class='ocrx_word' id='word_1_703' title='bbox 1059 5034 1243 5094; x_wconf 74' lang='lat' dir='ltr'><strong>iterum</strong></span> <span class='ocrx_word' id='word_1_704' title='bbox 1273 5034 1348 5108; x_wconf 80' lang='lat' dir='ltr'><strong>(iri</strong></span> <span class='ocrx_word' id='word_1_705' title='bbox 1379 5034 1698 5095; x_wconf 83' lang='lat' dir='ltr'><strong>collectiOne</strong></span> <span class='ocrx_word' id='word_1_706' title='bbox 1727 5041 1891 5095; x_wconf 82' lang='lat' dir='ltr'><strong>Cres-</strong></span> 
     </span>
    </p>
   </div>
   <div class='ocr_carea' id='block_1_101' title="bbox 329 5108 1889 5232">
    <p class='ocr_par' dir='ltr' id='par_1_101' title="bbox 329 5108 1889 5232">
     <span class='ocr_line' id='line_1_103' title="bbox 329 5108 1889 5232; baseline 0 -69"><span class='ocrx_word' id='word_1_707' title='bbox 329 5114 494 5174; x_wconf 82' lang='lat' dir='ltr'><strong>mnii,</strong></span> <span class='ocrx_word' id='word_1_708' title='bbox 539 5111 691 5232; x_wconf 56' lang='lat' dir='ltr'><strong>alibi?</strong></span> <span class='ocrx_word' id='word_1_709' title='bbox 732 5129 743 5164; x_wconf 94' lang='lat'>:</span> <span class='ocrx_word' id='word_1_710' title='bbox 773 5108 1077 5162; x_wconf 80' lang='lat' dir='ltr'><strong>Sacerdotes</strong></span> <span class='ocrx_word' id='word_1_711' title='bbox 1105 5112 1204 5162; x_wconf 85' lang='lat' dir='ltr'><strong>mei</strong></span> <span class='ocrx_word' id='word_1_712' title='bbox 1225 5112 1383 5163; x_wconf 87' lang='lat' dir='ltr'><strong>semel</strong></span> <span class='ocrx_word' id='word_1_713' title='bbox 1405 5110 1621 5164; x_wconf 82' lang='lat' dir='ltr'><strong>nubant.</strong></span> <span class='ocrx_word' id='word_1_714' title='bbox 1657 5110 1725 5163; x_wconf 80' lang='lat' dir='ltr'><strong>Et</strong></span> <span class='ocrx_word' id='word_1_715' title='bbox 1761 5113 1889 5163; x_wconf 88' lang='lat' dir='ltr'><strong>alibi</strong></span> 
     </span>
     <span class='ocr_line' id='line_1_104' title="bbox 329 5179 1884 5232; baseline 0 0"><span class='ocrx_word' id='word_1_716' title='bbox 329 5182 338 5232; x_wconf 86' lang='lat' dir='ltr'><strong>l</strong></span> <span class='ocrx_word' id='word_1_717' title='bbox 364 5181 550 5232; x_wconf 83' lang='lat' dir='ltr'><strong>eadem</strong></span> <span class='ocrx_word' id='word_1_718' title='bbox 578 5181 662 5232; x_wconf 88' lang='lat' dir='ltr'><strong>col</strong></span> <span class='ocrx_word' id='word_1_719' title='bbox 687 5180 848 5232; x_wconf 88' lang='lat' dir='ltr'><strong>ectio.</strong></span> <span class='ocrx_word' id='word_1_720' title='bbox 883 5179 1092 5232; x_wconf 82' lang='lat' dir='ltr'><strong>iteruml</strong></span> <span class='ocrx_word' id='word_1_721' title='bbox 1116 5194 1136 5230; x_wconf 88' lang='lat'><strong><em>:</em></strong></span> <span class='ocrx_word' id='word_1_722' title='bbox 1167 5179 1474 5232; x_wconf 87' lang='lat' dir='ltr'><strong>Sacerdotes</strong></span> <span class='ocrx_word' id='word_1_723' title='bbox 1514 5181 1613 5232; x_wconf 86' lang='lat' dir='ltr'><strong>mei</strong></span> <span class='ocrx_word' id='word_1_724' title='bbox 1653 5197 1753 5232; x_wconf 85' lang='lat' dir='ltr'><strong>non</strong></span> <span class='ocrx_word' id='word_1_725' title='bbox 1785 5198 1884 5232; x_wconf 79' lang='lat' dir='ltr'><strong>nu-</strong></span> 
     </span>
    </p>
   </div>
   <div class='ocr_carea' id='block_1_102' title="bbox 364 5179 1884 5248">
    <p class='ocr_par' dir='ltr' id='par_1_102' title="bbox 364 5179 1884 5248">
     <span class='ocr_line' id='line_1_105' title="bbox 364 5179 1884 5248; baseline 0 -16"><span class='ocrx_word' id='word_1_726' title='bbox 364 5181 550 5234; x_wconf 84' lang='lat' dir='ltr'><strong>eadem</strong></span> <span class='ocrx_word' id='word_1_727' title='bbox 578 5179 848 5241; x_wconf 88' lang='lat' dir='ltr'><strong>collectio,</strong></span> <span class='ocrx_word' id='word_1_728' title='bbox 883 5179 1136 5248; x_wconf 84' lang='lat' dir='ltr'><strong>iterum):</strong></span> <span class='ocrx_word' id='word_1_729' title='bbox 1167 5179 1474 5234; x_wconf 87' lang='lat' dir='ltr'><strong>Sacerdotes</strong></span> <span class='ocrx_word' id='word_1_730' title='bbox 1514 5181 1613 5232; x_wconf 85' lang='lat' dir='ltr'><strong>mei</strong></span> <span class='ocrx_word' id='word_1_731' title='bbox 1653 5197 1753 5232; x_wconf 85' lang='lat' dir='ltr'><strong>non</strong></span> <span class='ocrx_word' id='word_1_732' title='bbox 1785 5198 1884 5232; x_wconf 80' lang='lat' dir='ltr'><strong>nu-</strong></span> 
     </span>
    </p>
   </div>
   <div class='ocr_carea' id='block_1_103' title="bbox 361 5248 1886 5318">
    <p class='ocr_par' dir='ltr' id='par_1_103' title="bbox 361 5248 1886 5318">
     <span class='ocr_line' id='line_1_106' title="bbox 361 5248 1886 5318; baseline 0.001 -19"><span class='ocrx_word' id='word_1_733' title='bbox 361 5260 450 5301; x_wconf 86' lang='lat' dir='ltr'><strong>ant</strong></span> <span class='ocrx_word' id='word_1_734' title='bbox 476 5251 740 5317; x_wconf 82' lang='lat' dir='ltr'><strong>amplius;</strong></span> <span class='ocrx_word' id='word_1_735' title='bbox 775 5249 936 5317; x_wconf 73' lang='lat' dir='ltr'><strong>epist.</strong></span> <span class='ocrx_word' id='word_1_736' title='bbox 972 5248 1198 5318; x_wconf 52' lang='lat' dir='ltr'><strong>vero?!)</strong></span> <span class='ocrx_word' id='word_1_737' title='bbox 1223 5289 1236 5312; x_wconf 79' lang='lat'><strong>,</strong></span> <span class='ocrx_word' id='word_1_738' title='bbox 1271 5265 1390 5318; x_wconf 89' lang='lat' dir='ltr'><strong>cap.</strong></span> <span class='ocrx_word' id='word_1_739' title='bbox 1422 5250 1454 5303; x_wconf 83' lang='lat'><strong>5</strong></span> <span class='ocrx_word' id='word_1_740' title='bbox 1483 5271 1494 5302; x_wconf 91' lang='lat'>:</span> <span class='ocrx_word' id='word_1_741' title='bbox 1520 5250 1780 5312; x_wconf 84' lang='lat' dir='ltr'><strong>Scriptum</strong></span> <span class='ocrx_word' id='word_1_742' title='bbox 1810 5262 1886 5303; x_wconf 86' lang='lat' dir='ltr'><strong>est</strong></span> 
     </span>
    </p>
   </div>
   <div class='ocr_carea' id='block_1_104' title="bbox 324 5317 1887 5388">
    <p class='ocr_par' dir='ltr' id='par_1_104' title="bbox 324 5317 1887 5388">
     <span class='ocr_line' id='line_1_107' title="bbox 324 5317 1887 5388; baseline 0.002 -20"><span class='ocrx_word' id='word_1_743' title='bbox 324 5317 376 5368; x_wconf 85' lang='lat' dir='ltr'><strong>in</strong></span> <span class='ocrx_word' id='word_1_744' title='bbox 442 5319 611 5374; x_wconf 78' lang='lat' dir='ltr'><strong>Veteri</strong></span> <span class='ocrx_word' id='word_1_745' title='bbox 654 5318 1053 5388; x_wconf 61' lang='lat' dir='ltr'><strong>Testamenta:</strong></span> <span class='ocrx_word' id='word_1_746' title='bbox 1103 5317 1347 5372; x_wconf 77' lang='lat' dir='ltr'><strong>Uxorem</strong></span> <span class='ocrx_word' id='word_1_747' title='bbox 1378 5321 1619 5388; x_wconf 81' lang='lat' dir='ltr'><strong>rirginem</strong></span> <span class='ocrx_word' id='word_1_748' title='bbox 1664 5322 1887 5387; x_wconf 86' lang='lat' dir='ltr'><strong>accipiat</strong></span> 
     </span>
    </p>
   </div>
   <div class='ocr_carea' id='block_1_105' title="bbox 324 5386 1891 5443">
    <p class='ocr_par' dir='ltr' id='par_1_105' title="bbox 324 5386 1891 5443">
     <span class='ocr_line' id='line_1_108' title="bbox 324 5386 1891 5443; baseline 0.003 -6"><span class='ocrx_word' id='word_1_749' title='bbox 324 5389 592 5443; x_wconf 88' lang='lat' dir='ltr'><strong>sacerdos.</strong></span> <span class='ocrx_word' id='word_1_750' title='bbox 641 5387 711 5440; x_wconf 79' lang='lat' dir='ltr'><strong>Et</strong></span> <span class='ocrx_word' id='word_1_751' title='bbox 756 5388 930 5440; x_wconf 87' lang='lat' dir='ltr'><strong>alibi:</strong></span> <span class='ocrx_word' id='word_1_752' title='bbox 977 5386 1281 5440; x_wconf 78' lang='lat' dir='ltr'><strong>Sacerdotes</strong></span> <span class='ocrx_word' id='word_1_753' title='bbox 1326 5391 1424 5442; x_wconf 85' lang='lat' dir='ltr'><strong>mei</strong></span> <span class='ocrx_word' id='word_1_754' title='bbox 1455 5386 1621 5442; x_wconf 74' lang='lat' dir='ltr'><strong>semel</strong></span> <span class='ocrx_word' id='word_1_755' title='bbox 1665 5386 1891 5442; x_wconf 82' lang='lat' dir='ltr'><strong>nubant:</strong></span> 
     </span>
    </p>
   </div>
   <div class='ocr_carea' id='block_1_106' title="bbox 330 5456 1882 5527">
    <p class='ocr_par' dir='ltr' id='par_1_106' title="bbox 330 5456 1882 5527">
     <span class='ocr_line' id='line_1_109' title="bbox 330 5456 1882 5527; baseline 0.003 -20"><span class='ocrx_word' id='word_1_756' title='bbox 330 5468 453 5508; x_wconf 85' lang='lat' dir='ltr'><strong>cum</strong></span> <span class='ocrx_word' id='word_1_757' title='bbox 509 5473 609 5512; x_wconf 86' lang='lat' dir='ltr'><strong>nec</strong></span> <span class='ocrx_word' id='word_1_758' title='bbox 651 5460 707 5511; x_wconf 89' lang='lat' dir='ltr'><strong>in</strong></span> <span class='ocrx_word' id='word_1_759' title='bbox 749 5456 1008 5520; x_wconf 87' lang='lat' dir='ltr'><strong>Levitico,</strong></span> <span class='ocrx_word' id='word_1_760' title='bbox 1056 5474 1154 5510; x_wconf 90' lang='lat' dir='ltr'><strong>nec</strong></span> <span class='ocrx_word' id='word_1_761' title='bbox 1189 5459 1241 5510; x_wconf 91' lang='lat' dir='ltr'><strong>in</strong></span> <span class='ocrx_word' id='word_1_762' title='bbox 1281 5467 1390 5510; x_wconf 80' lang='lat' dir='ltr'><strong>tota</strong></span> <span class='ocrx_word' id='word_1_763' title='bbox 1425 5461 1558 5527; x_wconf 78' lang='lat' dir='ltr'><strong>lege,</strong></span> <span class='ocrx_word' id='word_1_764' title='bbox 1602 5475 1700 5512; x_wconf 85' lang='lat' dir='ltr'><strong>nec</strong></span> <span class='ocrx_word' id='word_1_765' title='bbox 1729 5462 1882 5512; x_wconf 85' lang='lat' dir='ltr'><strong>ullibl</strong></span> 
     </span>
    </p>
   </div>
   <div class='ocr_carea' id='block_1_107' title="bbox 326 5527 1884 5597">
    <p class='ocr_par' dir='ltr' id='par_1_107' title="bbox 326 5527 1884 5597">
     <span class='ocr_line' id='line_1_110' title="bbox 326 5527 1884 5597; baseline 0.001 -19"><span class='ocrx_word' id='word_1_766' title='bbox 326 5527 752 5597; x_wconf 81' lang='lat' dir='ltr'><strong>Scripturarum,</strong></span> <span class='ocrx_word' id='word_1_767' title='bbox 787 5529 1060 5595; x_wconf 85' lang='lat' dir='ltr'><strong>quidpiam</strong></span> <span class='ocrx_word' id='word_1_768' title='bbox 1092 5529 1359 5596; x_wconf 88' lang='lat' dir='ltr'><strong>ejusmodi</strong></span> <span class='ocrx_word' id='word_1_769' title='bbox 1403 5529 1631 5597; x_wconf 85' lang='lat' dir='ltr'><strong>legatur.</strong></span> <span class='ocrx_word' id='word_1_770' title='bbox 1664 5527 1728 5580; x_wconf 83' lang='lat' dir='ltr'><strong>Et</strong></span> <span class='ocrx_word' id='word_1_771' title='bbox 1760 5529 1884 5597; x_wconf 88' lang='lat' dir='ltr'><strong>qui--</strong></span> 
     </span>
    </p>
   </div>
   <div class='ocr_carea' id='block_1_108' title="bbox 323 5596 1884 5667">
    <p class='ocr_par' dir='ltr' id='par_1_108' title="bbox 323 5596 1884 5667">
     <span class='ocr_line' id='line_1_111' title="bbox 323 5596 1884 5667; baseline 0.003 -22"><span class='ocrx_word' id='word_1_772' title='bbox 323 5596 466 5667; x_wconf 10' lang='lat' dir='ltr'><strong>dem!</strong></span> <span class='ocrx_word' id='word_1_773' title='bbox 490 5597 595 5651; x_wconf 87' lang='lat' dir='ltr'><strong>dici</strong></span> <span class='ocrx_word' id='word_1_774' title='bbox 621 5597 1077 5667; x_wconf 85' lang='lat' dir='ltr'><strong>potest_Siricium</strong></span> <span class='ocrx_word' id='word_1_775' title='bbox 1111 5614 1174 5651; x_wconf 76' lang='lat' dir='ltr'><strong>ex</strong></span> <span class='ocrx_word' id='word_1_776' title='bbox 1211 5596 1543 5653; x_wconf 82' lang='lat' dir='ltr'><strong>Tertulliano</strong></span> <span class='ocrx_word' id='word_1_777' title='bbox 1574 5596 1846 5666; x_wconf 87' lang='lat' dir='ltr'><strong>accepisse</strong></span> <span class='ocrx_word' id='word_1_778' title='bbox 1870 5639 1884 5661; x_wconf 96' lang='lat'><strong>,</strong></span> 
     </span>
    </p>
   </div>
   <div class='ocr_carea' id='block_1_109' title="bbox 325 5665 1885 5740">
    <p class='ocr_par' dir='ltr' id='par_1_109' title="bbox 325 5665 1885 5740">
     <span class='ocr_line' id='line_1_112' title="bbox 325 5665 1885 5740; baseline 0.001 -20"><span class='ocrx_word' id='word_1_779' title='bbox 325 5680 388 5721; x_wconf 80' lang='lat' dir='ltr'><strong>ex</strong></span> <span class='ocrx_word' id='word_1_780' title='bbox 429 5665 643 5723; x_wconf 78' lang='lat' dir='ltr'><strong>Siricto</strong></span> <span class='ocrx_word' id='word_1_781' title='bbox 689 5682 751 5721; x_wconf 82' lang='lat' dir='ltr'><strong>ac</strong></span> <span class='ocrx_word' id='word_1_782' title='bbox 795 5665 1121 5723; x_wconf 80' lang='lat' dir='ltr'><strong>Tertullianc</strong></span> <span class='ocrx_word' id='word_1_783' title='bbox 1174 5667 1585 5740; x_wconf 74' lang='lat' dir='ltr'><strong>Innocentium;</strong></span> <span class='ocrx_word' id='word_1_784' title='bbox 1636 5665 1885 5740; x_wconf 68' lang='lat' dir='ltr'><strong>hancque</strong></span> 
     </span>
    </p>
   </div>
   <div class='ocr_carea' id='block_1_110' title="bbox 1996 4480 3566 4553">
    <p class='ocr_par' dir='ltr' id='par_1_110' title="bbox 1996 4480 3566 4553">
     <span class='ocr_line' id='line_1_113' title="bbox 1996 4480 3566 4553; baseline -0.001 -16"><span class='ocrx_word' id='word_1_785' title='bbox 1996 4481 2680 4553; x_wconf 76' lang='lat' dir='ltr'><strong>sacerdotibussecundas</strong></span> <span class='ocrx_word' id='word_1_786' title='bbox 2706 4483 2945 4553; x_wconf 80' lang='lat' dir='ltr'><strong>nuptias.</strong></span> <span class='ocrx_word' id='word_1_787' title='bbox 2991 4480 3274 4553; x_wconf 83' lang='lat' dir='ltr'><strong>Addo_ego</strong></span> <span class='ocrx_word' id='word_1_788' title='bbox 3303 4481 3409 4542; x_wconf 85' lang='lat' dir='ltr'><strong>his,</strong></span> <span class='ocrx_word' id='word_1_789' title='bbox 3452 4481 3566 4537; x_wconf 81' lang='lat' dir='ltr'><strong>for-</strong></span> 
     </span>
    </p>
   </div>
   <div class='ocr_carea' id='block_1_111' title="bbox 1995 4549 3558 4620">
    <p class='ocr_par' dir='ltr' id='par_1_111' title="bbox 1995 4549 3558 4620">
     <span class='ocr_line' id='line_1_114' title="bbox 1995 4549 3558 4620; baseline 0 -14"><span class='ocrx_word' id='word_1_790' title='bbox 1995 4567 2094 4606; x_wconf 84' lang='lat' dir='ltr'><strong>san</strong></span> <span class='ocrx_word' id='word_1_791' title='bbox 2118 4550 2532 4613; x_wconf 80' lang='lat' dir='ltr'><strong>a-Tertulliano,</strong></span> <span class='ocrx_word' id='word_1_792' title='bbox 2564 4549 2680 4604; x_wconf 65' lang='lat' dir='ltr'><strong>non&#39;</strong></span> <span class='ocrx_word' id='word_1_793' title='bbox 2702 4551 2768 4604; x_wconf 89' lang='lat' dir='ltr'><strong>ad</strong></span> <span class='ocrx_word' id='word_1_794' title='bbox 2785 4549 3039 4612; x_wconf 81' lang='lat' dir='ltr'><strong>verbum,</strong></span> <span class='ocrx_word' id='word_1_795' title='bbox 3075 4549 3169 4603; x_wconf 90' lang='lat' dir='ltr'><strong>sed</strong></span> <span class='ocrx_word' id='word_1_796' title='bbox 3199 4549 3264 4604; x_wconf 83' lang='lat' dir='ltr'><strong>ex</strong></span> <span class='ocrx_word' id='word_1_797' title='bbox 3297 4566 3558 4620; x_wconf 73' lang='lat' dir='ltr'><strong>praesum-</strong></span> 
     </span>
    </p>
   </div>
   <div class='ocr_carea' id='block_1_112' title="bbox 1994 4620 3558 4691">
    <p class='ocr_par' dir='ltr' id='par_1_112' title="bbox 1994 4620 3558 4691">
     <span class='ocr_line' id='line_1_115' title="bbox 1994 4620 3558 4691; baseline 0 -16"><span class='ocrx_word' id='word_1_798' title='bbox 1994 4631 2089 4690; x_wconf 85' lang='lat' dir='ltr'><strong>pto</strong></span> <span class='ocrx_word' id='word_1_799' title='bbox 2119 4637 2281 4691; x_wconf 73' lang='lat' dir='ltr'><strong>sensu</strong></span> <span class='ocrx_word' id='word_1_800' title='bbox 2315 4621 2614 4674; x_wconf 88' lang='lat' dir='ltr'><strong>Leviticum</strong></span> <span class='ocrx_word' id='word_1_801' title='bbox 2653 4620 2847 4691; x_wconf 84' lang='lat' dir='ltr'><strong>librum</strong></span> <span class='ocrx_word' id='word_1_802' title='bbox 2879 4621 3174 4691; x_wconf 10' lang='lat' dir='ltr'><strong>itaicitari;</strong></span> <span class='ocrx_word' id='word_1_803' title='bbox 3213 4621 3295 4691; x_wconf 82' lang='lat' dir='ltr'><strong>vel</strong></span> <span class='ocrx_word' id='word_1_804' title='bbox 3325 4621 3454 4691; x_wconf 89' lang='lat' dir='ltr'><strong>quia</strong></span> <span class='ocrx_word' id='word_1_805' title='bbox 3481 4622 3558 4676; x_wconf 90' lang='lat' dir='ltr'><strong>le-</strong></span> 
     </span>
    </p>
   </div>
   <div class='ocr_carea' id='block_1_113' title="bbox 1994 4685 3560 4760">
    <p class='ocr_par' dir='ltr' id='par_1_113' title="bbox 1994 4685 3560 4760">
     <span class='ocr_line' id='line_1_116' title="bbox 1994 4685 3560 4760; baseline -0.001 -14"><span class='ocrx_word' id='word_1_806' title='bbox 1994 4685 2176 4760; x_wconf 73' lang='lat' dir='ltr'><strong>gebat,</strong></span> <span class='ocrx_word' id='word_1_807' title='bbox 2217 4685 2368 4754; x_wconf 79' lang='grc' dir='ltr'>οὗτος</span> <span class='ocrx_word' id='word_1_808' title='bbox 2397 4695 2627 4758; x_wconf 88' lang='grc' dir='ltr'>γυναῖκα</span> <span class='ocrx_word' id='word_1_809' title='bbox 2663 4689 2930 4760; x_wconf 82' lang='grc' dir='ltr'>παρθένος</span> <span class='ocrx_word' id='word_1_810' title='bbox 2961 4690 3023 4742; x_wconf 79' lang='grc' dir='ltr'>ὲκ</span> <span class='ocrx_word' id='word_1_811' title='bbox 3054 4688 3147 4760; x_wconf 68' lang='grc' dir='ltr'>τοῦ</span> <span class='ocrx_word' id='word_1_812' title='bbox 3176 4685 3364 4757; x_wconf 75' lang='grc' dir='ltr'>γένους</span> <span class='ocrx_word' id='word_1_813' title='bbox 3395 4692 3560 4744; x_wconf 77' lang='grc' dir='ltr'>αὑτοῦ</span> 
     </span>
    </p>
   </div>
   <div class='ocr_carea' id='block_1_114' title="bbox 1992 4758 3565 4832">
    <p class='ocr_par' dir='ltr' id='par_1_114' title="bbox 1992 4758 3565 4832">
     <span class='ocr_line' id='line_1_117' title="bbox 1992 4758 3565 4832; baseline 0.001 -19"><span class='ocrx_word' id='word_1_814' title='bbox 1992 4758 2238 4832; x_wconf 75' lang='grc' dir='ltr'>λήψεται,</span> <span class='ocrx_word' id='word_1_815' title='bbox 2271 4774 2369 4832; x_wconf 89' lang='lat' dir='ltr'><strong>pro</strong></span> <span class='ocrx_word' id='word_1_816' title='bbox 2397 4760 2684 4832; x_wconf 83' lang='grc' dir='ltr'>παρθένον,</span> <span class='ocrx_word' id='word_1_817' title='bbox 2715 4758 3152 4832; x_wconf 26' lang='grc' dir='ltr'><strong>Ιᾼενίιηχιλιδίό,</strong></span> <span class='ocrx_word' id='word_1_818' title='bbox 3181 4769 3272 4812; x_wconf 88' lang='lat' dir='ltr'><strong>aut</strong></span> <span class='ocrx_word' id='word_1_819' title='bbox 3293 4761 3417 4832; x_wconf 83' lang='lat' dir='ltr'><strong>quia</strong></span> <span class='ocrx_word' id='word_1_820' title='bbox 3443 4778 3565 4832; x_wconf 15' lang='lat' dir='ltr'><strong>rver-</strong></span> 
     </span>
    </p>
   </div>
   <div class='ocr_carea' id='block_1_115' title="bbox 1991 4829 3558 4899">
    <p class='ocr_par' dir='ltr' id='par_1_115' title="bbox 1991 4829 3558 4899">
     <span class='ocr_line' id='line_1_118' title="bbox 1991 4829 3558 4899; baseline 0.001 -14"><span class='ocrx_word' id='word_1_821' title='bbox 1991 4829 2057 4885; x_wconf 83' lang='lat' dir='ltr'><strong>su</strong></span> <span class='ocrx_word' id='word_1_822' title='bbox 2085 4832 2172 4894; x_wconf 84' lang='lat' dir='ltr'><strong>l5,</strong></span> <span class='ocrx_word' id='word_1_823' title='bbox 2208 4829 2456 4884; x_wconf 80' lang='lat' dir='ltr'><strong>nonnihil</strong></span> <span class='ocrx_word' id='word_1_824' title='bbox 2480 4829 2754 4899; x_wconf 83' lang='lat' dir='ltr'><strong>repererat</strong></span> <span class='ocrx_word' id='word_1_825' title='bbox 2782 4830 2958 4882; x_wconf 91' lang='lat' dir='ltr'><strong>simile</strong></span> <span class='ocrx_word' id='word_1_826' title='bbox 2981 4829 3054 4882; x_wconf 83' lang='lat' dir='ltr'><strong>illi</strong></span> <span class='ocrx_word' id='word_1_827' title='bbox 3075 4845 3137 4883; x_wconf 92' lang='lat' dir='ltr'><strong>ex</strong></span> <span class='ocrx_word' id='word_1_828' title='bbox 3158 4845 3266 4897; x_wconf 83' lang='lat' dir='ltr'><strong>quo</strong></span> <span class='ocrx_word' id='word_1_829' title='bbox 3291 4831 3558 4887; x_wconf 40' lang='lat' dir='ltr'><strong>A‘rabicus</strong></span> 
     </span>
    </p>
   </div>
   <div class='ocr_carea' id='block_1_116' title="bbox 1995 4899 3557 4971">
    <p class='ocr_par' dir='ltr' id='par_1_116' title="bbox 1995 4899 3557 4971">
     <span class='ocr_line' id='line_1_119' title="bbox 1995 4899 3557 4971; baseline -0.002 -15"><span class='ocrx_word' id='word_1_830' title='bbox 1995 4901 2427 4971; x_wconf 16' lang='lat' dir='ltr'><strong>interpreshl&#39;ecit</strong></span> <span class='ocrx_word' id='word_1_831' title='bbox 2482 4919 2494 4955; x_wconf 91' lang='lat'><strong>:</strong></span> <span class='ocrx_word' id='word_1_832' title='bbox 2525 4900 2608 4971; x_wconf 75' lang='lat' dir='ltr'><strong>Et</strong></span> <span class='ocrx_word' id='word_1_833' title='bbox 2648 4914 2733 4950; x_wconf 78' lang='grc' dir='ltr'><strong>ηε·</strong></span> <span class='ocrx_word' id='word_1_834' title='bbox 2755 4899 2996 4971; x_wconf 64' lang='lat' dir='ltr'><strong>profapct</strong></span> <span class='ocrx_word' id='word_1_835' title='bbox 3038 4901 3250 4971; x_wconf 82' lang='lat' dir='ltr'><strong>stirpem</strong></span> <span class='ocrx_word' id='word_1_836' title='bbox 3281 4916 3430 4952; x_wconf 88' lang='lat' dir='ltr'><strong>suam</strong></span> <span class='ocrx_word' id='word_1_837' title='bbox 3462 4917 3557 4968; x_wconf 82' lang='lat' dir='ltr'><strong>per</strong></span> 
     </span>
    </p>
   </div>
   <div class='ocr_carea' id='block_1_117' title="bbox 1991 4967 3554 5040">
    <p class='ocr_par' dir='ltr' id='par_1_117' title="bbox 1991 4967 3554 5040">
     <span class='ocr_line' id='line_1_120' title="bbox 1991 4967 3554 5040; baseline 0.001 -16"><span class='ocrx_word' id='word_1_838' title='bbox 1991 4967 2156 5024; x_wconf 70' lang='lat' dir='ltr'><strong>aliani</strong></span> <span class='ocrx_word' id='word_1_839' title='bbox 2175 4969 2456 5024; x_wconf 84' lang='lat' dir='ltr'><strong>mulierem</strong></span> <span class='ocrx_word' id='word_1_840' title='bbox 2498 4969 2561 5023; x_wconf 89' lang='lat' dir='ltr'><strong>de</strong></span> <span class='ocrx_word' id='word_1_841' title='bbox 2597 4967 2998 5040; x_wconf 15' lang='lat' dir='ltr'><strong>genter-suaJel</strong></span> <span class='ocrx_word' id='word_1_842' title='bbox 3028 4969 3262 5040; x_wconf 86' lang='lat' dir='ltr'><strong>denique</strong></span> <span class='ocrx_word' id='word_1_843' title='bbox 3295 4967 3554 5039; x_wconf 89' lang='lat' dir='ltr'><strong>quoniam</strong></span> 
     </span>
    </p>
   </div>
   <div class='ocr_carea' id='block_1_118' title="bbox 1990 5039 3550 5110">
    <p class='ocr_par' dir='ltr' id='par_1_118' title="bbox 1990 5039 3550 5110">
     <span class='ocr_line' id='line_1_121' title="bbox 1990 5039 3550 5110; baseline 0.001 -16"><span class='ocrx_word' id='word_1_844' title='bbox 1990 5041 2219 5109; x_wconf 76' lang='lat' dir='ltr'><strong>putavit</strong></span> <span class='ocrx_word' id='word_1_845' title='bbox 2243 5040 2556 5110; x_wconf 89' lang='lat' dir='ltr'><strong>virginitate</strong></span> <span class='ocrx_word' id='word_1_846' title='bbox 2607 5039 2792 5092; x_wconf 78' lang='lat' dir='ltr'><strong>uxoris</strong></span> <span class='ocrx_word' id='word_1_847' title='bbox 2827 5040 3039 5093; x_wconf 87' lang='lat' dir='ltr'><strong>ostendi</strong></span> <span class='ocrx_word' id='word_1_848' title='bbox 3071 5039 3311 5109; x_wconf 82' lang='grc' dir='ltr'>ἀγαμίαν</span> <span class='ocrx_word' id='word_1_849' title='bbox 3347 5041 3550 5095; x_wconf 86' lang='lat' dir='ltr'><strong>mariti.</strong></span> 
     </span>
    </p>
   </div>
   <div class='ocr_carea' id='block_1_119' title="bbox 1988 5111 2120 5166">
    <p class='ocr_par' dir='ltr' id='par_1_119' title="bbox 1988 5111 2120 5166">
     <span class='ocr_line' id='line_1_122' title="bbox 1988 5111 2120 5166; baseline 0.023 -3"><span class='ocrx_word' id='word_1_850' title='bbox 1988 5111 2120 5166; x_wconf 73' lang='lat' dir='ltr'><strong>Cos.</strong></span> 
     </span>
    </p>
   </div>
   <div class='ocr_carea' id='block_1_120' title="bbox 2060 5177 3549 5250">
    <p class='ocr_par' dir='ltr' id='par_1_120' title="bbox 2060 5177 3549 5250">
     <span class='ocr_line' id='line_1_123' title="bbox 2060 5177 3549 5250; baseline 0.006 -24"><span class='ocrx_word' id='word_1_851' title='bbox 2060 5181 2173 5250; x_wconf 67' lang='lat'><strong>(99)</strong></span> <span class='ocrx_word' id='word_1_852' title='bbox 2209 5179 2582 5248; x_wconf 79' lang='grc' dir='ltr'>Μονογάμου.</span> <span class='ocrx_word' id='word_1_853' title='bbox 2629 5178 2724 5234; x_wconf 86' lang='lat' dir='ltr'><strong>Est</strong></span> <span class='ocrx_word' id='word_1_854' title='bbox 2770 5179 2822 5232; x_wconf 90' lang='lat' dir='ltr'><strong>in</strong></span> <span class='ocrx_word' id='word_1_855' title='bbox 2871 5183 3041 5250; x_wconf 85' lang='lat' dir='ltr'><strong>altero</strong></span> <span class='ocrx_word' id='word_1_856' title='bbox 3070 5177 3549 5250; x_wconf 82' lang='lat' dir='ltr'><strong>cod.__Vindobon.</strong></span> 
     </span>
    </p>
   </div>
   <div class='ocr_carea' id='block_1_121' title="bbox 1991 5246 3553 5320">
    <p class='ocr_par' dir='ltr' id='par_1_121' title="bbox 1991 5246 3553 5320">
     <span class='ocr_line' id='line_1_124' title="bbox 1991 5246 3553 5320; baseline 0 -18"><span class='ocrx_word' id='word_1_857' title='bbox 1991 5246 2316 5320; x_wconf 73' lang='grc' dir='ltr'>μονόγαμον,</span> <span class='ocrx_word' id='word_1_858' title='bbox 2349 5250 2420 5301; x_wconf 91' lang='lat' dir='ltr'><strong>ita</strong></span> <span class='ocrx_word' id='word_1_859' title='bbox 2446 5246 2512 5302; x_wconf 85' lang='lat' dir='ltr'><strong>ut</strong></span> <span class='ocrx_word' id='word_1_860' title='bbox 2557 5249 2826 5320; x_wconf 84' lang='lat' dir='ltr'><strong>releratur</strong></span> <span class='ocrx_word' id='word_1_861' title='bbox 2848 5249 2921 5320; x_wconf 85' lang='lat' dir='ltr'><strong>ad</strong></span> <span class='ocrx_word' id='word_1_862' title='bbox 2953 5246 3410 5320; x_wconf 66' lang='lat' dir='ltr'><strong>virum_.Yulgata</strong></span> <span class='ocrx_word' id='word_1_863' title='bbox 3444 5249 3553 5303; x_wconf 88' lang='lat' dir='ltr'><strong>lec-</strong></span> 
     </span>
    </p>
   </div>
   <div class='ocr_carea' id='block_1_122' title="bbox 1988 5317 3548 5387">
    <p class='ocr_par' dir='ltr' id='par_1_122' title="bbox 1988 5317 3548 5387">
     <span class='ocr_line' id='line_1_125' title="bbox 1988 5317 3548 5387; baseline 0 -15"><span class='ocrx_word' id='word_1_864' title='bbox 1988 5317 2063 5373; x_wconf 83' lang='lat' dir='ltr'><strong>tio</strong></span> <span class='ocrx_word' id='word_1_865' title='bbox 2096 5317 2160 5373; x_wconf 82' lang='lat' dir='ltr'><strong>ad</strong></span> <span class='ocrx_word' id='word_1_866' title='bbox 2191 5317 2471 5373; x_wconf 82' lang='lat' dir='ltr'><strong>mulierem</strong></span> <span class='ocrx_word' id='word_1_867' title='bbox 2505 5319 2690 5384; x_wconf 79' lang='lat' dir='ltr'><strong>refert,</strong></span> <span class='ocrx_word' id='word_1_868' title='bbox 2717 5319 2860 5387; x_wconf 92' lang='lat' dir='ltr'><strong>quod</strong></span> <span class='ocrx_word' id='word_1_869' title='bbox 2890 5318 3084 5373; x_wconf 85' lang='lat' dir='ltr'><strong>satius.</strong></span> <span class='ocrx_word' id='word_1_870' title='bbox 3116 5317 3378 5372; x_wconf 80' lang='lat' dir='ltr'><strong>Videntur</strong></span> <span class='ocrx_word' id='word_1_871' title='bbox 3404 5320 3548 5373; x_wconf 90' lang='lat' dir='ltr'><strong>enim</strong></span> 
     </span>
    </p>
   </div>
   <div class='ocr_carea' id='block_1_123' title="bbox 1987 5387 3547 5459">
    <p class='ocr_par' dir='ltr' id='par_1_123' title="bbox 1987 5387 3547 5459">
     <span class='ocr_line' id='line_1_126' title="bbox 1987 5387 3547 5459; baseline -0.003 -15"><span class='ocrx_word' id='word_1_872' title='bbox 1987 5391 2263 5459; x_wconf 86' lang='lat' dir='ltr'><strong>personati</strong></span> <span class='ocrx_word' id='word_1_873' title='bbox 2300 5389 2531 5456; x_wconf 87' lang='lat' dir='ltr'><strong>apostoli</strong></span> <span class='ocrx_word' id='word_1_874' title='bbox 2555 5390 2772 5458; x_wconf 87' lang='lat' dir='ltr'><strong>exigere</strong></span> <span class='ocrx_word' id='word_1_875' title='bbox 2794 5390 2862 5442; x_wconf 89' lang='lat' dir='ltr'><strong>ab</strong></span> <span class='ocrx_word' id='word_1_876' title='bbox 2901 5387 3154 5459; x_wconf 77' lang='lat' dir='ltr'><strong>episcopo</strong></span> <span class='ocrx_word' id='word_1_877' title='bbox 3198 5404 3304 5442; x_wconf 92' lang='lat' dir='ltr'><strong>non</strong></span> <span class='ocrx_word' id='word_1_878' title='bbox 3337 5396 3547 5441; x_wconf 78' lang='lat' dir='ltr'><strong>tantum</strong></span> 
     </span>
    </p>
   </div>
   <div class='ocr_carea' id='block_1_124' title="bbox 1990 5456 3547 5526">
    <p class='ocr_par' dir='ltr' id='par_1_124' title="bbox 1990 5456 3547 5526">
     <span class='ocr_line' id='line_1_127' title="bbox 1990 5456 3547 5526; baseline 0 -16"><span class='ocrx_word' id='word_1_879' title='bbox 1990 5456 2045 5511; x_wconf 78' lang='lat' dir='ltr'><strong>ut</strong></span> <span class='ocrx_word' id='word_1_880' title='bbox 2074 5459 2342 5512; x_wconf 88' lang='lat' dir='ltr'><strong>abstineat</strong></span> <span class='ocrx_word' id='word_1_881' title='bbox 2373 5460 2612 5512; x_wconf 89' lang='lat' dir='ltr'><strong>secundo</strong></span> <span class='ocrx_word' id='word_1_882' title='bbox 2640 5456 2917 5526; x_wconf 74' lang='lat' dir='ltr'><strong>conjugio,</strong></span> <span class='ocrx_word' id='word_1_883' title='bbox 2949 5456 3042 5511; x_wconf 83' lang='lat' dir='ltr'><strong>sed</strong></span> <span class='ocrx_word' id='word_1_884' title='bbox 3072 5473 3140 5511; x_wconf 90' lang='lat' dir='ltr'><strong>ne</strong></span> <span class='ocrx_word' id='word_1_885' title='bbox 3161 5473 3283 5510; x_wconf 91' lang='lat' dir='ltr'><strong>cum</strong></span> <span class='ocrx_word' id='word_1_886' title='bbox 3315 5460 3547 5526; x_wconf 91' lang='lat' dir='ltr'><strong>primum</strong></span> 
     </span>
    </p>
   </div>
   <div class='ocr_carea' id='block_1_125' title="bbox 1988 5527 3549 5596">
    <p class='ocr_par' dir='ltr' id='par_1_125' title="bbox 1988 5527 3549 5596">
     <span class='ocr_line' id='line_1_128' title="bbox 1988 5527 3549 5596; baseline -0.002 -15"><span class='ocrx_word' id='word_1_887' title='bbox 1988 5544 2208 5581; x_wconf 84' lang='lat' dir='ltr'><strong>uxorem</strong></span> <span class='ocrx_word' id='word_1_888' title='bbox 2256 5529 2426 5589; x_wconf 88' lang='lat' dir='ltr'><strong>ducit,</strong></span> <span class='ocrx_word' id='word_1_889' title='bbox 2458 5529 2674 5581; x_wconf 86' lang='lat' dir='ltr'><strong>viduam</strong></span> <span class='ocrx_word' id='word_1_890' title='bbox 2725 5531 2909 5592; x_wconf 87' lang='lat' dir='ltr'><strong>ducat,</strong></span> <span class='ocrx_word' id='word_1_891' title='bbox 2953 5527 3095 5596; x_wconf 89' lang='lat' dir='ltr'><strong>quod</strong></span> <span class='ocrx_word' id='word_1_892' title='bbox 3142 5528 3388 5580; x_wconf 82' lang='lat' dir='ltr'><strong>illicitum</strong></span> <span class='ocrx_word' id='word_1_893' title='bbox 3433 5535 3549 5579; x_wconf 87' lang='lat' dir='ltr'><strong>erat</strong></span> 
     </span>
    </p>
   </div>
   <div class='ocr_carea' id='block_1_126' title="bbox 1989 5599 2882 5668">
    <p class='ocr_par' dir='ltr' id='par_1_126' title="bbox 1989 5599 2882 5668">
     <span class='ocr_line' id='line_1_129' title="bbox 1989 5599 2882 5668; baseline -0.003 -14"><span class='ocrx_word' id='word_1_894' title='bbox 1989 5599 2379 5660; x_wconf 85' lang='lat' dir='ltr'><strong>sacerdotibus,</strong></span> <span class='ocrx_word' id='word_1_895' title='bbox 2409 5599 2512 5668; x_wconf 64' lang='lat' dir='ltr'><strong>sub</strong></span> <span class='ocrx_word' id='word_1_896' title='bbox 2544 5602 2676 5668; x_wconf 80' lang='lat' dir='ltr'><strong>lege.</strong></span> <span class='ocrx_word' id='word_1_897' title='bbox 2708 5599 2882 5668; x_wconf 12' lang='lat' dir='ltr'><strong>Vilica.</strong></span> 
     </span>
    </p>
   </div>
   <div class='ocr_carea' id='block_1_127' title="bbox 2057 5665 3544 5739">
    <p class='ocr_par' dir='ltr' id='par_1_127' title="bbox 2057 5665 3544 5739">
     <span class='ocr_line' id='line_1_130' title="bbox 2057 5665 3544 5739; baseline 0.001 -18"><span class='ocrx_word' id='word_1_898' title='bbox 2057 5669 2204 5739; x_wconf 84' lang='grc'>(100)</span> <span class='ocrx_word' id='word_1_899' title='bbox 2225 5670 2380 5737; x_wconf 66' lang='grc' dir='ltr'>Περί.</span> <span class='ocrx_word' id='word_1_900' title='bbox 2407 5666 2559 5723; x_wconf 86' lang='lat' dir='ltr'><strong>Unus</strong></span> <span class='ocrx_word' id='word_1_901' title='bbox 2585 5665 2742 5724; x_wconf 73' lang='lat' dir='ltr'><strong>codd.</strong></span> <span class='ocrx_word' id='word_1_902' title='bbox 2777 5667 2926 5739; x_wconf 76' lang='grc' dir='ltr'>παρὰ</span> <span class='ocrx_word' id='word_1_903' title='bbox 2954 5668 3071 5732; x_wconf 83' lang='grc' dir='ltr'>τάς,</span> <span class='ocrx_word' id='word_1_904' title='bbox 3091 5667 3269 5722; x_wconf 74' lang='lat' dir='ltr'><strong>minus</strong></span> <span class='ocrx_word' id='word_1_905' title='bbox 3289 5667 3445 5722; x_wconf 80' lang='lat' dir='ltr'><strong>bene.</strong></span> <span class='ocrx_word' id='word_1_906' title='bbox 3470 5665 3544 5722; x_wconf 84' lang='lat' dir='ltr'><strong>ID.</strong></span> 
     </span>
    </p>
   </div>
  </div>
