4102 6318
111 366 228 422 ωε

1046 355 1650 419 CONSTITUTIONES
1682 324 2366 414 aromatum—us.
2402 355 2465 412 ιι.

3279 355 3386 410 606

111 477 259 537 Θεοῦ
291 477 496 550 ἧρξατο
544 476 757 549 πρῶτον
786 477 976 538 ποιεῖν,
1016 477 1110 528 και⁵
1138 474 1270 528 τότε
1317 472 1602 526 διδάσκειν·
1636 472 1710 536 ὥς

1816 471 2077 528 Dominus
2118 481 2173 526 et
2214 472 2406 554 doctor
2464 477 2652 526 noster
2694 469 2854 525 Jesus
2895 469 3176 535 Christus,
3211 468 3384 526 Filius

112 588 221 624 που
269 570 418 638 λέγει
468 569 578 639 (15)
610 570 638 622 6
685 569 914 630 Λουκᾶς·
968 586 986 618 ι
1025 563 1126 619 Ὦν
1180 565 1382 636 ἦρξατο
1430 567 1458 617 6
1507 564 1713 634 Ἰησοῦς

113 667 300 716 ποιεῖν
340 663 433 715 καὶ
468 660 786 713 διδάσκειν.»
825 659 914 712 Διό
944 674 1124 729 φησιν·
1168 675 1186 707 ι
1221 658 1315 719 Ὃς
1334 655 1376 708 δ’
1411 656 1475 708 ἂν
1510 657 1709 726 ποιήσῃ

113 756 214 806 κει.)⁵
255 752 465 823 διδάξῃ,
498 746 654 814 οὗτος
703 750 874 821 μέγας
918 750 1246 820 κληθήσεται
1276 751 1334 800 ἐν
1365 752 1430 819 τῇ
1469 748 1712 819 βασιλείᾳ

111 845 235 898 10'3-
258 845 416 904 Θεοῦ.
445 863 463 896 ι
498 842 878 914 Σκοποὺς-γάρ
909 838 1045 895 εἶναι
1082 841 1163 894 δεῖ
1197 842 1340 910 ὑμᾶς
1360 841 1437 910 τῷ
1458 841 1570 911 λαῷ
1589 843 1712 904 τοὺς

115 922 480 1001 ἐπισκόπους,
501 938 583 989 ὃτι
616 935 709 988 καὶ
743 935 898 1006 ὑμεῖς
933 934 1134 987 σκοπὸν
1154 933 1305 1003 ἔχετε
1337 934 1427 987 τὸν
1454 935 1707 1004 Χριστόν.

116 1030 234 1083 Καὶ
282 1031 443 1100 ὑμεῖς
481 1023 574 1081 οὖν
602 1026 816 1094 γίνεσθε
863 1025 1057 1078 σκοποὶ
1093 1023 1289 1092 ἀγαθοὶ
1333 1025 1411 1095 τῷ
1458 1024 1572 1096 λαῷ
1616 1025 1710 1077 τοῦ

117 1121 282 1173 Θεοῦ“
326 1122 408 1173 ὅτι
441 1119 586 1186 λέγει
619 1117 819 1188 Κύριος
853 1115 941 1170 διὰ
975 1114 1077 1169 ιτοῦ
1127 1115 1378 1188 Ἰεζεκιὴλ
1413 1116 1549 1188 πρὸς
1584 1117 1712 1169 ικα-

121 1228 250 1265 στον
282 1211 435 1281 ὑμῶν
464 1209 705 1280 φάσκωνθ
737 1223 762 1258 δι
788 1209 883 1260 Υἱὲ
910 1207 1218 1279 ἀνθρώπου,
1258 1208 1456 1260 σκοπὸν
1483 1208 1713 1260 δέδωκά

121 1321 183 1356 σε
231 1302 313 1373 τῷ
357 1302 490 1372 οἴκῳ
541 1299 771 1372 Ἰσραὴλ,
810 1300 904 1352 καὶ
949 1299 1155 1370 ἀκούσῃ
1183 1300 1260 1370 ,ἐκ
1295 1299 1559 1370 στόματός
1609 1316 1711 1370 μου

118 1396 284 1463 λόγον
326 1395 420 1447 καὶ
463 1390 841 1462 διαφυλάξεις,
884 1392 977 1444 καὶ
1021 1390 1321 1459 διαγγελεῖς
1371 1391 1532 1444 αὑτὸν
1582 1395 1712 1464 παρ’

119 1486 283 1557 ἐμοῦ
318 1487 376 1538 ἐν
420 1485 500 1555 τῷ
531 1485 706 1552 λέγειν
739 1499 805 1554 με
839 1483 916 1552 τῷ
949 1484 1152 1554 ἀνόμῳ·
1185 1482 1411 1552 Θανάτῳ
1441 1483 1708 1554 ἀποθανῇ,

117 1581 216 1632 καὶ
246 1580 348 1631 οὐκ
380 1575 646 1646 ἐλάλησας
673 1575 768 1628 τοῦ
801 1569 1093 1627 διαστεῐλαι
1118 1574 1330 1645 ἄνομον,
1353 1575 1418 1627 ἐκ
1451 1575 1554 1644 τῆς
1589 1577 1711 1628 ἀνο-

123 1670 260 1740 μίας
306 1669 493 1731 αὑτοῦ,
533 1670 560 1720 6
611 1669 810 1737 ἄνομος
849 1654 1054 1729 ἐκεῖνος
1089 1666 1257 1736 ἐνιτῇ
1299 1666 1498 1737 ἀνομίᾳ
1543 1666 1708 1720 αὑτοῦ

103 1759 615 1822 -ἀποθανεῖται,--καὶ
642 1760 702 1812 τὸ
730 1755 869 1830 αἷμα
892 1757 1062 1810 αὐτοῦ
1084 1759 1148 1810 ἐκ
1167 1757 1268 1828 τῆς
1296 1759 1475 1830 χειρός
1496 1775 1586 1811 σου
1606 1761 1709 1813 ’ἐκ-

118 1852 366 1924 ζητήσωο
411 1854 474 1906 σὺ
521 1852 576 1905 δέ
614 1851 708 1904 ἐὰν
760 1847 1060 1923 διαστείλῃ
1087 1850 1164 1921 τῷ
1209 1851 1394 1921 ἀνόμῳ
1457 1851 1564 1904 ἀπὸ
1612 1853 1711 1922 τῆς
1741 1838 1784 1893 Β

113 1943 245 1997 ὁδοῦ
275 1942 444 1998 αὐτοῦ
466 1941 805 2014 ἀποστρέψαι
835 1942 927 1995 ἀπ’
948 1942 1138 2012 αὐτῆς,
1161 1943 1253 1994 καὶ
1278 1942 1350 2013 μὴ
1371 1943 1708 2015 ἀποστρέψῃ,

118 2035 291 2099 αὐτὸς
315 2031 385 2088 ¹ἐν
410 2038 481 2105 τῇ
519 2032 716 2106 ἀνομίᾳ
757 2034 928 2086 ἀὐτοῦ
980 2033 1350 2096 ἀποθανεῖται,
1390 2035 1482 2087 καὶ
1518 2037 1582 2087 σὺ
1616 2036 1711 2106 τὴν

115 2127 303 2198 ψυχήν
347 2143 441 2181 σου
481 2128 714 2199 ipp-5w.
752 2118 1024 2189 Ὡσαύτως
1051 2127 1107 2179 δέ
1141 2125 1250 2197 (16)
1283 2127 1524 2198 μάχαιρα
1556 2128 1712 2180 πολέ-

123 2237 228 2290 μου
260 2220 356 2274 ἐὰν
469 2221 760 2291 ἐρχομένη,
791 2203 892 2273 ¹καὶ
929 2219 1098 2290 στήσῃ
1138 2219 1166 2270 6
1213 2219 1340 2283 λαὸς
1391 2219 1589 2272 σκοπὸν
1636 2222 1714 2283 είς

120 2311 503 2383 προφυλακὴν,
538 2313 632 2364 καὶ
668 2311 788 2364 ἰδὼν
824 2311 993 2381 αὐτὴν
1028 2311 1351 2382 ἐρχομένην,
1391 2311 1463 2382 μὴ
1493 2327 1711 2382 προμη-

119 2407 286 2478 νύσῃ,
311 2407 407 2460 καὶ
437 2405 576 2477 λάδῃ
606 2404 802 2476 ψυχὴν,
825 2406 857 2475 ὴ
877 2404 980 2474 μὲν
1006 2402 1150 2473 ψυχὴ
1182 2405 1246 2473 τῇ
1271 2403 1513 2474 ἁμαρτίᾳ
1544 2403 1714 2472 αὐτῆς

122 2498 361 2569 ἐλήφθη,
401 2497 464 2550 τὸ
490 2497 545 2550 δὲ
575 2492 712 2567 αἷμα
749 2497 813 2548 ἐκ
843 2496 1022 2566 χειρὸς
1049 2494 1141 2547 τοῦ
1180 2493 1381 2547 σκοποῦ
1413 2495 1715 2565 ἐκζητηθή-

124 2606 302 2650 σεται,
342 2591 424 2642 ὅτι
453 2589 551 2642 οὐκ
579 2590 820 2658 ,ἰσήμανε
857 2589 923 2660 τῇ
972 2586 1248 2654 σάλπιγγι·
1281 2586 1374 2638 ἐὰν
1403 2586 1458 2638 δὲ
1499 2586 1712 2656 σημάνῃ

123 2685 190 2752 τῇ
235 2681 516 2752 κερατίνῃ,
551 2681 644 2732 καὶ
678 2679 752 2750 μὴ
791 2677 1088 2748 φυλάξηται
1117 2679 1144 2730 6
1176 2678 1559 2741 ἀκούσας,,καὶ
1587 2678 1713 2750 ἔλθῃ

124 2774 154 2841 ἠ
194 2773 460 2843 μάχαιρα,
493 2773 585 2824 καὶ
615 2770 755 2843 λάϐῃ
801 2771 984 2832 αὑτὸν,
1016 2772 1076 2824 τὸ
1131 2766 1268 2840 αἷμα
1307 2769 1470 2823 αὑτοῦ
1506 2773 1591 2823 ἐπ’
1620 2773 1716 2824 αὐ-

125 2865 216 2916 τὸν
251 2864 422 2925 ἕσται,
454 2865 533 2921 ὅτι
562 2864 661 2916 οὐκ
694 2861 1259 2932 ἐφυ).άξατοιάκούσας
1278 2863 1376 2931 τῆς
1406 2863 1712 2932 κερατίνης,

126 2957 154 3006 6
184 2956 240 3009 δὲ
274 2955 676 3027 φυλαξάμενος,
699 2953 795 3025 τὴν
823 2953 998 3024 ψυχὴν
1037 2951 1200 3027 αὑτοῦ
1240 2953 1531 3025 ἐρρύσατο,
1567 2955 1660 3006 καὶ
1688 2955 1716 3006 6

124 3046 337 3110 σκοπὸς
382 3048 464 3100 ὃτι
512 3047 773 3117 ἐσήμαινε,
816 3045 928 3116 ζωῇ
978 3045 1218 3114 (ζήσεται.
1251 3064 1268 3094 ι
1310 3046 1567 3117 Μ-ἀχαιρα
1619 3045 1716 3116 μέν

1814 562 1928 627 Dei,
1960 565 2194 633 primum
2220 565 2386 632 ccepit
2417 563 2615 627 facere,
2645 563 2841 617 deinde
2865 563 3090 627 docere;
3125 564 3270 630 quod
3300 563 3386 616 his

1811 656 1994 710 verbis
2025 655 2222 708 alicubi
2252 653 2508 723 exprimit
2552 650 2729 709 Lucas
2757 673 2769 708 :
2810 672 2828 703 ι
2860 653 2991 720 Qua:
3024 656 3190 723 coepit
3221 652 3386 709 Jesus

1812 746 1994 802 facere
2023 755 2074 806 et
2103 747 2301 802 docere
2325 748 2392 801 ⁵⁸.
2420 767 2438 798 ι
2490 747 2761 812 Quocirca
2795 747 2934 800 idem
2972 747 3229 816 Magister
3260 747 3335 800 ait
3370 766 3382 803 :

1819 855 1838 889 ι
1869 838 1972 904 Qui
2008 846 2188 893 autem
2229 838 2418 893 fecerit
2462 849 2515 892 et
2545 839 2826 898 docuerit,
2877 838 2974 890 'hic
3027 853 3258 907 magnus
3293 854 3389 892 vo-

1813 930 2028 984 cabitur
2050 931 2103 983 in
2124 946 2291 1001 regno
2324 931 2414 984 Dei
2438 931 2507 985 ⁸⁸.
2541 948 2560 980 ι
2590 929 2817 999 Oportet
2837 936 3016 982 autem
3047 937 3105 983 ut
3139 945 3232 985 vos
3259 929 3386 998 Epi-

1813 1022 2000 1091 scopi,
2057 1025 2256 1092 populo
2306 1022 2427 1077 sitis
2462 1024 2873 1093 speculatores;
2914 1022 3059 1092 quod
3097 1037 3198 1076 vos
3247 1035 3389 1091 quo-

1812 1128 1918 1182 que
1943 1115 2338 1183 speculatorem
2372 1115 2620 1168 habeatis
2650 1114 2952 1168 Christum.
2997 1113 3064 1167 Et
3095 1129 3190 1169 vos
3220 1113 3388 1183 igitur

1784 1214 1984 1268 estote
2014 1207 2170 1274 probi
2203 1207 2574 1274 speculatores
2604 1207 2778 1275 plebis
2807 1205 2933 1272 Dei;
2965 1207 3092 1276 quia
3126 1205 3388 1260 Dominus

1812 1310 1908 1365 per
1951 1296 2288 1351 Ezechielem
2332 1312 2470 1352 cum
2507 1310 2838 1366 unoquoque
2867 1309 3110 1353 vestrum
3157 1299 3388 1368 loquens

1814 1389 1889 1440 ait
1924 1407 1936 1442 :
1971 1407 1990 1439 ι
2021 1387 2120 1442 Fili
2165 1389 2436 1453 hominis,
2477 1389 2880 1458 speculatorem
2923 1389 3053 1444 dedi
3104 1397 3156 1444 te
3201 1390 3388 1445 domui

1812 1478 2150 1550 Israeliticae;
2177 1490 2231 1537 et
2261 1481 2453 1536 audies
2479 1497 2547 1536 ex
2579 1496 2673 1535 ore
2702 1496 2823 1535 meo
2854 1496 3185 1548 sermonem,
3211 1488 3264 1535 et
3285 1495 3391 1550 _ca-

1812 1588 1939 1629 vere
1970 1573 2155 1634 facies.
2182 1580 2240 1628 et
2267 1589 2334 1628 ex
2365 1571 2874 1628 mer-annuntiabis':
2908 1587 3033 1626 cum
3066 1572 3256 1627 dixero
3282 1573 3390 1627 ini-

1811 1681 1922 1736 quo
1949 1685 1962 1720 :
1998 1666 2168 1722 Morte
2196 1666 2481 1730 morieris;
2511 1664 2562 1717 si
2587 1678 2697 1718 non
2728 1665 2945 1719 locutus
2974 1663 3167 1728 fueris,
3205 1672 3263 1718 ut
3298 1679 3390 1719 vre-

1813 1759 1993 1812 trahat
2019 1773 2077 1813 se
2116 1757 2337 1828 iniquus
2370 1757 2438 1811 ab
2476 1757 2765 1826 iniquitate
2793 1771 2921 1820 sua,
2956 1757 3178 1826 iniquus
3210 1758 3310 1812 ille
3334 1758 3388 1811 in

1815 1850 2100 1920 iniquitate
2113 1864 2219 1904 sua
2250 1850 2533 1913 morietur,
2563 1856 2616 1903 et
2643 1849 2965 1918 sanguinem
2986 1849 3108 1917 ejus
3135 1850 3204 1902 de
3223 1864 3389 1903 manu

1814 1950 1906 1996 tua
1938 1942 2246 2012 requiram;
2280 1950 2335 1994 tu
2365 1948 2545 1994 autem
2579 1941 2625 1996 si
2655 1941 3066 1995 denuntiaveris
3098 1942 3290 2010 iniquo
3321 1941 3388 1995 de

1813 2036 1900 2088 via
1936 2050 2055 2097 sua,
2084 2043 2143 2088 ut
2174 2034 2242 2086 ab
2271 2048 2344 2086 ea
2371 2043 2428 2087 s‘c
2474 2040 2712 2096 avertat,
2753 2041 2807 2087 et
2853 2049 2962 2086 non
3009 2049 3066 2087 se
3107 2034 3385 2096 averterit,

1816 2126 1932 2197 ipse
1955 2126 2009 2179 in
2040 2125 2326 2194 iniquitate
2353 2139 2452 2179 sua
2483 2125 2775 2190 morietur;
2806 2131 2860 2177 et
2887 2132 2942 2177 tu
2974 2139 3041 2176 an
3067 2139 3209 2176 mam
3240 2134 3388 2178 tuam

1816 2217 2081 2274 liberasti.
2114 2215 2375 2271 Similiter
2407 2227 2609 2279 autem,
2653 2217 2696 2271 si
2728 2217 2940 2270 venerit
2979 2216 3104 2269 belli
3137 2215 3387 2285 gladius;

1815 2318 1867 2364 ct
1901 2309 2148 2363 statuerit
2195 2308 2428 2379 populus
2459 2308 2859 2378 speculatorem
2909 2305 2975 2359 ad
3024 2307 3303 2376 vigiliam;
3336 2318 3390 2362 et

1817 2402 1864 2455 is
1886 2401 2076 2456 videns
2102 2400 2337 2470 gladium
2368 2398 2735 2463 accedentem,
2769 2411 2876 2452 non
2907 2399 3387 2468 praenuntiaverit;
3429 2393 3435 2400 ’

1817 2503 1869 2550 et
1910 2494 2121 2564 gladius
2150 2494 2337 2548 tulerit
2371 2492 2637 2557 animam;
2673 2492 2852 2544 anima
2887 2491 3107 2557 quidem
3157 2475 3388 2560 peccato

1818 2601 1919 2641 suo
1966 2586 2177 2641 sublata
2223 2593 2338 2652 est;
2371 2595 2424 2639 at
2469 2584 2691 2653 sanguis
2734 2584 2801 2637 de
2832 2599 2993 2636 manu
3027 2584 3388 2652 Speculatoris

1817 2679 2146 2748 requiretur,
2183 2679 2310 2748 quia
2347 2693 2456 2731 non
2489 2675 2818 2746 significavit
2862 2676 3035 2740 tuba;
3073 2676 3156 2749 sin
3206 2683 3388 2732 autem

1818 2771 2206 2840 significaverit
2237 2770 2588 2832 buccina,-et
2638 2769 2731 2837 qui
2777 2768 3018 2832 audivit,
3053 2780 3253 2823 non'se
3291 2771 3392 2836 ob:

1819 2863 2138 2931 servaverit,
2199 2863 2516 2930 veneritque
2563 2861 2805 2931 gladius,
2847 2869 2899 2914 et
2939 2862 3118 2931 ipsum
3166 2861 3387 2926 tulerit,

1818 2955 2038 3025 sanguis
2066 2954 2183 3023 ejus
2215 2968 2379 3023 super
2410 2955 2583 3021 ipsum
2611 2953 2739 3018 erit;
2773 2952 2901 3022 quia
2941 2951 3123 3005 audita
3157 2952 3390 3006 buccina

1819 3047 1925 3102 sibi
1961 3061 2070 3102 non
2110 3045 2377 3117 providit;
2422 3045 2516 3114 qui
2561 3051 2741 3098 autem
2792 3043 2954 3108 cavit,
2989 3043 3240 3097 liberavit
3266 3045 3390 3098 ani-

127 3140 275 3190 ἐστιν
307 3140 339 3208 ἡ
373 3139 570 3208 κρίσις·
603 3136 836 3204 σάλπιγξ
861 3137 915 3189 δὲ
947 3135 1078 3206 (17),
1113 3137 1174 3188 τὸ
1207 3137 1346 3207 ἱερὸν
1367 3136 1712 3205 Εὑαγγᾶλιον·

1821 3153 1977 3192 mam-
2015 3153 2198 3205 suam;
2244 3146 2298 3191 et
2340 3136 2694 3205 speculator,
2723 3136 2850 3205 quia
2894 3134 3242 3204 significavit,
3277 3137 3391 3213 vita

129 3228 332 3292 σκοπὸς
349 3229 425 3292 δὲ,
445 3231 473 3281 6
504 3229 862 3290 κατασταθεὶς
891 3231 953 3297 τῇ
993 3227 1282 3298 Ἐκκλησία
1311 3228 1624 3291 ἐπίσκοπος,
1655 3228 1712 3281 ὃν

127 3319 208 3371 δεῖ
236 3320 584 3390 κηρύσσοντα
612 3320 1084 3390 διαμαρτύρασθαι
1112 3320 1208 3372 καὶ
1243 3320 1350 3391 (18)
1382 3319 1716 3372 διαδεὸαιοῦ-

132 3411 255 3465 σθαι
305 3414 432 3484 περὶ
471 3413 569 3482 τῆς
616 3409 866 3483 κρίσεως.
920 3413 1043 3465 Ἐὰν
1105 3412 1176 3483 μὴ
1216 3412 1574 3482 διαγγείλητε,
1622 3413 1716 3465 καὶ

127 3504 573 3576 διαμαρτύρησίὴ
611 3505 843 3574 τῷλαῷ,
880 3508 959 3567 εἱς
989 3506 1132 3575 ὑμᾶς
1173 3508 1204 3575 ἡ
1241 3505 1484 3575 ἁμαρτία
1513 3505 1620 3556 τῶν
1657 3505 1719 3557 ἀ-

131 3597 435 3663 γνοούντων
458 3596 829 3668 εὑρεθήσεται.
863 3596 952 3648 Διδ
981 3599 1107 3660 τοὺς
1135 3597 1638 3667 ἀναστρεφομένους
1661 3598 1717 3649 ἐν

127 3688 454 3759 ἀπαιδευσίᾳ
509 3688 618 3759 (19)
652 3688 968 3748 νουθετεῖτε,
1004 3689 1098 3741 καὶ
1124 3689 1371 3759 ἐλέγχετε
1407 3688 1542 3759 μετά
1576 3691 1717 3760 παρ-

132 3783 348 3850 ρησίας,
389 3785 513 3844 τοὺς
552 3781 880 3849 ἀγνοοῦντας
923 3781 1225 3844 διδάσκετε,
1256 3783 1380 3844 τοὺς
1420 3783 1718 3851 ἐπισταμέ-

129 3889 256 3934 νους
289 3873 590 3942 στηρίζετε,
614 3874 738 3934 τοὺς
768 3874 1215 3942 πεπλανημένους
1244 3873 1613 3943 ἐπιστρέφετε,
1637 3873 1716 3926 Τά

129 3964 272 4016 αὐτὰ
305 3965 432 4034 περὶ
474 3963 582 4015 τῶν
624 3963 802 4016 αὐτῶν
836 3963 1100 4031 λέγοντες,
1141 3963 1374 4032 ἀδελφοὶ,
1405 3966 1502 4034 οὐχ
1540 3965 1718 4034 ἀμαρ-

130 4054 432 4125 τησόμεθα.
481 4055 573 4107 Ἐκ
605 4055 713 4125 γὰρ
742 4055 834 4107 τοῦ
858 4055 1115 4117 πολλάκις
1135 4055 1371 4118 ἀκούειν,
1397 4056 1538 4119 εἰκός
1567 4073 1716 4120 τινας

131 4146 550 4215 δυσωπηθέντας
587 4146 692 4198 κᾶν
723 4147 870 4209 ἅπαξ
912 4148 1096 4200 τιτῶν
1137 4147 1313 4210 καλῶν
1360 4148 1582 4216 ποιῆσαι
1624 4150 1718 4201 καὶ

134 4241 240 4293 τῶν
259 4240 509 4311 πονηρῶν
535 4240 994 4310 παραιτήσασθαι.
1022 4241 1180 4306 Λέγει
1201 4239 1408 4310 γάρδιά
1433 4240 1713 4310 προφήτου

133 4334 160 4384 6
189 4333 340 4396 Θεὸς·
378 4351 394 4383 ι
416 4332 783 4404 Διαμαρτύρει
804 4335 984 4394 αὐτοῖς
1013 4331 1205 4394 ταῦτα,
1233 4333 1360 4395 ἴσως
1389 4332 1714 4385 ἀκούσονταί

137 4441 228 4476 σου
259 4426 360 4494 τῆς
383 4425 582 4494 φωνῆς.
613 4443 629 4499 ι
667 4426 785 4478 Καὶ
815 4425 992 4477 πάλιν·
1032 4445 1049 4475 ι
1094 4425 1216 4477 Ἐὰν
1245 4426 1351 4496 ἄρα
1386 4427 1710 4491 ἀκούσωσιν,

1821 3233 1964 3286 vivet
1988 3232 2054 3286 ⁸⁷.
2084 3250 2101 3280 ι
2141 3229 2366 3285 Gladius
2398 3229 2622 3300 quidem
2649 3236 2732 3282 est
2759 3228 3027 3296 judicium
3050 3245 3063 3295 ;
3083 3229 3226 3282 tuba
3260 3244 3392 3283 vero

1820 3337 2034 3376 sacrum
2068 3321 2454 3392 Evangelium;
2487 3319 2793 3390 speculator
2821 3326 3024 3382 autem,
3067 3319 3122 3372 in
3149 3319 3393 3374 Ecclesia

1819 3421 2060 3468 statutus
2101 3413 2413 3482 episcopus,
2439 3400 2604 3481 quem
2631 3419 2845 3481 Oportet
2871 3411 2940 3466 de
2957 3411 3161 3479 judicio
3192 3409 3392 3480 praedi-
3432 3423 3436 3428 '

1819 3525 1966 3574 care,
2001 3508 2291 3570 aﬂtrmare,
2335 3504 2651 3558 contestari.
2690 3503 2747 3556 Si
2793 3518 2900 3556 non
2937 3490 3391 3556 denuntiaveritis

1819 3603 2020 3671 populo
2049 3607 2102 3654 et
2134 3598 2390 3653 obtestati
2426 3595 2663 3660 fueritis,
2698 3595 2751 3647 in
2785 3609 2881 3647 vos
2918 3591 3270 3646 inscientium
3303 3606 3392 3646 er-

1817 3703 1996 3747 ratum
2040 3691 2386 3746 redundabit.
2421 3688 2688 3756 Quocirca
2735 3687 3015 3758 imperitos
3059 3691 3296 3751 monete,
3338 3694 3393 3739 et

1819 3801 1940 3839 cum
1975 3783 2222 3839 libertate
2254 3781 2484 3852 arguite,
2515 3781 2735 3851 ignaros
2763 3778 2971 3840 docete,
2997 3776 3241 3832 eruditos
3267 3792 3394 3830 con-

1819 3878 2048 3940 firmate,
2083 3875 2399 3928 aberrantes
2443 3872 2710 3930 reducitc.
2757 3869 2868 3924 Nec
2913 3870 2959 3924 si
3005 3868 3193 3922 eadem
3224 3868 3392 3921 verba

1817 3968 2010 4023 iisdem
2045 3968 2110 4020 de
2144 3966 2307 4020 rebus
2342 3964 2708 4034 proferamus,
2755 3961 2891 4016 vitio
2922 3961 3082 4014 nobis
3124 3967 3388 4022 vertetur,

1818 4060 2037 4114 fratres.
2090 4058 2306 4112 Scilicet
2374 4056 2634 4110 credibile
2681 4063 2797 4118 est,
2851 4051 3146 4107 nonnullos
3195 4051 3391 4104 iterata

1818 4152 1981 4204 toties
2013 4150 2291 4203 auditione
2321 4147 2641 4217 pudefactos
2677 4147 2762 4200 vel
2797 4145 2962 4202 semel
3007 4142 3211 4212 aliquid
3262 4141 3392 4196 boni

1819 4251 2088 4313 gesturos,
2124 4251 2179 4294 et
2212 4241 2334 4293 mali
2383 4239 2772 4294 declinaturos.
2815 4237 2912 4290 Ait.
2937 4235 3081 4290 enim
3119 4249 3217 4302 per
3259 4249 3390 4303 pro-

1819 4335 2037 4403 phetam
2089 4332 2230 4387 Deus
2259 4351 2272 4386 ε
2311 4352 2328 4382 ‹
2362 4331 2681 4384 Testilicare
2712 4329 2822 4382 illis
2853 4329 2990 4393 haec,
3027 4327 3164 4381 forte
3199 4341 3388 4379 vocem

1820 4436 1967 4480 tuam
2009 4426 2228 4480 audient
2252 4426 2318 4479 ⁸⁸.
2349 4446 2372 4494 ι¹
2403 4424 2466 4478 Ει
2509 4418 2750 4478 iterum:
2791 4441 2806 4473 ι
2841 4419 2898 4476 Si
2947 4420 3085 4474 forte
3135 4418 3388 4479 audiant,

137 4515 230 4567 ἐὰν
289 4517 397 4586 ἄρα
452 4509 660 4568 ἐνδῶσι.
694 4535 710 4567 ι
771 4519 880 4569 Καὶ
926 4519 952 4568 6
1006 4518 1212 4586 Μωσῆς
1264 4533 1394 4585 φησι
1449 4517 1525 4586 τῷ
1582 4517 1711 4587 λαῷε

1823 4519 1868 4572 si
1925 4517 2063 4572 forte
2111 4518 2418 4571 concedant
2444 4515 2510 4569 ⁸⁸.
2542 4535 2558 4567 ι
2597 4515 2662 4567 Ει
2712 4514 2925 4584 Moyses
2970 4511 3169 4582 pepulo
3213 4511 3386 4563 dicit:

142 4625 160 4656 ι
217 4607 327 4660 Εάν
357 4608 467 4676 (210)
488 4609 624 4680 ἀκοῇ
656 4609 901 4680 ἀκούσῃς
914 4610 1117 4680 Κυρίου
1147 4609 1239 4660 τοῦ
1272 4608 1425 4672 Θεοῦ,
1448 4611 1538 4661 καὶ
1567 4613 1716 4680 ποιή-

140 4713 238 4769 σῃς
284 4700 347 4751 τὸ
391 4700 594 4767 ἀγαθὸν
625 4703 717 4754 καὶ
760 4702 820 4753 τὸ
862 4701 1013 4766 suos;
1042 4704 1097 4754 ἐν
1137 4701 1433 4772 ὀφθαλμοῖς
1474 4701 1658 4753 αὑτοῦ.
1693 4723 1707 4752 ι

139 4790 248 4843 Καὶ
296 4790 474 4844 πάλιν·
533 4812 548 4842 ι
583 4796 799 4855 Ἀκουε,
848 4795 1090 4864 Ἰσραὴλ,
1143 4795 1343 4865 Κύριος
1374 4795 1401 4845 6
1435 4794 1563 4855 Θεός
1603 4811 1716 4853 σου,

141 4882 344 4954 Κύριος
364 4881 440 4947 εἷς
469 4885 602 4938 ἐστι.
637 4905 653 4936 ι
677 4887 784 4938 Καὶ
803 4889 830 4938 6
860 4887 1059 4958 Κύριος
1087 4888 1143 4939 ἐν
1164 4886 1240 4956 τῷ
1263 4887 1574 4956 Εὑαγγε).ίῳ
1604 4886 1723 4938 πολ-

1828 4629 1846 4659 ι
1877 4609 1930 4664 Si
1988 4611 2174 4663 auditu
2229 4609 2467 4664 audieris
2516 4608 2807 4663 Dominum
2845 4605 3058 4666 Deum,
3101 4611 3156 4657 et
3201 4601 3393 4656 feceris

1824 4703 2024 4755 bonum
2059 4717 2120 4755 ac
2154 4711 2360 4755 rectum
2407 4701 2458 4753 in
2494 4699 2668 4753 oculis
2705 4699 2825 4767 ejus
2847 4699 2914 4752 ⁸⁸.
2945 4718 2962 4749 ι
2996 4695 3342 4762 Rursumque
3372 4710 3389 4743 :

1826 4812 1842 4843 ι
1875 4795 2014 4849 Audi
2047 4791 2236 4856 Israel,
2267 4793 2529 4847 Dominus
2561 4791 2703 4845 Deus
2752 4799 2901 4852 tuus,
2941 4788 3209 4842 Dominus
3249 4798 3393 4848 unus,

1828 4893 1910 4947 est
1933 4885 1999 4940 “.
2029 4906 2047 4937 ι
2101 4885 2168 4939 Et
2211 4884 2473 4940 Dominus
2517 4883 2572 4936 in
2603 4882 2915 4952 .Evangelio
2961 4896 3103 4950 saepe
3146 4890 3389 4934 commc-

207 5046 256 5079 "
292 5044 409 5100 Act.
449 5060 494 5105 ι.
524 5047 572 5099 1.
653 5045 696 5078 ⁵⁸
727 5045 913 5114 Μιιιιιι.
943 5063 996 5109 v,
1033 5040 1114 5097 19.
1191 5047 1233 5077 ⁸⁷
1266 5045 1465 5102 Ezech.
1511 5061 1711 5110 χχχιιι,

1816 5052 1859 5098 et
1894 5060 2010 5114 seq.
2087 5044 2134 5075 ⁵⁸
2169 5042 2280 5096 Jer.
2315 5059 2474 5106 xxvr,
2507 5043 2576 5104 ὃς
2609 5011 2916 5101 Ειιξὲιιιλι,
2954 5037 3001 5090 7.
3098 5033 3147 5067 "
3185 5002 3363 5090 Ezech

147 5132 228 5178 ιιι,
267 5115 354 5168 11.

434 5115 478 5145 ⁸⁸
511 5114 682 5172 Exod.
714 5113 803 5186 xv,
837 5116 926 5174 26.
1006 5116 1047 5145 ⁸⁸
1084 5115 1239 5170 Deut.
1267 5133 1340 5180 γι,
1373 5117 1439 5184 4;
1477 5115 1641 5170 Marc.
1682 5131 1778 5178 xu,
1809 5114 1898 5168 ‘29.

1415 5265 1769 5322 VARIORUM
1815 5266 2044 5323 ΝΟΤΑΞ.

217 5427 332 5496 (15)
356 5427 460 5490 ’Ὧς
478 5440 593 5479 που
608 5425 768 5494 λέγει
795 5440 966 5496 usque
990 5425 1053 5479 ad
1079 5423 1401 5496 διδάσκειν.
1435 5421 1638 5496 Desunt
1667 5423 1718 5475 in

152 5494 322 5551 altero
355 5511 458 5550 IIIS.
481 5497 841 5565 videnturque
869 5494 1044 5552 deleta
1071 5513 1099 5548 ιι
1124 5495 1338 5554 critico,
1366 5494 1458 5565 qui
1494 5494 1720 5565 putabat

151 5583 253 5621 non
311 5581 473 5636 posse
522 5566 707 5620 induci
757 5562 1043 5620 commode
1089 5566 1365 5634 apostolos
1401 5563 1601 5616 Lucam
1649 5562 1716 5615 ad

150 5636 521 5692 testimonium
550 5637 803 5691 citantes.
828 5637 997 5690 (Σιειι.

215 5707 331 5775 (16)
354 5704 461 5763 .Δέ.
498 5704 735 5774 Uterque
765 5702 930 5761 codex
967 5707 1077 5759 καί.
1112 5704 1185 5759 In.

216 5772 332 5849 (17)
372 5775 460 5830 Ad.
498 5772 686 5832 Melius
717 5777 937 5832 annuas
961 5793 1081 5832 cum
1111 5787 1339 5846 utroqm:
1368 5775 1574 5831 codice.
1603 5772 1676 5828 ιν.

1897 5421 2008 5490 (18)
2050 5419 2160 5474 Καὶ
2187 5417 2679 5490 διζιὸὲὸαιοῆυέθαι.
2713 5411 3113 5490 ᾼίιετοοῐῐιίιιίι.
3138 5412 3213 5465 In.

1895 5483 2008 5563 (19)
2065 5489 2463 5563 Ἀσταιδευσίςμ
2495 5487 2644 5540 Alter
2674 5485 2824 5563 addit
2852 5483 3160 5563 cumam-lo.

1897 5553 2008 5632 (ευ)
2060 5562 2217 5615 Ἐάν.
2257 5560 2380 5614 Haec
2416 5553 2535 5632 vos
2576 5571 2700 5611 cum
2739 5555 2804 5632 i7_
2831 5553 3207 5632 sequentibus,
3253 5565 3390 5632 qua-

1822 5622 1942 5688 rum
1983 5622 2254 5700 postrema
2298 5640 2381 5687 est
2446 5628 2640 5690 πάλιν,
2696 5622 2923 5680 οηιὶεειι’
2953 5629 3082 5678 sunt
3131 5622 3185 5676 in
3241 5627 3388 5674 utro-

1821 5720 1945 5775 que.
1977 5705 2049 5759 ID.
