4056 6328
141 383 238 442 Gil

1057 373 1653 432 CONSTITUTIONES
1684 368 2360 429 APOSTOLICJE.—-LIB.
2398 368 2457 422 ll.

3283 366 3388 421 693

142 503 237 555 καὶ
266 500 661 560 κινδυνεύουσι,
691 496 786 550 καὶ
814 494 1215 564 σφαλλομένοις,
1256 493 1349 545 καὶ
1376 493 1497 545 ὅσον
1526 486 1633 544 οἷόν
1661 508 1706 543 τε

1823 505 1930 561 que
1980 486 2375 556 constringitur
2408 485 2447 537 ¹.
2482 501 2500 534 ι
2546 481 2643 535 Ει;
2680 500 2699 533 ι
2731 480 2872 535 Ecce
2920 481 3119 545 homo,
3149 489 3203 534 et
3248 495 3387 550 opus

136 598 206 665 τῇ
236 592 558 664 παραινέσει
598 589 691 642 τοῦ
718 587 875 655 λόγου
923 583 1166 653 ὑγιάζειν
1205 584 1422 646 αὐτοὺς,
1465 580 1559 636 καὶ
1604 583 1721 654 ῥύε-

138 686 268 738 σθαι
299 687 362 737 ὲκ
392 682 643 737 θανάτου.
680 699 699 731 (
737 679 811 732 υῦ
841 679 1028 749 χρείαν
1054 675 1163 747 γὰρ
1191 676 1402 745 ἔχουσιν
1429 677 1477 728 οἱ
1510 674 1717 744 ἰσχύον·-

136 795 229 840 τες
282 775 491 847 ἰατροῦ,
538 774 650 828 ἀλλ’
693 773 742 824 οἱ
788 771 970 833 κακῶς
1012 769 1220 840 ἔχοντες,
1265 767 1399 839 (67).
1438 784 1455 818 ι
1503 766 1716 837 Ἐπειδὴ

141 887 162 920 ι
199 867 305 921 οὐκ
345 868 458 919 ἐστι
506 865 715 935 Θέλημα
740 860 1045 934 ἔμπροσθεν
1070 859 1163 912 τοῦ
1206 858 1437 930 Πατρδς,
1469 857 1555 911 ἵνα
1582 858 1717 911 ἀπό-

132 960 301 1031 ληται
321 954 399 1022 εἷς
427 958 534 1010 τῶν
560 956 787 1028 μικρῶν.
821 974 839 1005 ι
873 955 947 1005 Οὐ
974 952 1082 1022 γὰρ
1109 951 1208 1023 τὴν
1234 951 1342 1003 τῶν
1372 950 1713 1022 σκληροκαρ-

132 1053 268 1105 δίων
298 1048 506 1119 ἀνδρῶν
539 1046 788 1118 βούλησιν
819 1045 971 1114 ἱστᾷν
1012 1044 1139 1115 χρὴ,
1169 1042 1305 1096 ἀλλὰ
1330 1043 1428 1114 τὴν
1456 1043 1548 1095 τοῦ
1579 1041 1713 1095 Θεοῦ

136 1144 237 1198 καὶ
268 1139 483 1210 Πατρὸς
508 1139 615 1192 τῶν
644 1138 777 1190 ὅλων
795 1136 894 1207 τὴν
912 1134 999 1188 διὰ
1040 1134 1211 1205 Ἰησοῦ
1240 1133 1475 1207 Χριστοῦ
1494 1134 1586 1186 τοῦ
1603 1136 1713 1187 Κυ-

138 1235 262 1303 ρίου
291 1232 471 1301 ήμῶν,
502 1225 545 1297 ᾧ
585 1230 617 1299 ᾑ
646 1226 770 1291 δόξα
798 1228 877 1289 είς
904 1226 1028 1288 τοὺς
1067 1225 1285 1288 αἰῶνας.
1344 1225 1532 1297 Ἀμήν.
1580 1225 1714 1279 υύδὲ

132 1322 247 1393 γάρ
276 1322 481 1375 δίκαιον
507 1319 743 1390 κεφαλὴν
772 1318 899 1371 ὄντα
923 1335 1002 1381 σε,
1023 1313 1067 1369 ὦ
1095 1318 1379 1381 ἐπίσκοπε,
1401 1317 1537 1388 οὐρᾷ
1556 1334 1715 1388 προσ-

132 1413 306 1483 ἐχειν,
359 1412 591 1464 τουτέστι
633 1410 805 1479 λαῑκῷ
838 1408 1115 1463 στασιώδει
1160 1408 1450 1480 ἀνθρώπῳ,
1482 1412 1562 1472 είς
1598 1409 1714 1461 ἐτέ-

136 1522 236 1577 ρου
281 1503 576 1566 ἀπώλειαν,
607 1503 740 1557 ἀλλά
767 1502 884 1573 Θεῷ
915 1503 1077 1573 μόνῳ.
1113 1504 1333 1572 Ἀρχειν
1377 1501 1485 1573 γάρ
1517 1520 1577 1554 σε
1604 1502 1711 1573 χρὴ

130 1598 244 1649 τῶν
276 1596 555 1667 ὑπηκόων,
585 1594 645 1647 οὑ
670 1580 777 1664 μὴν
816 1593 909 1647 καὶ
938 1590 1027 1646 ὑπ’
1058 1582 1234 1646 αὐτῶν
1262 1593 1552 1663 ἄρχεσθαι·
1589 1592 1711 1645 οὔτε

131 1690 247 1760 γάρ
278 1688 393 1750 υίὸς
418 1688 573 1760 ἄρχει
600 1686 823 1755 πατρὸς,
847 1685 987 1739 κατά
1001 1684 1092 1739 τὸν
1119 1686 1215 1755 τῆς
1242 1686 1507 1753 γενέσεως
1534 1685 1709 1754 λόγον,

130 1778 261 1831 οὗτε
303 1776 488 1840 δοῦλος
528 1777 621 1829 τοῦ
656 1778 851 1848 κυρίου
898 1775 1267 1840 αὑτοῦ,’”κατά
1306 1775 1396 1830 τὸν
1424 1776 1712 1847 τῆς’ὲξου-

132 1872 283 1934 σίας,
314 1869 439 1923 οὔτε
471 1869 712 1941 μαθητής
737 1868 1079 1933 διδασκάλου,
1110 1866 1596 1940 disserpuntqu
1626 1869 1712 1938 βας

132 1961 352 2024 σιλέως,
381 1959 502 2014 οὒτε
524 1960 630 2032 μὴν
658 1959 839 2023 λαῖκὺς
867 1959 1180 2013 ἐπισκόπου.
1214 1962 1347 2032 Περὶ
1374 1961 1481 2031 γάρ
1509 1960 1601 2013 τοῦ
1634 1960 1710 2030 μὴ

126 2052 313 2105 δοκεῖν
342 2052 470 2114 τοὺς
498 2048 896 2121 πλησιάζοντας
924 2051 1149 2113 ἀδίκοις,
1178 2053 1242 2121 τῇ
1272 2051 1365 2104 τοῦ
1392 2051 1551 2119 λόγου
1577 2052 1715 2106 διδα-

128 2145 200 2213 χῇ
235 2140 349 2212 (68)
370 2172 371 2175 η
395 2142 827 2213 συμμολῦνεσθαι
855 2142 888 2213 ἢ
920 2145 1193 2196 κοινωνεῖν
1232 2146 1352 2206 ταῖς
1394 2142 1502 2215 (69)
1534 2145 1712 2217 ἀμαρα

125 2234 297 2296 τίαις,
327 2235 358 2286 ὁ
399 2232 654 2303 Ἰεζεκιὴλ
679 2234 959 2287 ἐκκόπτων
986 2236 1085 2307 τὴν
1123 2236 1231 2288 τῶν
1268 2235 1552 2307 κακοήθων
1580 2238 1713 2291 ὑπόεο

126 2341 280 2378 νοιαν
308 2324 477 2393 λέγει·
514 2342 534 2376 ι
571 2326 636 2378 Τί
666 2326 822 2396 ὑμεῖς
850 2327 1036 2394 λέγετε
1064 2328 1243 2389 αὐτοῖς
1271 2328 1368 2399 τὴν
1399 2328 1711 2400 παραϐολὴν

124 2418 337 2491 ’ταύτην
392 2419 485 2472 ἐπὶ
542 2418 644 2489 γῆς
711 2419 943 2491 Ἰσραήλ·
988 2420 1052 2473 Οί
1094 2419 1327 2491 πατέρες
1368 2419 1567 2489 ἔφαγον
1621 2420 1713 2491 ὅμ-

125 2523 279 2581 ιρακα
324 2509 460 2582 (70),
502 2511 596 2563 καὶ
624 2510 673 2563 οἱ
715 2512 922 2573 ὀδόντες
963 2511 1072 2564 τῶν
1109 2512 1317 2565 τέκνων
1355 2510 1707 2581 ᾑμωδίαοανς

126 2604 209 2666 ζῶ
239 2602 375 2672 ἐγὼ,
407 2602 554 2670 λέγει
606 2599 829 2655 Ἀδωναῗ
870 2603 1095 2674 Κύριος,
1126 2607 1173 2657 εί
1201 2589 1280 2656 ἔτι
1310 2602 1420 2673 (71)
1462 2604 1611 2656 ἔσται
1653 2605 1711 2655 ἐν

124 2695 260 2768 ὕμιν
287 2694 552 2767 λεγομένη
582 2694 615 2766 ή
645 2695 925 2767 παραῦολὴ
954 2695 1090 2766 αῦτη
1118 2696 1178 2748 ὲν
1218 2695 1295 2766 τῷ
1339 2695 1584 2767 Ἰσραήλ·
1629 2696 1711 2749 ὅτι

126 2789 305 2841 πᾶσαι
339 2788 394 2840 αἱ
415 2786 584 2857 ψυχαὶ
611 2786 738 2857 ὲμαί
768 2788 922 2839 εἰσιν·
953 2786 1012 2838 ὂν
1039 2786 1236 2858 τρόπον
1267 2788 1300 2857 ή
1328 2786 1472 2858 ψυχὴ
1500 2786 1594 2840 τοῦ
1613 2804 1713 2840 πα-

122 2878 281 2951 τρδς,
327 2876 563 2948 οὖτωςή
606 2876 752 2948 ψυχὴ
792 2877 885 2930 τοῦ
927 2877 1044 2930 υἱοῦ
1085 2880 1191 2949 ιμή
1221 2879 1401 2930 ἐστιν·
1440 2878 1647 2949 ἡψυχὴ
1674 2879 1709 2949 ἡ

124 2968 521 3040 ἁμαρτάνουσα
549 2969 685 3040 αὐτὴ
709 2968 819 3039 (72)
841 2968 1208 3024 ἀποθανεῖται.
1252 2970 1309 3023 Ὁ
1325 2970 1382 3024 δὲ
1402 2970 1707 3041 ἄνθρωπος,

121 3062 183 3124 ὃς
212 3062 370 3114 ἔσται
396 3060 620 3124 δίκαιος,
651 3060 817 3113 ποιῶν
845 3063 1019 3132 κρῖμα
1047 3061 1140 3113 καὶ
1161 3060 1530 3133 δικαιοσύνην,
1572 3079 1589 3112 ι
1616 3061 1710 3115 καὶ

1818 582 1939 650 ejus
1970 588 2097 634 ante
2130 578 2325 633 faciem
2363 576 2513 630 illius
2540 576 2615 629 ’.ι
2649 574 2669 605 ³
2692 565 2805 628 Nos
2835 582 3017 628 autem
3051 579 3266 643 oportet
3287 588 3391 629 no-

1817 672 1947 727 stris
1993 669 2253 733 inﬁrmis,
2286 672 2339 723 et
2380 664 2821 737 periclitantibus
2850 673 2904 719 et
2942 664 3185 735 deceptis
3229 681 3388 735 opem

1813 763 1995 827 ferre;
2024 770 2077 816 et
2104 760 2283 830 quoad
2316 758 2431 813 ﬁeri
2461 763 2677 828 potest,
2706 756 2978 811 sermonis
3005 755 3390 813 exhortatione

1816 867 2012 908 sanare
2056 867 2183 917 eos,
2224 860 2386 920 atque
2430 865 2461 903 a
2499 856 2676 905 morte
2720 848 2957 918 eripere.
2989 866 3008 898 (
3036 845 3158 901 Non
3188 866 3207 898 ι
3242 855 3388 902 enim

1822 962 1840 994 ι
1873 959 2011 1014 opus
2052 944 2258 997 habent
2301 941 2513 996 medico
2545 978 2560 1004 ,
2608 941 2701 1010 qui
2740 940 2958 1005 valent,
2986 938 3084 995 sed
3113 940 3205 1010 qui
3248 940 3390 994 male

1816 1034 2018 1091 habent
2035 1035 2077 1090 δ.
2105 1055 2123 1087 ι
2152 1024 2605 1103 Quandoquidem
2637 1051 2655 1082 ‹
2679 1047 2789 1086 non
2813 1040 2899 1087 est
2922 1032 3178 1088 voluntas
3202 1046 3388 1086 coram

1813 1116 1997 1189 Patre,
2026 1134 2086 1178 ut
2110 1131 2297 1194 pereat
2321 1140 2465 1179 unus
2493 1122 2560 1178 de
2585 1124 2802 1193 pusillis
2825 1116 2867 1177 ⁸.
2897 1142 2918 1175 υ
2937 1121 3058 1177 Non
3087 1122 3231 1177 enim
3262 1136 3391 1193 per-

1817 1218 2162 1288 pendendum
2209 1227 2325 1281 est,
2366 1207 2489 1286 quae
2530 1223 2635 1270 stet
2682 1214 2967 1269 hominum
2999 1209 3191 1267 immiti
3216 1208 3388 1268 Corde

1815 1309 2085 1363 sententia
2106 1348 2121 1368 .
2156 1309 2251 1363 sed
2282 1323 2403 1377 qua:
2431 1306 2527 1361 Dei
2557 1314 2611 1362 et
2654 1303 2835 1361 Patris
2879 1306 3120 1360 omnium
3166 1320 3389 1371 rerum,

1814 1416 1934 1470 quae
1963 1411 2048 1455 est
2077 1416 2175 1469 per
2204 1399 2392 1454 Jesum
2441 1398 2719 1453 Christum
2759 1396 3048 1451 Dominum
3094 1404 3388 1467 nostrum;

1814 1493 1900 1547 cui
1940 1492 2112 1562 gloria
2162 1492 2215 1546 in
2262 1490 2485 1547 saecula.
2530 1488 2725 1545 Amen.
2760 1488 2948 1558 Neque
2975 1490 3139 1543 etiam
3172 1501 3390 1559 aequum

1812 1591 1919 1651 est,
1948 1598 1982 1639 o
2026 1583 2317 1653 episcope,
2364 1589 2427 1635 ut
2458 1589 2515 1635 tu
2564 1581 2659 1651 qui
2703 1586 2865 1650 caput
2916 1595 3011 1645 es,
3066 1580 3391 1635 assentiaris

1813 1676 2035 1739 caudaz,
2075 1674 2181 1729 hoc
2216 1681 2303 1728 est
2338 1672 2514 1738 laico,
2548 1672 2756 1728 homini
2800 1672 3095 1737 seditioso,
3131 1673 3298 1743 idque
3331 1673 3387 1727 in

1814 1766 2040 1821 alterius
2067 1765 2404 1836 perniciem;
2432 1764 2527 1820 sed
2559 1763 2670 1819 Deo
2703 1764 2806 1821 soli
2834 1765 2877 1819 °.
2913 1760 3051 1818 Nam
3091 1771 3306 1834 oportet
3334 1771 3391 1819 te

1813 1858 2091 1927 subjectos
2118 1872 2305 1927 regere
2326 1899 2339 1924 ,
2372 1872 2484 1911 non
2529 1857 2597 1910 ab
2640 1856 2709 1911 iis
2750 1855 2867 1927 regi
2897 1874 2912 1923 ;
2945 1871 3069 1910 cum
3101 1872 3203 1910 nec
3244 1855 3388 1910 ﬁlius

1813 1948 2042 2018 imperet
2086 1948 2226 2017 patri
2267 1948 2571 2003 secundum
2615 1947 2884 2003 rationem
2913 1954 3103 2011 ortus,
3140 1961 3240 2001 nec
3266 1962 3407 2001 ser-.

1812 2057 1913 2095 vus
1938 2040 2159 2095 domino
2188 2055 2290 2094 suo
2321 2046 2573 2109 respectu
2603 2038 2926 2110 potestatis,
2956 2053 3057 2093 nec
3084 2034 3389 2108 discipulus

1812 2125 2105 2205 magistro,
2154 2145 2257 2187 nec
2301 2132 2458 2185 miles
2506 2129 2865 2201 imperatori;
2898 2139 3003 2184 nec
3042 2143 3173 2200 ergo
3214 2128 3388 2183 laicus

1823 2226 2102 2296 episcOpo.
2128 2224 2397 2280 Caeterum
2428 2237 2496 2277 ne
2521 2222 2887 2286 existimetur,
2919 2237 3015 2276 eos
3048 2220 3143 2291 qui
3175 2217 3389 2291 impro-~

1813 2316 1911 2371 bos
1942 2316 2325 2386 frequentant,
2358 2314 2627 2369 sermonis
2653 2323 2842 2369 eorum
2870 2309 3215 2369 documentis
3242 2304 3390 2368 eoin"-

1811 2408 2059 2478 quinari,
2091 2406 2177 2460 vel
2206 2402 2433 2476 peccata
2472 2416 2662 2460 eorum
2706 2404 3037 2475 participare
3067 2422 3083 2472 ;
3135 2398 3385 2459 Ezechiel

1812 2498 2114 2569 praecidens
2146 2498 2288 2551 hanc
2316 2510 2665 2551 morosorum
2689 2495 2973 2551 hominum
3008 2495 3381 2567 suspicionem

1814 2589 1889 2643 ait
1917 2607 1930 2643 :
1960 2608 1977 2639 σ
2011 2587 2192 2654 Quare
2241 2576 2386 2641 inter
2432 2595 2530 2643 v'Os
2575 2586 2762 2641 dicitis
2798 2582 3117 2657 parabolam
3148 2584 3292 2641 hanc
3324 2585 3381 2640 in

1813 2687 1958 2735 terra
1985 2680 2154 2735 Israel
2180 2697 2192 2732 :
2219 2677 2407 2734 Patres
2438 2678 2799 2734 comederunt
2826 2694 2986 2733 uvam
3019 2676 3270 2743 acerbam
3290 2717 3306 2742 ,
3333 2686 3389 2734 et

1810 2772 2001 2826 dentes
2028 2768 2265 2825 ﬁliorum
2290 2772 2695 2841 obstupuerunt
2715 2770 2738 2823 ?
2757 2768 2894 2825 Vivo
2922 2784 3022 2841 ego
3039 2809 3054 2834 ,
3081 2764 3216 2823 dicit
3242 2767 3389 2823 Ado-

1811 2862 1901 2916 nai
1930 2861 2196 2917 Dominus
2215 2901 2230 2925 ,
2265 2863 2312 2918 si
2339 2863 2483 2916 ultra
2515 2863 2571 2916 in
2598 2862 2757 2918 vobis
2784 2854 2889 2917 erit
2909 2901 2925 2927 ,
2958 2868 3019 2917 ut
3044 2857 3259 2918 dicatur
3283 2876 3387 2932 pa-

1809 2954 1999 3008 rabola
2053 2952 2169 3008 haec
2209 2953 2267 3007 in
2320 2950 2561 3018 lsraele;
2606 2952 2737 3022 quia
2782 2966 2977 3008 omnes
3020 2954 3217 3007 animae
3254 2968 3387 3009 mea
3462 2992 3465 2995 -

1811 3054 1939 3102 sunt
1968 3064 1981 3101 :
2012 3044 2287 3117 quomodo
2334 3043 2517 3098 anima
2550 3042 2724 3113 patris
2745 3083 2762 3107 ,
2806 3042 2882 3097 ita
2914 3042 3098 3097 anima
3133 3036 3226 3097 ﬁli-i
3265 3059 3387 3099 mea

122 3152 257 3223 ἑξῆς
294 3151 561 3219 ὶπιλέγων
599 3151 699 3215 τὰς
737 3150 929 3215 λοιπάς
969 3150 1199 3223 ἀρετάς,
1256 3152 1706 3222 ὲπισφραγίζεται

1810 3147 1933 3204 est;
1967 3139 2150 3193 anima
2180 3152 2303 3207 quae
2326 3135 2670 3206 peccaverit.
2714 3134 2837 3204 ipsa
2879 3134 3164 3190 morietur.
3211 3133 3387 3191 Homo

120 3244 325 3313 λέγων·
378 3261 395 3294 ι
446 3244 503 3295 Ὀ
530 3242 766 3307 τοιοῦτος
792 3243 997 3306 δίκαιος
1013 3243 1282 3321 ὑπάρχει,
1314 3241 1427 3313 ζωῇ
1461 3241 1704 3313 ζήσεται,

120 3336 277 3406 λέγει
320 3333 543 3389 Ἀδωνατ
571 3334 805 3406 Κύριος·
835 3335 931 3389 καὶ
958 3334 1052 3389 ἐὰν
1080 3334 1316 3406 γεννήσῃ
1349 3334 1464 3386 υίὺν
1490 3334 1705 3405 λοιμὸν,

114 3427 391 3501 ἐκχέοντα
416 3424 577 3498 αἷμα,
621 3428 680 3479 ὲν
706 3430 772 3499 τῇ
802 3426 906 3498 ὁδῷ
945 3426 1040 3480 τοῦ
1070 3426 1276 3497 πατρὸς
1303 3425 1468 3479 αὐτοῦ
1495 3426 1592 3479 τοῦ
1630 3427 1709 3481 δι-

117 3523 284 3577 καίου
313 3519 413 3574 οὐκ
442 3517 729 3591 ἑπορεύθη·
784 3537 803 3571 ι
836 3520 931 3573 καὶ
957 3518 1250 3588 ἐπαγαγὼν
1294 3518 1365 3572 τά
1392 3517 1539 3589 ἑξῆς,
1570 3519 1706 3573 ἐπά-

115 3630 209 3683 γει
252 3614 369 3676 τοῖς
395 3612 741 3675 τελευταίοις·
791 3628 810 3663 ‹
846 3613 967 3683 Ζωῇ
997 3611 1057 3664 οὐ
1088 3610 1328 3682 ζήσεται·
1388 3610 1572 3674 πάσας
1609 3611 1708 3675 τὰς

113 3704 358 3784 ἀνομίας
408 3703 610 3767 ταύτας
662 3702 905 3775 ἐποίησε,
950 3702 1163 3772 Θανάτῳ
1204 3701 1573 3756 ἀποθανεῖται·
1645 3702 1707 3755 τὸ

110 3790 266 3867 αἷμα
294 3794 458 3848 αὑτοῦ
500 3796 585 3848 ἐπ’
615 3793 774 3847 αὐτὸν
820 3794 990 3848 ἔσται·
1050 3794 1143 3848 καὶ
1184 3794 1440 3865 ὲρεῖταιδ·
1481 3795 1563 3847 ὅτι
1593 3793 1706 3866 (75)

110 3887 221 3943 οὐκ
252 3886 441 3941 ιλασεν
468 3888 498 3942 ὁ
524 3885 640 3949 υίὸς
665 3886 763 3956 τὴν
791 3884 1003 3939 ἀδικίαν
1029 3885 1122 3938 τοῦ
1152 3884 1377 3956 πατρὸς,
1423 3885 1456 3956 ἢ
1501 3885 1601 3958 τήν
1630 3886 1707 3940 δι-

110 3979 421 4051 καιοσύνην
465 3975 651 4039 αὐτοῦ,
685 3976 1030 4050 δικαιοσύνην
1059 3979 1152 4032 καὶ
1182 3978 1327 4041 ἔλεος
1358 3978 1703 4048 πεποιηκώς

111 4073 215 4128 καὶ
245 4073 392 4144 ipsi;
420 4070 619 4134 αὐτοῖς·
662 4071 727 4124 Ἦ
753 4070 896 4144 ψυχὴ
923 4072 957 4141 ή
989 4070 1377 4141 ἁμαρτάνουσα
1404 4068 1541 4140 αὐτὴ
1568 4070 1704 4123 ἀπο-

109 4164 383 4219 θανεῖται·
429 4157 543 4225 υίδς
570 4160 631 4215 οὐ
657 4162 881 4233 λήψεται
911 4162 1120 4216 ἀδικίαν
1149 4160 1375 4233 πατρὸς,
1403 4162 1498 4215 καὶ
1525 4160 1706 4233 πατὴρ

106 4254 175 4313 οὗ
206 4255 441 4329 λήψεται
468 4249 679 4310 ἀδικίαν
709 4254 844 4307 υἱοῦ·
880 4251 1187 4324 δικαιοσύνη
1215 4253 1422 4306 δικαίου
1439 4253 1524 4305 ἐπ’
1542 4253 1704 4305 αὑτὸν

72 4328 75 4331 Α
107 4328 301 4412 ἔσται,
331 4348 424 4402 καὶ
453 4347 654 4418 ἀνομία
683 4346 883 4417 ἀνόμου
914 4346 1001 4399 ἐπ’
1027 4344 1189 4398 αὐτὸν
1205 4342 1377 4397 ἔσται.
1403 4362 1421 4393 ι
1456 4344 1566 4397 Καὶ
1586 4346 1702 4415 μετ’

105 4443 281 4510 ὀλίγα
322 4440 506 4512 φησίν·
571 4457 590 4489 ι
638 4438 728 4491 Ἔν
771 4437 851 4509 τῷ
878 4428 1215 4505 ἀποστρέψαι
1258 4434 1463 4488 δίκαιον
1504 4435 1569 4488 ὲκ
1606 4435 1703 4505 τῆς

1809 3237 1990 3285 autem
2026 3228 2120 3299 qui
2159 3227 2326 3282 fuerit
2358 3227 2582 3297 justus,
2633 3225 2731 3297 qui
2779 3224 2970 3282 fecerit
3013 3227 3286 3295 judicium
3332 3236 3388 3284 et

1802 3320 2074 3391 justitiam
2102 3320 2147 3385 ",
2184 3339 2203 3372 ι
2230 3326 2283 3375 et
2313 3318 2573 3389 deinceps
2602 3317 2831 3389 reliquis
2860 3318 3154 3374 virtutibus
3185 3317 3387 3375 additis

1803 3411 2122 3474 concludit,
2152 3410 2344 3466 dicens
2372 3428 2384 3465 :
2415 3429 2435 3463 ι
2463 3408 2566 3463 Hic
2585 3408 2771 3478 justus
2805 3418 2924 3477 est;
2954 3409 3065 3463 vita
3098 3408 3273 3487 vivet,
3309 3410 3387 3465 ait

1806 3502 2017 3557 Adonai
2048 3500 2334 3557 Dominus.
2366 3500 2524 3567 Quod
2559 3500 2604 3556 si
2638 3500 2889 3572 genuerit
2917 3500 3089 3556 ﬁlium
3122 3488 3388 3573 pestilen-

1807 3600 1951 3659 tem,
1997 3592 2363 3649 eﬂ'undentem
2413 3592 2779 3663 sanguinem;
2830 3587 2887 3647 in
2930 3591 3020 3646 via
3061 3593 3233 3663 patris
3289 3592 3378 3648 sui

1804 3684 1940 3756 justi
1980 3701 2091 3740 non
2137 3685 2471 3748 ambulavit,
2526 3703 2545 3736 ι
2588 3692 2644 3741 et
2685 3684 2971 3755 sequentia
3012 3684 3384 3757 subjungens,

1806 3784 2082 3847 postremo
2113 3775 2298 3831 subdit
2326 3794 2338 3830 :
2370 3793 2389 3826 ‹
2419 3774 2543 3830 Vita
2572 3790 2683 3829 non
2716 3775 2862 3831 vivet
2891 3794 2904 3826 :
2936 3790 3129 3831 omnes
3150 3776 3249 3833 has
3278 3776 3385 3831 ini-

1803 3870 2044 3937 quitates
2068 3866 2235 3935 fecit;
2268 3874 2446 3922 morte
2470 3868 2739 3922 morietur
2766 3886 2780 3922 :
2811 3867 3040 3938 sanguis
3063 3868 3185 3938 ejus
3217 3884 3385 3938 super

1806 3959 1985 4029 ipsum
2036 3959 2181 4024 erit;
2232 3966 2287 4014 et
2324 3956 2562 4015 dicetis:
2603 3956 2785 4023 Quare
2820 3973 2933 4012 non
2976 3960 3190 4030 accepit
3236 3961 3385 4018 ﬁlius

1805 4050 2145 4120 iniquitatem
2204 4050 2377 4118 patris
2422 4056 2517 4104 aut
2546 4050 2817 4119 justitiam
2849 4050 3000 4119 ejus,
3024 4050 3300 4120 justitiam
3329 4060 3385 4107 et

1804 4141 2238 4197 misericordiam
2269 4142 2572 4211 operatus!
2601 4139 2667 4194 Et
2693 4142 2845 4197 dices
2873 4142 2954 4198 eis
2981 4158 2995 4193 :
3029 4142 3225 4197 Anima
3254 4158 3385 4214 pec—

1804 4249 1972 4299 cans,
2008 4234 2129 4303 ipsa
2160 4234 2469 4288 morietur:
2512 4232 2660 4287 ﬁlius
2698 4248 2810 4288 non
2846 4234 3082 4305 accipiet
3117 4222 3384 4307 iniquita-

1804 4334 1914 4380 tem
1947 4326 2157 4395 patris;
2189 4332 2243 4380 et
2275 4331 2426 4394 pater
2457 4340 2567 4378 non
2603 4325 2836 4395 accipiet
2867 4324 3211 4395 iniquitatem
3241 4326 3378 4379 ﬁlii:

1803 4416 2019 4486 jostltia
2045 4415 2178 4485 justi
2213 4428 2378 4485 super
2410 4414 2592 4484 ipsum
2626 4414 2765 4478 erit,
2805 4423 2857 4470 et
2896 4416 3169 4486 iniquitas
3202 4417 3383 4488 iniqui

105 4507 467 4602 δικαιοσῦνης
494 4530 679 4593 αὑτοῦ,
708 4530 801 4583 καὶ
824 4507 1037 4599 ποιήσει
1056 4527 1287 4587 ἀδικίαν,
1319 4528 1490 4580 πᾶσαι
1517 4526 1626 4599 (74)
1644 4528 1701 4580 αἱ

1810 4524 1971 4580 super
2004 4509 2183 4579 ipsum
2210 4510 2316 4563 erit
2335 4508 2379 4561 ⁹.
2414 4527 2432 4559 ι
2458 4507 2526 4561 Ει
2557 4508 2719 4577 paulo
2738 4516 2906 4577 post:
2932 4526 2951 4560 ι
2974 4508 3136 4573 Cum,
3167 4509 3379 4580 inquit,

105 4621 456 4681 δικαιοσύναι
480 4620 667 4686 αὑτοῦ,
691 4620 832 4675 κατά
855 4620 1034 4683 πάσας
1054 4618 1152 4683 τάς
1170 4617 1398 4688 ἀνομίας
1421 4617 1607 4681 αὐτοῦ,
1633 4618 1701 4681 ἀς

188 4762 211 4795 ι
248 4761 410 4826 Prov.
444 4777 497 4826 v,
532 4759 618 4815 2‘2.
697 4761 718 4791 ’
749 4758 851 4813 lsa.
884 4771 995 4814 Lm

185 4833 212 4865 ο
243 4798 410 4885 hac
453 4798 653 4895 ἶιξῆι,
716 4798 1018 4895 ιὲὶζῖἱιῖὝ
1050 4798 1559 4891 ὲὶὲαιιῖνὲἴῦἰιὶῖῖξ

1805 4602 2062 4657 averterit
2082 4615 2142 4655 se
2158 4599 2345 4670 justus
2366 4614 2403 4652 a-
2414 4599 2629 4668 justitia
2658 4614 2756 4655 sua
2772 4636 2789 4664 ,
2812 4609 2865 4655 et
2896 4600 3088 4655 fecerit
3114 4601 3373 4673 iniquitav

1050 4758 1138 4833 μ.
1174 4758 1396 4833 ‘_lgnat.
1430 4760 1684 4833 interpol.
1722 4761 1789 4833 ad
1823 4760 2042 4833 Smyrn.
2084 4761 2139 4833 9.
2216 4761 2239 4794 δ
2263 4759 2464 4833 Matth.
2488 4776 2564 4833 Ix,
2607 4759 2699 4814 12.
2772 4756 2793 4791 ⁸
2819 4758 3023 4826 Matth.
3074 4775 3211 4817 xvm
3234 4802 3252 4828 ,
3288 4763 3377 4821 Η.

1666 4834 1689 4861 ⁸
1719 4832 1761 4886 f.
1789 4830 1983 4902 ἐρεῖτε.
2019 4832 2041 4863 ⁹
2067 4830 2423 4895 Anastasius,
2454 4830 2587 4886 ibid.

1427 4954 1789 5021 VARIORUM
1822 4969 1951 5025 ΝΟἸ
1966 4970 2058 5030 Αἰ.

184 5079 307 5156 (67)
340 5083 635 5149 Ἔχοντες.
665 5080 832 5136 Alter
874 5079 1025 5161 addit
1067 5097 1082 5133 :
1122 5080 1289 5148 Φησὶν
1333 5079 1361 5130 ὁ
1403 5079 1695 5201 ξωτὴὲριὲν

184 5151 497 5201 παγγελιοις.
527 5153 622 5201 καὶ
650 5151 830 5201 πάλιν.
858 5164 1063 5201 omisso
1095 5150 1239 5201 quod
1264 5158 1513 5201 sequitur
1579 5167 1695 5201 πει-

104 5150 497 5219 Εὑαγγελιοις,
527 5153 622 5205 καὶ
650 5151 830 5214 πάλιν,
858 5151 1063 5205 omisso
1095 5150 1239 5219 quod
1264 5150 1513 5217 sequitur
1546 5150 1696 5203 ἒπει-

102 5228 199 5280 δή.
239 5228 416 5279 Casa.

140 5228 421 5362 ήξδίέῗεῖἓῇ
450 5290 555 5362 τοῦ
585 5290 767 5362 λόγου
796 5288 1031 5362 διδαχῇ.
1058 5289 1243 5362 Potest
1262 5304 1480 5362 quoque
1500 5288 1693 5362 referri

106 5358 593 5433 aii—praecedentia.
615 5361 749 5433 τοὺς
765 5358 1159 5433 πλησιάζοντας
1188 5359 1411 5433 ἀδίκοις,
1443 5360 1694 5433 ponendo

102 5429 387 5501 virgulam
421 5436 542 5500 post
573 5429 778 5498 διδαχῇ,
810 5438 869 5481 ut
893 5430 1245 5500 signiﬁcetur,
1274 5430 1413 5501 quod
1440 5431 1573 5497 justi
1597 5430 1690 5501 qui

106 5498 329 5570 initiuis
352 5498 693 5554 familiariter
725 5498 969 5559 utuntur,
1010 5514 1119 5566 quo
1147 5515 1241 5553 eos
1270 5500 1325 5552 in
1352 5500 1569 5568 pietatis
1598 5499 1685 5551 of-

106 5574 258 5628 ﬁciis
313 5573 615 5631 instruant;
666 5585 771 5620 non
822 5570 1176 5636 inquinentur
1224 5585 1344 5623 cum
1402 5569 1533 5632 illis,
1585 5585 1686 5622 nec

105 5650 347 5713 peccato
392 5655 582 5713 eorum
616 5638 959 5713 participem.
999 5640 1269 5713 Atqueea
1310 5640 1685 5709 interpretatio

106 5710 263 5767 nunc
299 5712 470 5779 magis
494 5712 689 5779 plur-et.
723 5710 793 5761 ob
831 5724 892 5761 ea
922 5724 1043 5777 quze
1072 5711 1233 5779 paulo
1258 5719 1381 5762 ante
1409 5716 1685 5778 ponuntur

107 5787 189 5839 sic
219 5802 231 5835 :
268 5783 359 5833 Δεῖ
382 5777 436 5833 δὲ
467 5780 616 5851 ἡμᾶς
643 5777 849 5847 βοηθεῖν
870 5782 979 5841 τοῖς
1002 5778 1236 5844 συνοῦσι,
1269 5790 1377 5841 aut,
1409 5777 1465 5832 ut
1502 5782 1683 5848 legunt

1798 5082 2149 5155 Interpretes,
2182 5086 2417 5155 νοσοῦσι,
2449 5081 2923 5141 καῖκιῡδυνεύουσι
2952 5081 3046 5155 καὶ
3074 5084 3380 5155 σφαλλομέ-

1798 5172 1928 5228 νοις,
1950 5152 2055 5228 ’καὶ
2071 5152 2330 5228 Quouon
2357 5176 2415 5210 τε
2447 5160 2513 5228 τῇ
2544 5156 2861 5227 παραινέσει
2908 5154 3001 5207 τοῦ
3030 5152 3190 5223 λόγου
3222 5152 3379 5222 ὑγιά-

1798 5224 1909 5288 ζειν
1938 5224 2153 5289 αὐτούς.
2184 5227 2320 5281 Cor.
2627 5224 2651 5234 ”

1892 5293 1980 5358 69)
2017 5297 2165 5360 Ταῖς.
2198 5297 2362 5351 Addit
2392 5304 2619 5360 uterque
2650 5296 2847 5350 αὐτῶν.
2876 5295 3023 5350 (ἷιειι

1891 5364 1979 5437 EQ)
2019 5367 2309 5434 “amcam.
2342 5367 2491 5437 Alter
2518 5364 2792 5437 ὄμφακας.
2828 5366 2905 5424 ID.

1867 5434 1980 5505 (71)
2018 5432 2158 5489 "Eri.
2192 5437 2361 5489 Abest
2385 5435 2509 5488 'haac
2538 5432 2803 5505 particula
2836 5437 2902 5487 ah
2933 5434 3187 5505 utroque.
3223 5432 3278 5487 In

1888 5504 1954 5556 72
2012 5505 2195 5570 Αὺτὴ.
2229 5506 2373 5574 Αὐτὴ
2404 5506 2495 5557 καί
2529 5504 2689 5559 habet
2710 5507 2847 5559 alter
2872 5506 3065 5559 codex.
3092 5504 3168 5557 ID.

1863 5504 1977 5641 :75;
2005 5575 2143 5628 Ὅτι.
2176 5575 2459 5629 Omittitur
2485 5576 2537 5628 in
2570 5592 2698 5630 uno.
2726 5575 2801 5630 In.

1885 5573 1973 5630 75)
2005 5575 2143 5628 Ὅτι.
2176 5573 2459 5629 Omittitur
2485 5576 2537 5628 in
2570 5592 2698 5630 uno.
2726 5575 2801 5630 In.

1863 5643 1974 5713 (74’)
2018 5644 2235 5698 Πᾶσαι.
2290 5645 2412 5698 Ηεοο
2444 5661 2568 5705 vox,
2620 5662 2743 5700 cum
2786 5647 2963 5701 tribus
3012 5644 3368 5714 sequentibus

1793 5714 2061 5767 muittitur
2142 5716 2195 5768 in
2231 5723 2477 5784 utroque.
2515 5713 2591 5768 In.
