4056 6328
210 360 314 417 633

1141 360 1737 422 CONSTITUTIONES
1768 361 2456 424 APOSTOLICE.—-LIB.
2493 368 2559 425 il.

3384 376 3492 436 036

208 472 508 541 γνώσεσθε,
551 474 632 530 ὅτι
662 473 772 544 ἐγὼ
816 474 1041 547 Κύριος,
1088 477 1181 530 καί⁸
1223 477 1379 546 ὑμεῖς
1411 476 1661 547 πρόϐατα
1699 477 1764 548 τῆ

1869 532 1871 541 ,
1906 478 2189 549 subiungit
2223 499 2235 535 :
2276 499 2294 531 ι
2336 480 2400 534 Et
2436 485 2784 553 cognoscetis
2818 485 2949 556 quia
2978 502 3084 559 ego
3118 487 3407 558 Dominus,
3439 510 3493 551 et

207 572 387 643 νομῆς
409 589 534 644 μου,
564 571 841 645 ἄνθρωποί
873 587 975 644 μου
1016 572 1169 635 ἐστὲ,
1201 572 1296 627 καὶ
1325 569 1433 639 ἐγὼ
1462 569 1594 632 Θεὸς
1624 569 1797 640 ὑμῶν,

206 666 356 736 λέγει
398 668 623 723 ’Δδωναῖ
652 669 872 739 Κύριος.
915 688 933 721 ι

740 758 1135 815 ΚΕΦΑΛΑΙΟΝ
1172 758 1273 814 ῙΘ’.

1904 587 2003 627 vos
2033 587 2163 627 oves
2212 589 2433 643 pascuae
2476 593 2651 643 mem;
2684 578 2936 636 homines
2971 582 3077 637 mei
3118 585 3278 646 estis.
3310 596 3363 641 et
3393 604 3495 661 ego

1902 662 2047 723 Deus
2078 672 2282 737 vester,
2314 666 2451 723 dicit
2480 669 2693 726 Adonai
2724 670 2992 729 Dominus
3014 676 3082 731 ⁸⁸.
3116 696 3137 730 ι

2484 782 2717 842 CAPUT
2755 786 2898 844 XIX.

208 852 331 905 Ὅτι
378 854 478 907 καὶ
521 856 555 910 ὀ
596 853 843 923 ποιμὴν,
887 850 1123 923 ἀμελῶς
1168 850 1491 920 φερόμενος
1545 845 1679 914 περὶ
1725 862 1765 898 τι

1901 870 2055 937 Quod
2082 883 2289 941 pauor,
2320 876 2494 930 ovium
2532 879 2822 950 negligens,
2846 898 3028 937 maenas
3068 888 3277 954 solvat;
3306 898 3354 943 et
3379 892 3488 947 om

276 948 543 1015 πρόϐατα
568 987 583 1011 ,
640 947 819 1016 δίκην
868 947 1169 1007 τίννυσιν,
1228 942 1326 998 καί
1378 943 1443 995 τὸ
1500 941 1801 1008 πρόϐατον

269 1038 359 1107 μὴ
389 1039 467 1110 (7)
499 1038 863 1110 πειθαρχοῦν
888 1036 969 1104 τῷ
997 1035 1251 1105 ποιμένι,
1280 1030 1604 1095 κολάζεται.

2211 992 2313 1031 non
2346 978 2588 1036 obediens
2617 989 2844 1053 pastori,
2873 981 3146 1055 punidtur.

288 1130 583 1184 Ἀκούσατε
610 1134 659 1185 oi
689 1132 1007 1194 ἐπίσκοποι,
1052 1129 1145 1183 καὶ
1189 1126 1458 1182 ἀκούσατε
1496 1124 1547 1177 οἱ
1589 1120 1765 1177 λαῖκοὶ

1970 1121 2171 1178 Audite
2214 1124 2481 1198 episeOpi,
2527 1135 2583 1183 et
2608 1128 2795 1186 audite
2826 1136 2973 1196 latet,
3007 1148 3117 1203 quo
3147 1134 3311 1191 modo
3350 1136 3485 1195 dicit

199 1220 279 1285 ὥς
308 1222 384 1292 (8)
417 1240 581 1294 φησιν
608 1226 636 1277 6
662 1223 811 1286 Θεόςο
852 1242 871 1275 ‹
919 1220 1108 1295 Κρινῶ
1138 1219 1290 1292 κριὸν
1322 1217 1459 1290 πρὸς
1485 1214 1659 1287 κριὸν,
1692 1229 1765 1267 κα

1896 1210 2041 1269 Deus
2068 1232 2083 1270 :
2121 1233 2139 1267 ι
2177 1212 2447 1273 Judicabo
2477 1219 2703 1275 arietem
2736 1212 2803 1274 ad
2837 1222 3089 1291 arietem,
3139 1235 3195 1281 et
3226 1243 3382 1283 ovem
3414 1230 3484 1286 ad

200 1315 476 1386 πρόὸατον
521 1316 657 1387 πρὸς
700 1315 990 1388 πρόὸατον·
1036 1333 1056 1366 ›
1081 1310 1339 1383 καὶπρὸς
1366 1310 1493 1371 τοὺς
1518 1305 1765 1377 ποιμένας

1895 1319 2051 1361 ovem
2072 1306 2148 1374 ";
2186 1326 2205 1360 ›
2242 1318 2295 1363 et
2327 1324 2436 1379 quo
2478 1312 2641 1366 modo
2690 1316 3009 1382 pastoribus
3052 1318 3161 1374 ait:
3198 1319 3482 1378 Judicabi-

198 1406 369 1475 λέγει’
418 1408 758 1479 Κριθήσεσθε
802 1409 985 1465 ἕνεκεν
1030 1407 1130 1477 τῆς
1170 1404 1424 1474 ἀπειρίας
1469 1399 1646 1458 αὐτῶν
1693 1400 1765 1452 κα

1893 1399 2027 1453 mini
2057 1408 2281 1471 prepter
2310 1402 2641 1472 imperitiam
2669 1413 2929 1472 vestram,
2962 1417 3015 1463 et
3049 1420 3275 1481 prepter
3297 1416 3481 1471 ovium

195 1500 295 1570 τῆς
327 1504 409 1563 εἰς
435 1502 503 1553 τὰ
532 1502 777 1572 πρόϐατα
803 1500 1116 1570 διαφθορᾶςο
1159 1497 1457 1557 τουτέστιν,
1488 1493 1765 1545 ἐπίσκοποι

1891 1491 2255 1559 perditionem
2302 1513 2315 1548 :
2362 1495 2466 1549 hoc
2521 1508 2626 1564 est,
2660 1495 2993 1570 Episcopum
3039 1504 3107 1558 ad
3158 1507 3479 1580 episcopum

194 1592 338 1661 πρὸς
366 1593 663 1647 ἐπίσκοπον
693 1593 883 1665 κρινῶ,
924 1593 1018 1647 καὶ
1061 1590 1247 1644 λαῖκὸν
1292 1588 1430 1659 πρὸς
1457 1584 1665 1649 λαῖκδν,
1696 1600 1765 1637 κα

1886 1582 2171 1651 judicabo,
2217 1593 2273 1641 et
2318 1588 2515 1642 laicum
2566 1590 2636 1644 ad
2685 1592 2908 1657 laicum,
2959 1604 3012 1649 et
3065 1598 3371 1668 principem
3413 1600 3479 1656 ad

194 1684 438 1755 ἄρχοντα
466 1685 602 1756 πρὸς
629 1686 885 1759 ἄρχοντα.
912 1683 1120 1754 Λογικά
1146 1683 1256 1755 γάρ
1284 1682 1353 1735 τά
1380 1681 1650 1753 πρόϐατα,
1693 1695 1765 1732 κα

1890 1676 2217 1747 principem.
2279 1677 2599 1737 Rationales
2628 1684 2775 1736 enim
2806 1694 2937 1739 sunt
2983 1694 3095 1741 tam
3124 1705 3277 1755 oves,
3315 1708 3480 1761 quam

193 1778 247 1829 οἱ
277 1779 423 1849 κριοὶ
448 1774 615 1841 οὗτοι,
646 1778 759 1833 ἀλλ’
804 1780 903 1833 οὐκ
948 1777 1137 1846 ἄλογα·
1186 1777 1276 1831 ἵνα
1326 1776 1539 1845 μήποτε
1584 1772 1713 1842 εἴπῃ
1758 1792 1765 1819 ε

1889 1769 2125 1834 arietes,
2184 1787 2295 1826 non
2344 1782 2526 1828 autem
2593 1776 2828 1830 rationis
2875 1788 3165 1850 expertes;
3217 1798 3288 1837 ne
3339 1782 3482 1839 forte

190 1867 403 1933 λαῖκὺς,
439 1870 557 1923 Ὅτι
587 1869 698 1940 ἐγὼ
725 1870 994 1943 πρόϐατόν
1023 1871 1160 1940 εἰμι,
1198 1869 1292 1922 καὶ
1319 1868 1379 1920 οὐ
1419 1864 1644 1935 ποιμὴν,
1689 1864 1765 1919 κα

1890 1861 2063 1918 laicus
2095 1863 2244 1917 dicat
2272 1884 2284 1919 :
2314 1864 2428 1935 Ego
2458 1868 2577 1921 ovis
2605 1882 2749 1932 sum,
2784 1876 2839 1923 et
2874 1856 2983 1924 non
3027 1880 3247 1941 pastor;
3278 1873 3323 1929 si
3354 1876 3480 1930 nul-

188 1961 382 2014 οὐδένα
410 1962 566 2031 λόγον
597 1962 670 2035 (9)
700 1962 938 2035 ἐμαυτοῦ
981 1962 1311 2037 πεποίημαι,
1350 1959 1464 2013 ἀλλ’
1503 1961 1531 2012 6
1578 1956 1783 2027 ποιμὴν

186 2054 402 2124 ὄψεται,
443 2058 538 2111 καὶ
576 2058 739 2121 αὐτὸς
784 2058 945 2129 μόνος
984 2055 1448 2127 είσπραχθήσεται
1494 2054 1595 2125 τὴν
1642 2052 1783 2122 ὑπὲρ

185 2148 326 2218 ἐμοῦ
357 2149 531 2221 δίκην.
567 2150 775 2222 Ὥσπερ
805 2149 914 2220 γάρ
940 2148 1018 2220 τῷ
1047 2147 1195 2219 καλῴ
1225 2150 1444 2218 ποιμένι
1472 2146 1533 2198 τὸ
1558 2146 1631 2216 μὴ
1653 2146 1783 2197 ἀκο-

182 2241 413 2295 ὶνουθοῦν
458 2243 761 2315 πρόϐατον,
809 2244 992 2308 λύκοις
1036 2244 1278 2298 ἔκκειται
1324 2244 1404 2304 είς
1448 2237 1779 2310 διαφθορὰν,

182 2334 334 2389 οὕτω
362 2336 439 2407 τῷ
483 2338 707 2409 πονηρῷ
752 2338 973 2410 ποιμένι
1014 2338 1076 2391 τὸ
1117 2334 1465 2397 ἀκολουθοῦν,
1514 2332 1781 2404 πρόδηλον

181 2427 298 2497 ἔχει
328 2428 421 2481 τὸν
451 2428 697 2493 θάνατον,
729 2432 811 2484 ὅτι
853 2429 1257 2502 κατατρῶξεται
1298 2427 1447 2482 αὑτό.
1496 2426 1586 2480 Διὸ
1614 2442 1780 2496 φευκ-

177 2518 308 2573 τέον
338 2520 446 2575 ἀπὸ
473 2521 580 2575 τῶν
608 2522 855 2595 φθορέων
888 2524 1181 2594 ποιμένων.

714 2638 1111 2692 ΚΕΦΑΛΑΙΟΝ
1148 2638 1233 2690 Κ’.

256 2725 458 2794 Ὅπως
483 2728 601 2797 χρὴ
630 2728 773 2799 τοὺς
799 2730 1172 2799 ἀρχομένους
1200 2726 1543 2796 πειθαρχεῖν
1581 2727 1707 2791 τοῖς

634 2798 930 2869 ἄρχουσιν
948 2798 1326 2863 ἐπισκόποις.

250 2885 359 2941 ἰ’δν
390 2890 569 2960 μέντοι
599 2893 830 2962 ποιμένα
858 2893 947 2945 τὸν
984 2891 1187 2961 ἀγαθὸν
1233 2893 1261 2944 6
1306 2889 1492 2953 λαῖκὺς
1535 2888 1773 2959 τιμάτω,

173 2980 472 3050 ἀγαπάτω,
522 2983 815 3052 φοϐείσθω,
858 2986 933 3048 ὡς
973 2984 1163 3057 κύριον
1192 2983 1443 3055 (10),.t'o;
1482 2981 1771 3053 δεσπότην,

172 3071 253 3134 ὡς
285 3073 545 3145 ἀρχιερέα
573 3074 732 3139 Θεοῦ,
763 3076 837 3139 ὡς
865 3076 1180 3134 διδάσκαλον
1222 3075 1519 3138 εὐσεϐείας.
1565 3076 1624 3129 ὐ
1662 3075 1771 3147 γὰρ

173 3165 345 3219 αὐτοῦ
373 3166 607 3232 ἀκούων,
637 3169 874 3242 Χριστοῦ
905 3171 1113 3235 ἀκούει,
1146 3171 1240 3225 καὶ
1279 3173 1307 3224 6
1348 3170 1510 3224 αὐτὸν
1538 3168 1767 3233 ἀθετῶν,

171 3258 415 3331 Χριστὸν
443 3261 643 3326 ἀθετεῖ,
674 3263 770 3315 καὶ
798 3266 825 3317 6
864 3264 954 3317 τὸν
998 3263 1232 3334 Χριστὸν
1266 3262 1338 3335 μὴ
1367 3261 1674 3334 δεχόμενος,
1706 3260 1768 3314 οὐ

169 3353 389 3425 δέχεται
418 3356 507 3407 τὸν
535 3354 702 3409 αὑτοῦ
730 3355 862 3410 Θεὸν
891 3358 984 3410 καὶ
1013 3357 1250 3427 Πατέρα.
1290 3375 1308 3407 ι
1348 3356 1407 3407 ’0
1452 3355 1625 3425 ὑμῶν,
1659 3353 1769 3425 γάρ

170 3464 363 3517 φησιν,
396 3447 629 3512 ἀκούων,
661 3447 795 3519 ἐμοῦ
824 3448 1031 3512 ἀκούει,
1063 3450 1155 3502 καὶ
1184 3450 1210 3502 6
1241 3449 1385 3519 ὑμᾶς
1405 3445 1634 3509 ἀθετῶν,
1666 3447 1767 3517 ἐμὲ

170 3539 377 3602 ἀθετεῖ,
411 3540 502 3593 καὶ
529 3543 557 3593 6
597 3540 697 3612 ἐμὲ
736 3540 964 3606 ἀθετῶν,
1010 3540 1193 3594 ἀθετεῖ
1235 3541 1326 3593 τὸν
1372 3537 1768 3595 ἀποστείλαντά

172 3648 316 3704 με.»
366 3632 598 3703 Ὁμοίως
625 3635 653 3687 6
679 3633 977 3698 ἐπίσκοπος
1021 3634 1097 3697 ὡς
1147 3634 1313 3687 τέκνα
1355 3633 1483 3695 τοὺς
1542 3630 1765 3695 λαῖκοὺς

167 3722 465 3793 ἀγαπάτω,
508 3723 728 3779 θάλπων
773 3726 867 3781 καὶ
914 3728 1156 3799 στέργων
1187 3726 1298 3797 (ii)
1337 3727 1402 3797 τῇ
1436 3725 1636 3796 σπουδῇ
1665 3725 1764 3796 τῆς

168 3817 419 3888 ἀγάπης,
449 3818 524 3881 ὠς
552 3817 654 3882 ὠά,
684 3821 765 3883 είς
792 3820 1142 3891 περιποίησιν
1166 3819 1416 3880 νοσσίων,
1460 3817 1493 3890 ἢ
1537 3818 1613 3881 ὡς
1640 3836 1763 3872 νοσ-

171 3912 286 3972 σία,
319 3910 746 3981 ἀγκαλιζόμενος
772 3914 852 3975 είς
878 3911 1226 3985 περιποίησιν
1254 3911 1503 3981 ὀρνίθων·
1552 3911 1763 3977 πάντας

167 4003 460 4068 νουθετῶν,
506 4006 638 4059 πᾶσι
687 4008 798 4070 τοῖς
842 4003 1186 4077 πληκτισμοῢ
1234 4003 1345 4076 (12)
1393 4005 1761 4076 ὲπιδεομένοις

166 4091 545 4170 ὲτατιλήσσων,
576 4097 712 4152 ἀλλά
743 4099 816 4172 μὴ
846 4099 1123 4172 πλήσσων,
1146 4097 1457 4162 ὑποπιέζων
1477 4101 1555 4161 είς
1574 4098 1759 4169 ὲντρο⁸

165 4191 301 4261 πὴν,
331 4189 468 4243 ἀλλά
498 4190 607 4265 (15)
642 4192 715 4265 μὴ
748 4195 825 4256 είς
865 4192 1200 4264 ἀνατροπὴν,
1232 4190 1496 4244 νουθετῶν
1527 4192 1607 4254 εἰς
1636 4191 1759 4243 ἐπι-

167 4284 433 4356 στροφὴν,
476 4284 747 4355 ἐπιτιμῶν
786 4287 867 4349 είς
900 4284 1206 4358 διόρθωσιν,
1235 4285 1331 4338 καὶ
1360 4282 1630 4355 εὐθύτητα
1659 4300 1757 4336 πο-

166 4376 323 4448 ρείας
344 4393 358 4406 ·
391 4376 451 4429 τὸ
484 4378 701 4450 ἰσχυρὸν
727 4377 1033 4447 φυλάσσων,
1064 4378 1332 4441 τουτέστι,
1360 4373 1420 4428 τὸ
1449 4376 1659 4448 ἑδραῖον
1686 4377 1751 4449 τῇ

163 4469 349 4521 πίστει
369 4469 607 4538 ἀσφαλὲς
624 4470 826 4543 τηρῶν·
857 4471 947 4524 τὸν
966 4472 1093 4525 λαὸν
1114 4470 1403 4542 εἰρηνικῶς
1423 4486 1513 4522 ποι
1522 4468 1747 4540 μαίνων’

1888 1954 1993 2007 iam
2024 1956 2131 2009 mei
2165 1959 2435 2011 rationem
2478 1957 2671 2023 habui,
2722 1960 2919 2016 viderit
2972 1972 3181 2033 pastor,
3232 1968 3279 2021 is
3325 1968 3479 2023 solus

1885 2062 2078 2116 poenas
2110 2065 2209 2118 pro
2254 2064 2342 2105 me
2370 2050 2545 2107 dabit.
2577 2049 2711 2105 Nam
2762 2055 2925 2109 sicuti
2966 2057 3089 2111 ovis
3116 2073 3239 2127 quae
3272 2059 3477 2115 bonum

1885 2147 2161 2208 pastorem
2188 2158 2300 2196 non
2332 2143 2604 2212 sequitur,
2638 2145 2783 2215 lupis
2806 2146 3055 2217 exposita
3079 2158 3162 2204 est
3184 2150 3252 2204 ad
3284 2151 3480 2207 interi-

1884 2219 2030 2300 tum;
2082 2235 2159 2291 ita
2207 2251 2329 2304 quae
2361 2238 2565 2291 malum
2605 2249 2885 2309 pastorem
2932 2252 3207 2307 sectatur,
3240 2254 3475 2303 mortem

1883 2326 2058 2382 vitare
2100 2329 2321 2398 nequit;
2356 2330 2422 2383 ab
2462 2346 2559 2393 eo,
2612 2332 2850 2399 scilicet,
2902 2334 3276 2394 devorabitur.
3325 2338 3479 2406 Quo-

1883 2418 2031 2473 circa
2071 2418 2315 2491 fugiendi
2346 2430 2476 2476 sunt
2504 2424 2803 2495 perniciosi
2832 2435 3112 2497 pastores.

2470 2624 2701 2683 CAPUT
2741 2626 2861 2685 XX.

1880 2712 2157 2780 Quomodo
2185 2716 2409 2785 subjecti
2458 2720 2904 2845 ρταὲἒῖἒᾟιειεὶὁὶ
2953 2722 3211 2790 episcopis
3259 2724 3469 2780 obedire

1949 2876 1995 2909 “
2022 2875 2083 2929 Et
2120 2878 2339 2947 quidem
2374 2879 2582 2934 bonum
2622 2890 2898 2951 pastorem
2936 2883 3114 2939 laicus
3145 2896 3463 2954 veneretur,

1876 2978 2045 3035 amet,
2074 2980 2300 3035 metuat,
2334 2980 2595 3042 tanquam
2619 2972 2927 3041 dominum,
2957 2984 3216 3049 tanquam
3243 2980 3462 3050 herum,

1874 3068 2139 3145 tanquam
2181 3062 2278 3118 Dei
2318 3064 2654 3134 pontiﬁcem,
2701 3079 2965 3139 tanquam
2992 3076 3317 3145 magistrum
3345 3080 3463 3149 pie-

1878 3154 2029 3209 tatis.
2062 3155 2165 3220 Qui
2195 3158 2340 3210 enim
2375 3160 2527 3214 audit
2550 3177 2706 3247 eum,
2743 3164 3026 3221 Christum
3058 3170 3241 3240 audit;
3273 3181 3327 3229 et
3366 3177 3462 3247 qui

1874 3250 2087 3317 spernit
2111 3266 2259 3315 eum,
2292 3250 2574 3307 Christum
2608 3242 2849 3325 spernit;
2882 3268 2935 3313 et
2978 3263 3071 3330 qui
3123 3281 3229 3319 non
3263 3242 3461 3341 recipit

1871 3341 2176 3407 Christum,
2207 3359 2320 3398 non
2342 3346 2535 3417 recipit
2584 3347 2731 3404 illius
2775 3349 2945 3405 Deum
2997 3370 3061 3408 ac
3103 3356 3343 3415 Patrem.
3371 3363 3461 3419 Ait

1869 3434 2015 3489 enim
2048 3454 2060 3490 :
2104 3454 2122 3487 ι
2160 3436 2264 3503 Qui
2294 3454 2394 3494 vos
2424 3440 2597 3503 audit,
2624 3455 2713 3495 tne
2755 3444 2935 3510 audit;
2969 3456 3023 3501 et
3052 3450 3143 3518 qui
3175 3467 3272 3506 vos
3296 3468 3457 3524 sper-

1868 3528 1971 3591 nit,
2013 3544 2101 3584 me
2132 3531 2372 3599 spernit;
2418 3539 2473 3585 et
2523 3534 2614 3603 qui
2664 3551 2750 3590 me
2797 3540 3030 3607 spernit,
3075 3544 3285 3611 spernit
3330 3561 3456 3601 eum

1866 3621 1960 3692 qui
1992 3637 2078 3677 me
2114 3623 2344 3679 misit".
2380 3644 2398 3675 ι
2453 3623 2719 3681 Similiter
2766 3631 3058 3703 episcopus
3094 3634 3263 3692 laicos
3300 3646 3359 3691 ut
3393 3640 3456 3691 li-

1868 3712 1971 3768 lios
2002 3715 2223 3785 diligat;
2258 3719 2529 3772 naturalis
2558 3719 2743 3777 studio
2772 3722 3055 3780 charitatis
3085 3742 3449 3799 prosequens,

1852 3820 1930 3862 'ac
1954 3806 2167 3872 fovens,
2198 3812 2485 3889 quasi-ova
2520 3813 2587 3867 ad
2613 3816 2985 3872 exclusionem
3023 3823 3320 3890 pullorum,
3356 3837 3450 3880 aut

1863 3902 2023 3970 quasi
2071 3904 2249 3973 pullos
2292 3904 2455 3961 utin
2504 3907 2737 3976 gallinas
2779 3908 3085 3965 educentur
3125 3913 3251 3968 sinu
3300 3931 3451 3971 com-

1863 3996 2108 4064 plectens
2146 4006 2426 4052 :‘cunctos
2474 3998 2809 4066 admonens;
2850 4018 3043 4059 omnes
3080 4008 3175 4075 qui
3207 4010 3449 4081 castiga-

1863 4088 2009 4142 tione
2039 4087 2284 4159 indigent
2318 4090 2542 4155 laedens,
2576 4092 2809 4147 sednon
2844 4095 3095 4158 illidens;
3126 4098 3193 4151 ad
3224 4115 3447 4158 conver-

1860 4185 2069 4239 sionem
2117 4200 2393 4254 premens,
2428 4200 2540 4239 non
2573 4198 2755 4241 autem
2803 4188 2869 4242 ad
2898 4192 3270 4261 eversionem;
3310 4211 3445 4251 sua.

1858 4278 1993 4333 dens
2017 4278 2083 4332 ad
2103 4292 2441 4350 regressum;
2472 4280 2767 4351 increpans
2788 4289 2847 4336 ut
2876 4284 3116 4354 corrigat
3143 4293 3194 4340 et
3217 4287 3274 4340 in
3297 4288 3444 4350 viam

1858 4382 2065 4427 rectam
2120 4370 2355 4427 deducat
2410 4389 2423 4429 :
2484 4371 2628 4442 quod
2672 4373 2885 4429 firmum
2926 4384 3011 4431 est
3060 4378 3333 4446 retinens;
3384 4379 3440 4437 id

1854 4477 1962 4532 est,
2015 4467 2164 4538 quod
2220 4466 2325 4523 tlde
2371 4466 2661 4525 fundatum
2710 4477 2818 4551 est,
2882 4468 2938 4523 in
2990 4477 3105 4525 tuto
3152 4485 3378 4527 servans
3419 4491 3434 4535 :

159 4562 224 4614 τὸ
251 4561 641 4633 ἐνοχλούμενον
658 4563 941 4635 ἐνισχύων,
971 4564 1237 4626 τουτέστι,
1266 4563 1327 4615 τὸ
1356 4558 1750 4633 πειραζόμενον

1869 4562 2115 4632 ροβιιιιιηι
2182 4560 2409 4631 paciﬁce
2470 4566 2773 4631 pascens:
2825 4562 2973 4632 quod
3028 4577 3293 4633 quassum
3350 4573 3437 4625 est

160 4656 221 4707 ὲν
246 4656 315 4724 τῇ
344 4653 595 4726 νουθεσίᾳ
626 4656 1012 4729 στερροποιῶν·
1046 4656 1107 4709 τὸ
1136 4655 1456 4728 ἀῤῥωστοῦν
1499 4653 1748 4725 ίώμενος,

156 4746 432 4811 τουτέστι,
476 4748 537 4800 τὸ
571 4748 760 4803 νοσοῦν
787 4750 852 4803 ἐκ
894 4750 993 4820 τῆς
1022 4748 1258 4813 πίστεως
1287 4750 1344 4803 ὲν
1372 4748 1628 4820 διχονοίᾳ,
1662 4747 1751 4801 διὰ

1869 4748 2225 4805 idmonitione
2272 4750 2626 4809 consolidans
2674 4769 2687 4805 :

1848 4656 2151 4723 roborans;
2196 4656 2299 4711 hoc
2350 4664 2472 4720 est,
2523 4656 2671 4727 quod
2716 4657 3020 4712 tentatione
3077 4658 3430 4722 concutitur,

2741 4751 2890 4821 quod
2920 4758 3183 4821 aegrotum
3214 4761 3300 4807 est
3342 4766 3432 4806 sa-

155 4841 259 4912 τῆς
284 4840 632 4904 διδασκαλίας
682 4840 1019 4914 θεραπεύων
1064 4842 1125 4895 τὸ
1167 4841 1621 4915 συντετριμμένον
1652 4857 1751 4899 κα-

1869 4857 2016 4909 rans;
2073 4842 2119 4896 td
2150 4851 2255 4904 est,
2292 4841 2435 4912 quod
2468 4858 2535 4896 ex
2582 4841 2688 4899 ﬁde
2715 4844 3008 4900 vacillante
3058 4844 3298 4909 laborat,
3331 4858 3431 4913 per

153 4934 465 5005 ταδεσμῶν,
496 4934 761 5001 τουτέστι,
793 4936 855 4989 τὸ
883 4934 1323 5007 πεπλανημένον,
1344 4936 1379 5007 ἢ
1406 4936 1467 4989 τὸ
1484 4933 1749 5005 τεθραυσ-

1847 4932 2155 4987 doctrinam
2181 4949 2383 4989 curans
2418 4952 2429 4987 :
2463 4934 2609 5003 quod
2642 4936 2942 4991 contritum
2972 4944 3057 4992 est
3083 4936 3289 5007 ligans;
3324 4930 3430 5000 hoc

194 5070 241 5100 “
274 5068 475 5123 Ezecn.
505 5084 691 5131 xxxnv,
718 5068 809 5149 ‘69,
839 5066 921 5121 3i.
952 5066 1139 5121 “Ibid.
1170 5068 1253 5125 17.
1308 5070 1355 5101 ⁸⁸
1387 5069 1423 5122 1.
1482 5067 1657 5139 lgnat.
1701 5069 1955 5139 interpol.
2034 5070 2102 5125 ad
2140 5069 2308 5125 Trall.
2339 5071 2388 5126 7.
2459 5070 2503 5106 ’τ
2524 5070 2655 5133 Luc,
2676 5082 2731 5136 Υ,
2758 5073 2843 5128 f6.

1472 5221 1728 5280 VARIOR
1740 5223 1835 5278 ΠΜ
1875 5224 2111 5284 NOTAE.

250 5431 307 5500 8)
350 5431 474 5496 "ac.
507 5431 593 5491 Τί,
622 5431 767 5500 quid.
801 5434 875 5486 In.

225 5500 305 5573 (θ)
342 5500 463 5573 Καὶ.
496 5500 713 5555 οὐδένα
753 5504 956 5570 λόγον.
1002 5500 1127 5556 Haec
1157 5502 1319 5557 verba
1350 5512 1405 5557 et
1443 5507 1727 5573 sequentia

149 5572 224 5653 ad
238 5571 407 5653 δίκην
432 5570 633 5625 desunt
672 5573 725 5627 in
771 5574 941 5625 altero
971 5573 1179 5653 codice.
1212 5573 1351 5626 Sunt
1386 5570 1575 5628 revera
1612 5592 1727 5653 ain:

227 5359 312 5565 ἷτέ
348 5358 555 5426 Μή.Τδ
571 5361 642 5432 μή
676 5362 730 5415 in
760 5362 931 5417 altero
960 5362 1350 5425 codicum,nec
1383 5362 1727 5420 male.CLt-:n.

250 5431 285 5483 8
350 5431 474 5496 Ὣς.
507 5431 593 5491 Τί,
622 5431 767 5500 quid.
801 5434 875 5486 In.

227 5504 282 5565 (9
342 5500 455 5554 Καὶ
496 5500 713 5555 οὐδένα
753 5504 956 5565 λόγον.
1002 5500 1127 5556 Haec
1157 5502 1319 5557 verba
1350 5512 1405 5557 et
1443 5507 1727 5565 sequentia

1922 5362 2043 5443 (ίο),
2076 5362 2171 5427 Ὠς
2199 5364 2425 5443 κύριον.
2442 5362 2884 5443 Praemittit‘alter
2910 5365 3078 5443 codex
3095 5362 3171 5427 ὡς
3193 5366 3424 5432 πατέρα,

1849 5447 1884 5487 o
1909 5432 2158 5499 uittitque
2180 5433 2325 5501 quod
2352 5434 2601 5502 sequitur
2621 5433 2696 5502 ὡς
2719 5432 3006 5502 δεσπότην.
3038 5434 3115 5502 lo,

1898 5502 2013 5571 (lt)
2050 5498 2335 5571 Στέρῖγων.
2370 5498 2513 5556 Idem
2550 5501 2711 5557 habet
2741 5498 3066 5571 θερμαίνων.
3101 5498 3175 5571 ln_.

1897 5566 2010 5641 (12)
2064 5566 2471 5639 Ηλὴὶιτισμοῦ.
2524 5573 2677 5626 Alter
2732 5566 3165 5639 6td'ilnx1tcpoﬁ
3229 5566 3411 5630 δεομέο

152 5641 419 5711 pliiicatio
444 5656 656 5704 eorum,
686 5657 807 5711 qua:
850 5643 1096 5711 proxime
1129 5651 1578 5708 antecesserunt;
1631 5645 1723 5699 sed
1827 5661 1957 5705 νοις.
1994 5641 2071 5702 lo.

149 5713 301 5849 nihil
331 5718 481 5773 vetat
521 5713 635 5777 haec
672 5727 887 5791 quoque
926 5728 1047 5779 esse
1104 5730 1134 5769 a
1182 5713 1482 5793 Scriptoris
1537 5718 1721 5775 inanu.

226 5798 279 5846 9!

226 5798 279 5846 9η

1896 5715 2011 5783 (t3)
2063 5711 2266 5766 Ἀλλά.
2315 5710 2699 5783 Hanc‘voccm
2745 5720 2795 5767 et
2830 5721 2944 5766 tres
2978 5717 3269 5783 sequentes
3302 5723 3412 5773 non

1857 5779 2083 5855 legimus
2118 5784 2172 5843 in
2203 5784 2371 5839 altero
2401 5779 2522 5840 cod.
2561 5784 2632 5841 Io.
