4102 6318
650 333 756 389 655

1491 333 1550 393 α
1584 334 1977 394 CLI-sumus
2006 339 2029 393 ι
2063 336 2230 393 non.
2267 336 2471 394 ponr.
2504 336 2735 395 operm
2766 319 2991 394 DUBIA.

3787 342 3914 398 636

644 461 753 513 est,
784 449 936 520 quod
975 464 1168 520 vagum
1196 458 1304 517 est,
1337 454 1421 509 vel
1451 455 1723 519 collisum,
1756 456 1837 511 vel
1869 457 1942 510 ita
1974 461 2199 527 peccatis

2318 461 2495 531 μένον,
2526 436 2647 532 nes
2676 460 3045 529 κατεαγμένον
3090 459 3148 511 ἐν
3195 458 3492 527 ἁμαρτίαις
3533 458 3614 521 είς
3657 458 3913 529 χωλείαν

645 542 990 597 confractum
1020 553 1078 596 ut
1110 544 1164 598 in
1193 544 1281 597 via
1312 544 1603 611 claudicet.
1647 562 1744 617 per
1782 549 2212 605 exhortationem

644 634 1068 688 consolatoriam
1096 634 1364 691 vinciens.
1386 632 1773 703 Peccatorem,‘
1801 640 2078 710 episcope,
2117 642 2215 697 de-

647 725 794 782 lictis
820 726 1149 792 deonerans,
1183 734 1235 782 et
1263 730 1466 798 optima
1495 745 1591 799 spe
1613 732 1850 800 replens,
1876 738 1987 801 iam
2013 734 2213 788 robus-

648 824 761 871 tum
800 817 856 870 in
884 816 1184 877 Ecclesiam
1231 821 1477 885 restitue,
1513 828 1675 890 atque
1722 822 1888 877 reduc
1934 823 2001 878 ad
2048 824 2209 881 ovile.

645 906 801 973 Quod
824 911 1109 979 expulsum
1140 910 1245 964 fuit
1273 926 1497 981 revoca;
1529 912 1631 967 hoc
1675 922 1779 979 est,
1811 916 1957 985 quod
2004 916 2057 969 in
2098 932 2213 987 pa:-

646 1013 771 1052 nam
800 1008 1148 1069 peccatorum
1174 1018 1395 1057 suorum
1428 1004 1660 1073 eiectum
1693 1004 1822 1069 fuit,
1852 1023 1921 1062 ne
1949 1008 2097 1062 siuas
2130 1010 2213 1061 l'o-

646 1092 723 1146 ris
742 1106 1091 1162 permanere;
1120 1095 1213 1150 sed
1246 1100 1587 1166 assumptum
1608 1106 1661 1153 et
1680 1112 2025 1164 conversum,
2046 1100 2213 1157 redde

641 1184 812 1254 gregi,
845 1199 941 1241 seu
971 1186 1332 1243 immaculata:
1355 1186 1611 1246 Ecclesiae
1641 1191 1841 1260 populo
1869 1211 1882 1245 :
1908 1192 2054 1261 quod
2082 1208 2211 1249 vero

644 1278 883 1345 perierat
922 1279 1167 1348 require;
1201 1280 1254 1334 id
1282 1288 1387 1345 est,
1419 1283 1563 1351 quod
1590 1283 1936 1339 multitudine
1967 1293 2212 1354 peccato-

642 1385 763 1424 rum
802 1385 1025 1425 suorum
1054 1388 1207 1442 spem
1235 1374 1428 1429 salutis
1460 1375 1732 1440 amiserat,
1767 1376 2011 1431 funditus
2040 1377 2211 1431 inter-

641 1462 721 1517 ire
747 1478 815 1518 ne
844 1465 1160 1534 permiseris
1189 1484 1201 1519 :
1232 1466 1380 1537 quod
1406 1482 1475 1522 ex
1512 1469 1679 1522 animi
1720 1478 1938 1538 torpore
1964 1486 2026 1523 ac
2057 1471 2209 1541 supi-

639 1553 813 1610 nitate
848 1556 914 1609 in
943 1571 1193 1625 soporem
1234 1560 1383 1613 venit
1428 1566 1483 1613 et
1512 1559 1649 1615 adeo
1678 1575 1895 1631 gravem
1934 1576 2206 1627 somnum,

643 1653 704 1699 ut
732 1661 887 1701 suam
918 1648 1083 1701 vitam
1112 1664 1221 1703 non
1261 1652 1605 1719 recordetur;
1636 1653 1892 1724 quodque
1922 1654 2080 1726 longe
2123 1670 2210 1711 re-

638 1745 809 1795 cessit
840 1756 869 1794 a
900 1742 1119 1811 proprio
1148 1759 1330 1813 grege,
1368 1744 1444 1799 ita
1472 1753 1531 1799 ut
1570 1746 1822 1801 inciderit
1854 1747 1910 1801 in
1945 1748 2102 1818 lupos
2143 1749 2209 1805 ad

640 1848 855 1899 escam;
886 1833 939 1887 id
975 1841 1033 1887 tu
1066 1837 1388 1906 pervestiga,
1420 1844 1473 1891 et
1499 1837 1771 1893 monendo
1814 1852 2101 1907 converte,
2145 1856 2209 1897 ac

639 1930 703 1976 ut
737 1924 923 1993 vigilet
952 1924 1192 1989 hortare,
1224 1935 1280 1981 et
1305 1942 1454 1998 spem
1488 1928 1698 1997 insere;
1729 1946 1905 2001 neque
1932 1932 2049 2002 ipse
2078 1948 2210 1988 cou-

635 2019 799 2073 cedas
824 2029 883 2071 ut
914 2018 1059 2074 dicat
1078 2020 1223 2089 quod
1256 2035 1285 2072 a
1305 2020 1633 2090 quibusdam
1662 2020 1866 2076 dictum
1896 2031 1979 2078 est
2015 2042 2030 2075 :
2060 2042 2079 2074 ι
2104 2024 2210 2077 lm-

638 2110 867 2178 pietatcs
901 2119 1100 2165 nostrae
1129 2127 1290 2181 super
1335 2127 1457 2177 nos,
1488 2122 1540 2167 et
1588 2129 1689 2168 nos
1720 2114 1775 2167 in
1807 2115 1943 2184 ipsis
1971 2115 2209 2171 tabesci-

637 2215 781 2264 mus,
814 2210 869 2255 et
900 2218 1009 2271 quo
1037 2204 1199 2257 modo
1229 2204 1471 2258 vivemus
1488 2204 1573 2260 "2
1613 2223 1631 2255 ι
1668 2204 1993 2276 Episcopus,
2022 2209 2067 2261 si
2094 2210 2207 2263 ﬂeri

637 2295 832 2362 possit,
866 2296 1120 2351 delictum
1163 2296 1391 2351 alterius
1432 2297 1590 2366 quasi
1635 2296 1913 2368 prOprium
1954 2300 2207 2355 conside-

638 2395 739 2451 ret,
765 2395 817 2443 et
844 2390 1117 2458 peccatori
1149 2388 1296 2444 dicat
1326 2409 1339 2444 :
1374 2389 1450 2445 Te
1481 2391 1645 2446 modo
1676 2391 1761 2446 l'ac
1808 2400 2120 2457 convertas,
2150 2402 2205 2450 et

632 2495 734 2551 ego
761 2488 987 2535 mortem
1016 2481 1111 2535 tibi
1139 2481 1376 2535 debitam
1399 2482 1715 2551 suscipiam,
1745 2484 2203 2552 quemadmodum

635 2571 899 2626 Dominus
924 2586 1020 2642 pro
1050 2587 1133 2626 me
1156 2580 1209 2627 et
1238 2587 1334 2641 pro
1364 2574 1615 2629 omnlbus
1645 2584 1897 2632 mortuus
1933 2584 2037 2633 est.
2068 2577 2201 2632 Nam

2312 552 2451 615 ὁδοῦ,
2495 552 2783 605 ἐπιδέννων
2828 550 3070 622 (14)’διά
3102 549 3544 621 ,παρακλητικῆς
3586 550 3909 615 νουθεσίας,

2313 646 2625 715 ἐλαφρύνων
2655 644 2762 699 ἀπὸ
2793 643 3276 715 παραπτωμάτων,
3309 643 3403 696 καὶ
3437 640 3654 696 εὔελπιν
3690 641 3905 705 ποιιῖιν,

2311 736 2472 801 οὕτω,
2505 736 2783 808 ῥωμαλέον
2810 736 2868 790 ἐν
2902 738 2967 806 τῇ
3012 735 3305 805 Ἐκκλησία
3334 733 3691 797 ἀποκαθίστα,
3722 736 3907 787 ἐπαν-

2312 829 2459 896 άγων
2500 830 2557 881 ἐν
2604 830 2669 898 τῇ
2699 828 2921 899 ποίμνῃ.
2953 828 3025 881 Τὸ
3064 826 3368 896 ἐξωσμένον
3406 826 3723 897 ἐπίστρεφε,
3766 843 3905 879 του-

2310 922 2479 981 τέστι,
2508 920 2567 971 τὸ
2594 921 2651 972 ἐν
2680 920 2973 991 ἁμαρτίαις
3000 920 3287 989 γενόμενον
3314 918 3407 971 καὶ
3448 920 3529 980 είς
3572 917 3905 988 ἐπιτίμησιν

2310 1011 2705 1082 ἐκϐεϐλημένον
2737 1013 2810 1083 μὴ
2841 1012 2945 1065 ἐῶν
2970 1011 3076 1077 ἐξω
3102 1012 3394 1081 διαμένειν,
3441 1008 3578 1063 ἀλλά
3604 1007 3905 1081 προσλαμ-

2309 1102 2601 1173 ϐανόμενος
2628 1105 2722 1156 καὶ
2748 1102 3088 1174 ἐπιστρέφων
3111 1100 3450 1156 ἀποκαθίστα
3478 1101 3537 1152 ἐν
3564 1102 3630 1171 τῇ
3656 1098 3901 1170 ποίμνῃ,

2310 1196 2604 1261 τουτέστιν,
2634 1198 2692 1248 ἐν
2720 1195 2797 1267 τῷ
2827 1194 2941 1266 λαῷ
2968 1196 3065 1266 τῆς
3093 1193 3323 1265 ἀμώμου
3372 1190 3678 1261 ἐκκλησίας·
3724 1190 3782 1243 τὸ
3837 1188 3905 1243 δὲ

2308 1286 2585 1351 ἀπολωλὸς
2613 1287 2851 1359 ἐκξήτει,
2879 1287 3142 1349 τουτέστι,
3181 1284 3388 1339 τὸ’ύπὸ
3430 1284 3664 1357 πλήθους
3704 1300 3902 1355 παρα-

2310 1378 2615 1449 πτωμάτων
2646 1378 2839 1432 ἐαυτοῦ
2872 1378 2983 1451 (15)
3015 1377 3319 1432 ἀπελπίσαν
3344 1378 3443 1447 τῆς
3484 1378 3767 1449 σωτηρίας,
3808 1377 3899 1447 μὴ

2310 1470 2476 1542 ἐάσῃς
2502 1470 2698 1533 τελέως
2729 1470 3040 1524 ἀπολέσθαι·
3087 1470 3146 1523 τὸ
3191 1470 3296 1522 ὑπὸ
3322 1469 3525 1539 πολλῆς
3550 1468 3755 1538 ψύξεως
3777 1468 3901 1536 ψυ-

2310 1563 2468 1633 χικῆς
2494 1561 2604 1633 (16)
2635 1562 2729 1615 καὶ
2756 1562 3015 1632 νωχελίας
3042 1560 3311 1615 κάθυπνον
3340 1560 3647 1631 γενόμενον,
3676 1560 3765 1612 καὶ
3792 1557 3901 1612 διὰ

2311 1652 2505 1723 βαρέος
2548 1652 2717 1706 ὓπνου
2758 1654 2856 1725 τῆς
2898 1652 3092 1707 ἑαυτοῦ
3134 1651 3277 1723 ζωῆς
3322 1650 3738 1721 ἐπιλαθόμενον,
3785 1650 3899 1705 καὶ

2314 1744 2529 1818 μακρὰν
2558 1746 2939 1815 ἀποστατῆσαν
2969 1745 3069 1816 τῆς
3102 1744 3233 1807 ιδίας
3262 1744 3517 1815 ποίμνης,
3548 1742 3624 1805 ὡς
3664 1741 3754 1798 καὶ
3792 1740 3899 1793 λύ-

2240 1819 2281 1874 B
2313 1856 2428 1901 κοις
2470 1840 2786 1910 περιπεσεῖν
2829 1839 2909 1901 είς
2953 1836 3117 1908 βορὰν
3160 1836 3294 1907 (17),
3341 1836 3405 1888 σὺ
3450 1832 3757 1910 ἀναζήτει,Δ
3784 1832 3897 1887 καὶ

2311 1906 2575 1983 νουθετῶν
2602 1931 2918 2001 ἐπίστρεφε,
2948 1906 3043 1983 καὶ
3072 1906 3262 2000 νήφειν
3291 1924 3619 1998 παρακάλει,
3786 1922 3895 2017 ekf

2312 2022 2438 2075 πίδα
2469 2021 2789 2093 ὑπόσπειρε,
2821 2021 2895 2093 μὴ
2938 2020 3236 2091 συγχωρῶν
3276 2018 3422 2089 αύτῷ
3462 2017 3639 2086 λέγειν
3679 2015 3739 2070 τό
3774 2015 3901 2069 ὑπό

2307 2130 2467 2168 τινων
2498 2113 2608 2185 (18)
2642 2113 2950 2184 είρημένον,
2980 2114 3061 2165 ὅτι
3092 2129 3111 2163 ι
3151 2110 3232 2165 Τὰ
3262 2110 3583 2182 ἀσεϐήματα
3614 2108 3764 2179 ἡμῶν
3794 2106 3892 2177 ἐφ’

2308 2210 2458 2278 ἡμῖν,
2488 2208 2581 2261 καὶ
2610 2208 2767 2277 ἡμεῖς
2796 2206 2854 2259 ἐν
2884 2205 3066 2267 αὐτοῖς
3094 2202 3393 2275 τηκόμεθα,
3424 2204 3517 2255 κα)⁸
3560 2201 3675 2264 πῶς
3719 2199 3891 2272 ζησό-

2310 2299 2482 2370 μεθας
2519 2317 2537 2349 ι
2573 2300 2637 2351 El
2663 2292 2772 2351 οἷόν
2799 2315 2860 2351 τε
2891 2293 3003 2361 οὖν,
3036 2295 3393 2349 ίδίοποιείσθω
3433 2298 3460 2348 ό
3503 2295 3797 2355 ἐπίσκοπος
3826 2292 3891 2346 τὺ

2308 2389 2844 2471 πλημμέλημαηκαὶ
2892 2389 3095 2456 λεγέτω
3140 2387 3217 2459 τῷ
3264 2382 3643 2460 ἡμαρτηκότι,
3690 2387 3771 2439 ἇτι
3820 2386 3888 2439 σὺ

2310 2483 2465 2552 μόνον
2494 2481 2839 2553 ἐπίστρεψον,
2884 2479 3037 2549 κάγὼ
3066 2480 3158 2532 τὸν
3191 2481 3327 2551 ὑπὲρ
3358 2479 3451 2534 σοῦ
3484 2479 3710 2533 θάνατον
3754 2480 3889 2533 ἀνα-

2305 2572 2545 2643 δέξομαι,
2590 2574 2665 2635 ὡς
2705 2576 2733 2626 ὁ
2777 2573 2979 2645 Κύριος
3024 2573 3114 2625 τὸν
3161 2573 3299 2641 ὑπὲρ
3339 2571 3473 2642 ἑ.μοῦ
3506 2572 3601 2625 καὶ
3628 2571 3883 2625 πάντων.

634 2682 658 2714 ο
694 2663 896 2719 bonus'
921 2671 1109 2733 pastor
1153 2666 1391 2719 animam
1449 2680 1605 2720 suam
1668 2669 1819 2737 ponit
1862 2684 1977 2738 pro
2008 2671 2199 2726 ovibus

2302 2665 2375 2717 "0
2422 2664 2625 2737 ποιμὴν
2672 2664 2780 2735 γάρ
2822 2666 2850 2717 ὁ
2892 2664 3053 2726 καλὸς
3108 2663 3206 2735 τὴν
3238 2662 3416 2735 ψυχὴν
3462 2661 3626 2716 αὑτοῦ
3670 2662 3888 2733 τίθησιν

634 2756 753 2811 suis
784 2774 801 2811 :
831 2755 1202 2811 mercenarius
1246 2762 1429 2810 autem
1455 2764 1509 2811 et
1552 2758 1645 2827 qui
1679 2774 1787 2813 non
1835 2767 1920 2817 est
1970 2768 2161 2830 pastor
2183 2801 2198 2827 ,

629 2850 932 2920 cujus'nou
958 2842 1092 2903 sunt
1118 2863 1247 2905 oves
1284 2849 1539 2919 ωορκ-ξω,
1576 2850 1721 2906 videt
1750 2851 1939 2920 lupum
1979 2854 2203 2908 venien-

630 2952 765 3009 tem,
806 2958 826 2996 ι
860 2942 965 2996 hoc
992 2949 1097 3006 est,
1128 2940 1427 3006 diabolum,
1467 2960 1485 2992 ι
1524 2951 1576 2997 et
1600 2943 1822 2996 dimittit
1851 2959 2002 3010 oves,
2031 2954 2086 3000 et
2110 2945 2197 3000 fu-

630 3038 745 3106 git;
777 3042 831 3089 et
860 3036 1023 3105 lupus
1045 3033 1187 3104 rapit
1212 3048 1307 3089 eas
1332 3033 1393 3088 δ’.
1435 3053 1454 3086 ι
1494 3033 1763 3100 Quocirca
1794 3035 1936 3090 scire
1963 3044 2194 3105 oportet,

2304 2756 2443 2827 ὑπὲρ
2471 2755 2577 2807 τῶν
2614 2755 2914 2827 προϐάτων·
2958 2758 2988 2808 ό
3016 2754 3072 2807 δέ
3104 2753 3369 2824 μισθωτὸς
3411 2754 3504 2807 καὶ
3532 2753 3631 2805 οὐκ
3660 2751 3735 2805 ὣν
3767 2769 3888 2805 ποι-

2307 2847 2435 2918 μὴν,
2465 2840 2526 2899 οὗ
2553 2845 2652 2903 οὐκ
2681 2846 2795 2899 ἐστι
2824 2846 2893 2899 τὰ
2922 2845 3169 2916 πρόϐατα
3202 2844 3307 2898 ίδια
3326 2884 3339 2907 ,
3385 2843 3578 2915 θεωρεῖ
3602 2844 3694 2896 τὸν
3721 2842 3887 2897 λύκον

2304 2938 2932 3011 ἐρχόμενον,›τουτὲστι,
2974 2939 3063 2991 τὸν
3084 2937 3327 2991 διάϐολον
3359 2936 3633 3009 (19),‹καὶ
3687 2936 3884 3006 ἀφίησι

2302 3033 2373 3087 τά
2402 3032 2670 3103 πρόϐατα,
2700 3033 2793 3085 καὶ
2821 3031 3032 3099 φεύγει,
3062 3032 3203 3085 καὶὸ
3229 3028 3389 3093 λύκος
3430 3026 3664 3101 ἁρπάζει
3689 3025 3882 3081 αύτά.ι

626 3128 774 3199 quod
802 3126 968 3191 Deus,
1000 3127 1091 3197 qui
1122 3128 1437 3183 misericors
1463 3136 1567 3192 est,
1607 3128 2052 3199 delinquentibus
2082 3149 2197 3204 pm-

2302 3124 2513 3179 Είὸέναι
2566 3120 2659 3177 οὖν
2708 3124 3016 3196 προσήκει,
3079 3123 3161 3175 ὃτι
3213 3124 3339 3189 τοῖς¹
3370 3123 3747 3194 ἡμαρτηκόσιν
3794 3120 3884 3174 εὖ·

631 3219 915 3273 nitentiam
939 3218 1297 3287 jurejurando
1330 3219 1599 3287 promisit.
1634 3220 1736 3285 Qui
1784 3237 1911 3276 vero
1942 3222 2191 3295 deliquit,

627 3325 682 3367 et
706 3314 848 3365 banc
870 3311 937 3365 de
968 3311 1288 3381 pmnitentia
1319 3310 1719 3381 professionem
1752 3312 1845 3369 Dei
1874 3315 2109 3385 ignorat,
2143 3326 2197 3372 et

627 3403 865 3457 divinam
896 3402 1369 3459 mansuetudinem
1414 3411 1575 3474 atque
1620 3406 1939 3475 patientiam
1984 3411 2194 3477 nescit,

630 3496 963 3566 insuperque
986 3503 1207 3551 sanctas
1248 3494 1559 3565 Scripturas
1598 3500 1969 3567 paenitentiam
2004 3502 2198 3571 prmdi.

628 3597 818 3645 cantes
842 3605 954 3645 non
986 3590 1288 3660 cognoscit,
1324 3591 1552 3654 scilicet,
1590 3604 1619 3643 a
1645 3599 1696 3645 te
1724 3608 1833 3645 non
1860 3578 2118 3660 edoctus;
2149 3596 2195 3652 is

628 3690 849 3752 propter
888 3682 1162 3736 inscitiam
1200 3682 1370 3751 perit;
1399 3690 1453 3736 at
1487 3690 1566 3747 tu,
1599 3690 1861 3753 tanquam
1912 3684 2196 3757 indulgens

629 3782 816 3842 pastor
850 3780 903 3827 et
934 3772 1215 3828 studiosus
1266 3770 1569 3843 pabulator,
1616 3778 1853 3845 require,
1898 3794 2193 3837 numerans

629 3878 843 3935 gregem
912 3882 925 3917 :
983 3864 1127 3935 quod
1186 3864 1529 3919 desideratur
1565 3867 1860 3939 investiga,
1907 3872 2053 3925 sicut
2089 3872 2208 3929 Do-A

628 3958 810 4011 minus
839 3956 1003 4021 Deus,
1030 3956 1205 4012 bonus
1233 3958 1393 4013 Pater
1422 3964 1629 4023 noster,
1665 3962 1757 4030 qui
1789 3961 2065 4017 doctorem
2096 3981 2195 4020 no-

627 4057 799 4104 strum
844 4046 1054 4111 Jesum,
1095 4046 1289 4101 Filium
1332 4065 1513 4113 suum,
1552 4059 1829 4119 pastorem
1878 4054 2082 4109 bonum
2130 4073 2193 4113 ac

627 4137 964 4193 Salvatorem
1002 4139 1174 4203 misit,
1212 4148 1260 4194 δι
1295 4140 1572 4195 mandavit
1601 4142 1649 4197 ei
1684 4144 1991 4216 relinquere
2022 4163 2195 4203 nona-

624 4226 787 4302 ginta'
820 4246 1011 4285 novem
1060 4245 1189 4286 oves
1236 4230 1294 4286 in
1322 4233 1625 4299 montibus,
1673 4242 1728 4290 et
1780 4252 2079 4307 properare
2124 4242 2193 4295 ad

625 4321 971 4391 quaerendam
999 4337 1119 4377 eam
1148 4332 1269 4393 quae
1296 4334 1595 4391 erraverat,
1614 4327 1999 4401 inventamque
2028 4347 2195 4403 super

625 4413 881 4469 humeros
912 4428 1041 4470 suos
1067 4416 1336 4497 attollere,
1360 4424 1415 4472 et
1435 4416 1503 4471 ad
1532 4430 1747 4489 gregem
1779 4431 2019 4490 portare,
2058 4440 2193 4495 gau-

2301 3217 2605 3289 σπλαγχνος
2632 3216 2706 3271 ὢν
2748 3220 2776 3271 ὁ
2806 3216 2957 3281 Θεὸς,
3007 3215 3146 3288 μετά
3173 3217 3336 3288 ὅρκου
3369 3216 3655 3287 μετάνοιαν
3700 3216 3878 3286 ἐπηγ-

2296 3310 2530 3379 γείλατοσ
2574 3312 2603 3364 ὁ
2663 3309 2719 3363 δὲ
2765 3310 3085 3381 ἁμαρτήσας
3134 3309 3227 3363 καὶ
3265 3308 3365 3380 τὴν
3411 3306 3739 3376 ἐπαγγελίαν
3782 3305 3878 3359 τοῦ

2297 3403 2432 3458 Θεοῦ
2452 3403 2550 3475 τὴν
2580 3402 2707 3473 περὶ
2742 3401 3025 3472 μετάνοιαν
3058 3398 3286 3467 ἀγνοῶν,
3317 3399 3410 3452 καὶ
3436 3398 3496 3451 τὸ
3526 3397 3877 3470 μακρόθυμον

2297 3495 2391 3551 καὶ
2420 3493 2737 3560 ἀνεξίκακον
2768 3492 2931 3546 αυτοῦ
2976 3492 3049 3564 μὴ
3088 3490 3465 3562 ἐπιστάμενος,
3510 3490 3589 3544 ἐτι
3639 3489 3745 3561 μὴν
3782 3491 3876 3544 καὶ

2296 3584 2395 3649 τὰς
2428 3586 2587 3655 ἀγίας
2615 3584 2837 3656 Γραφάς
2864 3583 2963 3646 τὰς
2990 3582 3192 3654 ταύτην
3222 3582 3599 3655 κηρυσσούσας
3625 3582 3686 3633 οὺ
3714 3580 3878 3649 γινώ-

2299 3693 2466 3741 σκων,
2489 3678 2584 3731 ἀτε
2609 3677 2682 3749 μὴ
2716 3674 3048 3750 μεμαθηκὼς
3076 3674 3228 3745 παρά
3257 3674 3371 3739 σοῦ,
3394 3673 3686 3727 ἀπόλλυται
3707 3673 3776 3737 ⁵⁸,
3807 3675 3871 3727 σὺ

2295 3768 2351 3826 δὲ
2382 3769 2457 3832 ὼς
2486 3768 2835 3841 φιλόστοργος
2876 3769 3079 3839 ποιμὴν
3127 3768 3219 3821 καὶ
3261 3766 3336 3830 ὡς
3369 3765 3649 3829 σπουδαῖος
3678 3767 3872 3836 νομεὺς

2296 3858 2569 3932 ἀναζήτει,
2612 3860 2861 3933 ἀριθμῶν
2887 3860 2985 3930 τὴν
3017 3860 3270 3930 ποίμνηνο
3302 3858 3365 3911 τὸ
3409 3858 3592 3910 λεῖπον
3631 3855 3869 3927 ἐκζήτει,

2296 3952 2371 4016 ὡς
2400 3952 2605 4026 Κύριος
2632 3955 2661 4005 ὁ
2690 3952 2821 4015 Θεὸς
2850 3954 2877 4005 ὀ
2907 3951 3110 4019 ἀγαθὸς
3130 3952 3317 4023 Πατὴρ
3337 3951 3514 4022 ἡμῶν,
3546 3948 3870 4013 ἀποστείλας

2293 4044 2382 4102 τὸν
2412 4044 2601 4099 ἑαυτοῦ
2630 4044 2757 4097 Υίὸν
2789 4043 3020 4114 ποιμένα
3063 4042 3224 4097 καλὸν
3254 4043 3346 4095 καὶ
3383 4041 3611 4112 Σωτῆρα
3657 4040 3750 4094 τὸν
3794 4040 3867 4093 δι-

2292 4135 2556 4191 δάσκαλον
2604 4135 2759 4207 ἡμῶν
2802 4134 3027 4207 Ἰησοῦν,
3063 4133 3360 4206 ἐπιτρέψας
3407 4133 3555 4205 αὑτῷ
3599 4132 3757 4187 ἐάσαι
3801 4133 3868 4185 τά

2294 4229 2803 4301 ἐννενηκονταεννέα
2843 4229 2935 4282 ἐπὶ
2977 4227 3088 4301 (20)
3136 4224 3204 4280 τὰ
3247 4228 3372 4299 ὅρη,
3404 4227 3498 4280 καὶ
3539 4225 3865 4298 πορευθῆναι

2293 4320 2386 4374 ἐπὶ
2413 4322 2514 4392 τὴν
2544 4319 2771 4392 ζήτησιν
2792 4319 2885 4375 τοῦ
2907 4319 3151 4390 πεπλανη
3162 4320 3342 4390 μένου,
3372 4319 3464 4372 καὶ
3492 4317 3718 4389 εὑρόντα
3737 4313 3865 4390 ἆραι

2293 4414 2386 4467 ἐπὶ
2409 4415 2534 4477 τοὺς
2566 4413 2757 4467 ἐαυτοῦ
2806 4412 3009 4484 ὤμους,
3058 4412 3150 4466 καὶ
3198 4412 3383 4483 φέρειν
3427 4412 3487 4465 ἐν
3531 4413 3599 4482 τῇ
3640 4410 3860 4483 ποίμνῃ,

624 4504 801 4560 dendo
840 4509 907 4562 de
949 4508 1067 4562 ovis
1102 4495 1325 4578 perdita:
1367 4513 1779 4581 recuperatione
1805 4514 1871 4569 ἰ.
1898 4514 2023 4570 Pari
2058 4531 2189 4586 ergo

2302 4509 2551 4580 χαίροντα
2575 4507 2669 4561 ἐπὶ
2705 4509 2771 4577 τῇ
2801 4506 3013 4578 εὑρέσει
3039 4504 3133 4557 τοῦ
3165 4504 3518 4569 ἀπολωλότος.
3554 4503 3740 4568 Οὕτως
3774 4501 3862 4586 οὖν

626 4597 807 4661 modo,
838 4613 871 4651 ο
914 4599 1191 4669 episcope,
1234 4608 1287 4655 et
1314 4608 1371 4657 tu
1418 4601 1529 4657 Deo
1558 4604 1921 4660 obedientiam
1956 4615 2183 4677 pra-sta,

634 4688 751 4743 .lum
786 4692 931 4760 quod
962 4690 1195 4760 perierat
1218 4694 1473 4764 requiris,
1503 4697 1651 4766 quod
1682 4698 2029 4755 aberraverat
2057 4699 2189 4754 diri-

2296 4604 2531 4674 ύπήκοος
2559 4602 2709 4670 γίνου
2740 4602 2833 4655 καὶ
2862 4596 3009 4666 σὺ,ὧ
3029 4601 3315 4667 ἐπίσκοπε,
3338 4600 3583 4675 ἐκζητῶν
3612 4602 3673 4655 τὸ
3700 4582 3861 4656 ἀπολέ

2289 4697 2443 4763 ωλὸς,
2475 4696 2819 4751 κατευθύνων
2858 4696 2919 4751 τὸ
2959 4696 3394 4766 πεπλανημένον,
3430 4696 3776 4767 ἐπιστρέφων
3801 4694 3860 4749 τὸ

694 4844 739 4879 ’⁸
770 4842 1285 4915 Ezeeb.-1xxui,l0.
1362 4848 1578 4912 "Joan.
1620 4814 1676 4917 τ,
1709 4855 1795 4911 ll.
1874 4856 1920 4887 "
1950 4856 2022 4912 al.
2054 4855 2183 4911 add.

2302 4856 2534 4924 ὸάνοίας
2563 4898 2577 4912 .
2652 4860 2697 4891 ⁸⁸
2728 4858 2915 4917 Matth.
2951 4872 3114 4924 xviu;
3157 4856 3289 4913 Luc.
3336 4875 3425 4916 xv.

1926 5008 2294 5071 VARIORUM
2324 5011 2557 5077 NO'UE.

694 5150 805 5223 (ll)
858 5154 1227 5235 'Ezrcdéfifrwr.
1258 5154 1375 5235 Vox
1395 5168 1477 5235 est
1506 5160 1660 5235 nibili
1681 5201 1696 5227 ,
1728 5177 1825 5232 pro
1856 5177 1964 5235 qua
1994 5164 2176 5235 legenv

623 5221 772 5300 dum,
805 5232 911 5300 aut
938 5225 1182 5300 ἐπιρέων,
1213 5237 1305 5300 aut
1333 5230 1657 5300 ἐπιδεσμῶν,
1682 5221 1757 5285 ὐί
1785 5221 1889 5289 est'
1909 5233 1963 5286 in
2008 5221 2179 5289 altero

624 5291 810 5381 codice
854 5292 1384 5381 Vindo_bonensi,._ul
1430 5291 2025 5381 postea_'reseivimus;
2074 5306 2177 5360 hoc

2364 5165 2477 5240 (illi)
2520 5166 2810 5236 Ψυχικῆς.
2846 5166 3057 5240 Omittit
3087 5177 3336 5240 uterque.
3373 5185 3475 5226 nec
3504 5187 3637 5229 sane
3667 5189 3851 5230 neces-

2288 5238 2491 5292 sarium
2524 5246 2606 5290 est
2636 5244 2689 5291 et
2716 5238 2941 5293 offendit
2970 5254 3149 5293 aures.
3191 5238 3265 5295 lo.

2355 5306 2467 5379 (Π)
2502 5309 2607 5387 Εἰς
2631 5307 2844 5387 βοράν.
2870 5307 3099 5365 Rectius
3128 5325 3291 5379 quam
3324 5310 3489 5387 βορᾷ,
3516 5315 3661 5384 quod
3688 5326 3770 5375 est
3797 5317 3844 5370 iu

624 5372 726 5439 est,
762 5362 947 5439 ligans,
983 5374 1040 5419 ut
1066 5362 1323 5439 solent-ii
1352 5362 1447 5439 qui
1478 5372 1718 5427 membra
1765 5372 1937 5427 fracta
1984 5362 2179 5435 curare
2284 5362 2461 5431 altero
2485 5362 2803 5431 codicet'ln.

626 5432 833 5507 volunt.
864 5433 1028 5489 Miror
1055 5432 1383 5493 Cotelerium'
1408 5442 1508 5494 hoc
1538 5456 1644 5495 nou
1670 5442 1889 5507 vidisse,
1923 5458 2047 5497 nam
2072 5432 2175 5500 hoc

626 5500 774 5580 verbi
816 5515 1115 5580 monstrum
1145 5508 1197 5580 iu
1230 5507 1343 5580 lnd.
1372 5508 1557 5565 Grznco
1589 5500 1887 5580 recensuit:
1923 5514 2176 5570 (inea.—

624 5568 854 5646 Iaiitum
883 5575 1035 5629 abest
1061 5586 1119 5630 ut
1176 5577 1431 5633 ὲπιδέννω
1458 5576 1669 5634 verbum
1698 5582 1957 5646 sitm'hili,
1993 5595 2049 5638 ut
2078 5568 2177 5638 lia-

627 5640 1209 5731 besturmeusu‘ligoﬁu
1230 5649 1541 5731 Symmachi
1565 5654 1812 5731 versione
1830 5640 2176 5731 Is_.vr:,testan.

627 5720 678 5764 te
701 5710 991 5795 Procopio:
1016 5710 1416 5846 {itoevvoﬁévou
1441 5720 1538 5787 (se.
1562 5723 1911 5802 τραύματος).
1942 5710 2141 5785 ὑιιΑοιι.

693 5780 737 5846 (1
752 5786 802 5846 ο)
833 5786 1243 5843 Euvrov.Alter
1296 5788 1669 5846 ιώριέαυτους.
1697 5795 1971 5846 mendose.
2004 5793 2141 5846 Cum

693 5780 1243 5855 (15)Ἐαυτοῦ.Λίιυι“
1257 5780 1414 5846 habet
1429 5780 1669 5857 ἑαυτούς,
1697 5780 1971 5851 mendose.
2004 5780 2170 5853 (Itis.

2279 5742 2398 5795 quae

2278 5798 2388 5851 ἐπί.
2421 5796 2497 5852 In.

2384 5446 2466 5507 l8)
2517 5448 2663 5499 ’Υπό
2690 5464 2883 5500 τινων.
2916 5447 3195 5503 Omittitur
3222 5450 3277 5503 in
3306 5451 3497 5507 altero.
3532 5452 3607 5507 In.

2384 5446 2443 5499 l8
2517 5448 2663 5499 ’Υπό
2690 5464 2883 5500 τινων.
2916 5447 3195 5503 Omittitur
3222 5450 3277 5503 in
3306 5451 3497 5507 altero.
3532 5452 3607 5507 In.

2353 5446 2466 5587 $19;
2508 5516 2781 5570 Τουτέστι
2811 5516 2915 5571 τὸν
2940 5518 3238 5573 διάϐολον.
3286 5520 3637 5580 Omittuntur'
3666 5524 3722 5579 in
3768 5527 3839 5581 al-

2282 5594 2421 5647 tero,
2448 5586 2506 5640 et
2535 5586 2768 5653 glossam
2800 5588 3062 5643 redolent.
3096 5588 3172 5644 In.

2352 5657 2463 5779 (20.)
2494 5655 2639 5713 Ἐπί.
2663 5657 2945 5711 Antecedit
2971 5660 3023 5713 in
3053 5660 3222 5716 altero
3258 5663 3380 5717 eod.
3415 5664 3508 5717 ἐπὶ
3544 5668 3610 5736 τῇ
3640 5666 3840 5737 ἐρήμῳ,

2354 5742 2398 5779 ιε
2457 5726 2591 5779 acile
2619 5726 2959 5779 exciderunt.
2992 5740 3211 5779 nmntm-
3244 5735 3618 5779 remittimmu
3648 5746 3840 5779 \mrulza

2457 5726 2591 5780 acile
2619 5726 2959 5803 exciderunt,
2991 5740 3211 5801 propter
3243 5726 3619 5804 repetitionem
3648 5726 3843 5792 voculae
