4056 6328
563 352 669 407 639

1408 344 1464 400 Β.
1503 341 1893 400 CLEMENTIS
1925 342 1944 395 l
1984 339 2150 396 ROM.
2190 336 2391 393 ΡΟΝΤ.
2428 336 2655 392 OPERA
2692 334 2916 392 DUBIA.

3710 332 3819 389 6ιο

564 480 683 536 gem
713 472 864 517 tuum
904 461 1221 530 dissipabis.
1251 470 1307 514 et
1345 459 1714 513 devorandum
1754 456 1936 511 trades
1970 458 2133 526 lupis.

2255 477 2357 528 Em
2382 473 2617 543 δαίμοσι,
2656 472 2745 524 καὶ
2777 472 3030 541 πονηροῖς
3058 468 3383 540 ἀνθρώποις,
3418 467 3613 537 μᾶλλον
3634 465 3691 519 δὲ
3718 467 3820 520 οὐκ

564 557 666 609 hoc
696 564 779 609 est
810 554 1147 608 darmonibus
1177 562 1230 606 et
1257 552 1437 622 pravis
1486 549 1829 614 hominibus;
1878 550 1987 601 imo
2015 562 2142 601 vero

567 664 674 701 non
704 647 1038 706 hominibus,
1076 645 1167 699 sed
1217 644 1346 699 feris
1381 644 1616 696 humana
1662 641 1831 695 forma
1880 638 2138 708 pneditis,

566 740 800 795 ethnicis
831 754 1043 807 nempe.
1076 737 1277 791 Judaeis
1306 747 1357 790 et
1386 737 1567 805 impiis
1608 734 1897 795 haereticis.
1936 732 1980 764 ⁸³
2008 731 2142 785 Nam

567 831 635 883 ad
666 846 787 882 eum
817 832 909 897 qui
942 844 1005 882 ex
1040 827 1286 882 Ecclesia
1317 828 1529 895 cjectus
1555 835 1660 889 est,
1692 826 1951 879 continuo
1989 836 2146 876 acce-

569 920 706 977 dunt
735 920 1028 975 truculenti
1064 921 1197 990 lupi,
1234 930 1286 973 et
1315 920 1471 989 quasi
1514 933 1711 987 agnum
1761 918 2020 970 devorare
2050 928 2146 983 ge~

570 1016 763 1077 stiunt,
796 1014 848 1066 in
880 1012 1159 1083 proprium
1192 1012 1404 1064 lucrum
1454 1016 1684 1062 mortem
1716 1006 1861 1060 illius
1888 1010 2148 1075 reputan-

572 1114 655 1161 tes
670 1124 683 1161 :
698 1106 895 1160 etenim
922 1105 1135 1157 illorum
1155 1112 1307 1173 pater
1322 1102 1589 1162 diabolus,
1607 1096 1875 1152 homicida
1897 1104 1981 1150 est
1998 1096 2071 1149 “z
2094 1100 2149 1151 et

569 1198 663 1266 qui
698 1195 1238 1267 per-imprudentiam
1272 1202 1421 1247 tuam
1451 1193 1654 1261 injuste
1683 1197 1997 1259 segregatus
2024 1187 2146 1252 fuit,

574 1298 685 1342 tum
716 1289 936 1342 tristitia
982 1302 1297 1385 oppressus,
1334 1292 1387 1339 et
1430 1284 1629 1353 pusillo
1673 1284 1853 1336 animo
1888 1277 2185 1349 elfectusf

574 1388 666 1433 aut
696 1380 760 1433 ad
789 1392 973 1449 gentes
1001 1372 1334 1449 Evagabitur,
1380 1384 1473 1429 aut
1522 1375 1892 1445 implicabitur
1924 1372 2153 1427 haaresi-

573 1471 712 1536 bus;
745 1480 811 1524 et
831 1473 897 1524 ab
927 1470 1165 1525 Ecclesia
1207 1484 1271 1521 ac
1294 1484 1389 1538 spe
1420 1469 1473 1521 in
1506 1467 1673 1522 Deum
1702 1468 1920 1536 penitus
1946 1464 2151 1519 abalie-

573 1562 808 1626 nabitur,
850 1569 1011 1630 atque
1060 1562 1127 1615 ab
1176 1561 1455 1631 impietate
1505 1558 1912 1629 compedietur;
1948 1556 2152 1625 desque

575 1662 630 1706 tu
682 1654 748 1707 de
798 1653 947 1707 illius
994 1654 1213 1708 interitu
1272 1668 1418 1707 reus.
1451 1650 1621 1703 Porro
1662 1664 1876 1718 aequum
1922 1662 2030 1701 non
2068 1655 2152 1701 est

576 1755 882 1815 promptum
912 1744 1130 1814 quidem
1158 1760 1283 1799 esse
1325 1744 1390 1796 ad
1429 1740 1754 1809 ejiciendum
1786 1745 2149 1807 peccaturem,

575 1837 791 1888 tardum
816 1850 942 1889 vero
988 1834 1053 1887 ad
1104 1833 1470 1902 recipiendum
1510 1845 1871 1895 conversum;
1902 1837 1955 1884 et
1980 1836 2149 1884 teme-

577 1927 781 1980 rarium
812 1925 1029 1994 quidem
1062 1926 1127 1978 ad
1153 1922 1545 1993 amputandum
1589 1922 1855 1983 existere,
1889 1919 2149 1973 immitem

576 2027 755 2073 autem
802 2017 865 2071 ad
909 2016 1233 2070 medendum
1283 2015 1526 2081 dolenti;
1577 2014 1646 2067 de
1686 2013 1887 2067 talibus
1933 2012 2149 2066 dicente

578 2109 858 2179 Scriptura
897 2108 1119 2162 divina:
1160 2127 1176 2159 ι
1222 2105 1394 2161 Pedes
1436 2121 1624 2159 eorum
1648 2103 1713 2156 ad
1739 2102 1999 2156 malitiam
2031 2116 2151 2156 cur-

578 2212 707 2254 runt
741 2221 752 2254 :
782 2201 993 2255 veloces
1035 2207 1161 2255 sunt
1202 2197 1267 2251 ad
1294 2195 1679 2252 effundendum
1710 2193 2029 2262 sanguinem
2054 2192 2098 2223 ⁸⁸
2132 2212 2143 2246 :

577 2292 835 2346 contritio
859 2300 912 2345 et
938 2291 1155 2346 miseria
1182 2292 1235 2344 in
1260 2291 1359 2343 viis
1385 2303 1595 2350 eorum,
1621 2292 1673 2340 et
1697 2285 1836 2339 viam
1862 2284 2011 2354 pacis
2042 2299 2149 2338 non

578 2388 947 2453 Cognoverunt
980 2400 994 2437 :
1030 2398 1138 2435 non
1184 2389 1269 2436 est
1316 2380 1479 2435 timor
1526 2377 1617 2433 Dei
1651 2387 1776 2431 ante
1814 2376 2004 2429 oculos
2060 2390 2153 2429 eo-

579 2492 697 2529 rum
727 2475 792 2527 “.
826 2492 842 2523 ι
875 2471 971 2525 Via
995 2480 1170 2526 autem
1197 2474 1348 2542 pacis
1388 2481 1471 2525 est
1494 2469 1753 2524 Servator
1784 2472 1970 2521 noster
1991 2464 2153 2519 Jcsus

577 2567 853 2627 Christus,
884 2564 977 2634 qui
1021 2565 1183 2618 etiam
1210 2579 1309 2617 nos
1338 2561 1525 2616 docuit
1549 2560 1632 2614 bis
1657 2559 1834 2613 verbis
1864 2576 1876 2610 :
1906 2574 1923 2607 ι
1959 2555 2154 2608 Dimit-

577 2661 698 2723 tite,
720 2660 786 2728 et}
810 2657 1113 2712 dimittetur
1144 2656 1329 2722 vobis;
1350 2655 1492 2716 date,
1523 2660 1577 2706 et
1612 2650 1827 2705 dabitur
1846 2649 1997 2703 vobis
2017 2652 2091 2715 ⁶⁶;
2132 2668 2149 2700 ι

580 2753 681 2805 hoc
702 2760 807 2812 est,
823 2750 945 2803 date
961 2759 1305 2818 peccatorum
1329 2745 1725 2806 remissionem,
1739 2751 1792 2796 et
1810 2740 2154 2794 remittentur

578 2839 949 2897 vobisdclicta
976 2837 1463 2907 :quemadmodum
1485 2842 1539 2889 et
1564 2849 1660 2903 per
1680 2831 1979 2885 orationem
2003 2829 2156 2883 insti—

580 2935 684 2989 tuit
704 2948 825 2996 nos,
851 2932 990 2985 ntad
1014 2930 1177 2984 Deum
1206 2928 1514 2982 diceremus
1539 2945 1552 2980 :
1590 2944 1609 2976 ι
1635 2924 1854 2977 Dimitte
1871 2916 2033 2975 nobis
2054 2919 2152 2975 de-

580 3026 693 3078 bita
722 3031 930 3085 nostra,
963 3024 1104 3078 sicut
1142 3028 1197 3075 et
1225 3035 1325 3074 nos
1344 3017 1671 3073 dimittimus
1692 3014 2029 3070 debitoribus
2055 3028 2156 3067 no—

2180 1798 2221 1853 Β

2243 564 2586 635 ἀνθρὼποις,
2665 561 2798 615 ἀλλά
2855 561 3064 631 θηρίοις
3118 555 3583 630 ἀνθρωποειδὼιν,
3676 556 3821 609 ἐθνι⁴

2245 658 2359 717 κοῖς
2396 654 2529 725 (‘29),
2560 654 2655 706 καὶ
2696 651 3059 712 Ἰουδαῖσταῖς,
3109 649 3205 701 καὶ
3236 646 3582 718 αίρεσιώταις
3613 646 3817 709 ἀθέοις·

2243 746 2321 815 τῷ
2350 744 2459 815 7&9
2488 742 2803 812 ἐκϐληθέντι
2829 742 2927 811 τῆς
2960 739 3303 809 Ἐκκλησίας,
3336 738 3492 799 εὐθὺς
3514 735 3827 807 προσπελάο

2247 834 2430 899 ζουσιν
2462 834 2571 905 (50)
2601 834 2648 885 οἱ
2677 832 2950 901 λυμεῶνες
2990 831 3164 894 λύκοι,
3213 832 3307 883 καὶ
3351 830 3425 893 ὡς
3470 830 3609 898 ἀρνα
3658 825 3827 896 βορὰν

2247 924 2526 997 ἡγοῦνται,
2560 922 2747 993 κέρδος
2794 922 2923 975 ἴδιον
2966 922 3254 992 ἡγούμενοι
3302 921 3407 990 τὴν
3435 920 3642 973 ἐκείνου
3672 916 3828 970 ἀπώ-

2248 1017 2416 1069 λειαν·
2467 1016 2563 1070 καὶ
2606 1014 2715 1084 7&9
2758 1016 2785 1067 6
2828 1014 3033 1066 τούτων
3063 1014 3245 1084 πατὴρ
3273 1011 3515 1074 διάϐολος
3542 1009 3829 1079 ἀνθρωπο-

2250 1106 2435 1170 κτόνος
2498 1106 2633 1158 ἐστί·
2684 1105 2776 1158 καὶ
2821 1107 2849 1157 6
2893 1104 2980 1157 διὰ
3022 1104 3123 1174 τῆς
3169 1104 3266 1174 σῆς
3307 1104 3581 1173 ἀκρισίας,
3627 1100 3827 1162 ἀδίκως

2250 1198 2584 1271 ἀφορισθεὶς,
2606 1197 2698 1250 καί
2721 1195 2928 1266 ἀθυμίᾳ
2958 1194 3258 1264 συσχεθεὶς,
3284 1194 3376 1246 καὶ
3406 1192 3825 1262 ὀλιγοψυχήσας,

2250 1290 2283 1360 ἢ
2318 1293 2396 1353 είς
2426 1289 2551 1360 ἔθνη
2584 1285 3117 1357 άποπλανηθήσεται,
3152 1285 3185 1356 ἦ
3231 1287 3309 1347 είς
3350 1284 3589 1356 αἱρέσεις
3619 1298 3830 1353 συμπο-

2250 1379 2581 1450 δισθὴσεται,
2632 1378 2723 1431 καὶ
2758 1376 3032 1437 παντελῶς
3076 1376 3175 1445 τῆς
3233 1375 3553 1446 Ἐκκλησίας
3594 1374 3689 1426 καὶ
3729 1372 3830 1442 τῆς

2252 1472 2331 1532 είς
2372 1470 2504 1523 Θεὸν
2550 1469 2760 1530 ἐλπίδος
2803 1465 3389 1537 ἀπαλλοτριωθήσεται,
3435 1468 3529 1519 καὶ
3569 1463 3835 1534 συμποδι-

2252 1562 2507 1632 σθήσεται
2540 1560 2642 1613 ὑπὸ
2670 1560 2943 1622 ἀσεϐείας,
2992 1560 3083 1612 καὶ
3128 1560 3331 1629 γενήσῃ
3373 1558 3434 1610 σὺ
3481 1560 3580 1627 τῆς
3620 1556 3834 1608 ἐκείνου

2254 1651 2527 1713 ἀπωλείας
2557 1650 2753 1720 ἔνοχος.
2786 1650 2860 1703 Οὐ
2891 1650 2998 1719 γὰρ
3024 1650 3230 1703 δίκαιόν
3258 1651 3426 1711 ἐστιν,
3471 1650 3687 1717 ἕτοιμον
3734 1648 3838 1717 μὲν

2254 1736 2392 1795 εἶναι
2420 1741 2699 1793 ἐκϐάλλειν
2727 1742 2817 1793 τὸν
2846 1740 3221 1812 ἡμαρτηκότα,
3242 1740 3471 1810 ὀκνηρὸν
3490 1739 3543 1791 δὲ
3566 1739 3839 1808 ὑπάρχειν

2251 1835 2330 1897 είς
2356 1833 2419 1885 τὸ
2448 1832 2837 1904 προσδέχεσθαι
2866 1832 2955 1883 τὸν
2984 1830 3401 1901 ἐπιστρέφοντα,
3428 1832 3519 1883 καὶ
3542 1830 3838 1899 πρόχειρον

2254 1926 2353 1996 μὲν
2383 1927 2462 1987 είς
2488 1925 2549 1977 τὸ
2578 1924 2929 1987 ἀποκόπτειν,
2952 1923 3149 1994 ἀνηλεῆ
3178 1922 3233 1974 δὲ
3255 1922 3334 1984 εἰς
3360 1922 3420 1974 τὸ
3445 1922 3535 1974 τὸν
3564 1920 3837 1988 ἀλγοῦντα

2254 2016 2454 2069 ἰᾶσθαι·
2506 2018 2633 2086 περὶ
2662 2015 2771 2087 γὰρ
2798 2015 2905 2068 τῶν
2934 2015 3190 2068 τοιούτων
3219 2015 3363 2082 λέγει
3393 2014 3426 2084 ἡ
3458 2013 3576 2066 Θεία
3604 2013 3795 2084 Γραφή
3814 2028 3831 2042 °

2257 2125 2275 2161 ι
2304 2110 2368 2161 Οἱ
2400 2108 2557 2170 πόδες
2590 2108 2767 2159 αὐτῶν
2815 2110 2894 2170 είς
2924 2108 3122 2160 κακίαν
3162 2108 3428 2178 τρέχουσι·
3473 2107 3681 2176 ταχινοί
3727 2108 3835 2157 εἰσι

2250 2198 2344 2251 τοῦ
2390 2198 2600 2268 ἐκχέειν
2645 2193 2802 2267 αἷμα·
2874 2197 3185 2269 σύντριμμα
3244 2198 3338 2250 καὶ
3382 2197 3725 2267 ταλαιπωρία
3775 2201 3837 2253 ἐν

2248 2293 2369 2354 ταῖς
2397 2290 2533 2352 ὁδοῖς
2559 2290 2759 2351 αὐτῶν,
2790 2290 2883 2342 καὶ
2902 2290 3019 2342 ὁδὸν
3048 2291 3267 2361 εἰρήνης
3296 2290 3393 2342 οὐκ
3425 2290 3687 2357 ἔγνωσαν·
3736 2292 3839 2345 οὐκ

2253 2382 2365 2436 ἔστι
2410 2382 2570 2451 φόϐος
2615 2380 2748 2434 Θεοῦ
2791 2382 3052 2438 ἀπέναντι
3098 2382 3204 2435 τῶν
3243 2382 3532 2452 ὀφθαλμῶν
3580 2383 3777 2437 αὐτῶν.
3813 2403 3832 2434 ν

2265 2473 2411 2537 ὐδὸς
2439 2473 2495 2526 δὲ
2525 2474 2743 2544 είρήνης
2771 2475 2916 2526 ἐστὶν
2946 2476 2974 2526 ὁ
3001 2473 3191 2543 Σωτὴρ
3219 2474 3374 2543 ἡμῶν
3417 2474 3617 2543 Ἰησοῦς
3644 2476 3673 2526 6
3704 2476 3843 2545 Χρι-

2256 2566 2398 2628 στὸς,
2444 2565 2504 2627 ὃς
2549 2565 2640 2616 καὶ
2696 2562 2930 2627 ἐδίδαξεν
2980 2564 3126 2632 ἡμᾶς
3187 2564 3380 2631 λέγων·
3418 2583 3437 2617 ι
3472 2565 3691 2631 Ἄφετε,
3745 2566 3843 2619 καὶ

2253 2654 2584 2725 ἀφεθήσεται
2616 2655 2762 2723 ὑμῖν,
2793 2653 2981 2717 δίδοτε,
3012 2654 3107 2707 καὶ
3146 2653 3425 2724 δοθήσεται
3454 2654 3600 2725 ὑμῖν·
3630 2674 3649 2706 ι
3682 2672 3843 2708 τουτ-

2254 2745 2389 2807 έστι,
2420 2744 2588 2797 δίδοτε
2634 2746 2824 2813 ἄφεσιν
2868 2745 3170 2816 ἁμαρτιῶν,
3214 2746 3306 2797 καὶ
3347 2744 3676 2817 ἀφεθήσεται
3707 2747 3840 2817 ὑμῖν

2253 2836 2323 2889 τά
2352 2836 2771 2908 παραπτώματα
2802 2838 2934 2907 (51)·
2985 2838 3061 2901 ὠς
3088 2839 3181 2890 καὶ
3221 2837 3309 2890 διὰ
3346 2840 3443 2909 τῆς
3484 2839 3649 2909 εὐχῆς
3690 2841 3841 2910 ἡμᾶς

2255 2927 2538 2980 ἐπαίδευσε
2578 2928 2754 2996 λέγειν
2799 2930 2935 2999 πρὸς
2987 2929 3078 2982 τὸν
3130 2928 3279 2997 Θεόν·
3318 2948 3336 2980 ι
3380 2930 3548 2998 Ἀφες
3591 2932 3722 3000 ἡμῖν
3770 2931 3843 2986 τὰ

2257 3019 2594 3089 ὀφειλήματα
2623 3020 2799 3090 ήμῶν,
2821 3020 2897 3083 ὡς
2927 3022 3018 3072 καὶ
3048 3023 3207 3091 ἡμεῖς
3235 3021 3464 3091 ἀφίεμεν
3490 3024 3603 3084 τοῖς
3632 3022 3845 3089 ὀφειλέ-

583 3116 789 3170 stris‘".
813 3135 831 3166 ι
849 3115 1027 3180 Quare
1052 3110 1097 3168 si
1128 3112 1503 3181 peccatoribus
1531 3108 1743 3163 veniam
1766 3104 2150 3166 nontribuitis,

2256 3127 2374 3173 ταις
2404 3110 2578 3181 ἡμῶν.
2614 3130 2631 3161 ι
2682 3105 2803 3164 Ἐὰν
2846 3107 2937 3163 οὖν
2984 3111 3057 3182 μὴ
3104 3112 3275 3182 ἀφῆτε
3315 3114 3429 3175 τοῖς
3471 3112 3843 3183 ἡμαρτηκόσι,

582 3207 854 3276 qucmodo
886 3214 1229 3275 peccatorum
1264 3209 1566 3257 vestrorum
1601 3200 1811 3253 veniam
1841 3195 2155 3267 accipietis?

583 3303 665 3354 An
693 3315 799 3351 non
821 3305 1010 3350 contra
1032 3311 1127 3349 vos
1170 3296 1316 3363 ipsos
1348 3291 1529 3360 ligatis
1548 3330 1562 3354 ,
1588 3305 1714 3343 cum
1746 3288 1929 3342 dicitis
1959 3302 2055 3341 vos
2082 3287 2158 3339 di-

584 3391 819 3451 mittere.
845 3395 899 3441 et
924 3404 1028 3441 non
1052 3385 1360 3441 dimittitis?
1386 3384 1576 3436 Annon
1597 3390 1779 3435 vestro
1800 3381 1877 3433 ori
1897 3392 2159 3449 repugna-

586 3483 735 3544 bitis,
758 3476 1008 3545 dicendo,
1039 3464 1385 3539 Dimittimus,
1416 3484 1469 3528 et
1504 3489 1612 3528 non
1642 3470 1997 3527 dimittendo?
2041 3469 2158 3524 Sci-

585 3582 697 3627 tote
724 3573 867 3627 enim
896 3572 1040 3640 quod
1078 3573 1168 3639 qui
1202 3570 1350 3623 nul‘m
1381 3569 1667 3637 iniquitate
1711 3574 2035 3621 contactum
2071 3564 2161 3617 ab-

580 3645 841 3735 jicit,-aut
865 3664 929 3717 ad
965 3664 1159 3716 bonam
1193 3662 1398 3731 frugem
1438 3673 1714 3713 reversum
1744 3673 1853 3711 non
1896 3654 2156 3719 admittit,

588 3759 773 3813 fratris
798 3758 883 3812 sui
906 3756 1222 3811 interfector
1242 3764 1345 3818 est,
1369 3762 1422 3808 et
1444 3753 1764 3823 sanguinem
1803 3751 1923 3818 ejus
1957 3749 2155 3813 fundit,

588 3859 647 3904 ut
671 3851 874 3904 Cainus
910 3849 1061 3903 Abeli
1102 3848 1321 3914 fratris;
1355 3847 1687 3916 sanguisque
1729 3845 1875 3898 illius
1915 3831 2158 3898 clamads

588 3942 655 3994 ad
711 3940 900 4007 Deum,
942 3940 1251 4010 requiretur
1300 3939 1364 3993 ⁸⁸.
1411 3938 1599 3992 Justus
1642 3936 1841 4007 quippe
1888 3936 2086 4003 injuste
2130 3950 2159 3988 a

588 4048 862 4102 quoquam
906 4034 1145 4095 occisus,
1170 4032 1313 4101 apud
1354 4029 1524 4084 Deum
1564 4030 1868 4099 requiescet
1912 4028 1967 4080 in
2011 4033 2163 4081 teter-

592 4138 744 4185 num,
776 4133 831 4177 et
860 4123 1023 4177 simili
1047 4122 1207 4177 modo
1240 4122 1332 4192 qui
1363 4121 1430 4175 ab
1462 4102 1721 4189 episcopo
1746 4133 2027 4188 perperam
2052 4115 2163 4171 fue-

592 4215 661 4267 rit
681 4215 1203 4268 excommunicatus.
1230 4212 1335 4266 Sed
1356 4213 1446 4280 qui
1464 4212 1815 4280 inculpatum,
1832 4209 1987 4283 quasi
2018 4218 2161 4263 esset

592 4308 920 4371 scelerosus,
963 4307 1239 4373 eliminat,
1289 4306 1335 4361 is
1375 4306 1762 4373 interemptore
1810 4299 2159 4366 saevior'est,

591 4412 699 4452 non
732 4400 1029 4470 respiciens
1076 4400 1144 4453 ad
1186 4397 1617 4454 misericordiam
1656 4395 1773 4456 Dei;
1813 4410 1913 4449 nec
1954 4409 2163 4449 memor

663 4559 708 4590 “
734 4558 904 4621 quat.
938 4558 1005 4609 ad
1052 4556 1269 4621 Sinyrn.
1303 4557 1355 4608 αἱ.
1436 4552 1482 4585 ⁸³
1516 4551 1655 4608 Joan
1687 4568 1808 4618 vm,
1846 4554 1937 4609 ιι,

591 4628 648 4691 2.
726 4628 769 4659 “
789 4623 1223 4689 Luc.v1,37,38.
1291 4626 1332 4656 ⁸⁷
1367 4623 1559 4679 Matth.
1601 4639 1679 4689 vt,
1720 4624 1805 4677 12.
1881 4625 1926 4655 ⁸⁸
1956 4624 2092 4679 Gen.
2124 4639 2201 4680 tv.

2046 4552 2092 4642 ξι
2124 4552 2289 4642 ξιον.
2330 4566 2397 4618 ι,⁴
2434 4553 2530 4622 l6;
2582 4550 2653 4642 Is.
2686 4570 2807 4622 tu;
2859 4556 3018 4611 Rom.
3076 4574 3155 4624 ιιι,
3210 4560 3295 4615 l5.

2260 3203 2375 3266 πῶς
2408 3204 2561 3271 ὑμεῖς
2589 3202 2820 3274 λήψεσθε
2849 3204 2947 3274 τὴν
2979 3204 3170 3271 ἄφεσιν
3198 3202 3305 3255 τῶν
3336 3204 3617 3273 ἁμαρτιῶν
3645 3205 3843 3274 easy;

2258 3294 2377 3362 οὐχί
2395 3293 2699 3345 τούναντίον
2718 3296 2941 3356 ἑαυτοὺς
2962 3294 3072 3363 (52)
3089 3293 3397 3364 δεσμεύετε,
3419 3294 3668 3361 λέγοντες
3687 3297 3845 3365 ἀφιέ-

2257 3403 2365 3450 ναι,
2396 3386 2488 3439 καὶ
2532 3386 2605 3457 μὴ
2635 3386 2917 3454 ἀφιέντεςς
2950 3387 3011 3439 οὐ
3054 3386 3131 3457 τῷ
3172 3386 3380 3439 ἑαυτῶν
3421 3387 3645 3457 στόματι
3688 3390 3835 3443 ἐνανο

2257 3478 2607 3549 τιωθήσεσθε,
2638 3478 2884 3546 λέγοντες
2912 3478 3151 3545 ἀφιέναι,
3182 3480 3275 3531 καὶ
3308 3479 3382 3552 μὴ
3426 3480 3712 3548 ἀφιέντεςς
3758 3496 3835 3549 7t-

2258 3569 2494 3623 νώσκετε
2542 3569 2649 3641 7&9
2693 3572 2775 3623 ὅτι
2817 3574 2845 3624 6
2886 3571 2977 3623 τὸν
3009 3572 3081 3641 μὴ
3115 3570 3448 3642 ἀδικήσαντα
3475 3570 3776 3637 ἐκϐάλλων,
3808 3575 3842 3644 ἢ

2258 3662 2348 3713 τὸν
2376 3661 2767 3732 ἐπιστρέφοντα
2799 3662 2872 3732 μὴ
2902 3662 3347 3732 προσδεχόμενος,
3381 3666 3574 3733 φονεὺς
3602 3664 3717 3735 (55)
3749 3665 3846 3717 τοῦ

2260 3752 2485 3819 ἀδελφοῦ
2515 3752 2678 3805 αὑτοῦ
2706 3755 2845 3815 ἐστι,
2877 3754 2971 3805 καὶ
2998 3747 3137 3822 αἷμα
3165 3754 3366 3823 ἐκχὲει,
3397 3755 3473 3818 ὼς
3502 3754 3641 3807 Καῒν
3677 3756 3841 3823 Ἀϐελ

2258 3844 2352 3899 τοῦ
2382 3844 2609 3913 ἀδελφοῦ
2642 3844 2776 3915 (54),
2806 3846 2899 3897 καὶ
2926 3846 2986 3897 τὸ
3014 3841 3151 3916 αἷμα
3178 3846 3342 3899 αὐτοῦ
3377 3845 3513 3917 βοῶν
3542 3847 3681 3917 πρὸς
3708 3848 3845 3901 Θεὸν

2260 3936 2709 4009 ἐκζητηθήσεται·
2776 3937 2981 4001 δίκαιος
3025 3939 3132 4009 7&9
3175 3939 3372 4003 ἀδίκως
3415 3939 3692 4007 φονευθεὶς
3738 3942 3846 3993 ὑπό

2260 4048 2424 4093 τινος,
2456 4031 2609 4101 παρὰ
2635 4031 2753 4101 Θεῷ
2782 4032 2839 4083 ἐν
2866 4032 3168 4084 ἀναπαύσει
3197 4030 3348 4085 ἔσται
3392 4035 3473 4096 είς
3511 4032 3603 4086 τὸν
3646 4033 3838 4087 αἰῶνα·

2261 4122 2520 4187 ὡσαύτως
2549 4126 2642 4177 καὶ
2670 4127 2698 4177 6
2728 4125 2970 4194 ματαίως
2997 4123 3106 4195 (55)
3130 4124 3441 4194 ἀφορισθεὶς
3470 4124 3575 4178 ὑπὸ
3594 4124 3695 4178 τοῦ
3717 4127 3842 4179 ἐπι-

2264 4215 2486 4269 σκόπου.
2531 4217 2587 4268 Ὀ
2623 4216 2720 4286 μὲν
2749 4215 2994 4268 ἐκϐαλὼν
3023 4218 3097 4280 ὡς
3130 4216 3313 4287 λοιμὸν
3343 4217 3432 4269 τὸν
3462 4218 3722 4281 ἀναίτιον,
3753 4236 3847 4272 πι-

2264 4306 2519 4378 κρότερος
2560 4308 2765 4374 φονέως
2808 4310 2835 4361 6
2877 4308 3133 4370 τοιοῦτος,
3165 4311 3263 4361 οὐκ
3304 4309 3522 4380 ἀφορῶν
3550 4313 3630 4373 είς
3656 4310 3718 4363 τὸ
3746 4310 3846 4364 τοῦ

2264 4398 2398 4452 Θεοῦ
2452 4398 2620 4463 ἔλεος,
2667 4400 2785 4452 οὐδὲ
2836 4400 3187 4471 μνημονεύων
3234 4402 3397 4456 αὑτοῦ
3450 4404 3549 4475 τὴν
3595 4405 3690 4457 ἐπὶ
3730 4405 3845 4467 τοῖς

3404 4560 3450 4591 ⁸⁵
3472 4558 3616 4616 Psal.
3672 4576 3843 4629 xxxv,

1886 4799 2253 4857 VARIORUM
2286 4800 2519 4858 NOTJE.

664 4978 1124 5060 (2ολᾘᾷνικοῖς,
1155 4978 1252 5059 καὶ
1293 4976 1701 5060 ἰουδατςτᾳῖα
1750 4976 1847 5060 καὶ
1902 4976 2154 5060 αἱρεᾳιὼ-

2267 4974 2634 5060 ι[ιιιίιιίειξιι-ιιιιι
2685 4980 2797 5043 dat,
2856 4996 2921 5035 eo
2968 4982 3112 5051 quod
3170 4982 3386 5060 Legem,
3420 4984 3721 5055 Prophetas
3775 5003 3839 5043 ac

600 5044 1089 5117 raig’ludaistas,’
1110 5049 1326 5119 Opinor,
1369 5048 1621 5117 appellat,
1660 5062 1769 5104 non
1807 5057 1914 5100 tam
1948 5044 2162 5104 Iudaeos
2267 5044 2437 5119 Deum
2466 5046 2774 5104 Judzeorum
2807 5066 2915 5105 non
2948 5044 3288 5106 aversentur.
3314 5044 3449 5109 (lor.

595 5137 755 5245 quam
784 5121 1140 5187 judaizantes.
1180 5119 1449 5184 Quocirca
1495 5122 1672 5173 statim
1726 5124 1865 5186 post,
1922 5119 2158 5187 gentium

637 5198 857 5243 nntaxat
879 5205 942 5242 ac
986 5191 1266 5244 haereseon
1321 5188 1649 5242 mentionem
1699 5186 1845 5245 facit.
1885 5185 2158 5241 Judaistas

2333 5115 2445 5187 (30)
2474 5120 2981 5195 Ιζρορνςτελάζριξσι.
3029 5123 3177 5195 Alter
3208 5121 3366 5195 Vind.
3415 5127 3832 5195 προσπαίζουσι,

637 5185 857 5270 nntaﬁat
879 5205 942 5242 ac
986 5191 1280 5270 baereseon.
1321 5188 1660 5270 mentionem
1699 5185 1848 5270 facit,
1885 5185 2154 5270 Judaistas

2258 5192 2312 5238 et
2343 5185 2465 5270 tuo}
2499 5188 2572 5251 ὡς
2599 5189 2769 5254 λύκοι,
2804 5192 2999 5246 deinde
3024 5207 3124 5261 pro
3148 5193 3427 5261 ἡγοῦνται,
3460 5185 3589 5249 αὐτὸ
3623 5185 3840 5251 ποιοῦν-ὲ

595 5260 962 5329 complectens
1009 5259 1061 5312 in
1100 5259 1369 5314 haereticis
1400 5258 1569 5329 :_"U:t
1593 5257 2154 5329 _ou_6si»x9ta‘ctavobg

2259 5270 2381 5329 ut:
2402 5258 2572 5329 Cncn.

608 5324 932 5393 Ἰουδαΐζειν,
974 5338 1057 5382 est
1093 5328 1162 5384 29
1210 5344 1386 5383 canon
1427 5326 1628 5393 Synodi
1669 5324 2013 5387 Laodicenis,
2068 5326 2161 5379 καὶ

596 5403 651 5460 ὲν
689 5400 766 5469 τῷ
812 5399 1073 5469 Σαϐϐάτῳ
1108 5399 1405 5468 σχολάζειν,
1440 5396 1574 5469 ἀλλὰ
1610 5396 1932 5469 ἐργάξεσθαι
1965 5396 2159 5469 αὐτοὺς

596 5473 654 5522 ὲν
688 5466 755 5539 τῇ
800 5470 941 5539 αὐτῇ
974 5466 1174 5539 ἡμέρα,
1200 5470 1309 5539 τὴν
1354 5469 1409 5522 δέ
1442 5467 1721 5539 Κυριακὴν
1748 5466 2160 5539 προτιμῶντας,

598 5473 654 5522 ὲν
688 5487 720 5521 τ
800 5473 941 5539 αὐτῇ
974 5473 1114 5539 ημέρ
1160 5508 1174 5531 ,
1211 5473 1309 5539 τὴν
1354 5473 1409 5522 δὲ
1443 5473 1721 5536 Κυριακὴν
1766 5484 1805 5517 π
1842 5483 1920 5517 οτι
1981 5473 2140 5527 ῡντας

598 5542 708 5607 εἴγε
723 5473 996 5612 ῑδάναιντο,
1026 5486 1303 5612 σχολάζειν
1451 5536 1776 5612 ξςριστιανοίτ
1913 5484 2146 5612 ἐξεύρε-

600 5605 738 5667 υεῖεν
768 5605 1095 5669 Ἰονδαῖσταὶζ
1118 5608 1355 5661 ἔστωσαν
1375 5605 1617 5675 ἀνάθεμα
1640 5605 1789 5675 παρὰ
1808 5605 2039 5675 Χριστῷ.
2072 5605 2149 5657 δι(

600 5623 738 5667 υειεν
771 5623 1095 5669 ἰουοαισται,
1118 5623 1355 5661 εστωσαν
1375 5623 1617 5675 αναυεμα
1640 5623 1789 5675 παρα
1808 5623 1849 5657 Α
1895 5623 2039 5675 mg).
2073 5623 2149 5657 an

600 5682 653 5733 in
708 5679 940 5747 Dialogis
991 5680 1083 5747 qui
1128 5676 1345 5745 Origeni
1400 5623 2049 5743 ascribuntur,tfgialogo
2103 5676 2158 5736 εὶ,

601 5749 813 5811 “arms
864 5746 1150 5807 hatrcticus
1213 5747 1562 5805 Marcionista
1612 5746 1906 5803 Catholicis
1965 5760 2161 5803 nomen

2469 5329 2932 5413 ﬂapaarqura.
2967 5331 3130 5413 Addit
3166 5334 3301 5413 alter
3329 5335 3712 5413 οοιιειορμών.
3738 5334 3829 5413 _l_n.

2268 5396 2773 5523 lllfg‘ﬁcﬁmlrgodc.
2804 5401 2953 5456 Alter
2982 5403 3172 5456 ἑαυτὸν
3202 5403 3482 5474 δεσμεύεις
3510 5396 3704 5471 λέγων.
3738 5406 3836 5461 Μί-

2780 5538 3016 5610 Uterque
3060 5542 3210 5607 cod.,
3255 5542 3466 5611 φονεύει
3491 5542 3583 5597 τὸν
3613 5544 3837 5613 ἀδελφὺν

2340 5650 2451 5749 (si)
2485 5650 2590 5731 '73.:
2618 5679 2899 5749 ἀδελφοῦ.
2934 5680 3106 5733 Αὐτοῦ
3136 5682 3190 5736 in
3215 5680 3402 5746 Vind.,
3432 5682 3650 5742 rectius.
3686 5683 3759 5739 in.

2338 5748 2449 5818 (55)
2474 5748 2775 5815 Ματαίωςιν
2818 5749 3037 5815 ’Λδίκως
3060 5752 3195 5809 alter
3217 5752 3338 5809 cod.
3372 5752 3447 5809 In.
